1910 3050
104 116 137 144 15

508 113 778 142 COMMENTARIUS
799 113 831 141 ΙΝ
850 113 1048 142 ZACHARIAM
1070 115 1287 146 PROPHETAM.

1693 119 1726 147 ιι

103 175 153 201 οὐκ
175 171 367 200 ἀναπόδεικτον
391 171 470 206 ἀφεὶς
488 171 529 203 είς
550 172 581 198 τὸ
602 172 716 206 ἀτρεκὲς
734 171 781 199 τὸν
803 171 891 206 λόγον,

945 171 1052 199 ritatem
1074 173 1312 202 indemonstratam
1335 171 1478 211 relinquit,
1498 175 1544 203 sed
1564 183 1595 203 ex
1617 176 1650 204 iis
1667 184 1727 211 qtne

105 220 162 246 ἀλλ’
179 219 209 251 ἐξ
219 216 258 246 ὧν
270 218 322 254 ἤδη
343 218 522 253 πεπείρανται
543 218 588 244 καὶ
604 217 769 244 πεπόνθασιν
779 238 786 250 ,
802 218 842 244 ὅτι
855 217 892 253 μὴ

105 265 163 291 ἔστι
180 264 332 299 ψευδοεπὴς
357 263 526 298 ἀποφαίνων.
546 263 595 298 Εἴη
613 263 666 299 γὰρ
683 263 716 290 ἂν
736 263 765 290 οὺ
780 264 830 298 τῆς
846 271 893 290 τυ-

104 310 207 347 χούσης
224 310 439 345 ἀγανακτήσεως
451 309 561 341 ἔνδειξις
578 309 608 335 τὸ
621 309 725 344 ἐφεῖναι
737 310 793 341 τοῖς
804 308 892 335 Βαϐυ-

104 357 212 388 λωνίοις
228 356 403 392 καταδῃῶσαι
424 355 474 391 μὲν
491 356 601 383 ἃπασαν
622 356 672 391 τὴν
689 356 816 382 Ἰουδαίαν
846 355 894 383 καὶ

105 405 154 430 σὺν
170 403 238 439 αὐτῇ
253 402 302 439 τὴν
317 402 482 438 Σαμάρειαν.
499 402 692 439 κατεμπρῆσαι
712 402 741 429 δὲ
760 403 809 429 καὶ
824 402 894 429 αὐτὰ

104 451 140 477 τὰ
155 450 230 484 ἆγια,
245 449 293 476 καὶ
314 448 489 482 κατασκάψαι
507 448 556 484 τὴν
580 448 758 484 Ἰερουσαλήμ
770 456 776 462 ·
791 449 838 475 καὶ
848 447 893 475 τὸν

105 495 255 522 ἀπόλεκτον
276 493 383 529 Ἰσραὴλ
405 494 541 528 ἀποφῆναι
562 494 697 529 μέτοικον,
717 493 833 529 οίχτρῶς
847 493 894 520 καὶ

105 540 231 572 ἐλεεινῶς
244 540 273 567 ἐν
284 540 418 575 ἀλλοδαπῇ
435 538 604 571 δουλεύοντα,
618 540 664 566 καὶ
678 539 817 566 δύσοιστον
831 540 896 566 ὑπο-

107 586 224 620 μένοντα
247 585 297 621 τὴν
312 585 512 619 ταλαιπωρίαν,
529 586 576 612 καὶ
599 585 750 620 ἁπτόμενον
776 585 826 620 μὲν
845 584 893 611 θυ-

106 632 174 659 σιῶν
188 632 292 664 οὐκέτι,
320 632 371 659 οὐκ
387 632 471 668 αὐλῆς
496 632 561 658 εἵσω
585 631 719 667 φοιτιῖιντα
739 633 789 668 τῆς
807 632 893 668 ίερᾶς,

104 679 157 705 οὒκ
169 678 345 714 εὐχαριστίαν
356 678 526 713 προσάγοντα
543 678 613 705 κατὰ
624 679 716 714 νόμον,
733 678 751 715 ἢ
767 678 893 710 δεκάτας,

105 725 124 760 ἦ
140 725 277 760 ἀπαρχάς·
296 724 454 760 εἰργόμενον
467 724 496 750 δὲ
516 724 559 756 ὡς
575 724 604 758 ἐξ
623 725 756 760 ἀνάγκης,
779 725 826 752 καὶ
845 724 894 758 φό-

106 771 167 803 ϐου,
181 772 230 798 καὶ
249 769 296 797 τοῦ
309 772 408 806 χρῆναι
429 770 516 798 τελεῖν
534 770 584 801 τὰς
604 771 801 806 νενομισμένας
821 770 894 806 αὐτῷ

107 816 158 843 καὶ
173 816 304 851 φιλτάτας
315 816 422 851 ἑορτάς.
437 816 541 843 Οὐκοῦν
555 825 565 842 ‹
587 816 716 852 Ὡργίσθη
730 817 831 853 Κύριος
847 817 894 844 ἐπὶ

105 863 170 894 τοὺς
185 862 306 898 πατέρας
322 862 411 888 αὐτῶν
423 862 508 898 ὀργὴν
524 862 655 897 μεγάλην.
679 871 688 888 ι

148 948 325 984 Ἐπιφωνὴσῃ
339 948 360 974 δ’
371 948 404 975 ἄν
418 956 460 980 τις
474 948 508 975 τὰ
523 948 613 975 τοιάδε
628 948 741 981 καὶτοῖς
760 949 894 981 Ἰουδαίοις

104 994 216 1030 δήμοις,
230 994 312 1030 εἴπερ,
326 994 412 1021 Ελοιτο
437 995 627 1029 μυσταγωγεϊν
649 995 697 1021 ἐπὶ
722 995 752 1021 τὸ
773 995 892 1030 Χριστοῦ

109 1040 267 1076 μυστήριον.
277 1039 385 1075 Ἐπειδὴ
391 1040 445 1075 γὰρ
451 1039 615 1067 ἀπεκτόνασι
620 1040 682 1071 τοὺς
689 1041 840 1075 προφήτας,
847 1040 895 1066 καὶ

108 1087 191 1114 αὐτὸν
206 1087 234 1113 δὲ
244 1086 289 1113 τὸν
304 1085 406 1122 Κύριον
419 1086 468 1121 τῆς
477 1085 556 1122 δόξης
566 1085 753 1122 ἐσταύρωσαν,
771 1086 894 1113 ἑάλωσαν

108 1134 158 1160 καὶ
169 1132 366 1169 πεπόρῠηνται,
376 1132 544 1168 Κατεσείσθη
553 1132 580 1159 δὲ
590 1132 637 1160 καὶ
644 1132 723 1164 αὐτὸς
732 1134 746 1159 ὁ
754 1132 895 1168 διαὸόητος

107 1179 190 1211 νεὼς.
203 1181 251 1206 καὶ
263 1179 443 1215 πεπλήρωταο
453 1179 546 1206 λοιπὸν
568 1179 611 1206 ἐπ’
628 1179 719 1211 αὐτοῖς
732 1179 763 1207 es
777 1179 822 1206 διὰ
838 1188 895 1214 φω-

107 1227 156 1262 νῆς
177 1225 274 1260 Ὠσηὲ·
294 1235 304 1251 ι
321 1226 382 1252 Ὅτι
398 1224 505 1260 ἡμέρας
525 1224 626 1257 πολλὰς
640 1225 796 1252 καθίσονται
804 1226 828 1252 οἱ
841 1225 895 1253 υἱοὶ

110 1264 235 1307 Ἰσραὴλ,
248 1271 298 1297 οὐκ
318 1270 396 1302 ὄντος
412 1270 553 1304 βασιλέως,
574 1269 635 1298 οὐδὲ
654 1269 730 1302 ὖντος
752 1270 893 1305 ἄρχοντος,

104 1318 158 1344 οὐκ
185 1317 267 1353 οὓσης
290 1316 395 1349 θυσίας,
422 1316 482 1343 οὐδὲ
505 1316 580 1348 ὄντος
604 1315 807 1351 θυσιαστηρίου,
832 1315 894 1343 οὒτε

106 1363 257 1399 ιερατείας,
279 1361 340 1388 οὕτε
362 1361 459 1397 δήλων.
475 1371 484 1386 ι
501 1361 562 1388 ’Ὁτι
585 1360 614 1388 δέ
627 1362 695 1388 είσιν
715 1362 893 1397 αἰχμάλωτοι,

107 1409 155 1437 καὶ
166 1408 219 1435 ὑπὸ
231 1409 309 1443 χεῖρα
318 1408 386 1439 τέως
398 1406 552 1441 ὂιαϐολικὴν
564 1408 813 1442 προσκεκρουκότες
824 1407 894 1442 Θεῷ,

107 1454 154 1481 καὶ
168 1454 382 1490 ἀπερριμμένοι,
395 1454 443 1480 καὶ
452 1453 561 1488 ἀπάσης
575 1451 627 1486 ἔξω
644 1452 750 1487 φειδοῦς
764 1454 812 1488 τῆς
823 1453 893 1480 ἀνω-

105 1502 153 1527 θεν
163 1500 315 1535 γεγονότες,
330 1499 387 1531 πῶς
399 1498 431 1525 ἂν
441 1499 588 1525 ένδοιάσειέ
599 1507 657 1532 uc;
673 1499 703 1525 Εἰ
713 1499 740 1526 δὲ
752 1499 784 1534 δὴ
795 1499 895 1534 λυτρω-
908 1518 931 1549 c

106 1547 179 1573 θεῖεν
194 1546 266 1573 κατὰ
292 1545 414 1580 καιροὺς,
435 1545 636 1580 προσηκάμενοι
658 1545 706 1581 τὴν
728 1546 830 1579 πίστιν,
847 1547 894 1573 καὶ

105 1591 225 1629 Χριστὸν
249 1589 467 1626 ἐπιγραψάμενοι
484 1589 553 1616 Θεόν
576 1598 606 1616 τε
631 1589 679 1616 καὶ
706 1589 829 1624 βασιλέα,
846 1590 894 1617 καὶ

105 1638 220 1673 Κύριον,
238 1636 299 1663 τότε
319 1635 365 1670 δὴ,
384 1635 454 1667 τότε,
470 1633 516 1662 καὶ
533 1634 605 1669 μάλα
619 1633 743 1666 εἰκότως,
761 1634 846 1669 σοφὴν
860 1634 894 1661 ἄν

105 1691 148 1714 τις
161 1681 206 1710 ἐπ’
218 1681 309 1712 αὐτοῖς
323 1680 465 1714 ποιήσαιτο
478 1679 528 1715 τὴν
544 1681 713 1715 παραίνεσιν,
727 1681 773 1707 ἐπὶ
797 1681 893 1716 καιροῦ

106 1728 193 1755 ταῦτα
209 1727 314 1762 λέγων·
335 1735 345 1752 ι
370 1724 499 1762 Ὠργίσθη
516 1725 618 1761 Κύριος
633 1726 680 1753 ἐπὶ
694 1727 756 1758 τοὺς
772 1726 892 1762 πατέρας

105 1774 184 1810 ὑμῶν
197 1773 283 1810 ἀργὴν
298 1772 429 1808 μεγάλην.

140 1819 197 1846 Kal
223 1818 300 1853 ἐρεῖς
327 1818 403 1852 πρὸς
426 1818 536 1851 αὐτούς
551 1825 558 1833 ·
588 1816 660 1844 Τάδε
682 1815 763 1851 λέγει
785 1817 893 1851 Κύριος

104 1863 334 1898 παντοκράτωρ·
356 1862 567 1896 Ἐπιστρέψατε
596 1863 670 1896 πρός
690 1870 738 1896 με,
755 1864 805 1889 καί
831 1863 893 1889 ἐπι-

104 1909 318 1944 στραφήσομαι
341 1908 416 1943 πρὸς
437 1908 524 1943 ὑμᾶς,
547 1907 628 1943 λέγει
656 1908 763 1942 Κύριος
784 1916 893 1935 παντο-

107 1954 232 1990 κράτωρ,
246 1954 345 1989 καὶμὴ
359 1953 478 1988 γίνεσθε
493 1952 589 1986 καθὼς
600 1952 650 1989 [al]
662 1953 789 1987 πατέρες
798 1952 891 1988 ὑμῶν,

105 1999 151 2034 οἷς
169 2000 356 2027 ἐνεκάλεσαν
377 1999 478 2032 αὐτοῖς
500 2000 529 2026 οι
549 1997 698 2033 προφῆται
712 1999 892 2034 ἔμπροσθεν,

106 2048 263 2081 ,λέγοντες-
281 2045 352 2072 Τάδε
366 2045 446 2080 λέγει
461 2044 567 2078 Κύριος
586 2045 803 2081 παντοκράτωρ·
814 2045 893 2072 Ἀπο-

107 2093 256 2127 στρέψατε
274 2091 332 2119 ἀπὸ
346 2090 404 2118 τῶν
417 2091 496 2118 ὁδῶν
506 2091 590 2127 ὑμῶν
605 2091 664 2118 τῶν
679 2090 830 2125 πονηρῶν,
844 2090 893 2118 καὶ

104 2139 165 2166 ἀπὸ
185 2137 245 2165 τῶν
278 2136 519 2171 ἐπιτηδευμάτων
545 2137 628 2172 ὑμῶν·
652 2136 711 2164 τῶν
741 2137 890 2171 πονηρῶν.

941 216 997 252 jam
1012 218 1115 252 experti
1131 220 1308 255 perpessique
1321 225 1393 255 sunt,
1407 228 1437 249 se
1450 221 1561 249 minime
1574 221 1670 249 falsum
1686 222 1725 249 Io-

942 263 990 298 qui
1005 265 1134 291 ostendit.
1148 264 1307 294 Certissima
1320 267 1392 294 enim
1406 274 1459 295 non
1475 268 1671 303 qualiscunque
1686 268 1727 295 in-

942 309 1105 344 dignationis
1125 315 1316 345 argumentum
1335 302 1377 340 est
1396 312 1552 348 Babyloniis
1571 302 1726 342 universam

942 353 1079 387 Iudaeam,
1092 359 1121 383 et
1133 363 1196 384 eum
1211 364 1242 384 ea
1257 357 1336 385 simul
1353 357 1503 386 Samariam
1519 359 1592 388 ferro
1606 360 1727 387 ﬂamma-

944 407 996 434 que
1014 400 1217 436 devastandam,
1234 408 1364 438 praeterea
1382 405 1438 439 ipsa
1457 405 1554 434 Sancta
1571 411 1727 434 sanctorum

944 447 1107 481 cremanda,
1132 453 1159 476 et
1183 448 1397 486 Hierosolymam
1419 451 1591 479 evertendam
1614 459 1727 480 conces-

944 492 1012 519 sisse
1029 501 1037 519 :
1057 493 1172 521 electum
1193 494 1318 523 lsraelent
1341 497 1490 525 reddidisse
1510 498 1680 533 peregrinum
1700 505 1729 527 ct

944 539 1088 573 advenam,
1107 540 1133 568 in
1153 542 1239 569 aliena
1257 543 1365 578 regione
1382 545 1481 572 misere
1497 549 1524 573 et
1539 546 1729 574 miserabiliter

944 583 1116 617 servientem,
1135 591 1162 614 et
1184 595 1303 615 aerumna
1326 588 1489 617 intolerabili
1510 590 1727 623 conﬂictandam,
1777 591 1781 594 “

945 635 996 655 non
1013 630 1127 665 amplius
1141 632 1284 661 sacriﬁciis
1297 634 1407 662 dantem
1422 642 1546 670 operam,
1560 643 1612 663 non
1629 636 1728 664 atrimn

945 680 1068 703 sanetum
1091 676 1298 712 ingredientem,
1321 687 1370 707 nec
1393 681 1507 715 gratias,
1529 685 1576 709 aut
1596 681 1728 715 decimas,

944 726 991 748 aut
1003 722 1136 756 primitias
1150 725 1296 752 secundum
1311 725 1384 760 leges
1396 726 1566 761 oﬂ'erentem,
1579 728 1730 756 necessita-

946 770 1036 802 teqne,
1057 775 1090 796 ac
1114 769 1209 797 timore
1231 772 1417 805 constrictum,
1439 780 1453 800 a
1478 773 1642 802 solemnibus
1665 774 1729 807 sibi,

944 813 1175 849 optatissimisque
1200 815 1295 844 diebus
1319 817 1490 851 celebrandis
1514 819 1693 848 abstinentem
1719 829 1727 848 :

909 854 930 882 Β
945 866 957 882 ι
976 857 1062 886 Iratus
1079 864 1121 886 est
1137 867 1201 895 ergo
1216 861 1346 891 Dominus
1360 868 1454 891 contra
1472 869 1562 900 patres
1578 873 1672 894 eorum
1689 866 1728 894 ira

945 910 1049 937 magna.
1067 913 1080 931 θ

979 947 1044 975 Tale
1057 949 1190 984 quispiam
1204 955 1231 978 et
1244 951 1396 985 Judmorum
1411 955 1517 989 populis
1530 955 1692 989 occinuerit,
1704 956 1727 984 si

944 993 1008 1021 hinc
1018 1001 1147 1022 arcanum
1158 995 1259 1024 Christi
1273 999 1430 1033 mysterium
1442 1001 1540 1029 docere
1551 1001 1642 1030 libeat.
1651 1001 1730 1031 Post-

945 1047 1024 1074 quam
1039 1041 1111 1068 enim
1125 1043 1284 1071 occiderunt
1299 1045 1443 1080 prophetas
1454 1047 1474 1080 ί,
1489 1052 1517 1075 et
1533 1048 1619 1083 ipsum
1637 1049 1728 1077 Domi-

944 1093 1008 1113 num
1023 1087 1114 1122 gloriae
1128 1087 1154 1115 in
1169 1096 1276 1117 crucem
1290 1093 1432 1126 egerunt',
1444 1094 1515 1128 capti
1529 1101 1562 1122 ac
1576 1095 1727 1131 subjugati;

943 1135 979 1158 et’
991 1131 1118 1166 templum
1137 1133 1225 1168 ipsum
1244 1133 1315 1162 fama
1336 1143 1417 1171 super
1433 1138 1535 1166 aethera
1556 1144 1647 1167 notum
1668 1149 1729 1176 pro-

945 1180 1073 1212 stratum,
1089 1182 1117 1206 et
1130 1179 1258 1215 deinceps
1274 1181 1300 1208 in
1319 1181 1353 1209 iis
1369 1183 1508 1218 impletum
1524 1190 1580 1218 est,
1597 1188 1667 1220 quod
1684 1195 1731 1215 ex-

944 1226 998 1249 stat
1013 1223 1082 1258 apud
1098 1223 1194 1252 Oseam
1206 1236 1212 1253 :
1222 1234 1232 1251 ι
1244 1225 1311 1259 Quia
1327 1227 1421 1255 diebus
1431 1228 1522 1256 multis
1538 1231 1668 1259 sedebunt
1682 1231 1729 1260 ﬁlii

944 1267 1025 1295 lsrael
1041 1268 1100 1296 sine
1115 1277 1191 1304 rege,
1206 1270 1265 1299 sine
1280 1271 1416 1308 principe,
1432 1273 1491 1302 sine
1505 1276 1655 1310 sacriﬁcio,
1671 1278 1732 1306 sine

944 1313 1034 1346 altari,
1049 1315 1107 1343 sine
1122 1317 1284 1351 sacerdotio,
1298 1318 1357 1346 sine
1372 1319 1542 1348 manifestis'
1569 1330 1579 1348 ι
1596 1322 1663 1351 Esse
1679 1331 1729 1351 au-

946 1364 999 1388 tem
1015 1368 1064 1389 eos
1082 1370 1153 1390 nunc
1172 1363 1303 1398 captivos,
1321 1369 1348 1392 et
1366 1365 1416 1393 sub
1433 1370 1567 1400 potestate
1584 1368 1729 1403 diabolica,

944 1406 1046 1434 oﬂ'enso
1063 1407 1134 1440 Deo,
1148 1414 1176 1436 et
1190 1409 1225 1436 ab
1241 1409 1299 1444 ipso
1315 1410 1448 1446 abiectos,
1464 1416 1491 1439 et
1507 1412 1670 1449 benignitate
1685 1423 1730 1443 su-

945 1457 1027 1484 perna
1050 1452 1179 1486 spoliatos
1200 1454 1317 1482 dubitari
1341 1463 1392 1483 non
1415 1462 1514 1491 potest.
1535 1458 1611 1492 Quod
1632 1460 1655 1487 si
1678 1461 1730 1488 ali-

947 1498 1053 1530 quando
1074 1497 1225 1526 libertatem
1248 1501 1387 1529 consecuti
1410 1501 1527 1537 fuerint,
1547 1504 1628 1540 355
1651 1504 1730 1534 ﬁdem

945 1542 1095 1577 complexi,
1110 1548 1138 1571 et
1153 1543 1263 1573 Christo
1281 1553 1330 1580 pro
1347 1547 1416 1582 Deo,
1435 1553 1462 1576 et
1479 1557 1557 1584 rege,
1572 1554 1600 1577 et
1618 1550 1731 1579 Domino

944 1588 993 1615 sibi
1005 1588 1150 1622 vindicato,
1164 1595 1237 1624 tunc,
1249 1597 1321 1626 tunc,
1337 1592 1456 1628 inquam,
1470 1598 1498 1622 et
1509 1595 1663 1630 aequissime
1676 1597 1730 1626 illic

944 1633 1005 1667 quis
1024 1639 1174 1668 opportune
1194 1637 1265 1664 hunc
1284 1637 1310 1664 in
1333 1638 1441 1666 modum
1462 1641 1569 1668 occinat
1586 1651 1593 1669 :
1615 1650 1624 1668 ι
1646 1641 1731 1672 Iratus

944 1682 985 1705 est
999 1677 1131 1707 Dominus
1145 1686 1238 1709 contra
1256 1687 1346 1717 patres
1359 1688 1464 1712 vestros
1479 1684 1518 1712 ira
1535 1693 1641 1720 magna.
1661 1695 1671 1714 ν

979 1816 1061 1844 Vens.
1080 1818 1107 1851 5,
1121 1818 1148 1845 4.
1171 1818 1206 1845 Ει
1220 1818 1290 1846 dices
1305 1819 1340 1846 ad
1353 1828 1396 1848 eos
1413 1828 1422 1847 :
1443 1818 1508 1848 Ηαέι
1521 1821 1585 1849 dicit
1601 1822 1729 1852 Dominus

943 1863 1105 1897 omnipotem
1120 1872 1130 1891 :
1145 1864 1334 1892 Convertimim‘
1359 1866 1393 1892 ad
1414 1875 1464 1898 me,
1489 1872 1513 1894 et
1537 1873 1674 1896 convertar
1694 1871 1729 1896 ad

944 1917 997 1942 eos,
1017 1910 1080 1937 dicit
1097 1910 1224 1939 Dominus
1240 1912 1416 1946 omnipotens,
1435 1918 1458 1940 et
1480 1913 1561 1941 nolite
1576 1914 1635 1949 fieri
1660 1916 1729 1943 sicut

942 1961 1029 1990 patres
1043 1957 1134 1990 vestri,
1151 1965 1216 1992 quos
1231 1963 1374 1992 arguerunt
1390 1966 1433 1985 eos
1448 1959 1580 1993 prophetae
1593 1961 1638 1995 qui
1654 1962 1728 1996 prius

943 2000 1059 2035 fuerunt,
1084 2001 1200 2030 dicentes
1215 2009 1224 2028 :
1238 2002 1303 2031 Ηαισ
1321 2003 1383 2030 dicit
1408 2004 1535 2031 Dominus
1555 2006 1726 2041 omnipotens.

943 2046 1132 2074 Convertimim'
1150 2056 1167 2074 α
1181 2048 1229 2075 viis
1250 2049 1341 2076 vestris
1357 2049 1447 2081 malit,
1467 2054 1493 2076 et
1515 2050 1547 2077 ab
1564 2052 1729 2080 adiuvantia-

943 2091 1019 2119 nibua
1039 2093 1130 2120 vestri;
1147 2093 1235 2121 malis.
1257 2094 1289 2121 Et
1304 2101 1355 2121 non
1371 2095 1540 2122 atlenderunl
1558 2101 1584 2123 ut
1606 2097 1728 2126 audirent

942 2146 994 2170 me,
1007 2138 1071 2166 dicit
1087 2138 1227 2167 Dominus.

107 2184 163 2212 Καί
183 2185 221 2211 οὐ
242 2183 421 2219 προσέσχον
438 2183 491 2210 τοῦ
507 2183 701 2218 ,εἰσακοῦσαι
721 2191 792 2218 μου,
809 2183 890 2217 λέγει
907 2197 929 2225 D

105 2231 222 2264 Κύριος.

140 2273 177 2303 Γ¹.
198 2274 428 2310 ’Δνακεκλημένοι
445 2274 515 2310 γὰρ,
532 2273 569 2306 ὡς
585 2273 663 2309 έφην,
684 2274 717 2300 ἐκ
740 2274 789 2309 τῆς
809 2275 891 2309 αἰχμ-

104 2320 233 2353 αλωσίας,
249 2321 298 2347 καὶ
310 2320 504 2355 ἀνατρέχοντες
512 2320 551 2350 εἰς
561 2319 610 2354 τὴν
622 2319 762 2352 Ἰουδαίαν,
774 2319 890 2355 ρᾴθυμοι

104 2367 232 2401 γεγόνασι
246 2367 310 2402 περὶ
327 2366 359 2393 τὸ
370 2365 464 2394 δοκοῦν
476 2365 515 2400 τῷ
526 2365 595 2400 Θεῷ,
607 2365 653 2392 καὶ
666 2365 785 2397 εἰδώλοις
799 2365 847 2400 μὲν
860 2365 890 2392 οὐ

105 2412 283 2447 προσέκειντο
305 2411 383 2443 τέως,
396 2410 459 2438 οὕτε
482 2411 536 2446 μὴν
554 2410 603 2446 τὴν
618 2410 735 2446 ἀρχαίαν
750 2410 893 2446 προσίεντο

104 2458 208 2493 πλάνην
217 2466 224 2472 ’
241 2457 311 2494 πλὴν
325 2457 384 2484 καθ’
397 2457 506 2494 ἑτέρους
518 2457 659 2492 ἡλίσκοντο
676 2456 892 2492 παροτρύνοντες

103 2503 283 2537 τρότοους.Ὠς
303 2502 357 2538 γὰρ
379 2503 408 2530 ὲν
429 2503 469 2538 τῷ
481 2502 582 2538 Ἔσδρᾳ
597 2501 761 2538 γέγραπται,
778 2501 825 2528 καὶ
842 2510 891 2536 γυ-

104 2549 188 2581 ναίοις
212 2548 372 2583 ἀλλοφύλοις
396 2548 606 2584 ὲπιμεμίγοντο·
635 2548 683 2575 καὶ
706 2548 756 2579 τὰς
778 2548 811 2575 ὲκ
837 2547 891 2574 τῶν

103 2591 311 2632 ὀμόρωιΐέθνῶν
330 2596 550 2631 εἰσοικισάμενοι,
563 2596 664 2623 τέκνων
674 2594 820 2631 ἀλλοτρίων
835 2603 887 2622 πα-

102 2643 179 2678 τέρες
195 2643 335 2678 γεγόνασι,
349 2643 438 2670 καίτοι
461 2643 507 2670 τοῦ
533 2643 615 2678 νόμου
631 2642 662 2669 τὸ
682 2643 777 2677 χρῆμα
796 2642 888 2673 αὐτοῖς

102 2688 138 2720 ὡς
157 2688 273 2715 ἔκτοπον
300 2689 514 2723 ἀποφάσκοντος.
532 2688 711 2724 Κατημέλουν
732 2688 760 2714 δὲ
779 2689 825 2715 καὶ
840 2688 892 2728 τοῦ.

101 2734 187 2762 τελεῖν
212 2733 319 2770 ἑορτὰς,
334 2734 381 2761 καὶ
407 2734 527 2771 πληροῦν
553 2734 658 2767 θυσίας,
681 2734 727 2761 καὶ
758 2734 812 2769 μὴν
841 2733 887 2760 καὶ

137 2825 145 2841 ι
162 2824 257 2852 Matth.
271 2831 350 2858 nm,
366 2825 409 2852 37'.
447 2825 457 2840 ²
474 2825 483 2851 l
500 2824 561 2852 Cor.
578 2832 608 2858 tt,
626 2825 652 2851 8.
693 2824 702 2839 ³
717 2825 784 2853 Osee
805 2832 844 2857 tu,
858 2825 885 2852 i.

980 2274 1022 2303 lll.
1043 2274 1171 2302 Revocati
1192 2274 1276 2307 enim,
1294 2279 1324 2302 ut
1338 2274 1406 2308 dixi,
1418 2282 1452 2302 ex
1465 2275 1635 2311 captivitate,
1657 2281 1684 2305 et
1701 2279 1728 2306 in
1772 2306 1780 2309 κ

943 2320 1063 2348 Judazam
1079 2320 1201 2353 reduces,
1221 2321 1247 2347 in
1261 2320 1432 2355 exsequenda
1446 2321 1495 2349 Dei
1509 2322 1646 2351 voluntate
1658 2323 1729 2351 desi-

944 2367 991 2394 des
1005 2371 1165 2400 evaserunt;
1184 2371 1211 2394 et
1232 2366 1303 2394 idola
1316 2367 1424 2402 quidem
1442 2371 1497 2395 tum
1521 2375 1573 2395 non
1592 2368 1726 2402 colebant,

943 2421 1030 2450 neque
1045 2414 1137 2443 seduci
1151 2421 1190 2447 se,
1207 2419 1236 2442 ut
1247 2414 1324 2447 olim,
1339 2414 1526 2450 patiebantur;
1543 2420 1726 2444 verumtamen

943 2461 1004 2489 aliis
1023 2461 1109 2489 modis
1133 2468 1180 2489 eos
1203 2461 1286 2489 Deum
1304 2461 1336 2488 ad
1359 2461 1427 2488 iram
1451 2468 1600 2496 provocare
1622 2467 1726 2490 certum

942 2511 1011 2534 erat.
1031 2506 1110 2540 Nam,
1134 2510 1163 2534 ut
1187 2506 1213 2534 in
1238 2506 1323 2534 Esdra
1343 2506 1457 2542 legimus
1468 2506 1489 2540 ⁸,
1511 2511 1539 2535 et
1560 2506 1726 2535 mulierculis

942 2551 1100 2586 alienigenis
1119 2558 1149 2579 se
1167 2551 1410 2585 commiscuerant;
1433 2551 1663 2587 iinitimorumque
1678 2553 1727 2580 du.

941 2598 993 2625 etis
1009 2597 1126 2630 ﬁliabus,
1142 2597 1242 2625 liberos
1264 2597 1368 2625 alienos
1388 2603 1547 2633 genueram,
1572 2599 1679 2626 tametsi
1699 2599 1725 2626 id

940 2644 984 2671 lex
999 2649 1028 2671 ut
1053 2644 1128 2672 nefas
1154 2643 1220 2679 ipsis
1236 2643 1438 2672 interdiceret'.
1462 2644 1638 2680 Negligebant
1661 2645 1726 2672 item

941 2689 999 2717 dies
1018 2690 1112 2721 festos,
1136 2693 1163 2717 et
1180 2689 1325 2722 sacrificia,
1341 2693 1368 2717 et
1392 2690 1425 2718 ad
1450 2690 1571 2718 divinum
1595 2690 1724 2726 templum

941 2734 1158 2762 rerediﬁcandum
1182 2735 1334 2770 torpebant.
1358 2734 1471 2768 idcirco,
1495 2735 1565 2764 sicut
1581 2736 1607 2764 in
1627 2735 1724 2771 Aggmo

925 2825 934 2839 ⁸
951 2823 960 2850 l
977 2823 1052 2851 Esdr.
1068 2831 1105 2857 Ix,
1117 2823 1144 2850 2.
1183 2823 1194 2839 ⁸
1208 2822 1291 2851 Exod.
1306 2831 1399 2856 xxxiv,
1415 2823 1458 2850 16.
