1910 3050
214 202 251 228 9.3
708 201 735 228 S.
756 199 889 228 CYRILLI
909 198 1142 227 ALEXANDRINI
1161 198 1320 227 ABCHIEP.
1801 203 1836 231 2’.

215 258 350 293 parabole
370 259 542 294 evangelicte.
562 259 608 286 Ait
622 259 693 287 enim
709 259 806 286 alicubi
822 259 948 287 Christus
966 259 995 286 de

1049 258 1127 294 λικῆς
1149 258 1306 294 παραϐολῆς
1323 258 1553 295 ήδύναμις.Ἔφη
1576 260 1630 296 γάρ
1652 269 1704 288 που
1721 261 1839 297 Χριστος

214 311 350 339 synagoga
376 303 540 339 Judmorum,
568 305 617 333 sub
642 306 781 333 involucro
808 305 847 333 illi
871 312 999 333 eventura

215 356 426 384 prattnonstrans
440 359 447 378 :
464 359 474 377 ι
488 351 582 378 Ficum
598 351 713 379 habebat
726 352 838 387 quidam
851 351 1001 386 plantatam

215 395 242 422 in
257 403 322 431 agro
347 403 397 423 suo
410 397 442 424 ".
461 406 471 423 ι
491 396 575 430 Quam
594 401 623 424 ut
638 398 757 426 sterilem
773 398 932 426 exscindere
953 405 1000 425 vo-

215 442 282 474 lit,
308 442 388 476 idque
419 442 517 470 cultori
549 444 635 470 vineae
661 444 820 472 mandavit:
841 452 850 469 ι
867 443 1001 471 Exscintle

216 486 299 519 illam,
311 487 419 522 inquit:
437 492 465 515 ut
481 488 545 522 qttid
561 489 649 516 adhuc
665 492 765 516 terram
782 488 913 523 occupat?
931 488 999 515 Tum

215 533 303 561 cultor
321 542 326 560 :
345 534 536 567 Dotniue,siue
554 535 627 562 illam
647 535 729 562 etiam
747 535 799 563 hoc
814 542 896 568 anno,
913 542 1001 569 usque

214 581 280 607 dum
297 580 396 608 fodiam
421 581 493 608 circa
518 581 603 614 illam,
625 585 652 609 et
676 582 781 609 mittam
809 585 930 609 stercora
949 590 955 608 :
972 584 1000 608 et

214 625 330 652 fortasse
353 625 450 653 fecerit
473 621 591 653 fructum
618 626 644 653 in
663 630 802 661 posterum
828 634 834 652 :
857 625 881 653 si
899 626 998 657 minus,

213 671 355 699 exscindes
378 679 436 699 earn
450 671 484 698 η.
503 681 512 698 ι
528 671 597 705 Quid
619 672 692 700 enim
714 672 786 699 aliud
808 671 886 699 nobis
907 671 934 699 in
956 671 999 699 his

214 725 329 749 persona
357 718 481 746 vinitoris
505 718 636 751 insinuat,
660 719 712 746 nisi
732 718 889 754 prml'ectum
913 725 998 753 ange-

199 764 279 798 lum,
295 768 322 792 et
347 765 381 792 ad
405 765 503 799 ipsam,
529 769 558 792 ut
578 764 646 797 dixi,
669 765 845 793 erudiendam
864 765 998 793 constitu-

213 811 294 838 tum?
316 810 399 846 Igitur
426 811 480 839 Ι)εο
499 811 681 847 captivitatem
703 819 775 839 anno
800 811 998 847 septuagesimo

212 858 464 891 circumscribente,
483 862 546 885 ante
563 858 588 885 id
612 862 717 893 tempus
732 858 848 890 (initum,
864 857 997 885 silendum

213 902 264 930 fuit
278 903 442 936 necessario,
462 910 496 931 ne
509 902 657 931 Dominicis
674 903 783 931 nutibus
805 903 943 931 adversari
958 903 998 930 vi—

1055 304 1119 339 περλ⁸
1135 304 1184 340 τῆς
1201 304 1254 330 τῶν
1267 304 1400 331 Ἰουδαίων
1417 306 1587 341 συναγωγῆς,
1606 306 1636 332 τὸ
1659 307 1753 342 μέλλον
1770 307 1838 342 αὑτῇ

1055 349 1242 385 συμὸήσεσοαι
1257 350 1470 385 προαναδεικνὺς
1483 351 1689 387 αἰνιγματωδῶς
1699 361 1706 367 '
1727 362 1735 377 t
1749 353 1838 387 Συκῆν

1053 393 1110 430 εἷχὲ
1130 404 1172 427 τις
1188 396 1394 431 πεφυτευμένην
1410 396 1438 422 ἐν
1453 396 1491 431 τῷ
1504 396 1581 432 ἀγρῷ
1592 397 1685 424 αὐτοῦ.
1701 407 1710 423 ι
1730 398 1838 433 Ἐπειδὴ

1053 441 1081 467 δὲ
1096 441 1218 476 ἄκαρπος
1234 439 1277 478 ἦν,
1291 442 1434 469 ἐκκόπτειν
1453 443 1536 478 αὐτὴν
1552 443 1642 479 ηοελε,
1656 445 1701 470 καὶ
1714 444 1746 479 δὴ
1760 443 1839 470 τοῦτο

1053 487 1117 522 δρᾷν
1134 487 1242 514 ἐκέλευε
1253 488 1340 522 λέγων
1352 488 1391 523 τῷ
1412 489 1539 523 γηπόνῳ’
1562 499 1570 515 t
1586 489 1720 524 Ἐκκοψον
1743 489 1840 524 αὐτὴν,

1055 534 1097 560 ἴνα
1112 533 1137 560 τί
1151 533 1197 560 καὶ
1208 533 1255 570 τὴν
1269 534 1321 569 γῆν
1333 537 1483 570 καταργεῖ;
1505 536 1533 561 '0
1545 535 1572 562 δὲ
1585 535 1652 571 πρὸς
1666 535 1744 562 τοῦτό
1754 543 1837 570 φησιο

1053 580 1150 616 Κύριε,
1164 581 1231 621 ἄφες
1247 581 1332 616 αὐτὴν
1349 582 1395 608 καὶ
1408 582 1486 608 τοῦτο
1503 582 1537 608 τὸ
1549 582 1617 614 ἔτος,
1631 582 1683 614 ἓως
1697 582 1730 609 ἂν
1744 582 1839 616 σκάψω

1054 626 1117 661 περὶ
1128 625 1222 661 αὐτὴν,
1234 626 1280 652 καὶ
1293 626 1381 661 βάλλω
1393 627 1494 663 κόπρια
1507 636 1513 643 ·
1528 627 1579 655 κᾶν
1594 627 1642 663 μὲν
1658 628 1759 664 ποιήσῃ
1772 636 1840 662 καρ-

1053 671 1103 698 πὸν
1115 673 1154 703 εις
1167 672 1198 698 τὺ
1211 672 1307 707 μέλλον
1319 681 1326 688 ·
1340 673 1365 699 εὶ
1377 673 1405 699 δὲ
1421 674 1457 709 μή
1473 682 1516 707 γε,
1532 673 1659 708 ἐκκόψεις
1675 674 1771 710 αὑτήν.
1784 684 1793 700 ι
1807 674 1839 700 Τί

1052 718 1106 754 γὰρ
1119 718 1211 754 ἕτερον
1221 719 1286 754 ἡμῖν
1301 719 1330 745 ὲν
1341 718 1446 750 τούτοις
1458 719 1487 746 τὸ
1502 719 1548 746 τοῦ
1561 721 1681 756 γηπόνου
1694 720 1838 756 πρόσωπον

1052 763 1248 796 ὑπαινίττεται,
1259 763 1329 799 πλὴν
1344 764 1384 791 ὅτι
1395 764 1424 790 τὺ
1435 764 1482 791 τοῦ
1494 765 1693 801 προεστηκότος
1710 765 1838 799 ἀγγέλου,

1051 810 1099 836 καὶ
1119 810 1302 844 παιδαγωγεῖν
1322 810 1416 846 αὐτὴν,
1431 811 1468 842 ὡς
1483 811 1560 846 ἔφην,
1579 811 1839 847 προστεταγμένου;

1057 855 1213 892 Ὀρίσαντος
1225 855 1272 883 οὖν
1285 855 1332 883 τοῦ
1345 856 1412 883 Θεοῦ
1427 857 1476 892 τῆς
1489 856 1676 892 αἰχμαλωσίας
1687 857 1732 883 τὸν
1743 857 1839 891 χρόνον

1051 903 1090 933 είς
1110 901 1168 934 ἔτος
1188 902 1397 938 ἑϐδομηκοστὸν,
1411 901 1488 929 οὔπω
1505 903 1554 937 μὲν
1567 903 1606 935 είς
1624 903 1711 938 πέρας
1725 903 1838 938 ἥκοντος

211 948 333 976 cleretur.
357 948 491 976 Caeterum
517 948 594 976 annis
617 948 672 983 jam
705 948 870 981 transactis,
900 955 995 983 preces

1048 946 1093 973 τοῦ
1109 947 1218 983 καιροῦ,
1234 948 1343 983 σιωπᾷν
1354 943 1390 983 ἦν’
1403 948 1560 982 ἀναγκαῖον,
1574 949 1612 980 ὡς
1631 947 1664 975 ἂν
1688 948 1724 984 μὴ
1746 947 1838 982 δοκοίη

214 994 302 1022 fundit
314 994 486 1029 suppliciter:
496 993 705 1029 oﬂ‘ensionisque
715 994 869 1029 suspicione
878 994 996 1026 sublata,

211 1047 272 1068 eum
296 1040 365 1068 sciat
392 1039 536 1067 Dominum
560 1040 667 1068 mentiri
683 1041 747 1074 _'non
771 1047 861 1074 posse,
891 1040 997 1067 discere

211 1086 284 1121 cupit
297 1086 376 1122 631
394 1090 482 1114 utrum
504 1086 566 1114 irati
586 1086 716 1119 vindicta,
728 1086 805 1120 juxta
823 1090 899 1114 vetus
914 1086 996 1113 bene-

210 1132 340 1168 placitum
368 1133 396 1159 in
421 1140 521 1160 annum
550 1132 778 1167 septuagesimum
807 1132 994 1164 ostendenda,

210 1179 320 1214 pcrinde
335 1179 458 1211 cessarit,
475 1179 546 1206 sicut
571 1186 686 1214 peccare
709 1179 850 1211 desierint,
871 1179 916 1214 qui
933 1186 996 1214 pec-

210 1226 312 1255 cabant
329 1235 336 1254 :
353 1234 386 1254 an
407 1226 476 1254 ultra
491 1225 580 1254 adhuc
595 1225 766 1261 proferenda,
789 1225 888 1253 additis
900 1233 996 1260 pecca-

210 1274 245 1301 tls
262 1269 348 1304 novis,
371 1277 399 1299 et
418 1271 586 1307 proroganda
602 1271 691 1299 adhuc
714 1271 741 1298 in
758 1271 867 1304 longum
885 1269 996 1298 calami-

209 1325 261 1347 tas.
276 1318 380 1346 Idcirco
392 1318 430 1346 ait
444 1327 450 1345 :
471 1327 480 1344 ι
497 1318 641 1352 Quousque
657 1325 708 1345 non
732 1317 905 1345 misereberis
917 1316 995 1344 Jeru-

208 1366 311 1398 salem,
343 1369 370 1392 et
398 1364 538 1393 civitatum
569 1363 644 1392 Judze
673 1363 854 1399 neglectarum
877 1362 934 1397 jam
961 1363 994 1390 ad

208 1418 308 1439 annum
327 1418 412 1446 usque
429 1409 675 1446 septuagesimum?
690 1418 700 1434 ι

242 1497 374 1532 Quocirca
406 1504 453 1532 spe
469 1497 543 1524 bona-
556 1500 582 1524 et
595 1495 733 1532 explorata
746 1499 933 1523 sustentantur
947 1496 992 1530 qui

207 1544 291 1572 Deum
305 1543 406 1575 colunt,
417 1543 489 1577 quod
503 1542 526 1570 si
549 1542 692 1576 contigerit
712 1541 848 1570 oli'endere
860 1549 890 1569 ex
917 1542 993 1570 inﬁr-

207 1589 312 1621 mitate,
329 1595 389 1616 esse
404 1589 449 1623 qui
466 1588 536 1623 apud
555 1588 640 1615 Deum
658 1595 707 1622 pro
735 1588 801 1622 ipsis
828 1587 991 1623 supplicent,

207 1641 260 1661 non
272 1634 395 1661 homines
409 1633 579 1667 tantum,sed
595 1633 675 1661 etiam
685 1633 756 1666 ipsos
769 1636 878 1660 sanctos
887 1633 996 1668 angelos

207 1679 253 1714 qui
269 1678 352 1706 Deum
368 1678 458 1706 mitem
473 1683 503 1706 et
513 1678 648 1713 placidum
671 1679 794 1712 reddant,
811 1687 858 1708 sua
879 1679 996 1713 puritate

206 1729 234 1752 et
259 1724 411 1751 innocentia
432 1723 490 1759 ejus
512 1723 565 1751 iras
594 1725 731 1756 sedantes,
763 1728 791 1751 et
813 1723 994 1758 indignantem

203 1770 320 1804 judicent
334 1770 367 1797 ad
382 1769 573 1804 ignoscendum
583 1769 782 1804 quodammodo
794 1769 994 1803 compcllentes.

208 1815 306 1843 Verum
320 1820 373 1843 tum
383 1815 491 1850 quidem
503 1815 614 1850 angelus
631 1823 679 1849 pro
696 1822 830 1850 synagoga
841 1814 994 1842 Judzeorum

207 1860 317 1896 supplex
334 1860 424 1888 ﬁebat.
441 1860 496 1888 Nos
515 1865 604 1888 autem
624 1861 716 1888 lideles
737 1867 765 1888 et
778 1860 947 1892 ,sanctilicati
963 1860 995 1887 de

206 1911 306 1934 caetero
320 1906 346 1933 in
355 1906 460 1941 spiritu,
473 1915 482 1932 ‹
493 1908 652 1934 advocatum
668 1906 797 1934 habemus
807 1906 875 1940 apud
886 1905 994 1933 Patrem

206 1951 299 1980 Jesum
311 1952 499 1994 Cltristumuet
512 1953 569 1988 ipse
582 1957 624 1980 est
637 1952 791 1988 propitiatio
804 1960 854 1987 pro
878 1953 995 1987 peccatis

207 2000 329 2028 nostris:
347 2007 397 2027 nec
412 2006 460 2034 pro
473 2000 574 2027 nostris
593 2003 706 2032 tantum,
720 2000 767 2027 sed
781 2003 809 2026 et
839 2006 887 2033 pro
913 1999 994 2026 totius

208 2046 300 2073 mundi
316 2046 365 2072 η.»
384 2045 416 2073 Ει
429 2049 458 2073 ut
477 2045 583 2081 divinus
597 2045 696 2073 Paulus
709 2045 838 2080 scriptum
864 2045 992 2080 reliquit:

204 2101 218 2130 Δι
234 2091 322 2127 Ipsum
336 2092 424 2127 posuit
437 2092 505 2119 Deus
517 2091 733 2128 propitiationem
744 2099 792 2126 per
807 2091 884 2119 fidem
897 2091 947 2124 ²⁰,ι
961 2091 994 2119 Ιί-

206 2137 344 2165 berantem
360 2145 373 2164 a
389 2137 508 2172 peccatis
522 2137 554 2165 ad
568 2137 654 2171 ipsum
672 2138 841 2166 accedentes.

1047 994 1223 1026 Δεσποτικοῖς
1240 993 1398 1028 ἀντεξάγειί
1421 994 1546 1029 νεύμασι.
1572 994 1785 1030 ῐῐεπερασμένου
1811 993 1839 1019 δὲ

1048 1038 1099 1074 ἤδη
1125 1038 1171 1066 τοῦ
1198 1039 1305 1075 καιροῦ,
1322 1041 1439 1067 ποιεῖται
1462 1039 1512 1072 τὰς
1535 1039 1624 1073 λιτὰ-ς,
1650 1040 1697 1066 καὶ
1719 1040 1769 1074 τῆς
1791 1039 1838 1065 τοῦ

1047 1084 1228 1120 προσκρούειν
1243 1085 1358 1120 ὑποψίας
1375 1086 1408 1112 ὲκ
1424 1086 1507 1121 μέσου
1522 1085 1718 1120 γεγενημένης,
1735 1084 1840 1119 ἀψευδῆ

1046 1131 1074 1157 δὲ
1091 1131 1156 1158 ὄντα
1167 1131 1212 1158 τὸν
1225 1131 1364 1167 Δεσπότην
1382 1131 1469 1164 εἰδὼς,
1490 1132 1641 1167 ἀναμαθεῐν
1657 1131 1737 1163 ἀξιοῖ,
1756 1131 1838 1157 πότε-

1048 1186 1093 1212 ρον
1118 1178 1347 1213 συμπεπέρασται
1373 1179 1430 1209 τοῖς
1456 1178 1630 1213 ἡμαρτηκόσι
1653 1177 1687 1204 τὰ
1708 1177 1737 1210 ἐξ
1753 1176 1839 1211 ὀργῆς

1046 1223 1116 1250 κατά
1140 1224 1171 1250 τὸ
1195 1224 1280 1252 πάλαι
1296 1224 1391 1252 δοκοῦν
1413 1225 1454 1256 είς
1481 1224 1539 1256 ἔτος
1563 1225 1595 1251 τὸ
1616 1224 1816 1260 ἑϐδομηκοστόν
1829 1232 1837 1240 ⁸

1046 1269 1129 1304 ἤγουν
1141 1269 1217 1296 ἔσται
1236 1278 1277 1302 τις
1293 1269 1376 1305 ἑτέρα
1388 1269 1469 1296 πάλιν
1480 1269 1629 1304 ἀνάὅλησις
1639 1268 1838 1304 προστεθειμέ-

1045 1324 1098 1342 νων
1112 1314 1266 1351 ἁμαρτιῶν,
1280 1315 1326 1342 καὶ
1339 1316 1378 1347 εἰς
1389 1316 1477 1351 μῆκος
1489 1315 1528 1342 ἔτι
1544 1315 1579 1342 τὰ
1587 1315 1636 1349 τῆς
1649 1314 1838 1350 ταλαιπωρίας

1045 1361 1135 1393 αὐτοῖς
1152 1361 1311 1388 ἐκτείνεται.
1333 1360 1469 1396 Ταύτῃτοί-
1483 1369 1581 1397 φησιν·
1604 1360 1692 1392 «Ἕως
1716 1360 1788 1391 τίνος
1805 1359 1836 1386 οὐ

1047 1407 1084 1442 μὴ
1107 1407 1205 1443 ἐλεήσῃ
1228 1407 1277 1442 τὴν
1293 1407 1471 1443 Ἰερουσαλὴμ
1497 1407 1544 1434 καὶ
1565 1406 1615 1438 τὰς
1639 1407 1688 1442 τῆς
1705 1406 1837 1437 Ἰουδαίας

1045 1454 1136 1485 πόλεις
1144 1453 1375 1490 ὑπερεωραμένας
1386 1453 1436 1488 ἤδη
1445 1453 1524 1480 τοῦτο
1534 1452 1729 1488 ἑϐδομηκοστὸν
1738 1452 1796 1484 ἔτος
1806 1461 1812 1485 ;
1825 1462 1835 1477 ι

1047 1500 1050 1504 ”
1080 1498 1173 1530 Ἐλπὶς
1190 1496 1236 1525 οὖν
1255 1497 1309 1533 ἄρα
1325 1499 1381 1529 τοῖς
1399 1497 1554 1533 σεϐομένοις
1573 1497 1640 1525 Θεὸν
1653 1497 1770 1534 χρηστὴ,
1789 1498 1836 1524 καὶ

1044 1544 1094 1570 οὐκ
1112 1544 1271 1580 ἀμφίϐολος,
1293 1544 1330 1576 ὡς
1342 1545 1365 1571 εί
1382 1544 1469 1580 δήπου
1492 1545 1598 1578 γένοιτο
1617 1543 1796 1579 προσκρούειν
1808 1543 1838 1576 ἐξ

1047 1590 1198 1622 ἀσθενείας,
1213 1590 1270 1617 ἀλλ’
1286 1587 1331 1616 οὖν
1347 1589 1439 1625 ἔχουσι
1453 1590 1528 1626 παρὰ
1540 1590 1599 1626 Θεῷ
1610 1590 1672 1622 τοὺς
1688 1590 1837 1625 λιπαροῦν-

1046 1643 1095 1666 τας
1121 1634 1189 1669 ὑπὲρ
1211 1635 1325 1667 ἑαυτῶν,
1339 1635 1389 1661 οὐκ
1412 1634 1572 1670 ἀνθρώπους
1596 1635 1686 1668 μόνον,
1702 1634 1770 1662 ἀλλὰ
1790 1636 1837 1662 καὶ

1045 1680 1144 1712 αὐτοὺς
1166 1680 1229 1712 τοὺς
1255 1673 1514 1715 ἁγίουςάγγέλους,
1539 1681 1563 1707 οἳ
1589 1681 1712 1716 προσηνῆ
1735 1689 1764 1707 τε
1788 1681 1837 1707 καὶ

1048 1726 1178 1762 μειλίχιον
1202 1726 1364 1752 ἀποτελοῦσι
1378 1725 1454 1758 Θεὸν,
1467 1727 1498 1761 τῇ
1519 1726 1571 1761 ἰδίᾳ
1587 1726 1752 1762 καθαρότητι
1770 1735 1836 1753 κατ-

1046 1772 1203 1804 ευνάζοντες
1219 1772 1268 1803 τὰς
1282 1771 1376 1809 ὀργὰς,
1394 1772 1442 1798 καὶ
1460 1772 1602 1804 οἱονείπως
1616 1771 1835 1804 ὲκδυσωποῦντες

1046 1815 1214 1853 ἀσχάλλοντα
1228 1818 1273 1844 τὸν
1288 1818 1395 1854 κριτήν.
1405 1817 1484 1845 Ἀλλά
1495 1818 1556 1844 τότε
1571 1819 1619 1854 μὲν
1633 1818 1747 1852 ἄγγελος
1765 1817 1835 1853 ὑπὲρ

1045 1863 1095 1899 τῆς
1121 1864 1175 1890 τῶν
1191 1863 1325 1891 Ἰουδαίων
1349 1865 1509 1900 συναγωγῆς
1534 1865 1650 1891 ἐποιεῖτο
1673 1864 1722 1896 τὰς
1746 1865 1834 1896 λιτάς.

1051 1909 1146 1945 Ἡμεῖς
1162 1910 1201 1943 δὲ,
1219 1911 1244 1936 οἱ
1259 1910 1482 1942 πεπιστευκότες,
1501 1911 1547 1937 καὶ
1562 1909 1723 1945 ἡγιασμένοι
1740 1909 1834 1936 λοιπον

1045 1958 1073 1984 ἐν
1089 1957 1232 1992 πνεύματι,
1251 1967 1259 1983 t
1275 1957 1453 1992 Παράκλητον
1471 1957 1568 1992 ἔχομεν
1583 1957 1651 1991 πρὸς
1666 1956 1711 1983 τὸν
1724 1956 1834 1991 Πατέρα

1051 2002 1156 2038 Ἰησοῦν
1180 2002 1305 2038 Χριστὸν,
1321 2003 1368 2028 καὶ
1393 2002 1473 2034 αὐτὸς
1490 2002 1602 2039 ἱλασμός
1619 2003 1677 2028 ἐστι
1696 2002 1759 2037 περὶ
1780 2001 1834 2028 τῶν

1046 2048 1185 2083 ἀμαρτιῶν
1203 2048 1296 2083 ἡμῶν·
1325 2048 1355 2074 οὐ
1383 2048 1448 2084 περὶ
1464 2048 1518 2075 τῶν
1537 2041 1681 2083 ἡμετέρων
1696 2048 1724 2074 δὲ
1743 2048 1833 2082 μόνον.

1044 2094 1112 2122 ἀλλὰ
1126 2094 1189 2128 περὶ
1196 2094 1256 2120 ὅλου
1265 2093 1311 2120 τοῦ
1323 2094 1435 2129 κόσμου.
1450 2104 1459 2120 ›
1470 2094 1525 2121 Καὶ
1533 2094 1570 2125 ὡς
1586 2095 1600 2120 ό
1612 2094 1754 2125 θεσπέσιος
1765 2094 1834 2129 γρά-

1045 2148 1090 2174 φει
1115 2138 1238 2171 Παῦλος,
1267 2147 1276 2164 ‹
1291 2138 1377 2165 Αὑτὸν
1405 2139 1558 2174 ἱλαστήριον
1575 2139 1589 2166 ὁ
1612 2139 1678 2171 Θεὸς
1701 2139 1778 2165 ἔθετο
1791 2140 1834 2166 διὰ

1045 2186 1172 2218 πίστεως,
1192 2194 1201 2211 ι
1214 2185 1354 2220 ἁμαρτιῶν
1376 2185 1582 2212 ἀπαλλάττοντα
1595 2185 1656 2216 τοὺς
1671 2185 1833 2220 προσιόντας

1045 2231 1129 2258 αὑτῶ.

243 2276 324 2305 Vens.
338 2277 429 2303 15-15.
447 2275 480 2302 Et
510 2275 644 2311 respondit
664 2275 792 2302 Dominus
829 2274 991 2309 omnipotens

1079 2277 1135 2305 Kal
1155 2278 1298 2312 ἀπεκρίθη
1313 2277 1422 2311 Κύριος
1439 2276 1649 2310 παντοκράτωρ
1663 2275 1703 2309 τῷ
1716 2276 1835 2310 ἀγγέλῳ

206 2324 298 2358 angelo
313 2323 357 2358 qui
374 2322 528 2357 loquebatur
545 2322 572 2348 iu
588 2329 641 2354 me,
657 2320 735 2348 verba
757 2321 835 2352 bona,
851 2324 875 2347 et
894 2327 994 2347 sermo-

206 2377 250 2396 ues
275 2369 472 2396 consolatorios.
498 2366 532 2394 Et
555 2367 621 2394 dixit
644 2367 678 2394 ad
704 2375 744 2393 me
766 2367 874 2401 angelus
892 2367 936 2401 qui
955 2366 993 2392 lo.-

205 2415 332 2451 quebatur
345 2414 372 2441 in
386 2421 426 2440 me
440 2413 562 2445 :Clama,
575 2413 681 2440 dicens:
695 2412 759 2440 Ηίινε
778 2411 841 2438 dicit
867 2411 992 2438 Dominus

206 2461 367 2495 omnipotens
382 2466 392 2486 :
409 2459 498 2487 Ζειαιιί
521 2459 679 2492 Jerusalem,
696 2464 719 2485 et
736 2458 799 2486 Sion
819 2457 874 2485 zelo
888 2465 991 2492 magno,

206 2511 229 2532 et
247 2508 286 2533 ira
301 2503 395 2541 magna
407 2514 453 2541 ego
464 2506 564 2533 irascor
577 2513 655 2540 super
669 2509 755 2540 gentes
768 2504 993 2538 superimposita.

207 2552 259 2578 Pro
277 2560 306 2579 eo
318 2553 387 2587 quod
407 2559 453 2586 ego
480 2552 583 2586 quidem
607 2551 691 2578 iratus
711 2559 768 2582 sum
788 2551 927 2582 modicum,
944 2550 994 2585 ipsi

206 2606 264 2625 vero
290 2598 372 2625 simul
398 2598 569 2625 incubuerunl
591 2597 619 2624 in
646 2597 727 2623 mula.

242 2694 298 2721 VII.
319 2693 389 2721 Vere
399 2693 522 2725 dicimus,
539 2693 614 2728 juxta
628 2699 722 2720 vocem
746 2691 899 2721 Psallentis,
915 2699 924 2715 ι
944 2690 992 2717 Μῖ-

206 2741 323 2768 sericors
338 2744 364 2767 et
379 2742 524 2767 miserator
553 2738 681 2765 Dominus
698 2737 720 2753 “
734 2747 743 2763 ι
759 2741 788 2764 et-
819 2737 875 2770 ipsa
903 2743 992 2762 rerum

205 2787 368 2823 experientia
387 2787 487 2813 clamat
504 2786 539 2813 ita
554 2792 583 2812 se
600 2785 709 2816 habere,
719 2791 770 2810 non
788 2783 876 2810 aliter.
891 2781 991 2809 Obser-

206 2841 237 2860 va
253 2833 324 2860 enim
341 2832 474 2868 quomodo
485 2830 619 2865 extemplo
630 2829 754 2858 exaudiat
768 2837 860 2863 preces
880 2836 928 2863 pro
946 2835 991 2855 ve-

1042 2324 1083 2357 τῷ
1102 2323 1248 2351 λαλοῦντι
1270 2323 1305 2350 ἐν
1325 2322 1399 2357 ἐμοὶ,
1412 2322 1531 2356 ῥήματα
1546 2321 1634 2354 καλὰ,
1650 2321 1698 2348 καὶ
1720 2322 1833 2356 λόγους

1043 2369 1294 2402 παρακλητικούς.
1311 2368 1366 2394 Kal
1389 2367 1454 2394 εἷπε
1479 2366 1554 2401 πρός
1572 2374 1611 2401 με
1637 2368 1653 2393 d
1676 2366 1802 2401 ἅγγελος
1817 2368 1834 2394 ὀ

1042 2414 1144 2441 λαλῶν
1163 2414 1205 2440 ἐν,
1218 2413 1300 2448 ἐμοί·
1326 2412 1484 2446 Ἀνάκραγξε
1504 2412 1601 2446 λέγων
1613 2419 1620 2425 '
1650 2411 1723 2438 Τάδε
1751 2411 1833 2446 ,λέγει

1042 2461 1149 2494 Κύριος
1168 2458 1394 2492 παντοκράτωρ*
1427 2457 1573 2490 Ἐζῆλωκα
1595 2457 1651 2491 τὴν·
1680 2457 1832 2491 Ἰερουσα-

1042 2507 1114 2539 λὴμ,
1121 2505 1170 2532 καὶ
1182 2505 1239 2539 τὴν
1244 2504 1320 2531 Σιὼν
1333 2504 1424 2538 ζῆλον
1428 2503 1533 2538 μέγαν,
1542 2503 1589 2530 καὶ
1597 2503 1690 2538 ὀργὴν
1695 2503 1834 2538 μεγάλην

1043 2551 1190 2585 ὀργίζομαι
1213 2550 1263 2577 ἐπὶ
1287 2550 1323 2577 τὰ
1342 2549 1415 2583 ἔθνη
1432 2549 1469 2576 τὰ
1484 2549 1833 2584 συνεπιτιθέμενα.Ἃνθ¹

1042 2594 1084 2623 ὧν
1109 2596 1165 2632 ἐγὼ
1189 2596 1248 2631 μὲν
1270 2596 1419 2631 ὠργίσθην
1444 2596 1541 2630 ὀλίγα,
1557 2594 1641 2622 αὐτοὶ
1664 2594 1698 2621 δὲ
1717 2602 1832 2622 συνεπ-

1042 2642 1144 2669 έθεντο
1163 2643 1206 2674 εἰς
1222 2641 1311 2668 κακά.

1077 2688 1113 2714 Ζ’.
1135 2688 1247 2722 ’Λληθὲς
1274 2687 1370 2718 εἰπεῖν,
1388 2687 1428 2712 ὅτι
1454 2686 1524 2713 κατὰ
1541 2686 1591 2722 τὴν
1614 2685 1661 2712 τοῦ
1679 2686 1832 2718 Ψάλλοντος

1042 2734 1144 2768 φωνὴν,
1163 2743 1172 2759 (
1188 2733 1343 2768 Οἰκτίρμων
1357 2732 1404 2759 καὶ
1428 2732 1552 2767 ἐλεήμων
1574 2733 1588 2759 ὁ
1615 2733 1728 2767 Κύριος,
1746 2742 1755 2758 ι
1785 2732 1833 2758 καὶ

1042 2781 1110 2815 αὑτὴ
1128 2781 1156 2806 δὲ
1173 2780 1227 2806 τῶν
1247 2779 1417 2815 πραγμάτων
1430 2780 1446 2814 ἡ
1462 2781 1543 2814 πεῖρα
1556 2779 1724 2814 διαδοήσειεν
1738 2779 1782 2809 ἃν,
1794 2779 1832 2810 ὡς

1040 2823 1092 2852 ὦδέ
1108 2835 1136 2852 τε
1163 2825 1229 2861 ἔχει,
1245 2826 1292 2852 καὶ
1310 2825 1357 2860 οὐχ
1377 2825 1587 2860 ἑτέρως.¹Ἀθρει
1603 2825 1657 2860 γὰρ
1669 2825 1742 2856 ὅπως
1756 2825 1831 2860 δέχεο

244 2923 264 2938 ⁸⁷
283 2922 350 2951 Luc.
365 2929 425 2953 χιιι.
442 2921 466 2948 6.
507 2921 527 2936 ’⁸
547 2919 611 2948 ibid.
629 2918 683 2946 7-9.
725 2918 744 2933 ¹⁹
761 2916 859 2946 lJoan.
878 2925 906 2950 ιι,
929 2917 950 2949 l,
966 2916 995 2944 ‘2.

1048 2917 1054 2932 ³
1069 2915 1148 2944 Rom.
1164 2923 1203 2949 ut,
1217 2915 1261 2942 25.
1300 2916 1320 2932 ἰ
1339 2915 1409 2944 Psal.
1424 2923 1472 2948 cu,
1486 2914 1511 2942 8.
