1910 3050
48 200 85 230 ‘25
462 204 740 236 COMMENTARIUS
763 208 797 236 IN
817 210 1019 239 ZACllABlAM
1040 211 1260 241 PROPHETA‘M.
1645 217 1680 244 εδ

47 270 93 288 ται
112 260 286 296 παραχρῆμα
301 261 350 293 τὰς
365 262 441 306 Isi-rit:
456 263 506 295 τὰς
523 264 592 300 ὑπέρ
614 273 645 299 γε
665 265 719 292 τῶν
739 275 843 303 πεπρα-

899 269 965 297 xatis
990 273 1018 297 et
1034 270 1157 297 contritis
1174 270 1200 297 in
1222 271 1362 305 peregrino
1375 271 1443 305 solo,
1461 275 1488 300 et
1517 272 1680 306 captivitatis

48 307 135 341 κάτων
151 306 262 339 ἀθλίως»
282 308 328 334 καὶ
342 303 579 344 συντέτριμμένων
592 311 620 338 ὲν
635 311 781 348 ἀλλοδαπῇ,
794 314 840 340 καὶ

48 351 95 377 τὸν
117 350 167 386 τῆς
192 351 381 387 αἰχμαλωσίας
401 353 577 381 ἀπαλλάττων
603 355 694 390 ζυγὸν,
712 357 791 392 μόνον
812 357 841 384 δὲ

48 396 108 430 οὐχὶ
129 396 178 422 τοῦ
204 398 428 433 παρακαλοῦντος
451 399 545 434 φθάνει
573 401 623 436 τὴν
644 401 766 437 αἴτησιν,
795 404 841 430 καὶ

48 441 230 477 ἀποκρίνεται
247 445 418 480 παραχρῆμα
435 454 445 470 ι
461 446 569 481 ῥήματα
584 447 663 480 καλὰ,
681 449 728 475 καὶ
746 449 841 481 λόγους

50 488 277 523 παρακλητικούς
287 499 293 505 ·
311 499 320 515 ι
334 491 556 526 παρακλητικοὺς
573 493 601 519 δέ
613 502 685 528 φημι
700 495 764 526 τοὺς
778 495 842 522 ἀνα-

50 534 203 568 κτήσασθαί
216 543 246 561 τε
263 536 311 562 κα)⁴
329 537 517 572 παρακαλέσαι
531 538 696 574 δυναμένους
713 541 776 572 τοὺς
792 550 842 568 πε-

50 580 214 614 πονηκότας.
238 581 307 616 Παρ’
320 582 379 609 ὅλον
400 583 454 619 γὰρ
476 584 526 618 τῆς
548 585 736 620 αἰχμαλωσίας
752 586 842 614 αὐτῶν

50 625 95 652 τὸν
111 626 209 663 καιρὸν
227 627 257 653 οὺ
270 627 346 663 ῥῆμα
361 629 431 664 τάχα
448 638 498 656 που
514 631 632 666 χρηστὸν
646 632 774 667 εἰρηκὼς,
793 633 842 668 οὐχ

51 672 147 707 ἑτέρου
161 673 234 705 τινος
247 673 304 700 τῶν
317 675 487 710 παρακαλεῖν
502 676 635 703 εἰωθότων
657 677 776 710 ἀξιώσας
793 679 843 705 αὺ-

50 718 130 750 τοὺς,
141 718 255 754 ἄρχεται
273 722 463 756 χρηστοεπεῖν,
479 723 526 749 καὶ
548 723 598 758 τῆς
616 723 659 749 ἐπ’
672 724 763 756 αὐτοῖς
775 725 843 759 ἡμε-

54 764 167 799 ρότητος
177 765 377 793 καταϐάλλεται
390 767 440 803 τὴν
455 768 551 804 ἀρχήν.
562 769 608 795 Ἐκ
622 769 799 804 περιχαρείας
811 769 843 805 δὴ

52 806 98 835 οὖν
122 809 172 844 τῆς
199 811 268 844 ἄγαν
294 812 308 838 6
333 812 478 845 θεσπέσιος
498 814 613 848 ἅγγελος
633 815 843 852 διακεκραγέναι

52 854 144 880 λοιπὸν
167 855 206 889 τῷ
229 856 355 892 προφήτῃ
374 858 554 894 προστέταχε,
572 859 619 886 καὶ
644 859 777 887 διακονεῖν
803 861 844 892 εἰς

53 900 177 933 ἅπαντας
194 901 228 928 τὰ
245 902 319 938 παρὰ
334 903 412 938 Θεοῦ.
431 914 441 930 ί
453 905 633 940 Ἐξηλωκέναι
646 906 700 942 γάρ
716 915 781 942 φησι
794 907 842 942 τὴν

890 314 984 349 jugmn
1001 314 1137 348 auferens,
1148 319 1176 343 et
1193 317 1311 350 rogantis
1326 318 1481 352 petitionem
1505 318 1591 346 ferme
1610 327 1680 353 pra:-

894 359 1013 391 veniens,
1026 365 1053 387 et
1068 368 1128 388 mox
1143 361 1308 395 respondens
1327 371 1336 387 ‹
1349 362 1429 390 verba
1443 363 1523 395 bona,
1535 369 1559 391 et
1577 372 1680 392 sermo-

893 412 941 431 nes
961 404 1154 432 consolatorios
1167 414 1172 431 :
1184 414 1194 430 ›
1212 406 1421 440 consolatorios,
1440 408 1559 442 inquam,
1574 411 1618 444 qui
1637 418 1680 437 re-

893 457 985 477 creare
1008 455 1035 477 et
1053 451 1218 484 permulcere
1230 451 1343 479 afﬂictos
1361 459 1481 487 possent.
1503 454 1570 481 Toto
1595 457 1681 489 siqui-

892 495 951 522 dem
963 496 1044 531 662
1057 501 1177 530 tempore
1202 498 1376 532 captivitatis,
1394 506 1453 525 cum
1472 499 1593 527 fortassis
1607 501 1679 527 millo

892 548 938 568 eos
954 541 1006 568 leni
1024 541 1104 569 verbo
1116 542 1225 576 affatus,
1247 551 1297 571 nec
1315 544 1367 571 alio
1390 545 1516 580 quopiam
1529 546 1599 580 quod
1612 547 1682 574 sola-

893 587 930 613 tio
942 594 1002 614 esse
1018 593 1118 622 posset,
1135 589 1258 623 dignatus
1272 586 1379 623 fuisset,
1395 590 1489 625 incipit
1503 591 1598 619 blande
1609 591 1681 626 loqui

891 639 917 661 et
933 636 1146 663 mansuetudinis
1163 643 1217 663 sua!
1231 637 1257 664 in
1280 638 1352 672 ipsos
1368 638 1529 672 principium
1554 639 1680 672 capessit.

892 679 928 705 ιιέι
945 679 1045 714 ingenti
1061 681 1143 715 igitur
1160 680 1251 709 lretitia
1267 682 1375 710 divinus
1391 683 1504 718 angelus
1528 683 1682 711 exclamare

892 725 1029 760 prophetae
1041 725 1298 760 dehincjuhet,eta
1316 727 1371 755 Deo
1391 728 1462 756 dicta
1479 729 1680 756 communicare

892 778 953 798 cum
969 771 1105 800 omnibus.
1121 771 1211 807 lnquit
1224 773 1315 800 enim:
1333 783 1342 800 ι
1363 773 1470 802 Zelatus
1492 781 1551 802 sum
1568 773 1680 802 Jerusa-

893 816 944 844 lem
957 817 1014 845 zelo
1029 825 1137 853 magno,
1150 827 1159 844 ›
1189 826 1242 846 non
1260 819 1285 846 in
1305 819 1390 854 ipsam
1411 819 1497 847 zelum
1531 818 1680 852 effundens,

893 864 1025 898 quomodo
1040 868 1067 891 et
1078 869 1167 897 antea,
1194 872 1254 892 cum
1280 866 1307 892 in
1340 866 1485 901 religiones
1513 871 1680 894 monstrosas

894 910 1067 937 transversim
1084 910 1259 942 abiisset,sed
1272 919 1320 946 pro
1334 911 1390 945 ipsa
1407 912 1432 939 iu
1449 916 1607 943 vastatores,
1619 911 1680 946 qui-

59 947 242 983 Ἰερουσαλὴμ
255 948 336 983 ζῆλον
355 949 451 985 μέγαν,
469 960 478 977 ι
495 952 545 978 οὐκ
557 952 625 988 αὐτῇ
642 952 687 978 τὸν
704 952 784 987 ζῆλον
799 953 844 979 ὲν-

899 957 944 983 bus
959 959 985 982 et
995 963 1027 984 se
1042 956 1140 983 iratum
1159 957 1206 989 ait»,
1222 964 1274 984 non
1287 961 1314 984 ut
1328 957 1443 991 simplici
1467 961 1494 984 et
1509 957 1678 984 circumscri-

56 992 117 1023 ιεὶς,
136 993 264 1029 καθάπερ
279 995 326 1021 καὶ
339 995 434 1030 πρώην
450 997 675 1033 παρενηνεγμένῃ
688 998 756 1033 πρὸς
768 998 846 1025 ἀλλο-

55 1038 151 1070 κότους
165 1038 304 1075 λατρείας,
318 1040 374 1067 ἀλλ’
385 1041 455 1077 ὑπὲρ
468 1042 554 1078 αὐτῆς
564 1044 619 1074 τοῖς
631 1043 843 1079 πεπορθηκόσιν,

54 1080 94 1114 οἷς
110 1084 157 1110 καὶ
170 1084 304 1120 ὠργίσθαι
323 1087 419 1122 φησὶν,
435 1087 484 1123 οὐχ
501 1088 538 1120 ὡς
554 1089 583 1115 ὲν
601 1088 673 1124 ἁπλῇ
693 1090 739 1116 καὶ
762 1098 846 1125 μεμε-

54 1129 178 1165 τρημένῃ
201 1131 306 1166 κινήσει
331 1131 420 1166 τυχὸν,
443 1132 501 1159 ἀλλ’
515 1133 553 1164 ὡς
570 1134 598 1160 ὲν
614 1134 724 1169 ἀκράτῳ
748 1143 777 1161 τε
799 1134 845 1162 καὶ

55 1174 162 1210 ἀσχέτῳ
186 1175 274 1210 θυμῷ.
284 1175 353 1210 Ἐγὼ
371 1177 419 1212 μὲν
434 1177 498 1213 γὰρ,
515 1179 608 1214 φησιν,
623 1179 763 1207 ἐπαίδευον
781 1179 845 1211 τοὺς

56 1219 154 1254 ἐμοὺς,
167 1221 214 1247 καὶ
237 1221 312 1249 οὐδὲν
327 1222 425 1255 αὐτοὺς
440 1223 511 1259 πέρα
535 1224 634 1260 μέτρου
652 1219 767 1260 πάσχειν
783 1225 846 1261 ἠθε-

55 1263 110 1291 λον.
129 1266 212 1292 Αὐτοὶ
227 1267 256 1294 δὲ
269 1267 320 1302 τῆς
339 1267 406 1299 ἰδίας
429 1269 541 1304 γνώμης
560 1270 611 1305 τὴν
627 1270 776 1306 ἀγριότητα
790 1271 844 1298 δει-

56 1311 108 1343 νῶς
126 1320 152 1338 τε
167 1312 215 1339 καὶ
228 1313 360 1348 ἀχαλίνως
374 1314 488 1349 ἐπῆγον,
503 1316 636 1351 παρέντες
651 1317 726 1343 οὐδὲν
740 1316 794 1344 τῶν
807 1317 846 1349 είς

55 1357 186 1393 ὡμότητα
199 1359 246 1386 καὶ
264 1360 474 1396 ἀπανθρωπίαν.
495 1361 589 1394 Τοῦτο,
609 1360 701 1397 οἴμαι,
720 1363 779 1388 ἐστὶ
795 1362 825 1389 τὸ
836 1382 844 1396 ,

60 1413 68 1428 ι
79 1403 152 1438 Ἐγὼ
167 1404 217 1439 μὲν
231 1405 370 1441 ὠργίσθην
381 1406 457 1441 ὀλίγα
467 1416 474 1422 ·
491 1407 567 1434 αὐτοὶ
581 1408 610 1434 δὲ
621 1407 796 1435 συνεπέθεντο
806 1408 847 1440 εἰς

58 1450 140 1477 κακά..
158 1460 175 1476 ι
186 1451 315 1478 Παίδεύει-
327 1452 375 1487 μὲν
389 1453 440 1489 γὰρ
455 1454 484 1487 ἐξ
501 1454 611 1489 ἀγάπης
622 1454 814 1490 ἡμαρτηκότας
832 1454 846 1480 ὁ

57 1495 110 1522 τῶν
130 1496 199 1523 ὖλων
221 1497 298 1531 Θεὸς,
315 1499 361 1525 καὶ
377 1500 550 1535 συμμέτρους
565 1500 630 1535 ἡμῖν
645 1500 783 1535 ἐπιφέρων
801 1501 841 1527 αι-

58 1541 131 1575 κίας,
146 1541 163 1577 ἢ
179 1542 284 1576 πόνους,
304 1544 448 1579 μετασοὸεῖ
462 1544 530 1580 πρὸς
542 1545 573 1571 τὺ
593 1544 712 1580 ἄμεινον.
730 1546 760 1571 Οἱ
772 1545 800 1572 δὲ
814 1545 846 1581 δὴ

58 1587 126 1622 πρὸς
153 1588 233 1615 τοῦτο
258 1591 487 1626 παρειλημμένοι,
506 1591 698 1627 θηριοπρεπῶς
729 1591 846 1627 ἐπιθρώ-

895 1005 940 1036 pta
955 1001 1133 1028 commotione
1148 1001 1273 1035 fortasse,
1283 1002 1330 1029 sed
1350 1005 1381 1028 ut
1390 1009 1494 1029 summo
1507 1006 1534 1028 et
1547 1001 1676 1035 implaca-

896 1046 941 1073 bili
955 1045 1056 1074 furore.
1075 1046 1130 1082 Ego
1146 1047 1229 1079 enim,
1246 1047 1342 1081 inquit,
1358 1046 1534 1082 corripiebam
1551 1054 1635 1078 meos,
1652 1051 1680 1073 et

895 1091 962 1118 nihil
989 1092 1196 1119 immoderatum
1211 1092 1270 1120 illos
1285 1093 1388 1127 perpeti
1419 1091 1551 1121 volebam.
1568 1092 1603 1119 At
1628 1092 1678 1127 ipsi

895 1144 943 1172 pro
954 1145 1001 1165 sua
1021 1138 1128 1165 libidine
1144 1138 1298 1166 horribilem
1328 1143 1354 1165 et
1366 1137 1524 1165 indomitam
1551 1137 1679 1164 saevitiam
1698 1137 1701 1139 ’

896 1184 1088 1217 adhibuerunt,
1103 1184 1168 1212 nihil
1183 1185 1215 1211 ad
1229 1183 1413 1212 crudelitatem
1431 1183 1682 1217 humanitatemque

894 1228 1198 1264 praetermittenteﬂoc,
1209 1229 1314 1264 opinor,
1327 1233 1368 1256 est
1381 1229 1450 1263 quod
1460 1229 1497 1255 ait
1512 1236 1518 1254 :
1531 1228 1606 1263 c-Ego
1620 1228 1683 1262 qui-

895 1274 955 1302 dem
971 1274 1054 1301 iratus
1069 1281 1127 1301 smn
1149 1274 1254 1301 modice
1269 1282 1277 1306 ;
1297 1274 1347 1307 ipsi
1361 1280 1426 1300 vero
1436 1272 1515 1299 simul
1547 1272 1682 1299 incubue-

897 1313 1000 1347 runt'in
1018 1319 1098 1346 mala.
1115 1327 1125 1345 ›
1145 1318 1260 1353 Corripit
1272 1319 1343 1346 enim
1359 1322 1514 1352 peccatores
1539 1317 1682 1344 universo-

897 1372 955 1392 rum
971 1364 1040 1392 Deus
1059 1372 1092 1391 ex
1105 1364 1248 1396 charitate,
1263 1363 1429 1397 modicisque
1443 1363 1590 1398 plagis,aut
1605 1361 1682 1389 dolo-

897 1411 971 1439 ribus
997 1410 1087 1443 illatis,
1106 1410 1140 1438 ad
1171 1409 1282 1437 consilia
1320 1409 1427 1437 saniora
1454 1407 1599 1443 compellit.
1632 1407 1688 1440 Qu'r

897 1461 984 1484 autem
999 1457 1031 1483 ad
1042 1456 1092 1483 hoc
1106 1463 1155 1490 pro
1184 1455 1313 1482 ministris
1340 1456 1518 1486 asciscnntur,
1540 1453 1684 1488 aliquando

897 1509 944 1529 cett
960 1501 1093 1529 bellumin
1107 1508 1154 1529 eos
1167 1501 1213 1536 qui
1226 1500 1407 1535 corripiuntur
1422 1500 1570 1526 incursant.
1586 1498 1686 1526 Verum

897 1547 1024 1574 irascitur
1038 1546 1090 1574 illis
1103 1546 1173 1574 Deus
1187 1546 1226 1574 ira
1247 1553 1353 1581 magna.
1367 1545 1433 1572 Nam
1459 1545 1503 1572 ille
1524 1548 1561 1571 .ut
1585 1551 1688 1579 parens

898 1591 1054 1619 verberibus
1067 1591 1203 1625 corrigere
1218 1590 1342 1618 volebat:
1359 1589 1396 1618 illi
1414 1597 1478 1617 vero
1490 1588 1619 1616 eﬂ'renato
1632 1588 1688 1614 im—

60 1642 153 1661 σκουσι
178 1635 235 1667 τοῖς
259 1636 462 1672 παιδευομένοις
486 1637 542 1664 ἔσθ*
553 1639 608 1665 ὅτε.
617 1637 687 1664 Ἀλλ’
708 1637 846 1673 ὀργίζεται

899 1642 961 1672 petu
977 1637 1003 1664 in
1017 1636 1129 1664 afflictos
1147 1637 1296 1664 irruebant.

60 1681 124 1713 Θεὸς
137 1682 182 1708 ἐπ’
192 1683 283 1715 αὐτοῖς
296 1684 379 1720 ὀργὴν
394 1685 564 1721 μεγάλην.’0
577 1685 690 1721 μὲνγὰρ
704 1685 741 1717 ὡς
775 1685 866 1721 πατὴρ
902 1684 1067 1720 ἐπανορθοῦν
1081 1685 1141 1715 ταῖς
1157 1683 1259 1715 αἰκίαις
1278 1682 1388 1718 ἤθελεν·
1403 1683 1427 1709 οἱ
1449 1682 1477 1709 δὲ
1493 1681 1618 1716 ἀσχέτοις
1641 1679 1686 1714 ὀρθ

63 1728 125 1762 μαίς
139 1729 197 1760 τοῖς
211 1728 360 1764 κάμνουσιν
371 1731 545 1766 ἐπεφέροντο.

95 1809 181 1837 Τοῦτο
204 1810 344 1847 παθούσης
368 1814 418 1848 τῆς
432 1814 606 1849 Ἐκκλησίας,
632 1815 798 1850 ἠγνοήκασιν
824 1815 848 1841 οἱ

63 1854 273 1892 διώκοιηες,ᾖτι
293 1858 342 1893 τῆς
358 1859 398 1890 εἰς
414 1860 498 1895 αὐτὴν
515 1860 675 1896 ἀγριότητος
689 1862 848 1888 ἀποτίσουσιν

63 1899 167 1935 λόγους,
181 1902 230 1929 καὶ
248 1903 349 1938 πικρὰς
363 1905 587 1941 ὲξαιτηθήσονται
606 1907 690 1942 δίκας,
705 1907 782 1943 παρὰ
802 1907 848 1934 τοῦ

65 1948 232 1982 προεστῶτος
243 1948 323 1976 Θεοῦ.

96 2016 147 2042 Διὰ
158 2016 247 2044 τοῦτο
269 2017 338 2045 τάδε
356 2017 437 2053 λέγει
451 2020 560 2054 Κύριος
572 2029 578 2035 ·
599 2021 784 2056 Ὲπιστρέψω
799 2023 848 2049 ἐπὶ

70 2061 262 2098 Ἰερουσαλὴμ
268 2059 310 2091 ’ἐν
319 2065 466 2100 οἱκτιρμῷ,
477 2067 526 2093 καὶ
541 2068 557 2094 ό
570 2065 652 2100 οἶκός
661 2077 720 2103 μου
733 2069 850 2095 ἀνοικο-

66 2106 264 2142 δομηθήσεται
288 2109 323 2136 ἐν
344 2110 430 2145 αὐτῇ.
445 2111 525 2147 λέγει
552 2113 658 2147 Κύριος
680 2115 848 2149 παντοκρά-

65 2161 127 2188 τωρ,
139 2154 187 2181 καὶ
196 2155 308 2189 μέτρον
320 2156 513 2191 ἐκταοήσεται
526 2158 574 2185 ἐπὶ
590 2159 782 2195 Ἰερουσαλὴμ
795 2160 848 2187 ἔτι.

99 2231 138 2257 H’.
157 2231 282 2266 Δέδειχεν
299 2232 338 2259 ὅτι
351 2232 474 2260 παθοῦσα
483 2234 532 2270 τὴν
545 2234 719 2272 ἀποστροφὴν
733 2236 780 2263 τοῦ
791 2237 850 2264 διαο

65 2277 156 2309 σώζειν
175 2277 325 2312 ἰσχύοντος,
338 2278 494 2314 ἁθλιότητός
507 2289 535 2307 τε
551 2281 598 2308 καὶ
612 2281 798 2318 ταλαιπωρίας
811 2284 851 2315 είς

65 2322 138 2349 τοῦτο
156 2323 334 2355 κατώλισίιεν,
351 2323 428 2351 ἔσται
447 2325 475 2351 δὲ
493 2326 573 2353 πάλιν
592 2327 706 2360 ἀκονιτὶ,
727 2329 774 2355 καὶ
790 2329 850 2356 λίαν

65 2367 179 2399 εὐκόλως
195 2368 228 2394 ἐν
235 2365 275 2399 οἷς
285 2365 319 2403 ἦν
332 2368 427 2401 πάλαι,
437 2370 630 2404 μετατεθέντος
642 2373 682 2403 εἰς
694 2372 850 2408 ἡμερότητα

937 1809 981 1838 Sic
1000 1812 1114 1837 tractata
1134 1808 1264 1841 Ecclesia,
1281 1807 1439 1843 ignorabant
1452 1811 1637 1841 persecutores
1656 1814 1686 1834 se

900 1854 1017 1882 feritatis
1037 1855 1064 1881 in
1078 1854 1148 1881 illam
1163 1861 1218 1881 suae
1242 1853 1374 1880 rationem
1396 1853 1564 1885 reddituros,
1577 1855 1604 1878 et
1633 1851 1691 1877 Deo

900 1900 957 1935 ejus
972 1900 1079 1935 praesidi
1095 1907 1177 1935 grave
1189 1899 1350 1935 supplicium
1361 1898 1506 1926 soluturos.

935 2012 1016 2040 Vens.
1030 2011 1072 2040 16.
1096 2011 1239 2046 Propterea
1252 2011 1308 2038 Iuro
1324 2010 1386 2037 dicit
1407 2009 1533 2037 Dominus
1547 2017 1557 2036 .'
1573 2009 1685 2036 Conver-

901 2066 942 2088 (αι’
966 2060 1001 2086 ad
1024 2058 1171 2086 Jerusalem
1203 2058 1229 2084 in
1252 2057 1442 2089 misericordia,
1465 2061 1489 2082 et
1510 2055 1602 2082 domus
1630 2062 1686 2080 mea

900 2105 1090 2133 instaurabitur
1110 2104 1138 2131 in
1161 2111 1203 2137 ea,
1220 2103 1283 2130 dicit
1316 2102 1442 2129 Dominus
1465 2101 1636 2135 omnipotens,
1662 2103 1687 2125 et

901 2160 1024 2180 "tensum
1047 2151 1200 2178 extendetur
1224 2156 1308 2184 super
1322 2147 1469 2176 Jerusalem
1494 2147 1590 2174 adhuc.

937 2232 1007 2260 Vlll.
1029 2230 1155 2259 Ostendit
1172 2229 1299 2265 quoniam
1323 2235 1352 2256 se
1368 2227 1497 2255 averterit
1511 2227 1545 2253 ab
1559 2233 1592 2254 eo
1608 2232 1690 2260 penes

901 2287 980 2315 quem
995 2278 1137 2311 estsalus,
1150 2276 1176 2304 in
1194 2280 1295 2303 tantam
1325 2274 1460 2301 miseriam
1493 2277 1520 2299 et
1540 2279 1688 2310 mrmuuam

902 2324 1048 2353 incidisse:
1074 2329 1179 2350 rursum
1198 2325 1286 2348 tamen
1314 2320 1382 2347 citra
1404 2319 1535 2349 laborem,
1559 2317 1690 2350 valdeque

902 2371 980 2398 facile
995 2371 1020 2397 iu
1037 2369 1113 2397 bonis
1128 2368 1250 2404 pristinis
1268 2368 1398 2398 futuram,
1419 2365 1463 2392 ubi
1481 2368 1640 2399 provocatus
1656 2362 1688 2387 ad

63 2413 106 2440 τοῦ
121 2414 448 2450 παρωργισμέδνου,δῆλον
459 2415 487 2442 δὲ
497 2417 537 2443 ὅτι
550 2416 596 2443 τοῦ
612 2417 699 2444 πάντα
712 2417 846 2452 ἰσχύοντος

902 2416 969 2442 iram
986 2414 1122 2442 emollitus
1150 2412 1232 2441 fuerit
1257 2413 1427 2447 omnipotens
1453 2411 1521 2437 Deus
1544 2409 1646 2443 utique,
1663 2412 1690 2434 et

64 2459 138 2491 Θεοῦ,
155 2460 236 2495 μόνον
255 2460 284 2486 δὲ
306 2460 367 2495 οὐχὶ
390 2461 437 2488 καὶ
457 2462 666 2495 ὑπονοστώντος
690 2464 731 2495 εἰς
755 2464 849 2500 αὐτὴν,

64 2505 105 2532 διὰ
113 2514 154 2532 τοι
176 2506 226 2532 τοῦ
251 2506 331 2533 πάλιν
344 2507 457 2540 ἀξιῶσαι
473 2507 589 2542 φειδοῦς,
604 2508 653 2535 καὶ
665 2509 785 2544 ἀγάπης,
804 2510 850 2536 καὶ

65 2551 259 2586 ἀμνησικάκως
284 2552 386 2579 ἀνεῖναι
411 2552 446 2579 τὰ
471 2553 642 2588 ἐγκλήματα.
667 2554 850 2590 ’Υπισχνείται

65 2596 114 2632 γὰρ
130 2598 177 2624 καὶ
190 2598 238 2625 τὸν
251 2595 325 2624 οἶκον
339 2598 465 2634 ἐγείρειν,
482 2601 528 2626 καὶ
550 2600 757 2636 εὐμηκεστάτην
781 2602 849 2627 ἀπο-

66 2644 165 2678 φαίνειν
176 2644 228 2679 τὴν
251 2643 439 2680 Ἰερουσαλήμ.
455 2645 684 2681 Ἐμπὲπρηστο[ν]
703 2646 751 2681 μὲν
770 2647 823 2682 γὰρ
837 2648 851 2674 ὁ

65 2689 132 2721 ναὸς,
147 2689 306 2725 καθῄρηντο
322 2689 350 2715 δὲ
367 2690 413 2716 καὶ
431 2691 500 2717 αὑτὰ
517 2691 551 2718 τὰ
570 2691 620 2726 τῆς
639 2692 742 2723 πόλεως
762 2693 849 2728 τείχη,

65 2735 99 2767 ὡς
120 2735 217 2770 ὀλίγην
243 2735 293 2762 καὶ
317 2736 533 2772 συνεσταλμένην
555 2737 669 2772 ὁρᾶσθαι
701 2738 850 2770 παντελῶς,

66 2781 108 2808 καὶ
133 2781 339 2817 εὐαριθμήτους
360 2781 430 2816 ἔχειν
453 2783 516 2814 τοὺς
539 2783 694 2818 οἰκήτορας.
720 2784 789 2810 Ἀλλ’
814 2784 852 2816 ὡς

66 2827 127 2862 ἔφην
137 2828 254 2863 ἀρτίως,
271 2826 446 2862 ἀνακομίζειν
467 2828 552 2864 αὐτὴν
574 2829 770 2863 ἐπαγγέλλεται
784 2830 852 2865 πρὸς

64 2872 91 2897 τὶ
104 2873 131 2898 ὲν
149 2873 261 2908 ἀρχαῖς,
283 2872 297 2898 ὃ
315 2872 346 2907 δὴ
365 2873 411 2899 καὶ
425 2873 587 2905 τετέλεσται,
599 2874 696 2909 ,Κύρου
716 2874 764 2909 μὲν
779 2875 851 2901 ἀνέν-

65 2925 104 2950 τος
120 2918 170 2954 τῆς
193 2917 396 2953 αἰχμαλωσίας,
428 2919 538 2952 Δαρείου
568 2928 598 2951 γε
626 2919 678 2954 μὴν
703 2920 747 2946 καὶ
772 2919 851 2946 αὐτὸν

903 2462 980 2496 quasi
995 2461 1027 2488 ad
1048 2460 1186 2488 lenitatem
1203 2459 1322 2491 redierit,
1340 2464 1446 2485 rursum
1459 2463 1505 2483 eos
1522 2454 1689 2488 indulgentia

903 2511 929 2534 et
944 2505 1226 2540 charitatedignando,
1240 2504 1414 2539 depositaque
1442 2501 1601 2535 injuriarum
1629 2506 1688 2526 me-

904 2553 990 2582 moria
1008 2553 1105 2580 delicta
1123 2550 1309 2580 condonando.
1323 2549 1468 2576 Pollicetur
1493 2546 1565 2574 enim
1585 2550 1613 2573 et
1640 2546 1688 2572 do-

905 2607 976 2626 mum
992 2599 1215 2630 instauraturum,
1232 2601 1259 2623 et
1290 2595 1501 2630 Hierosolymam
1529 2592 1689 2627 longissimo

902 2644 989 2679 spatio
1014 2643 1214 2678 producturum.
1234 2640 1385 2668 Crematum
1411 2639 1508 2673 quippe
1531 2641 1589 2665 erat
1621 2641 1687 2663 tent-

901 2690 984 2724 plum,
995 2693 1021 2717 et
1034 2690 1094 2724 ipsa
1111 2688 1185 2715 urbis
1203 2687 1300 2715 mania
1317 2687 1414 2718 diruta,
1431 2689 1459 2712 ut.
1482 2685 1589 2719 exigua.
1609 2688 1635 2710 ct
1661 2683 1690 2709 in-

901 2740 1043 2772 angustum
1062 2735 1170 2762 redacta
1188 2734 1265 2768 plane
1277 2737 1442 2763 cerneretur,
1457 2736 1482 2758 et
1498 2731 1599 2758 incolas
1625 2736 1689 2764 per-

901 2790 1001 2817 paucos
1023 2781 1141 2808 haberet.
1157 2779 1237 2815 663
1256 2780 1318 2811 Sed,
1334 2783 1364 2805 ut
1392 2778 1470 2804 modo
1483 2777 1548 2807 dixi,
1569 2783 1628 2803 eam
1654 2774 1687 2800 uti

902 2828 1041 2862 pristinam
1058 2826 1260 2860 amplitudinem
1275 2828 1461 2851 revocaturum
1481 2822 1604 2856 spondet,
1615 2820 1688 2855 quod

902 2879 928 2901 et
952 2874 1049 2900 factum
1080 2876 1130 2903 est,
1153 2871 1222 2906 (Tyro
1246 2871 1351 2904 quidem
1375 2877 1389 2896 ο
1413 2869 1565 2903 captivitate
1594 2867 1686 2893 dimétv

905 2923 987 2951 tcntc,
1011 2919 1088 2946 Dario
1104 2918 1228 2952 templum
1247 2916 1402 2944 rcwdilicari
1416 2912 1543 2950 jubcute,
1564 2918 1588 2941 et
1602 2913 1687 2946 ipsum
