1910 3050
221 189 257 217 27
733 188 762 216 S.
783 187 918 216 CYRILLI
938 185 1172 214 ALEXANDIUNI
1194 185 1354 224 ARClllEP._
1809 186 1844 213 ‘28

222 247 316 274 urbem
345 246 478 274 montibus
509 246 597 282 cingi,
614 254 645 274 ac
665 247 763 275 muniri
790 247 1002 282 permittente”.

1059 245 1258 279 ἀναδείμασθαι
1276 244 1488 280 προστάττοντος
1513 243 1558 270 τὸν
1580 243 1653 274 ναὸν,
1670 244 1792 278 ἐφιέντος
1817 254 1845 272 τε

249 336 373 364 Videmus
386 341 474 365 autem
497 336 580 364 Deum
592 336 732 370 aliquando
745 341 898 364 sanctorum
916 337 1005 369 tidem.

221 386 248 409 et
260 382 454 410 adluerentium
464 383 513 409 sibi
524 383 693 410 dilectionem
703 386 883 415 exercentem,
893 382 1006 417 quibus-

223 427 282 454 dam
300 428 465 463 temporibus
486 428 633 456 Ecclesiam
659 428 892 463 persecutionibus
918 428 1008 455 sinere

222 475 362 510 exagitari.
374 475 501 502 Altamen
516 474 688 502 mediocriter
707 478 831 501 vexatam
843 473 935 501 statim
951 473 1006 500 eri-

222 529 294 555 gere,
309 521 418 557 suisque
428 520 535 548 auxiliis
551 520 585 548 de
598 520 703 553 integro
718 520 898 552 communire,
912 523 939 547 et
960 526 1008 546 su-

222 575 303 602 perna
314 567 398 602 gratia
410 566 519 594 domum
530 574 606 594 suam
627 573 770 593 exornare.
790 566 847 593 lino
865 565 1009 599 unusquis-

222 619 275 646 que
302 612 361 646 pius
383 616 411 639 et
444 612 510 639 urbs
545 616 572 639 et
599 612 726 646 templum
753 610 800 639 Dei
827 614 879 638 est.
904 610 1009 645 Saepius

222 663 312 685 autem
329 659 469 692 probatur,
489 663 515 685 et
525 658 628 685 carnali
654 657 802 692 voluptate,
828 661 854 684 et
873 656 1007 684 mundana

221 703 400 731 sollicitudine
411 704 444 731 ad
462 703 560 739 ﬂagitia
578 703 756 736 irritantibus,
766 708 795 730 ut
812 703 937 738 patientis
949 702 1008 729 ani-

222 755 264 775 ma
278 748 384 780 ardere,
397 752 425 775 et
443 755 458 775 a
471 749 567 781 muris,
583 748 641 776 sive
662 747 742 775 tutela
754 749 860 776 deserta
874 748 1006 776 videatur.

221 794 320 822 Verum
335 795 480 822 miserante
493 795 558 827 Deo.
569 799 597 822 et
621 799 774 822 sanctorum
792 794 917 829 precibus
949 801 1008 821 sese

221 839 254 866 ad
268 839 500 867 mansuetudinem
521 840 690 872 immutante,
711 847 806 866 rursus
832 839 979 867 atdicatur
994 848 1004 866 ι

219 884 247 910 in
263 883 390 918 templum
407 888 541 916 sanctum,
562 883 588 910 in
607 883 788 910 habitaculum
807 883 854 911 Dei
871 883 897 911 in
923 883 1005 918 spiri-

1058 290 1104 316 καὶ
1115 290 1198 325 αὐτὴν
1212 291 1268 321 τοῖς
1283 290 1398 324 τείχεσιν
1411 289 1524 325 ὀχυροῦν
1538 289 1586 325 τὴν
1600 290 1686 316 πόλιν.

1098 335 1220 370 Ὀρῶμεν
1243 335 1271 361 δὲ
1300 335 1342 361 ὅτι
1359 334 1551 369 διαγυμνάζων
1570 334 1626 360 ἐσθ’
1640 335 1684 361 ὅτε
1709 334 1776 365 Θεὸς
1793 334 1846 361 τῶν

1057 381 1142 414 ἁγίων
1164 381 1212 416 τὴν
1232 381 1333 414 πίστιν,
1350 382 1396 408 καὶ
1416 381 1469 408 τῶν
1484 381 1690 416 προσκειμένων
1704 380 1779 416 αὐτῷ
1798 381 1846 415 τὴν

1057 427 1206 461 ἀγάπησιν,
1219 427 1310 462 ἐφίησι
1333 427 1402 454 κατὰ
1427 427 1539 462 καιροὺς
1556 427 1701 453 διώκεσθαι
1723 427 1774 462 τὴν
1784 427 1846 453 Ἔκ-

1057 472 1181 507 κλησὶαν.
1197 472 1267 498 Ἀλλ’
1279 472 1357 506 ὀλίγα
1379 472 1516 498 παθοῦσαν
1540 471 1620 503 εὐθὺς
1643 472 1778 507 ἀνίστησι,
1800 472 1847 498 καὶ

1057 518 1223 554 ἀνατειχίζει
1245 518 1325 546 πάλιν
1348 520 1407 550 ταῖς
1428 517 1609 553 ἐπικουρίαις,
1623 516 1670 543 καὶ
1691 517 1724 552 τῇ
1742 515 1847 542 ἄνωθεν

1057 564 1148 599 χάριτι
1162 564 1208 591 τὸν
1225 564 1290 591 ῐδιον
1308 561 1381 591 οἷκον
1395 564 1531 597 στεφανοῖ.
1548 561 1604 588 Καὶ
1619 561 1734 591 ἕκαστος
1748 560 1777 587 δὲ
1792 559 1847 586 τῶν

1057 609 1179 636 εὐσεϐεῖν
1193 609 1338 645 ᾑρημένων
1355 609 1401 635 καὶ
1416 607 1493 639 πόλις
1508 606 1576 639 ἐστὶ,
1600 606 1647 633 καὶ
1671 603 1744 637 οἶκος
1764 605 1845 632 Θεοῦ.

1057 655 1239 691 Δοκιμάζεται
1261 655 1289 682 δὲ
1310 655 1449 686 πολλάκις,
1465 652 1693 688 κατερεθιζούοης
1710 651 1792 679 αὑτὸν
1808 651 1848 682 εἰς

1057 702 1222 738 φαυλότητα,
1236 703 1284 729 καὶ
1305 701 1438 737 σαρκικῆς
1459 700 1564 735 ἡδονῆς,
1578 698 1626 725 καὶ
1647 698 1783 734 μερίμνης
1802 705 1848 723 κο-

1058 749 1170 784 σμικῆς,
1187 748 1225 780 ὡς
1242 748 1331 774 δοκεῖν
1347 745 1543 782 ἐμπεπρῆσθαι
1562 753 1592 771 τε
1606 744 1653 770 καὶ
1668 743 1767 778 τειχῶν
1787 743 1848 777 ὲρή-

1059 803 1123 831 μην,
1137 795 1220 830 ἤγουν
1241 793 1404 829 ἀσφαλείας,
1424 793 1473 828 τὴν
1485 791 1533 819 τοῦ
1554 791 1685 822 παθόντος
1702 790 1848 824 ἀπομεῖναι

1056 840 1155 876 ψυχήν.
1176 839 1256 867 Ἀλλά
1280 839 1513 874 κατοικτείραντος
1538 836 1617 869 Θεοῦ,
1640 836 1687 863 καὶ
1707 837 1768 867 ταῖς
1793 834 1849 860 τῶν

1057 885 1143 919 ἁγίων
1159 886 1248 918 λιταῖς
1261 884 1473 921 μετατιθεμένου
1486 883 1554 919 πρὸς
1569 882 1599 909 τὺ
1616 882 1729 917 ἥμερον,
1745 880 1849 907 οἰκοδο-

220 934 248 955 tu
266 929 316 956 η.)
330 928 500 964 Depulsaque
514 929 586 957 omni
608 929 778 957 immunditia
797 930 884 957 denuo
910 930 1002 957 mmni-

1062 933 1150 967 μεῖται
1173 920 1266 958 πάλιν
1282 940 1291 957 t
1306 931 1344 962 είς
1369 929 1433 957 ναὸν
1461 929 1547 963 ἅγιον,
1572 929 1612 960 είς
1635 926 1849 961 κατοικητήριον

218 974 271 1002 bus
279 975 471 1007 communitur,
483 979 510 1003 et
521 975 615 1002 civitas
627 975 712 1011 magni
725 975 806 1010 regis,
818 976 868 1004 hoc
875 980 916 1003 est
932 975 1010 1004 Chri-

219 1019 267 1053 sti,
285 1019 410 1048 efﬁcitur.

255 1108 337 1136 Vsus.
352 1109 393 1136 i7.
409 1108 442 1135 Et
456 1109 523 1136 dixit
541 1109 574 1136 ad
598 1117 637 1136 me
661 1109 768 1145 angelus
784 1110 830 1144 qui
856 1110 1009 1145 loquebalur

218 1153 246 1179 in
264 1161 324 1180 me:
339 1153 431 1180 Adhuc
460 1154 557 1186 clama,
577 1154 685 1181 dicetis:
704 1153 769 1180 Ha’c
789 1155 852 1181 dicit
881 1154 1007 1182 Dominus

218 1200 380 1234 multipotens
392 1208 402 1226 :
414 1199 507 1226 Adhuc
532 1200 714 1234 (li/fundentur
738 1201 857 1228 civitates
881 1201 908 1228 in
922 1201 1006 1234 bonis,

217 1248 243 1271 et
257 1245 422 1272 miserebitur
441 1245 569 1273 Dominus
590 1246 676 1273 adhuc
692 1246 768 1278 Sion,
779 1251 802 1273 et
821 1246 896 1282 eliget
921 1247 1007 1274 adhuc

218 1289 378 1318 Jerusalem.

254 1334 300 1362 ιχ.
317 1335 383 1362 Cum
403 1336 624 1365 durarctdiutlus
638 1337 788 1372 captivitas,
798 1337 908 1369 Judteae,
923 1342 950 1366 et
966 1338 1008 1364 ni-

217 1381 364 1409 hilominus
375 1381 573 1409 Samaritarum
589 1383 670 1410 urbes
679 1382 706 1410 in
716 1390 817 1410 meram
833 1383 1004 1410 solitudinem

217 1427 455 1455 convertebantur.
470 1427 535 1454 Nam
560 1434 586 1455 et
603 1428 697 1456 domus
717 1428 959 1464 conﬂagravcrant,
976 1433 1005 1457 et

216 1480 282 1500 voce
297 1473 489 1508 propemodum
503 1473 584 1500 missa
597 1473 802 1510 Babyloniorum
816 1475 946 1502 saavitiam
958 1482 1003 1502 ac-

217 1519 349 1546 cusabant
367 1519 479 1554 ipsaque
506 1519 647 1547 civitatum
663 1521 767 1555 species
789 1520 950 1552 deformata,
978 1525 1006 1547 et

217 1566 353 1592 destructa
369 1565 479 1592 omnino
495 1565 642 1593 visebatur.
657 1565 832 1593 Paucissimis
845 1570 934 1593 autem
964 1566 1004 1592 in-

217 1610 297 1642 colis,
312 1610 398 1637 virum
422 1610 564 1645 illustrem,
581 1616 627 1639 aut
641 1611 742 1646 alioqui
757 1611 888 1646 insignem
899 1610 953 1638 illic
964 1611 1004 1638 vi-

217 1657 282 1683 dere
295 1664 346 1684 non
366 1657 426 1683 erat
442 1665 449 1683 :
465 1665 550 1691 neque
570 1657 674 1692 aliquos
696 1657 778 1684 vitam
792 1656 924 1690 genialem
944 1656 999 1692 agi-

218 1706 316 1734 tantcs,
330 1703 376 1730 sed
391 1707 502 1730 maestos
514 1710 608 1730 omnes
619 1703 688 1730 fame
700 1707 727 1730 et
738 1703 827 1737 inopia
841 1702 1002 1729 laborantes.

217 1746 318 1775 "orum
342 1749 460 1776 omnium
485 1748 542 1776 fore
570 1749 649 1776 linem
674 1749 817 1783 promittit.
845 1749 890 1775 Ait
907 1748 1001 1775 enim:

220 1801 230 1818 ι
251 1791 436 1820 Dimindenlur
448 1793 572 1821 civitates
588 1794 614 1821 in
629 1794 718 1826 bonis,
734 1803 743 1820 ›
760 1794 810 1821 hoc
830 1798 873 1821 est.
899 1793 927 1820 in
950 1800 1002 1820 au-

217 1837 291 1872 tiqua
306 1838 435 1866 felicitate
463 1839 653 1871 versabuntur,
671 1840 845 1874 adauctaeque
870 1841 1002 1867 bonorum

167 1913 170 1915 λ
217 1883 333 1911 cumulis
353 1884 448 1911 facient
465 1884 730 1919 innovabunt,atque
753 1885 786 1911 ad
805 1889 896 1919 optata
915 1885 1002 1912 denuo

215 1934 410 1957 revertentum
422 1930 591 1958 Sliscrebitur
602 1930 673 1958 enim
690 1930 818 1958 Dominus
833 1931 920 1958 adhuc
937 1931 1000 1959 Sion

216 1979 242 2004 et
255 1975 334 2011 eliget
347 1976 434 2003 adhuc
445 1975 603 2004 Jerusalem.
621 1985 630 2003 ι

249 2108 389 2144 Perpendo
405 2117 494 2144 porro,
504 2117 582 2143 quant
598 2109 741 2144 prudenter
754 2109 908 2143 prophetica
922 2109 998 2138 nobis

213 2156 342 2190 procedat
360 2157 456 2183 oratio.
481 2155 538 2182 Non
564 2155 634 2182 cuitu
657 2154 739 2191 664
767 2155 891 2184 universe
912 2157 996 2190 ipsum

212 2202 270 2229 [ore
299 2201 502 2230 misericordem
527 2201 649 2234 spondet,
663 2208 710 2228 nec
737 2202 763 2228 in
788 2209 867 2229 omne
893 2207 997 2237 tempus

1060 977 1127 1004 Θεοῦ
1149 979 1178 1004 ὲν
1202 976 1346 1012 πνεύματι.
1363 985 1372 1001 ι
1391 975 1446 1002 Καὶ
1460 974 1492 1009 δὴ
1507 974 1616 1008 ἁπάσης
1639 972 1849 1008 ἀπεληλαμένης

1060 1023 1241 1058 ἀκαθαρσίας,
1256 1021 1454 1056 ἀνατειχίζεται
1483 1019 1558 1055 παρὰ
1579 1018 1658 1051 Θεοῦ,
1672 1019 1719 1045 καὶ
1742 1018 1849 1052 γίνεται

1060 1069 1137 1100 πόλις
1150 1068 1197 1095 τοῦ
1219 1067 1335 1103 μεγάλου
1353 1066 1494 1102 βασιλέως,
1508 1065 1628 1092 τουτέστι
1642 1063 1774 1099 Χριστοῦ.

1094 1114 1150 1141 Kal
1163 1113 1228 1141 εἶπε
1246 1114 1319 1147 πρός
1331 1121 1369 1147 με
1383 1114 1399 1139 ό
1413 1112 1540 1146 ἄγγελος
1562 1112 1579 1138 ό
1591 1109 1694 1137 λαλῶν
1710 1109 1745 1135 ἐν
1760 1108 1829 1143 ἐμοί
1840 1115 1849 1124 ο

1061 1161 1125 1188 Ἔτι
1141 1160 1301 1194 ἁνάκραγε,
1317 1158 1414 1193 λέγων
1425 1166 1433 1175 ·
1460 1156 1532 1184 Τάδε
1553 1156 1632 1191 λέγει
1648 1155 1758 1188 Κύριος
1773 1161 1849 1180 παν-

1057 1203 1206 1238 τοκράτωρ
1214 1213 1220 1219 -
1231 1204 1295 1229 Ἔτι
1307 1202 1541 1236 διαχυθήσονται
1556 1200 1660 1232 πόλεις
1669 1199 1703 1225 ἐν
1713 1198 1846 1233 ἀγαθοῖς,

1057 1249 1105 1276 καὶ
1119 1249 1239 1283 ἐλεήσει
1256 1248 1363 1281 Κύριος
1378 1248 1421 1274 ἐτι
1435 1247 1490 1280 τὴν
1505 1245 1591 1278 Σιὼν,
1607 1245 1656 1272 καὶ
1670 1244 1794 1279 αἱρετιεῐ
1803 1244 1846 1270 ἔτι

1057 1295 1114 1328 τὴν
1135 1293 1338 1328 Ἰερουσαλήμ.

1090 1339 1130 1367 θ’.
1151 1338 1362 1374 Παρατείνοντος
1375 1337 1421 1365 τοῦ
1433 1337 1528 1372 χρόνου
1542 1336 1590 1371 τῆς
1606 1335 1808 1371 αἰχμαλωσίας.
1819 1334 1846 1361 αι

1055 1386 1104 1420 τῆς
1121 1385 1251 1416 Ἰουδαίας
1270 1384 1362 1415 πόλεις
1378 1383 1454 1410 οὐδὲν
1471 1383 1503 1418 δὴ
1524 1379 1605 1418 ἦττον
1625 1380 1737 1408 καὶτῶν
1753 1381 1846 1415 Σαμα-

1056 1431 1154 1468 ρειτῶν
1174 1430 1353 1466 ὲξηρήμωντο
1377 1427 1525 1459 παντελῶς.
1547 1425 1624 1454 Οῐκοί
1647 1435 1676 1453 τε
1698 1426 1753 1461 γάρ
1774 1424 1848 1461 ἦσαν

1055 1475 1293 1512 ἐμπεπρησμένοι,
1305 1475 1352 1501 καὶ
1369 1473 1510 1510 μονονουχὶ
1523 1472 1572 1507 τῆς
1584 1471 1762 1498 Βαϐυλωνίων
1773 1471 1848 1505 ὼμὸ-

1055 1530 1134 1556 τητος
1147 1521 1393 1557 κατακεκραγὸτες,
1414 1520 1460 1546 καὶ
1476 1518 1547 1553 αὺτά
1562 1518 1591 1545 δὲ
1611 1518 1645 1545 τὰ
1666 1517 1721 1544 τῶν
1741 1517 1847 1543 πόλεων

1057 1568 1195 1604 σχήματα,
1211 1565 1448 1602 κατηφανισμένα,
1464 1565 1512 1592 καὶ
1530 1563 1758 1598 ἀνατετραμμένα
1776 1569 1846 1588 παν-

1054 1612 1149 1643 τελῶς.
1167 1611 1363 1647 Εὐαριθμήτων
1376 1611 1404 1637 δὲ
1419 1610 1515 1645 κομιδῇ
1537 1609 1744 1639 κατοικούντων,
1760 1608 1846 1643 ἄνδρα

1057 1658 1105 1692 μὲν
1122 1659 1170 1684 οὐκ
1187 1655 1221 1693 ἦν
1235 1657 1370 1692 λαμπρὸν,
1388 1657 1405 1692 ἢ
1419 1657 1468 1683 καὶ
1493 1655 1593 1691 ἑτέρως
1620 1654 1756 1690 ἐπίσημον
1769 1654 1845 1685 ἰδεῖν,

1054 1704 1111 1731 ἀλλ’
1122 1704 1183 1730 οὐδὲ
1195 1705 1224 1730 ὲν
1237 1703 1371 1738 εὐπαθείᾳ
1381 1703 1459 1735 ὄντας
1473 1702 1558 1734 τινὰς,
1572 1702 1705 1736 κατηφεῖς
1716 1701 1745 1727 δὲ
1758 1701 1845 1727 ἃπαν-

1054 1758 1113 1781 τας,
1132 1749 1204 1784 λιμῷ
1230 1749 1277 1775 καὶ
1292 1749 1373 1784 πενίᾳ
1385 1746 1744 1783 κατηχΘεσμένους.Τούτων
1762 1747 1845 1773 ἀπάν-

1054 1804 1107 1822 των
1130 1793 1240 1821 ἔσεσθαι
1263 1793 1348 1829 πέρας
1373 1792 1580 1826 ἐπαγγέλλεται.
1604 1800 1614 1816 ι
1630 1790 1844 1825 Διαχυθήσονται

1053 1840 1117 1875 γὰρ,
1133 1839 1211 1875 φησὶ,
1227 1838 1319 1870 πόλεις
1342 1838 1371 1864 ὲν
1395 1837 1516 1872 ἀγαθοῖς,
1534 1845 1543 1862 ι
1568 1835 1704 1863 τουτέστιν
1731 1836 1759 1860 ἐν
1783 1836 1844 1866 ταῖς

1053 1886 1179 1921 ἀρχαίαις
1191 1884 1351 1920 εὐημερίαις
1365 1883 1481 1915 ἔσονται,
1498 1882 1544 1909 καὶ
1566 1881 1778 1918 παρακειμένων
1793 1881 1841 1907 αὺ-

1052 1933 1111 1963 ταῖς
1124 1931 1178 1957 τῶν
1190 1932 1229 1962 εἰς
1241 1930 1372 1964 ἀφθονίαν
1384 1929 1503 1963 ἀγαθῶν,
1518 1927 1698 1963 μεταϐαλοῦσι
1710 1927 1758 1962 τὴν
1770 1927 1840 1961 ὄψιν,

1052 1978 1097 2004 καὶ
1109 1977 1324 2013 ἀκκαδραμοῦνται
1341 1976 1420 2003 πάλιν
1434 1975 1463 2002 ὲν
1475 1976 1532 2006 τοῖς
1546 1975 1606 2001 κατ’
1617 1975 1710 2010 εὐχήν,
1729 1984 1738 1999 ι
1751 1974 1840 2009 Ἐλεή-

1052 2033 1092 2051 σει
1118 2024 1173 2059 γὰρ
1199 2025 1299 2059 Κύριος
1316 2022 1356 2049 ἐτι
1373 2023 1422 2057 τὴν
1436 2021 1516 2054 Σιὼν,
1531 2021 1577 2048 καὶ
1600 2021 1716 2056 αἱρετιεί
1737 2020 1777 2047 ἔτι
1792 2020 1841 2055 τὴν

1058 2070 1245 2106 Ἰερουσαλήμ,
1263 2079 1271 2095 s

1087 2115 1182 2151 ’Ἄορει
1206 2115 1234 2141 δὲ
1252 2115 1325 2146 ὅπως
1340 2114 1475 2149 εὐτέχνως
1491 2114 1556 2149 ἡμῖν
1572 2114 1586 2140 ὁ
1601 2114 1650 2148 τῆς
1671 2112 1838 2148 προφητείας

1050 2163 1157 2198 πρόεισι
1174 2162 1261 2195 λόγος.
1280 2161 1316 2187 Οὐ
1331 2160 1386 2196 γὰρ
1401 2161 1440 2191 είς
1457 2160 1529 2186 ἅπαν
1543 2159 1627 2194 αὐτὴν
1643 2158 1763 2193 ἐλεήσειν
1777 2166 1838 2183 κατ-

1049 2208 1258 2243 επαγγέλλεται,
1275 2206 1336 2233 οὔτε
1355 2205 1407 2242 μὴν
1422 2206 1461 2237 είς
1479 2205 1567 2232 πάντα
1585 2205 1679 2240 χρόνον
1694 2205 1835 2239 αἱρετιείν·

212 2250 372 2279 electurum,
384 2247 429 2274 sed
448 2247 547 2278 adhuc.
559 2245 654 2280 inquit,
672 2247 790 2275 lenitatis
807 2247 890 2275 veluti
919 2253 990 2276 certa

1057 2255 1116 2284 ιλλὰ
1130 2254 1169 2287 τὺ,
1180 2254 1230 2287 ἔτι,
1240 2254 1315 2288 φησὶ,
1331 2251 1640 2288 μεμετρημένονῶσπερ
1654 2251 1698 2277 τὸν
1709 2250 1757 2284 τῆς
1770 2250 1838 2285 ἡμε-

212 2299 339 2320 iucnsura
352 2292 490 2320 deﬁnitum
514 2297 619 2326 tempus
648 2293 817 2326 promittens.
839 2293 903 2320 Erat
923 2295 993 2321 enim

212 2342 273 2372 post
291 2339 348 2365 haec
359 2338 507 2366 atrociores
532 2338 654 2365 subitura
684 2339 860 2371 calamitates,
888 2345 996 2374 propter

213 2384 302 2412 illatas
327 2384 435 2411 Christo
453 2384 630 2412 contumelias
653 2386 841 2413 condemnata.
861 2386 995 2419 Quocirca

213 2430 278 2457 illud
295 2430 383 2458 adhuc
407 2431 482 2465 quasi
509 2431 659 2458 ditnensum
687 2432 859 2466 benignitatis
891 2438 995 2467 tempus

214 2475 349 2509 declarat,
362 2484 422 2503 cum
442 2477 651 2505 comminatione
671 2477 775 2505 occulta
793 2478 842 2513 ipsi
855 2484 996 2507 eventuru-

212 2530 283 2555 rum,
305 2523 348 2550 ubi
362 2522 484 2550 Christus
496 2522 619 2551 Salvator
630 2528 722 2551 noster
739 2525 886 2552 advenerit.

249 2611 329 2639 Vens.
348 2610 454 2638 18-21.
475 2611 507 2638 Et
522 2611 602 2638 levavi
617 2611 705 2639 oculos
731 2621 811 2647 meos,
827 2618 851 2639 et
879 2614 941 2645 vidi,
969 2618 994 2640 et

212 2665 268 2684 ecce
285 2662 398 2693 quatuor
406 2666 514 2685 cornua.
532 2658 564 2685 Et
577 2659 634 2685 dixi
658 2660 692 2685 ad
706 2659 826 2694 angelum
851 2660 895 2694 qui
907 2659 995 2694 loque-

213 2704 289 2729 lmtur
305 2704 332 2730 in
346 2711 404 2732 me:
418 2703 488 2736 Quid
500 2708 559 2730 sunt
577 2704 642 2736 ltu’c,
664 2704 796 2732 Domine?
820 2704 855 2731 Et
872 2706 938 2732 discit
960 2706 996 2732 ad

215 2756 273 2775 me:
290 2748 352 2776 Hinc
369 2757 477 2782 cornua,
502 2758 560 2783 quis
576 2751 735 2784 dissiparant
752 2750 859 2784 .ludam,
871 2756 893 2778 et
913 2750 997 2778 Israel

212 2799 235 2820 et
252 2793 408 2823 Jerusalem.
424 2795 457 2822 Et
476 2796 587 2823 ostendit
604 2796 667 2821 milii
690 2795 816 2824 Dominus
830 2802 942 2830 quatuor
955 2797 995 2830 [α⁴

247 2885 268 2899 ’⁷
286 2887 294 2914 l
309 2888 384 2916 Esdr.
403 2896 420 2921 ι,
437 2888 462 2915 ϐ.
502 2888 524 2903 ’³
539 2887 636 2922 Ιίιιιιικς.
650 2894 679 2920 ιι,
697 2887 739 2914 2:2.

1052 2303 1162 2339 ρότητος
1191 2300 1285 2335 χρόνον
1309 2299 1532 2334 ὑπισχνούμενος.
1548 2296 1664 2331 Ἔμελλε
1689 2296 1743 2331 γὰρ
1771 2295 1839 2330 μετὰ

1048 2349 1127 2376 τοῦτο
1136 2349 1198 2378 τοῖς
1213 2346 1253 2372 ἔτι
1266 2345 1386 2380 χείροσιν
1397 2344 1528 2370 ὲναλῶναι
1546 2344 1650 2374 κακοῖς,
1664 2341 1711 2368 ἐπὶ
1725 2343 1785 2373 ταῖς
1797 2343 1836 2373 είς

1048 2393 1164 2430 Χριστὸν
1192 2391 1344 2428 παροινίαις
1360 2383 1581 2424 κατεγνωσμένη.
1603 2388 1707 2415 Οὐκοῦν
1729 2388 1769 2420 τὸ,
1784 2389 1835 2418 ἐτι,

1051 2437 1258 2474 μεμετρημένον
1276 2436 1371 2471 ὥσπερ
1385 2435 1460 2471 δηλοί
1475 2435 1521 2462 τὸν
1539 2435 1588 2469 τῆς
1599 2434 1766 2470 ἡμερότητος
1776 2434 1836 2469 χρὸ-

1049 2493 1105 2515 νον,
1120 2483 1235 2518 ἀπειλὴν
1256 2482 1353 2517 ἔχοντα
1372 2481 1520 2517 ἀσυμφανῆ
1543 2481 1598 2507 τῶν
1623 2480 1836 2516 συμϐησομένων

1050 2528 1118 2563 αὐτῇ
1136 2528 1207 2555 κατά
1223 2527 1285 2559 τοὺς
1301 2527 1412 2562 καιροὺς
1431 2526 1480 2560 τῆς
1493 2525 1538 2552 τοῦ
1551 2526 1675 2560 Σωτῆρος
1687 2524 1766 2560 ἡμῶν
1779 2526 1837 2552 ὲπι-

1050 2573 1162 2609 δημίας.

1081 2618 1135 2645 Καὶ
1151 2616 1208 2652 ἦρα
1225 2618 1296 2651 τοὺς
1321 2617 1498 2652 ὀφθαλμούς
1518 2625 1588 2651 μου,
1602 2616 1651 2643 καὶ
1676 2614 1768 2647 εἶδον,
1787 2616 1835 2642 καί

1049 2663 1113 2691 ἰδοὺ
1127 2664 1260 2697 τέσσαρα
1272 2662 1389 2696 κέρατα.
1404 2662 1458 2689 Kal
1472 2660 1542 2688 εἶπα
1555 2662 1630 2696 πρὸς
1644 2662 1697 2689 τὸν¹
1706 2661 1834 2696 ἄγγελον

1047 2709 1101 2736 τὸν
1124 2709 1279 2736 ἁαλοῦντα
1301 2709 1336 2735 ἐν
1357 2709 1439 2742 ἐμοι·
1464 2709 1493 2735 Τί
1517 2708 1581 2734 ἐστι
1604 2708 1707 2739 ταῦτα,
1727 2708 1834 2741 Κύριε;

1047 2755 1102 2782 Καὶ
1116 2752 1180 2781 εἶπε
1196 2755 1270 2789 πρός
1283 2763 1321 2788 με
1330 2763 1337 2769 ·
1353 2754 1449 2781 Ίὶιῦτα
1463 2754 1499 2781 τὰ
1513 2754 1630 2788 κέρατα,
1645 2753 1680 2781 τὰ
1694 2753 1832 2786 διασκορ‹

1047 2800 1178 2828 πίσω-τα
1204 2800 1255 2827 τὸν
1276 2801 1396 2828 Ἰούδαν.
1411 2801 1459 2827 καὶ
1485 2800 1536 2828 τὸν
1557 2799 1689 2834 Ἰσραὴλ,
1717 2799 1766 2827 καὶ
1786 2798 1833 2826 Ἰε-
