1910 3050
67 213 95 240 Si
493 209 766 239 COMMENTARIUS
786 210 817 237 IN
839 210 858 238 Ζ

919 210 1037 238 ΙΛΠΙΛΜ
1058 209 1277 238 PROPIIETAM.
1303 185 1311 192 ι
1655 205 1691 234 ‘22

63 277 118 296 των
129 269 315 304 ἀλογήσαντες
329 269 477 300 παντελῶς,
488 268 696 303 ἀπερισκέπτως
709 268 859 303 ἐτράποντο

916 277 958 296 sua
975 268 1128 301 allectabat,
1142 275 1174 295 eo
1192 267 1257 294 ibat.
1273 266 1379 293 Idcirco
1392 265 1577 293 universorum
1592 263 1691 291 Condi-

64 314 134 350 πρὸς
145 314 176 340 τὺ
191 314 301 349 ἑκάστῳ
316 314 391 349 φίλον
408 313 512 340 δοκοῦν.
528 314 550 340 Τ
551 313 659 350 αύτῃτοι
673 314 763 340 λοιπὸν
776 314 790 340 ὁ
802 313 855 340 τῶν

64 360 133 386 ὅλων
147 359 228 392 Θεὸς,
243 359 362 394 ἔφιππος
377 359 405 386 δὲ
419 359 513 395 ὥσπερ
530 360 632 390 αὐτοῖς,
646 359 683 390 ὡς
700 360 729 386 ὲν
743 359 806 385 εἴδει
818 359 856 394 τῷ

65 406 125 432 καθ’
144 407 219 441 ἡμᾶς
243 406 450 442 αἰνιγματωδῶς
473 405 733 442 ὲπιφοιτᾷ.”Ἐστηκε
756 406 784 432 δὲ
805 405 857 432 ἀνὰ

68 453 151 487 μέσον
162 452 217 479 τῶν
231 452 279 479 δύο
292 453 378 488 ὀρέων
393 452 446 479 τῶν
462 452 700 487 κατασκίων.”ορη
715 452 753 484 δὲ,
769 449 855 486 οἶμαι,

67 498 205 525 κατάσχιά
221 506 288 533 φησι
305 498 336 524 τὸ
349 498 397 533 τῆς
413 498 553 529 Ἰουδαίας,
569 497 691 524 τουτέστι
715 498 764 532 τὴν
775 497 856 528 Σιὼν,

67 540 116 566 καὶ
134 540 189 576 μὴν
203 541 249 567 καὶ
266 541 296 568 τὺ
317 541 366 577 τῆς
386 541 629 577 Σαμαρείας.’Έφη
645 542 699 576 γάρ
718 551 770 568 που
793 543 857 577 περὶ¹

67 586 159 613 αὐτῶν
183 588 198 613 ὁ
223 587 307 619 Θεόςο
328 597 338 613 (
355 586 424 614 Οὐαὶ
446 589 502 619 τοῖς
519 587 687 625 ὲξουθενοῦσι
712 587 790 620 Σιὼν,
808 589 857 615 καὶ

68 635 124 665 τοῖς
142 634 302 661 πεποιθόσιν
320 634 367 660 ἐπὶ
382 634 411 661 τὸ
428 634 490 669 ὅρος
505 634 670 668 Σαμαρείας.
686 644 696 660 ι
714 635 815 670 ’Ἄμφω
829 634 858 661 δὲ

68 681 208 708 κατάσχια
222 681 265 709 διά
277 690 318 708 τοι
331 682 371 716 τῷ
382 681 528 716 ἀμετρήτῳ
547 681 644 717 πλήθει
659 681 714 708 τῶν
730 691 857 718 κατῳκη-

68 726 157 754 κότων
181 728 406 763 στενοχωρεῖσθαι
429 728 498 764 τάχα
524 737 586 760 που,
601 728 649 755 καὶ
676 728 742 764 ὕλην
756 729 858 764 ἀπομι-

71 772 182 806 μεῖσθαι
207 772 318 808 βαθεῖαν
339 782 370 800 τε
389 777 435 800 καὶ
452 774 607 810 ἀμφιλαφῆ.
620 774 744 802 Κατόπιν
756 783 787 809 γε
805 775 858 810 μὴν

70 817 117 844 τοῦ
133 818 329 854 ὲπιὸεὸηκότος
343 819 388 846 τὸν
402 820 484 847 ἵππον
498 819 543 846 τὸν
556 819 670 855 πυρρὸν,
689 820 767 848 ἵπποι
779 821 862 848 πάλιν

69 862 142 899 ἦσαν
153 865 252 900 ἕτεροι,
270 866 318 893 καὶ
333 867 384 893 οὐκ
398 867 426 892 ὲν
440 866 499 901 ὄψει
518 867 577 902 μιᾷ·
594 867 694 902 πυρῤοὶ
712 866 766 902 γὰρ
778 865 858 903 ἦσαν,

71 909 118 935 καὶ
136 910 190 945 μὴν
203 910 249 937 καὶ
263 910 356 947 ψαροὶ,
369 911 418 938 καὶ
437 911 564 943 ποικίλοι,
579 912 626 939 καὶ
637 912 738 939 λευκοί.
755 913 859 948 Σημαί-

71 963 147 981 νουσι
162 955 190 982 δὲ
201 956 248 982 καὶ
267 957 344 983 αὐτοὶ
357 957 404 984 καὶ
417 957 552 992 βασιλέας,
567 957 583 993 ἢ
608 957 671 994 ἔθνη
694 958 861 994 φιλοπόλεμά

70 1009 101 1026 τε
116 1001 165 1027 καὶ
183 1001 373 1037 μαχιμώτατα,
387 1003 434 1030 καὶ
448 1003 508 1039 οὐχὶ
521 1003 553 1039 δὴ
570 1004 654 1040 μόνην
671 1003 719 1039 τὴν
735 1004 862 1038 ἐνεγκοῦ-

73 1053 123 1071 dav
147 1045 220 1080 ἔχειν
244 1046 408 1082 ὴγαπηκότα
422 1067 429 1079 ,
458 1048 695 1083 κατασκιδνάμενα
716 1049 745 1076 δὲ
766 1049 860 1085 ὥσπερ

72 1090 183 1125 ἀπάσης
207 1091 258 1126 τῆς
278 1092 342 1126 γῆς,
356 1092 404 1119 καὶ
418 1093 463 1127 ὑφ’
480 1093 564 1120 ἑαυτὰ
589 1094 724 1121 ποιεῖσθαι
746 1094 862 1122 σπουδά-

73 1135 156 1168 ζοντα
175 1137 224 1172 τὴν
245 1137 292 1164 ὑπ’
306 1137 429 1173 οὐρανὸν,
445 1138 532 1165 ὁποῖοι
546 1138 689 1173 γεγόνασιν
703 1139 727 1166 οἱ
739 1139 863 1166 Βαϐυλω-

73 1181 138 1208 νίων
154 1181 281 1216 βασιλεῖς·
298 1182 399 1214 Φούλας
415 1183 463 1218 μὲν
477 1183 594 1219 πρῶτος,
608 1183 637 1216 ὃς
651 1182 705 1211 εἷλε
716 1185 766 1216 τὰς
775 1185 862 1221 πέραν

73 1227 120 1253 τοῦ
135 1227 266 1263 Ἰορδάνου
284 1228 378 1263 φυλάς.
394 1228 461 1256 Εἶτα
481 1230 540 1265 μετ’
553 1231 656 1257 ἐκεῖνον
670 1231 684 1258 ό
701 1230 862 1266 Σαλαμανα-

72 1273 138 1308 πὰρ,
155 1273 184 1305 ὃς
195 1273 352 1309 πεπόρθηκε
368 1274 417 1310 τὴν
433 1276 599 1311 Σαμάρειαν,
612 1277 660 1304 καὶ
671 1277 763 1312 τρίτος
777 1278 862 1304 Σενα-

75 1319 190 1354 χηρεὶμ,
206 1320 220 1345 ὁ
235 1319 285 1354 τῆς
305 1320 461 1357 Σαμαρείας
482 1321 512 1348 τὸ
537 1322 662 1357 λείψανον
685 1323 863 1359 καταδῃώσας

74 1364 188 1399 ἀγρίως,
203 1367 417 1401 προσεμπρήσας
437 1367 466 1394 δὲ
487 1368 534 1395 καὶ
551 1368 652 1400 πολλὰς
667 1369 716 1404 τῆς
732 1369 864 1402 Ἰουδαίας

75 1410 185 1442 πᾶλεις·
201 1411 331 1446 τέταρτος
356 1413 370 1439 ὸ
389 1413 642 1450 Ναβουχοδονόσωρ,
662 1414 692 1447 ὃς
715 1416 761 1442 καὶ
780 1416 864 1451 αὐτὴν

75 1453 132 1482 εἷλε
150 1456 200 1492 τὴν
220 1457 407 1493 Ἰερουσαλὴμ,
422 1459 469 1485 καὶ
490 1459 658 1495 ἀπεκόμισεν
672 1461 711 1492 εἰς
724 1461 864 1496 αἰχμαλωε

76 1501 137 1529 σίαν
149 1502 196 1528 τὸν
210 1503 328 1538 Ἰσραήλ.
348 1504 414 1530 Τότε
429 1505 481 1540 μὴν
494 1505 523 1532 ὲν
541 1506 673 1538 ποικίλοις
687 1507 784 1534 εἴδεσιν
798 1508 864 1543 ὁρᾶς

77 1546 140 1573 σθαι
162 1549 226 1580 τοὺς
242 1549 342 1581 ἵππους
357 1551 483 1585 σημαίνει
496 1551 567 1586 τάχα
578 1560 584 1566 ·
611 1552 658 1578 καὶ
681 1552 712 1579 τὸ
730 1554 758 1579 ὲν
772 1553 864 1585 αὐτοῖς

908 320 958 347 lor,
982 315 1054 342 velut
1076 314 1101 340 Ill
1127 321 1206 348 equo,
1224 317 1252 340 et
1275 303 1358 340 nostri
1381 312 1487 344 similis,
1507 316 1533 338 et
1554 310 1604 338 sub
1619 315 1692 344 legu-

908 365 998 388 mento
1012 360 1097 387 adest.
1117 358 1177 387 Stat
1192 362 1283 385 autem
1302 359 1373 385 inter
1385 358 1451 385 duos
1465 362 1569 385 montes
1581 356 1690 383 umbro-

907 413 962 433 sos.
981 406 1039 432 Meo
1052 405 1153 440 judicio
1172 408 1278 431 montes
1296 404 1438 430 umbrosas
1458 402 1587 432 nominat,
1607 408 1690 427 unum

907 452 952 487 qui
969 456 1011 479 est
1027 452 1053 478 in
1075 450 1177 483 Judsea,
1203 451 1268 477 Sion
1295 448 1431 481 videlicet,
1450 447 1566 475 alterum
1584 446 1629 480 qui
1649 450 1697 473 est.-

908 498 934 525 in
948 497 1081 524 Samaria.
1095 497 1198 524 Alicubi
1215 496 1286 523 enim
1302 495 1335 522 de
1351 494 1394 521 his
1413 493 1450 520 ita
1463 492 1582 526 loquitur
1596 491 1688 518 Deus:

911 552 920 569 ι
940 542 986 570 Vae
1005 543 1197 578 spernentibus
1208 541 1284 574 Sion,
1296 545 1324 568 et.
1340 538 1538 567 conlidentibus
1560 537 1586 564 in
1603 541 1703 564 monte-

909 589 1039 617 Samarite
1051 589 1083 616 ’⁸.
1100 597 1109 614 ι
1130 588 1216 615 Ambo
1237 592 1327 615 autem
1350 584 1480 616 umbrosi,
1498 582 1569 618 quod
1584 586 1693 617 propter

909 636 1066 662 immensam
1087 634 1259 661 incolentium
1275 631 1473 659 multitudinem
1491 632 1694 656 coarctarentur

910 681 1034 713 fortasse,
1049 684 1075 707 et
1088 680 1182 707 silvam
1198 679 1310 706 densam
1338 682 1420 711 atque
1437 675 1591 702 umbrosam
1607 674 1695 700 imita-

910 731 1013 753 rentur.
1034 725 1053 752 A
1070 730 1144 760 tergo
1159 731 1240 760 porro
1264 730 1336 758 equo
1350 721 1409 749 rufo
1434 720 1588 751 insidentis,
1608 725 1634 745 et
1654 719 1695 745 in-

909 780 989 807 super
1001 771 1046 799 alii
1060 771 1134 805 equi,
1155 778 1205 798 nec
1220 769 1256 797 illi
1278 768 1436 796 concolores
1458 766 1603 794 astabant:
1617 769 1695 792 erant

910 817 1042 852 siquidem
1068 817 1128 849 rttti,
1146 821 1174 843 et
1194 814 1335 845 maculos'b
1361 817 1389 840 et
1407 812 1485 844 varii,
1506 817 1533 839 et
1554 811 1618 838 alb'i.
1643 812 1693 843 Qui

910 865 960 899 ipsi
983 870 1089 898 quoque
1103 867 1130 890 et
1145 869 1234 896 reges,
1255 865 1283 888 et
1306 863 1400 894 gentes
1420 858 1481 886 belli
1498 857 1608 893 cupidas
1624 862 1651 884 et
1668 857 1694 883 in

911 916 999 944 pugna
1024 908 1170 936 acerrimas
1200 906 1365 941 signiﬁcant,
1390 909 1417 931 et
1445 911 1504 938 quae
1527 903 1608 930 natali
1639 903 1700 930 solo-

913 955 1098 982 tantummodo
1122 958 1258 981 contenta:
1284 959 1335 979 non
1358 951 1412 978 sint
1432 958 1440 977 ε
1461 949 1510 977 sed
1537 956 1584 983 per
1609 952 1695 975 totum

911 1003 1003 1029 orbem
1019 1001 1092 1028 velut
1112 1000 1251 1035 dispersae,
1275 1004 1370 1025 omnes
1389 995 1543 1031 provincias
1563 1000 1591 1021 et
1614 1002 1694 1028 regna

911 1047 960 1076 sub
978 1047 1034 1075 sole
1051 1047 1077 1074 in
1101 1053 1178 1074 suam
1197 1045 1317 1079 redigere
1350 1043 1480 1070 ditionem
1502 1041 1696 1072 connitantur;

912 1094 1005 1130 quales
1034 1093 1242 1129 Babyloniorum
1279 1097 1355 1126 reges
1383 1089 1545 1117 exstiterunt
1568 1096 1574 1114 :
1599 1086 1698 1114 Phulas

912 1141 1040 1176 primum,
1061 1140 1106 1175 qui
1134 1140 1220 1167 tribus
1250 1143 1326 1165 trans
1354 1135 1498 1164 Jordauem
1522 1133 1642 1167 subegit;
1671 1137 1700 1159 et

912 1191 974 1223 post
1002 1187 1075 1214 illutn
1101 1185 1289 1216 Salmanasar,
1315 1183 1360 1218 qni
1384 1182 1500 1209 vastavit
1526 1178 1697 1209 Samariam;

914 1234 1011 1261 tertius
1024 1231 1202 1264 Senaclterib,
1217 1230 1262 1266 qui
1280 1229 1408 1264 reliquias
1426 1227 1556 1256 Samariae
1575 1225 1700 1253 immani-

915 1284 955 1306 ter
982 1279 1169 1313 depra-datus,
1201 1275 1337 1310 complura
1372 1274 1435 1301 item
1464 1272 1566 1300 Judecac
1600 1271 1707 1306 oppida.

914 1325 1035 1357 exussit;
1066 1328 1178 1358 quartus
1195 1320 1453 1351 Nabuchodonosor,
1469 1318 1513 1352 qui
1529 1322 1556 1344 et
1571 1316 1699 1344 Ilieroso-

914 1371 1012 1406 lymam
1030 1369 1136 1401 evertit,
1149 1372 1175 1395 et
1195 1367 1319 1394 lsraclem
1334 1365 1469 1400 captivum
1483 1363 1606 1390 abduxit.
1624 1361 1700 1388 Tunc

914 1424 979 1444 sane
1002 1416 1139 1442 variorum
1159 1413 1281 1440 colorum
1301 1418 1384 1446 equos
1403 1417 1462 1437 csse
1485 1409 1558 1436 visos
1583 1409 1700 1434 fortass:

915 1462 1034 1493 iudicat;
1052 1465 1079 1487 et
1093 1459 1207 1493 aanigma
1229 1458 1350 1484 colorum
1366 1455 1534 1483 diversitatis
1552 1462 1631 1489 quam
1650 1454 1699 1479 Ita-

915 1507 1015 1534 bebant
1036 1506 1070 1533 de
1090 1503 1240 1532 dill‘erentia
1261 1502 1393 1536 cujusque
1418 1500 1576 1531 voluntatis,
1597 1503 1623 1526 et
1639 1506 1700 1525 sen-

917 1553 1005 1580 tcntia:
1018 1549 1188 1584 interpretari
1210 1548 1344 1583 quispiam
1358 1545 1576 1575 commodissime
1590 1544 1698 1578 poterit.

75 1594 251 1629 ἑτερόχροον,
274 1595 389 1631 αἴνιγμα
403 1597 452 1632 τῆς
474 1598 589 1624 ἑκάστου
612 1598 724 1633 γνώμης
748 1598 793 1626 καὶ
814 1599 862 1633 τῆς

916 1597 996 1634 660
1009 1596 1097 1623 narret
1117 1596 1198 1629 igitur
1220 1594 1362 1627 ambiguus
1387 1591 1529 1627 propheta,
1549 1594 1577 1618 et
1599 1588 1701 1616 rei-ela-

77 1639 192 1666 ἑκάστου
205 1640 325 1674 διανοίας
338 1643 520 1678 παραδέξαιτο
534 1643 567 1670 ἄν
581 1652 632 1676 τις,
651 1645 697 1671 καὶ
709 1645 781 1679 μάλα
794 1645 864 1671 εῑκόα

77 1694 141 1717 τως.
155 1686 310 1722 Διηπόρηκε
326 1688 376 1724 μὲν
389 1687 435 1716 οὖν
445 1689 459 1716 ὁ
475 1690 626 1725 προφήτης,
638 1690 684 1717 καὶ
695 1690 864 1726 ἀποκάλυψιν

78 1733 156 1759 αἰτεῖ.
174 1733 312 1762 Μανθάνει
329 1734 357 1762 δὲ
385 1735 425 1761 ὃτι
441 1731 514 1762 οὗτοί
530 1736 609 1768 εἰσιν,
623 1735 670 1768 οὓς
682 1735 864 1768 ὲξαπέσταλκε

79 1777 190 1813 Κύριος.
204 1779 251 1805 τοῦ
272 1779 444 1816 περιοδεῦσαι
458 1780 506 1816 τὴν
521 1780 573 1815 γῆν
594 1781 713 1813 ἃπασαν,
730 1781 776 1808 καὶ
790 1782 865 1808 αὐτοὶ

78 1823 105 1849 δὲ
122 1823 200 1850 τοῦτό
215 1832 297 1858 φασιν
316 1825 341 1851 οἱ
364 1825 573 1860 ἀπεσταλμένοι,
586 1826 795 1860 περιωδευχέναι
816 1826 865 1862 τὴν

79 1868 226 1905 σύμπασαν
249 1870 491 1905 διαϐεϐαιούμενοι,
504 1871 552 1897 καὶ
568 1870 620 1906 μὴν
637 1871 676 1897 ὅτι
693 1871 739 1897 καὶ
756 1872 864 1906 ἠρεμεῖ,

78 1916 136 1947 ταῖς
154 1915 244 1942 αὐτῶν
258 1916 423 1948 πλεονεξίαις
442 1917 600 1943 ἀντιτείνειν
619 1917 668 1943 οὐκ
693 1917 802 1952 ἔχουσα,
820 1918 865 1943 καὶ

79 1961 124 1988 τὸν
140 1962 186 1988 ὑπ’
202 1961 292 1992 αὐτοῖς
307 1962 454 1997 ἀϐούλητον
472 1962 531 1997 μὲν,
549 1962 619 1998 πλὴν
635 1962 782 1997 ἀναγκαῖον
798 1963 865 1989 ὑπο-

81 2007 199 2042 μένουσα
215 2007 309 2041 ζυγόν,

114 2053 169 2080 Καὶ
181 2053 325 2087 ἀπεκρίθη
345 2053 472 2088 ἄγγελος
486 2055 606 2087 Κυρίου,
619 2053 667 2079 καὶ
683 2051 747 2080 εἷπε
757 2061 763 2068 ·
780 2054 866 2087 Κύριε

79 2098 300 2133 παντοκράτωρ,
316 2099 371 2132 ἕως
384 2099 465 2132 τίνος
477 2100 512 2126 οὐ
531 2099 574 2133 μὴ
588 2099 725 2131 ἐλεήσειε·
741 2098 798 2132 τὴν
816 2099 863 2125 Ἰε-

78 2144 257 2179 ρουσαλὴμ,
282 2145 332 2171 καὶ
358 2145 408 2177 τὰς
433 2145 537 2178 πόλεις
559 2144 615 2178 τῆς
642 2144 783 2178 Ἰουδαίας
798 2165 804 2177 ,
830 2144 867 2178 ἂς

80 2190 250 2224 ὑπερεῖδες;
265 2191 354 2217 τοῦτο
367 2190 591 2225 ἑϐδομηκοστὸν
603 2190 681 2222 ἔτος.

115 2237 160 2270 ς’.
181 2237 241 2264 Τῶν
256 2236 469 2271 ἀπεσταλμένων
480 2235 581 2267 ἵππων,
591 2235 673 2270 ἧγουν
685 2235 769 2262 ἐθνῶν
781 2244 810 2263 τε
821 2237 867 2263 καὶ

916 1645 1014 1671 tionem
1030 1641 1138 1677 qumrit.
1161 1641 1243 1668 Discit
1264 1643 1353 1667 autem
1376 1638 1426 1665 bos
1452 1645 1525 1670 esse,
1547 1635 1615 1671 quos
1634 1634 1701 1661 emi-

914 1691 979 1718 serit
1006 1689 1146 1721 Dominus,
1177 1691 1206 1714 ut
1240 1686 1418 1714 circumirent
1449 1691 1556 1712 omnem
1590 1687 1701 1715 terram,

915 1740 994 1769 atquc
1014 1735 1080 1762 adeo
1103 1734 1153 1768 ipsi
1174 1733 1249 1761 missi
1276 1734 1328 1761 hoc
1348 1735 1499 1763 autumant,
1523 1736 1630 1756 omnent
1647 1733 1701 1755 ter-

916 1790 971 1809 ratn
986 1788 1015 1809 se
1030 1780 1218 1808 circumivisse
1236 1779 1446 1810 continuantes;
1468 1780 1596 1812 praeterea
1615 1774 1714 1809 ipsam

915 1828 1066 1861 quiescere,
1081 1833 1174 1853 eorum
1192 1825 1318 1859 potentiae
1338 1823 1424 1851 obniti
1441 1830 1493 1849 non
1513 1822 1658 1850 valentem,
1676 1824 1702 1845 et

913 1872 1005 1907 jngmu
1023 1879 1115 1900 eorum
1133 1879 1185 1899 non
1199 1870 1346 1902 voluntate,
1367 1870 1413 1896 sed
1438 1867 1599 1896 necessitate
1618 1865 1700 1893 susti-

917 1923 1036 1945 nentem.

955 2053 1033 2079 Vsus.
1052 2052 1093 2078 I2.
1117 2051 1148 2078 Et
1166 2050 1298 2084 respondit
1316 2050 1431 2084 Angelus
1447 2048 1561 2079 Domini,
1575 2052 1598 2073 et
1610 2048 1677 2073 dixit
1692 2054 1701 2072 :

920 2100 1029 2127 Domine
1042 2100 1214 2132 ottmipotens.
1231 2104 1362 2132 usqucquo
1381 2104 1431 2122 non
1448 2094 1611 2121 misereberis
1626 2093 1702 2120 Jeru-

917 2147 1008 2178 salem,
1032 2150 1055 2172 et
1074 2145 1177 2172 urbium
1202 2143 1273 2170 Juda
1289 2150 1354 2177 quas
1373 2141 1528 2176 neglexisti?
1544 2141 1593 2167 iste
1617 2147 1702 2166 annus

918 2191 1134 2225 septuagesimus.

955 2237 998 2264 VI.
1019 2237 1161 2271 Postquam
1185 2235 1245 2269 equi
1267 2233 1352 2265 missi,
1376 2233 1432 2260 sive
1451 2238 1555 2267 gentes,
1579 2237 1604 2259 et
1628 2240 1703 2267 rcges

81 2281 213 2316 βασιλέων
228 2282 460 2317 περιοδευσάντων
485 2281 535 2316 τὴν
560 2280 706 2315 σύμπασαν
730 2283 790 2316 γῆν,
807 2279 862 2308 εἶτα

921 2284 966 2318 qtti
995 2287 1076 2310 totum
1101 2287 1200 2309 terram
1219 2279 1424 2310 circumierunt,
1448 2286 1606 2313 responsum
1630 2286 1704 2312 aper-

81 2327 173 2361 σαφῶς
187 2327 349 2362 εἰρηκότων,
369 2327 406 2358 ὡς
420 2328 595 2359 κατοικεῖται,
608 2328 653 2353 καὶ
667 2327 807 2361 ἡσυχάζει,
821 2327 866 2353 καὶ

79 2374 124 2399 τὸν
144 2372 175 2405 ἐξ
194 2373 319 2408 ἀνάγκης
340 2372 541 2408 ἑπερῤιμμὲνον
562 2371 693 2406 ὑπομένει
710 2372 800 2406 ζυγὸν,
819 2372 866 2398 καὶ

79 2418 126 2453 τῆς
143 2418 274 2449 Ἰουδαίας
288 2417 304 2443 ὁ
321 2417 455 2452 μακάριος
468 2417 592 2452 ἄγγελος,
607 2417 636 2449 ὃς
651 2418 721 2452 τάχα
736 2426 785 2444 που
807 2417 865 2444 ἐτέ-

80 2473 162 2491 τακτο
180 2463 258 2499 παρὰ
280 2463 349 2490 Θεοῦ
369 2463 400 2489 τὺ
421 2463 476 2489 τῶν
489 2463 623 2490 Ἰουδαίων
639 2463 715 2495 ἔθνος
729 2463 867 2498 παιδαγω-

80 2511 145 2542 γεῖν.
163 2510 325 2546 Εὑρήσομεν
341 2509 369 2535 δὲ
390 2509 431 2535 ὅτι
451 2509 499 2535 καὶ
516 2509 560 2535 ὅτε
571 2509 628 2544 ,τῆς
642 2509 696 2535 τῶν
711 2509 867 2542 Αἰγυπτίων

82 2555 299 2590 ἑκδεδραμήκασι
321 2554 384 2589 γῆς,
409 2553 505 2585 δεινοῖς
529 2553 578 2588 μὲν
600 2554 698 2584 αὐτοὺς
724 2554 867 2580 κατεπτόει

82 2600 203 2635 δείμασιν
221 2602 235 2627 ὸ
253 2599 428 2634 ἀπόπληκτος
448 2598 557 2634 Φαραὼ,
571 2599 617 2626 τὸν
642 2598 759 2634 πολέμου
785 2600 867 2634 νόμον

82 2646 293 2681 ἐξωπλισμένος,
307 2642 365 2671 εἶτα
386 2644 492 2671 διώκειν
507 2644 666 2680 ἐπιχειρῶν·
686 2644 798 2679 «Ἔστη,
815 2654 867 2680 φη-

82 2692 131 2722 σὶν,
147 2692 161 2718 ό
172 2691 290 2726 ἄγγελος
304 2691 409 2726 Κυρίου
423 2690 473 2718 ἀνὰ
491 2690 572 2725 μέσον
588 2690 687 2722 αὐτῶν,
699 2690 746 2717 καὶ
759 2691 789 2716 οὐ
805 2699 867 2717 συν-

82 2737 174 2772 έμιξαν
189 2737 318 2771 ἀλλήλοις
335 2736 399 2770 ὃλην
419 2736 467 2771 τὴν
488 2735 581 2763 νύκτα.
599 2745 608 2762 ι
628 2735 707 2762 Ἀλλὰ
725 2736 771 2762 καὶ
787 2736 868 2763 αὑτὸν

82 2784 123 2810 Iov
144 2784 227 2818 νόμον
243 2783 278 2809 δι’
293 2778 416 2817 ἀγγέλων
432 2781 593 2817 λελαλῆσθαι
607 2783 621 2808 6
635 2781 788 2817 νομομαθὴς
816 2782 867 2816 ἔφη

83 2829 391 2864 Παῦλος.Ύπεμφαί-.ιει
404 2828 432 2855 δέ
447 2837 473 2854 τι
492 2819 610 2855 τοιοῦτον
632 2829 677 2856 καὶ
691 2829 741 2862 τῆς
754 2828 865 2862 εὐαγγε-

113 2920 132 2935 ”
145 2920 231 2946 Amos
259 2925 299 2950 γι,
323 2917 345 2944 Ι.

387 2917 408 2932 ¹⁸
423 2917 507 2944 Exod.
522 2924 577 2950 xtv,
594 2917 626 2944 19
677 2918 697 2933 t"
713 2916 798 2943 Galat.
816 2924 855 2949 In,
877 2915 916 2943 l9.

923 2335 977 2356 tum
1005 2327 1191 2360 reddiderunt,
1217 2333 1275 2353 eam
1300 2324 1430 2356 habitari,
1452 2329 1479 2351 et
1504 2324 1652 2358 quiescere,
1677 2329 1704 2351 cl

922 2373 1075 2408 impositum
1091 2372 1142 2400 sibi
1154 2371 1246 2406 jugum
1261 2369 1301 2397 vel
1317 2369 1439 2396 ttolcntes
1451 2368 1581 2402 perferre,
1598 2375 1658 2394 mox
1671 2367 1704 2394 ad

919 2427 1013 2455 prcccs
1039 2426 1087 2453 pro
1104 2417 1289 2452 Hierosolyma
1319 2421 1346 2444 et
1370 2416 1461 2444 Jndata
1483 2415 1620 2442 faciendas
1640 2422 1705 2440 con-

920 2466 1033 2493 vertitur
1062 2466 1155 2492 beatus
1183 2464 1304 2498 angelus,
1333 2463 1377 2497 qui
1403 2462 1525 2489 fortassis
1551 2460 1704 2488 Judaaorunt

920 2511 991 2546 genti
1013 2509 1181 2537 instituenda:
1205 2517 1218 2535 :I
1239 2508 1293 2534 Deo
1314 2507 1474 2542 prurpositus
1494 2511 1562 2533 erat.
1579 2505 1705 2540 Legimus

921 2564 1001 2591 porro
1029 2564 1090 2583 cutn
1117 2556 1228 2583 insanus
1250 2554 1353 2581 I’ttarao
1384 2561 1416 2581 ex
1446 2552 1561 2588 (Egypto
1591 2558 1706 2586 propero

919 2602 1035 2636 egressis
1050 2609 1144 2636 graves
1165 2606 1282 2629 terrores
1298 2599 1441 2630 incuteret,
1457 2598 1581 2625 hostilem
1602 2599 1628 2624 in
1647 2602 1704 2624 mo-

921 2648 984 2675 dum
1005 2652 1135 2680 arntatus,
1151 2651 1175 2674 et
1204 2654 1250 2674 eos
1273 2645 1379 2680 insequi
1403 2651 1568 2678 aggressus:
1586 2653 1595 2668 ι
1612 2643 1702 2674 Stetit.

921 2691 1017 2727 inquit,
1039 2691 1149 2725 angelus
1173 2690 1277 2717 Domini
1306 2690 1332 2716 in
1360 2685 1572 2720 ntcdio'corutn,
1599 2692 1625 2715 et
1651 2695 1704 2715 non

921 2739 1149 2766 comntiscuerunt
1166 2745 1195 2764 se
1214 2738 1247 2763 ad
1268 2736 1382 2763 invicem
1402 2740 1456 2762 tota
1471 2740 1550 2761 nocte
1562 2735 1593 2760 '5.
1610 2743 1618 2759 ι
1634 2734 1704 2766 Quin

922 2788 949 2810 cl
963 2783 1048 2817 legem
1065 2790 1111 2817 per
1129 2782 1237 2816 angelos
1255 2780 1383 2807 dictatam
1408 2780 1502 2808 doctus
1518 2779 1583 2813 legis
1609 2778 1705 2806 scribit

922 2829 1063 2856 Paulus“.
1080 2828 1144 2856 'I‘alc
1166 2828 1293 2862 quiddam
1318 2834 1366 2854 nos
1392 2831 1482 2854 monet
1501 2825 1581 2859 etiam
1607 2831 1705 2853 sensus
