1910 3050
218 199 255 225 9.5
711 198 738 225 S.
759 197 893 226 CYRILLI
912 196 1146 225 ALEXANDRINI
1164 197 1323 226 ABClllEP.
1806 201 1844 229 3/-

218 255 354 290 parabola:
374 255 545 291 evangelicae.
565 256 611 284 Ait
626 257 697 284 enim
712 256 810 284 alicubi
826 257 951 285 Christus
969 257 996 284 dc

1052 256 1131 291 λικῆς
1152 257 1310 292 παραϐολῆς
1326 257 1556 294 ἡδύναμις.Ἔφη
1579 258 1633 296 γάρ
1655 268 1706 286 που
1724 259 1846 296 Χριστος

218 307 353 336 synagoga
379 300 544 336 Iudaeorum,
571 303 621 330 sub
646 303 785 331 involucro
811 303 850 331 illi
874 309 1002 331 eventura

219 353 428 380 prtemonstrans
443 357 450 375 :
468 356 477 374 ι
491 348 586 376 Ficum
602 349 716 377 habebat
729 350 842 385 quidam.
854 349 1004 385 plantatam

219 391 245 418 in
260 399 325 427 agro
351 400 400 420 suo
413 393 446 422 ¹⁷.
464 403 474 420 ι
494 394 579 427 Quam
598 399 627 422 ut
641 395 761 423 sterilem
776 395 935 424 exscindere
957 404 1004 423 γορ

219 438 285 470 luit,
311 439 392 473 idque
422 439 521 467 cultori
553 442 638 468 vineae
664 441 823 469 mandavit:
844 450 853 467 ι
870 441 1004 469 Exscinde

219 483 302 516 illam,
315 484 423 519 inquit:
440 489 469 512 ut
485 485 549 520 quid
565 486 653 514 adlnte
668 490 768 514 terram
785 486 916 522 occupat?
934 486 1002 513 Tum

218 530 307 558 utitor
324 539 330 557 :
349 531 470 564 Domine,
481 532 539 560 sine
558 533 630 560 illam
650 533 732 560 etiam
750 533 802 560 boc
817 540 900 566 anno,
916 540 1003 567 usque

218 578 284 604 dum
301 577 400 605 fodiam
425 579 496 606 circa
522 579 606 612 illam,
628 583 655 606 et
679 579 783 606 mittam
811 583 933 607 stercora
951 588 958 606 :
975 582 1003 606 et

217 622 334 650 fortasse
357 622 454 650 fecerit
477 619 594 650 fructum
621 624 647 650 in
665 627 805 658 posterum
831 632 837 650 :
860 623 884 651 si
901 624 1000 655 minus,

216 668 358 696 exseindes
381 676 440 696 eam
454 669 487 696 ιι.
506 678 515 695 ι
532 668 600 702 Quid
623 670 694 697 enim
717 669 788 697 aliud
811 669 888 697 nobis
910 670 937 697 in
958 669 1001 697 bis

218 722 333 746 persona
361 715 484 744 vinitoris
508 716 640 749 insinuat,
663 716 714 744 nisi
735 715 892 752 praefectum
915 723 1001 751 ange-

202 761 283 794 lum,
298 765 326 789 et
350 762 384 789 ad
409 762 505 797 ipsam,
532 766 561 790 ut
581 761 649 795 dixi,
672 763 848 790 erudiendam
867 763 1000 791 constitu-

216 807 297 834 tum?
319 807 403 842 Igitur
429 808 484 836 Deo
502 808 684 844 captivitatem
706 816 777 837 anno
803 809 1001 845 septuagesimo

215 854 466 888 circumscribeute,
485 860 548 882 ante
565 855 591 882 id
614 859 719 890 tempus
734 855 850 888 ﬁnitum,
867 855 1000 883 silendum

215 898 266 926 fuit
280 900 444 932 necessario,
464 907 498 927 ne
511 899 659 928 Dominicis
676 901 786 929 nutibus
808 901 945 929 adversari
960 901 1001 928 vi-

1058 302 1123 337 περὶ
1139 303 1188 338 τῆς
1204 302 1257 329 τῶν
1270 303 1404 330 Ἰουδαίων
1420 305 1590 340 συναγωγῆς,
1608 305 1638 331 τὸ
1661 306 1757 341 μέλλον
1774 306 1845 340 αὐτῇ

1058 347 1245 383 συμῦήσεσοαι
1261 349 1473 383 προαναδεικνὺς
1486 350 1692 386 αἰνιγματωδῶς
1702 359 1708 366 ·
1730 361 1739 376 ι
1753 351 1844 385 Συκῆν

1056 391 1113 428 εἶχέ
1133 402 1174 425 τις
1191 394 1397 429 πεφυτευμένην
1413 395 1441 421 ἐν
1456 395 1494 430 τῷ
1507 395 1584 431 ἀγρῷ
1595 395 1688 423 αὑτοῦ.
1704 406 1713 422 ι
1732 396 1844 431 Ἐπειδὴ

1056 439 1084 465 δὲ
1099 440 1222 474 ἄκαρπος
1237 437 1280 476 ἦν,
1294 441 1437 467 ἐκκόπτειν
1456 442 1539 477 αὐτὴν
1555 442 1644 478 ἤθελε,
1659 444 1704 469 καὶ
1717 442 1750 478 δὴ
1764 442 1845 468 τοῦτο

1056 485 1120 520 δρᾷν
1137 486 1245 512 ἐκέλευε
1256 486 1342 520 λέγων
1355 486 1394 521 τῷ
1415 487 1542 522 γηπόνῳ·
1565 497 1573 513 ι
1588 488 1722 522 Ἔκκοψον
1746 488 1845 522 αὐτὴν,

1057 531 1099 558 ἴνα
1115 532 1141 558 τί
1153 531 1200 558 καὶ
1211 532 1258 568 τὴν
1272 533 1324 567 γῆν
1336 535 1486 569 καταργεί;
1508 534 1536 560 '0
1548 534 1575 560 δὲ
1588 534 1654 569 πρὸς
1668 534 1747 561 τοῦτό
1757 541 1843 569 φησιο

1056 578 1153 614 Κύριε,
1167 579 1234 613 ἄφες
1251 579 1335 615 αὐτὴν
1352 580 1398 607 καὶ
1411 580 1489 607 τοῦτο
1506 580 1535 607 τὺ
1551 580 1620 613 ἔτος,
1633 581 1685 612 ἕως
1700 580 1732 607 ἂν
1747 580 1844 614 σκάψω

1056 624 1120 659 περὶ
1131 617 1225 660 αὐτὴν,
1237 624 1283 650 καὶ
1295 625 1384 660 βάλλω
1396 625 1497 661 κόπρια
1509 634 1516 642 ·
1530 626 1582 653 κᾶν
1597 626 1645 662 μὲν
1661 626 1762 662 ποιήσῃ
1776 635 1844 661 καρ-

1056 670 1106 697 πὸν
1117 671 1156 702 εἰς
1170 670 1200 696 τὸ
1214 670 1310 705 μέλλον
1322 679 1329 686 ο
1344 671 1367 697 εἰ
1380 671 1407 698 δὲ
1423 672 1460 707 μή
1475 680 1518 706 γε,
1535 672 1662 707 ἐκκόψεις
1678 673 1775 708 αὐτήν.
1788 682 1798 698 ι
1812 673 1844 698 Τί

1055 716 1108 752 γὰρ
1121 716 1213 752 ἕτερον
1224 718 1290 752 ἡμῖν
1304 717 1333 743 ὲν
1344 717 1449 749 τούτοις
1461 718 1490 744 τὺ
1505 718 1550 745 τοῦ
1564 719 1683 754 γηπόνου
1697 719 1843 754 πρόσωπον

1054 762 1251 794 ὑπαινίττεται,
1262 762 1331 798 πλὴν
1347 763 1386 789 ὅτι
1398 763 1427 789 τὸ
1437 762 1484 789 τοῦ
1497 764 1696 799 προεστηκότος
1713 763 1842 797 ἀγγέλου,

1054 808 1101 834 καὶ
1122 808 1305 843 παιδαγωγεῖν
1324 808 1418 844 αὐτὴν,
1433 809 1471 840 ὡς
1485 809 1563 844 ἔφην,
1582 809 1822 845 προστεταγμένου
1835 818 1843 842 ;

1059 853 1215 890 Ὀρίσαντος
1228 853 1274 881 οὖν
1287 853 1335 881 τοῦ
1348 854 1415 881 Θεοῦ
1430 855 1479 890 τῆς
1491 855 1678 890 αἰχμαλωσίας
1691 855 1735 882 τὸν
1746 855 1843 890 χρόνον

1054 901 1093 931 εἰς
1112 899 1171 932 ἔτος
1190 901 1400 936 ὲὸδομηκοστὸν,
1413 900 1491 928 οὔπω
1508 901 1557 936 μὲν
1570 902 1609 933 είς
1627 901 1714 936 πέρας
1728 902 1843 936 ἥκοντος

213 944 335 973 rleretur.
358 945 492 973 Cteterum
518 946 596 973 annis
619 945 675 980 iam
707 946 872 978 transactis,
903 952 996 980 preces

1049 944 1096 971 τοῦ
1112 945 1220 981 καιροῦ,
1236 947 1344 982 σιωπᾷν
1357 941 1392 981 ἦν
1405 946 1562 980 ἀναγκαῖον,
1577 947 1615 978 ὡς
1634 946 1667 973 ἂν
1690 947 1727 982 μὴ
1750 946 1842 981 δοκοίη

215 990 304 1018 fundit
316 991 488 1026 suppliciter:
498 990 708 1026 oll'ensionisque
717 992 871 1027 suspicione
881 991 998 1023 sublata,

213 1044 274 1064 cum
299 1037 368 1064 sciat
395 1036 538 1064 Dominum
563 1037 670 1065 mentiri
685 1038 750 1071 :non
774 1045 863 1072 posse,
894 1037 1000 1065 discere

213 1082 286 1117 cupit
299 1083 379 1119 661
396 1087 485 1110 utrum
507 1083 568 1111 irati
589 1083 719 1116 vindicta,
731 1083 807 1117 juxta
825 1087 902 1112 vetus
916 1084 999 1111 bene-

212 1129 342 1164 placitum
371 1129 398 1156 in
423 1136 523 1156 annum
553 1130 780 1164 septuagesimum
810 1129 996 1162 extendenda,

211 1175 323 1210 perinde
337 1175 461 1208 cessarit,
477 1175 549 1203 sicut
574 1183 688 1211 peccare
712 1176 852 1209 desierint,
873 1176 919 1211 qui
935 1183 998 1211 pec—

212 1223 314 1251 cabant
331 1231 338 1250 :
355 1230 389 1250 an
409 1223 479 1250 ultra
494 1222 581 1250 adhuc
597 1222 768 1258 proferenda,
792 1223 890 1250 additis
902 1230 998 1258 pecca-

213 1270 247 1297 Its
264 1265 350 1300 novis,
374 1273 402 1296 et
420 1268 588 1303 proroganda
604 1268 693 1296 adhuc
717 1268 743 1295 in
761 1268 869 1302 longum
887 1267 998 1295 calami-

210 1321 263 1342 tas.
278 1314 382 1343 Idcirco
394 1314 432 1342 ait
446 1323 453 1342 :
473 1324 482 1340 ι
499 1315 644 1349 QuOusque
659 1322 711 1342 non
734 1315 907 1342 misereberis
919 1314 998 1342 Jeru-

209 1362 313 1394 salem,
344 1365 372 1388 et
400 1361 539 1389 civitatum
570 1360 646 1388 ludat
674 1360 856 1396 neglectarum
879 1360 936 1395 jam
963 1360 996 1388 ad

210 1415 309 1435 annum
328 1414 413 1442 usque
430 1406 677 1442 septuagesimum?
692 1415 701 1432 ι

243 1493 376 1528 Quocirca
407 1500 454 1528 spe
470 1493 544 1520 bona
557 1497 584 1521 et
596 1492 735 1528 explorata
748 1496 935 1520 sustentantur
949 1493 994 1528 qui

208 1539 292 1567 Deum
306 1539 407 1571 colunt,
419 1539 490 1573 quod
504 1539 527 1565 si
550 1538 693 1572 contigerit
713 1537 850 1566 offendere
862 1546 892 1566 ex
919 1539 995 1567 inﬁr-

208 1585 313 1617 mitate,
330 1591 390 1612 esse
405 1585 450 1619 qui
467 1584 538 1619 apud
557 1584 642 1612 Deum
659 1591 709 1618 pro
737 1584 802 1619 ipsis
830 1584 993 1620 supplicent,

208 1636 261 1656 non
273 1629 396 1657 homines
411 1633 526 1663 tantum,
535 1629 581 1657 sed
596 1629 676 1657 etiam
686 1629 758 1662 ipsos
771 1633 879 1657 sanctos
889 1630 997 1666 angelos

208 1675 254 1709 qui
270 1674 353 1702 Deum
370 1674 459 1702 mitem
474 1679 504 1701 et
514 1674 649 1709 placidum
672 1675 795 1709 reddant,
812 1683 860 1704 sua
880 1676 998 1710 puritate

207 1724 235 1747 et
260 1719 412 1747 innocentia
433 1719 492 1754 ejus
513 1719 566 1747 iras
595 1721 732 1753 sedantes,
765 1725 793 1748 et
814 1720 995 1755 indignantem

204 1765 322 1799 judicem
335 1765 367 1792 ad
383 1765 574 1800 ignoscendum
585 1765 783 1800 quodammodo
795 1766 994 1800 compellantes.

208 1810 307 1838 Verqu
321 1815 374 1838 tum
384 1811 492 1845 quidem
504 1811 615 1846 angelus
632 1819 680 1845 pro
697 1818 832 1847 synagoga
842 1811 995 1839 Judaeorum

207 1855 317 1890 supplex
335 1855 425 1884 ﬁebat.
442 1855 496 1884 Nos
515 1860 605 1884 autem
624 1857 717 1884 tideles
738 1863 766 1884 et
789 1857 948 1884 Sanctificati
963 1857 996 1884 de

206 1906 306 1929 caetero
320 1901 346 1928 in
356 1901 461 1936 spiritu,
473 1911 483 1928 ‹
494 1903 652 1930 advocatum
669 1902 798 1930 habemus
808 1903 876 1937 apud
887 1903 994 1930 Patrem

206 1946 299 1974 Jesum
311 1947 500 1990 Cbristumuet
513 1949 570 1984 ipse
582 1953 624 1976 est
637 1949 792 1984 propitiatio
805 1957 854 1984 pro
878 1950 995 1984 peccatis

207 1995 329 2023 nostris:
347 2002 396 2022 nec
411 2002 460 2030 pro
473 1995 573 2023 nostris
593 1999 706 2028 tantum,
721 1996 810 2023 sedet
839 2003 888 2030 pro
913 1996 995 2023 totius

207 2040 299 2068 mundi
316 2041 365 2068 ⁸³.»
384 2041 416 2068 Ει
428 2045 458 2069 ιιι
476 2041 583 2076 divinus
597 2041 695 2069 Paulus
710 2042 839 2076 scriptum
864 2042 992 2077 reliquit:

208 2095 217 2112 ι
233 2086 321 2122 Ipsum
335 2087 423 2122 posuit
437 2088 505 2115 Deus
517 2088 733 2122 propitiationem
745 2095 792 2123 per
807 2088 885 2116 tidem
898 2088 948 2122 ’⁸,ι
962 2088 994 2116 li-

205 2131 343 2160 berantem
359 2140 373 2160 a
389 2134 507 2167 peccatis
521 2133 553 2160 ad
567 2133 653 2168 ipsum
671 2134 841 2162 accedentes.

1051 992 1226 1024 Δεσποτικοῖς
1243 992 1400 1026 ἀντεξάγει-λ
1424 992 1548 1027 νεύμασι.
1575 993 1789 1029 Πεπερασμένου
1815 992 1842 1018 δὲ

1050 1036 1101 1072 ἤδη
1128 1037 1174 1063 τοῦ
1200 1037 1307 1073 καιροῦ,
1324 1039 1441 1065 ποιεῖται
1464 1038 1514 1070 τὰς
1537 1038 1626 1072 λιτὰς,
1652 1039 1700 1065 καὶ
1721 1038 1772 1074 τῆς
1795 1038 1841 1064 τοῦ

1050 1082 1230 1118 προσκρούειν
1245 1082 1361 1118 ὑποψίας
1377 1084 1410 1110 ὲκ
1427 1084 1510 1119 μέσου
1524 1084 1721 1119 γεγενημένης,
1738 1083 1841 1118 ἀψευδῆ

1049 1128 1077 1155 δὲ
1094 1129 1158 1156 ὄντα
1169 1129 1215 1156 τὸν
1228 1130 1366 1165 Δεσπότην
1384 1129 1471 1163 εἰδὼς,
1493 1130 1643 1166 ἀναμαθείν
1659 1130 1740 1162 ἀξιοῖ,
1759 1130 1841 1156 πότε-

1050 1183 1095 1210 ρον
1121 1177 1349 1212 συμπεπέρασται
1375 1177 1432 1208 τοῖς
1458 1177 1632 1212 ἡμαρτηκόσι
1655 1176 1690 1203 τὰ
1711 1175 1740 1209 ἐξ
1755 1176 1842 1211 ὀργῆς

1048 1221 1119 1248 κατὰ
1143 1222 1173 1248 τὸ
1197 1222 1282 1250 πάλαι
1298 1222 1394 1251 δοκοῦν
1416 1223 1456 1255 είς
1483 1223 1542 1255 ἔτος
1566 1223 1597 1250 τὸ
1618 1223 1840 1258 ἑϐδομηκοστόν·

1048 1267 1131 1302 ήγουν
1144 1266 1219 1294 ἔσται
1238 1276 1279 1299 τις
1295 1268 1378 1304 ἑτέρα
1390 1268 1471 1295 πάλιν
1482 1267 1631 1303 ἀνάϐλησις
1642 1267 1841 1303 προστεθειμὲ-

1047 1321 1100 1340 νων
1115 1313 1268 1349 ἁμαρτιῶν,
1281 1313 1328 1340 καὶ
1340 1314 1380 1345 είς
1391 1314 1479 1349 μῆκος
1491 1313 1531 1341 ἔτι
1546 1314 1581 1340 τὰ
1589 1314 1638 1349 τῆς
1651 1313 1841 1349 ταλαιπωρίας

1047 1359 1138 1391 αὐτοῖς
1154 1359 1313 1386 ἐκτείνεται.
1335 1359 1471 1395 Ταύτῃτοίι
1485 1368 1584 1396 φησιν·
1606 1360 1694 1391 «Ἕως
1718 1359 1792 1391 τινος
1808 1359 1839 1385 οὺ

1049 1405 1086 1440 μὴ
1109 1405 1207 1442 ὲλεήσῃ
1230 1406 1278 1441 τὴν
1294 1405 1472 1441 Ἰερουσαλὴμ
1499 1406 1546 1433 καὶ
1567 1406 1617 1437 τὰς
1642 1406 1691 1440 τῆς
1707 1406 1840 1436 Ἰουδαίας

1047 1452 1138 1483 πόλεις
1147 1451 1377 1489 ὑπερεωραμένας
1387 1452 1438 1487 ἤδη
1446 1452 1526 1479 τοῦτο
1536 1452 1731 1488 ὲόδομηκοστὺν
1740 1452 1799 1484 ἔτος
1808 1461 1815 1485 ;
1827 1461 1837 1477 ι

1049 1498 1052 1501 ’
1081 1496 1175 1528 Ἐλπὶς
1189 1494 1238 1523 οὖν
1256 1495 1310 1531 ἄρα
1327 1498 1383 1528 τοῖς
1400 1496 1556 1532 σεϐομένοις
1575 1497 1642 1524 Θεὸν
1655 1497 1772 1533 χρηστὴ,
1791 1498 1838 1523 καὶ

1045 1542 1095 1568 οὐκ
1114 1541 1272 1577 ἀμφίϐολος,
1295 1543 1332 1574 ὡς
1343 1544 1367 1569 εί
1384 1543 1470 1579 δήπου
1494 1544 1600 1578 γένοιτο
1618 1543 1798 1579 προσκρούειν
1810 1543 1839 1576 ἐξ

1048 1587 1200 1620 ἀσθενείας,
1214 1588 1271 1615 ἀλλ’
1287 1585 1333 1615 οὖν
1348 1588 1440 1623 έχουσι
1454 1589 1530 1625 παρὰ
1542 1589 1600 1625 Θεῷ
1611 1589 1674 1621 τοὺς
1691 1589 1839 1624 λιπαροῦνο

1047 1641 1097 1664 τας
1122 1632 1190 1668 ὑπὲρ
1212 1633 1326 1666 ἑαυτῶν,
1341 1633 1390 1660 οὐκ
1413 1633 1573 1669 ἀνθρώπους
1597 1635 1688 1667 μόνον,
1704 1634 1772 1661 ἀλλὰ
1793 1635 1838 1662 καὶ

1047 1678 1145 1710 αὐτοὺς
1167 1678 1230 1710 τοὺς
1256 1672 1516 1713 ἁγίουςὰγγέλους,
1541 1680 1565 1706 οἳ
1590 1680 1713 1715 προσηνῆ
1737 1689 1766 1706 τε
1791 1681 1838 1707 καὶ

1049 1723 1179 1759 μειλίχιον
1203 1724 1365 1751 ἀποτελοῦσι
1379 1724 1456 1757 Θεὸν,
1468 1727 1499 1760 τῇ
1520 1725 1572 1761 ἰδίᾳ
1587 1725 1754 1761 καθαρότητι
1772 1735 1838 1753 κατ-

1047 1770 1204 1802 ευνάζοντες
1220 1770 1269 1801 τὰς
1283 1770 1377 1808 ὀργὰς,
1395 1771 1443 1797 καὶ
1461 1771 1602 1803 οἱονείπως
1617 1771 1836 1804 ὲκδυσωποῦντες

1047 1812 1216 1851 ἀσχάλλοντα
1229 1816 1274 1842 τὸν
1289 1817 1396 1852 κριτήν.
1406 1816 1484 1844 Ἀλλὰ
1496 1817 1556 1844 τότε
1572 1818 1620 1852 μὲν
1634 1817 1748 1852 ἄγγελος
1766 1818 1836 1853 ὑπὲρ

1046 1861 1096 1897 τῆς
1122 1861 1176 1888 τῶν
1191 1862 1326 1889 Ἰουδαίων
1349 1864 1509 1898 συναγωγῆς
1534 1864 1651 1890 ἐποιεῖτο
1673 1864 1722 1896 τὰς
1747 1864 1835 1896 λιτάς.

1051 1907 1146 1943 Ἡμεῖς
1163 1908 1202 1941 δὲ,
1220 1909 1244 1934 οἱ
1260 1909 1482 1942 πεπιστευκότες,
1501 1910 1548 1936 καὶ
1562 1909 1724 1944 ἡγιασμένοι
1741 1909 1835 1936 λοιπὸν

1046 1955 1074 1981 ἐν
1090 1955 1233 1990 πνεύματι,
1251 1965 1260 1981 ‹
1275 1955 1454 1991 Παράκλητον
1471 1956 1568 1991 ἔχομεν
1583 1956 1651 1991 πρὸς
1666 1956 1711 1982 τὸν
1724 1956 1835 1991 Πατέρα

1051 2000 1156 2036 Ἰησοῦν
1180 2000 1306 2036 Χριστὸν,
1322 2001 1369 2027 καὶ
1393 2001 1473 2032 αὐτὸς
1490 2001 1602 2036 ἱλασμός
1620 2002 1677 2028 ἐστι
1696 2002 1760 2037 περὶ
1781 2001 1835 2028 τῶν

1046 2046 1185 2081 ἁμαρτιῶν
1203 2046 1296 2081 ἡμῶν·
1325 2047 1355 2073 οὐ
1383 2047 1447 2082 περὶ
1464 2047 1518 2073 τῶν
1540 2047 1682 2082 ἡμετέρων
1697 2048 1724 2074 δὲ
1744 2048 1834 2082 μόνον,

1045 2092 1112 2119 ἀλλὰ
1126 2092 1256 2127 περὶόλου
1265 2092 1311 2118 τοῦ
1323 2093 1435 2128 κόσμου.
1449 2103 1458 2118 ι
1470 2093 1524 2120 Καὶ
1533 2093 1570 2125 ὡς
1585 2094 1599 2119 ὁ
1612 2093 1754 2125 θεσπέσιος
1765 2094 1834 2129 γρά-

1045 2146 1090 2171 φει
1115 2137 1238 2169 Παῦλος,
1267 2146 1276 2162 ι
1291 2137 1377 2164 Αὑτὸν
1405 2138 1558 2173 ἱλαστήριον
1575 2139 1588 2165 ὀ
1612 2138 1678 2170 Θεὸς
1701 2138 1778 2165 ἔθετο
1791 2139 1834 2166 διὰ

1045 2184 1171 2216 πίστεως,
1191 2192 1201 2209 ›
1213 2183 1354 2219 ἁμαρτιῶν
1376 2184 1581 2211 ἁπαλλάττοντα
1594 2184 1656 2216 τοὺς
1671 2185 1833 2220 προσιόντας

1044 2238 1128 2256 αυτω.

242 2270 323 2300 Vsus.
337 2271 429 2298 15-15.
446 2270 479 2297 Et
510 2271 644 2306 respondit
664 2271 791 2298 Dominus
829 2271 990 2306 omnipotens

1079 2275 1134 2303 Kal
1154 2276 1298 2310 ἀπεκρίθη
1313 2275 1421 2309 Κύριος
1438 2275 1648 2309 παντοκράτωρ
1663 2275 1702 2309 τῷ
1716 2276 1834 2310 ἀγγέλῳ

205 2319 297 2353 angelo
312 2318 356 2352 qui
373 2317 528 2352 loquebatur
544 2317 572 2344 in
588 2325 638 2349 me,
656 2316 734 2344 verba
756 2317 834 2348 bona,
850 2321 874 2343 et
893 2324 993 2344 seruta-

205 2372 249 2390 nes
274 2363 472 2390 consolatorios.
498 2361 531 2389 Et
554 2363 620 2389 dixit
643 2363 678 2390 ad
703 2370 743 2390 me
766 2363 873 2398 angelus
891 2363 935 2398 qui
954 2363 992 2389 lo-

204 2410 331 2445 quebatur
344 2409 371 2436 in
385 2416 425 2435 me
439 2407 561 2440 :Cloma,
574 2409 680 2435 dicens:
694 2408 758 2435 Hmc
777 2408 840 2434 dicit
866 2408 991 2435 Dominus

205 2456 365 2489 omnipotens
381 2461 390 2481 :
408 2454 497 2482 Ζειαυὶ
520 2454 678 2488 Jerusalem,
695 2460 718 2481 et
735 2454 798 2482 Sion
817 2454 872 2481 zelo
886 2462 990 2489 magno,

204 2506 227 2527 et
246 2502 285 2528 ira
299 2498 394 2536 magna
406 2509 453 2536 ego
463 2501 563 2527 irascor
576 2509 654 2535 super
667 2505 753 2536 gentes
766 2501 991 2535 superimpositas.

207 2546 258 2572 l’ro
276 2554 305 2573 eo
316 2547 386 2581 quod
406 2554 452 2581 ego
479 2547 581 2581 quidem
605 2547 689 2573 iratus
708 2555 766 2574 sum
786 2548 925 2579 modicum,
942 2547 992 2582 ipsi

204 2600 263 2619 vero
288 2592 370 2619 simul
396 2592 567 2620 incubueruut
589 2592 617 2619 in
644 2593 725 2620 mula.

240 2688 296 2715 ΠΙ.
317 2688 387 2716 Vere
397 2687 520 2721 dicimus,
537 2688 612 2723 juxta
625 2695 720 2715 vocem
743 2687 896 2718 Psallentis,
913 2696 922 2712 ι
943 2686 990 2713 Mi.

204 2735 321 2762 sericors
335 2739 362 2762 et
377 2736 522 2761 miserator
550 2734 679 2761 Dominus
695 2734 717 2749 “
731 2743 740 2759 ι
756 2737 785 2760 οι
816 2733 873 2767 ipsa
900 2739 989 2759 rerum

203 2781 365 2816 experientia
385 2781 484 2808 clamat
501 2781 537 2808 ita
551 2787 580 2808 se
597 2781 706 2811 habere,
716 2787 767 2806 non
786 2779 873 2806 aliter.
888 2778 988 2806 Obser-

204 2835 234 2854 va
251 2827 321 2854 enim
339 2827 472 2862 quomodo
482 2826 616 2860 extemplo
627 2825 751 2853 exaudiat
765 2833 857 2859 preces
877 2833 926 2860 pro
943 2832 988 2852 ve-

1041 2321 1082 2354 τῷ
1101 2321 1247 2349 λαλοῦντι
1269 2322 1304 2349 ἐν
1324 2321 1398 2356 ἐμοὶ,
1410 2321 1530 2355 ῥήματα
1545 2321 1632 2354 καλὰ,
1648 2321 1697 2348 καὶ
1719 2322 1833 2356 λόγους

1042 2367 1293 2400 παραχλητικούς.
1310 2366 1365 2393 Καὶ
1388 2366 1454 2392 εἷπε
1478 2365 1552 2400 πρός
1571 2374 1610 2400 με
1635 2367 1652 2392 ό
1675 2365 1802 2400 ἄγγελος
1817 2367 1834 2393 ό

1041 2411 1143 2438 λαλῶν
1162 2411 1197 2438 ἐν·
1217 2411 1298 2446 ἐμοι·
1325 2410 1483 2445 Ἀνιίκραγε
1503 2411 1618 2445 λέγων’
1649 2411 1721 2438 Τάδε
1751 2412 1833 2446 λέγει

1041 2458 1148 2491 Κύριος
1166 2456 1393 2490 παντοκράτωρο
1426 2456 1571 2489 Ἐζῖᾧλωκα
1593 2456 1650 2490 τὴν
1679 2456 1831 2491 Ἰερουσα-

1040 2505 1112 2537 λὴμ,
1120 2503 1168 2529 καὶ
1180 2502 1319 2536 τὴν-Σιὼν
1331 2502 1423 2536 ζῆλον
1426 2502 1531 2537 μέγαν,
1540 2502 1587 2529 καὶ
1596 2503 1833 2538 ὀργὴν-μεγάλην

1041 2547 1188 2582 ὀργίζομαι
1211 2548 1261 2574 ἐπὶ
1285 2548 1321 2575 τὰ
1341 2548 1413 2582 ἔθνη
1430 2548 1467 2575 τὰ
1482 2549 1832 2583 συνεπιτιθέμενα.“Ανθ’

1040 2591 1083 2620 ὧν
1107 2593 1164 2628 ἐγὼ
1188 2594 1246 2628 μὲν
1268 2594 1417 2629 ὠργίσθην
1442 2594 1539 2629 ὀλίγα,
1555 2594 1639 2621 αὐτοὶ
1662 2594 1696 2621 δὲ
1715 2602 1832 2622 συνεπ-

1040 2639 1142 2666 έθεντο
1161 2641 1204 2672 είς
1221 2639 1309 2666 κακά.

1075 2685 1111 2712 Ζ’.
1133 2685 1245 2720 Ἀληθὲς
1271 2686 1369 2716 εἰπεῖν,
1386 2685 1426 2711 ὅτι
1452 2686 1522 2712 κατὰ
1539 2685 1589 2721 τήν
1612 2685 1659 2712 τοῦ
1677 2686 1831 2718 Ψάλλοντος

1040 2731 1141 2766 φωνὴν,
1161 2741 1169 2756 ι
1185 2731 1341 2766 Οίκτίρμων
1355 2731 1402 2758 καὶ
1426 2731 1549 2766 ἐλεήμων
1571 2733 1585 2758 ὁ
1612 2731 1725 2766 Κύριος,
1744 2741 1753 2758 υ
1784 2733 1832 2759 καὶ

1039 2778 1107 2812 αὑτὴ
1125 2778 1154 2804 δὲ
1170 2778 1224 2804 τῶν
1244 2777 1414 2813 πραγμάτων
1427 2779 1444 2813 ἡ
1459 2780 1540 2813 πεῖρα
1554 2778 1722 2813 διαόοήσειεν
1736 2779 1780 2809 ἂν.
1793 2779 1830 2810 ὡς

1038 2820 1088 2849 ὧδέ
1106 2832 1133 2850 τε
1160 2823 1227 2859 ἔχει,
1242 2824 1289 2850 καὶ
1307 2823 1354 2858 οὐχ
1374 2823 1584 2859 ἐτέρως.”Αθρει
1601 2824 1654 2859 γὰρ
1667 2824 1740 2856 ὅπως
1754 2825 1829 2860 δέχε-

241 2917 262 2933 "
281 2916 347 2945 Luc.
363 2924 422 2949 xui,
439 2917 463 2944 6.
504 2916 525 2932 ¹⁸
545 2915 608 2943 ibid.
625 2914 680 2941 7-9.
721 2914 741 2929 ¹⁵
758 2912 856 2941 lJoan.
875 2921 903 2946 ιι,
925 2913 947 2946 t,
962 2913 995 2941 ‘2.
1028 2914 1051 2930 ’°
1066 2913 1145 2941 Rom.
1161 2921 1200 2947 ιιι,
1213 2913 1258 2940 ‘25.
1297 2914 1317 2930 “
1335 2913 1406 2942 Psal.
1421 2921 1469 2946 cu,
1483 2913 1508 2940 8.
