1910 3050
47 195 81 226 95
461 200 738 232 COMMENTARIUS
761 204 795 232 IN
816 205 1018 234 ZACHABIAM
1040 206 1259 236 PROPHETAM.
1645 212 1679 239 26

46 265 90 283 ται
108 256 284 292 παραχρῆμα
299 257 349 290 τὰς
365 258 441 302 λιτάς
455 259 504 291 τὰς
521 260 592 296 ὑπέρ
613 269 645 295 γε
664 261 718 289 τῶν
738 271 842 299 πεπρα-

899 265 964 292 tatis
989 269 1017 292 et
1033 265 1156 293 contritis
1173 266 1200 292 in
1221 266 1361 301 peregrino
1374 267 1442 300 solo,
1460 271 1487 294 et
1516 267 1679 302 captivitatis

47 303 132 337 χότων
148 302 260 335 ἀθλίως,
280 304 327 330 καὶ
342 300 579 340 συντετριμμένων
590 307 619 334 έν
634 307 780 344 ἀλλοδαπῇ,
793 310 839 336 καὶ

47 347 92 373 τὸν
115 346 165 381 τῆς
189 347 381 382 αἰχμαλωσίας
401 350 576 377 ἀπαλλάττων
602 351 693 386 ζυγὸν,
711 353 790 388 μόνον
811 354 840 380 δὲ

46 391 106 426 οὐχὶ
127 392 176 418 τοῦ
202 394 428 428 παρακαλοῦντος
450 395 544 430 φθάνει
572 396 622 432 τὴν
643 397 765 433 αἴτησιν,
793 400 840 426 καὶ

47 437 228 474 ἀποκρίνεται
245 441 417 476 παραχρῆμα
435 450 445 466 ι
461 442 568 477 ῥήματα
584 443 662 476 καλὰ,
680 445 727 470 καὶ
745 445 840 477 λόγους

48 484 276 519 παρακλητικούς
286 494 292 501 ·
310 495 319 511 ι
333 487 556 522 παρακλητικοὺς
572 489 600 515 δέ
612 498 684 524 φημι
699 491 763 522 τοὺς
777 491 842 518 ἀνα-

48 530 202 564 κτήσασθαὶ
216 539 245 558 τε
263 532 310 558 καὶ
328 533 516 567 παρακαλέσαι
531 534 695 570 δυναμένους
712 537 775 568 τοὺς
791 546 841 563 πε-

49 577 213 611 πονηκότας.
237 578 307 612 Παρ’
319 578 379 605 ὅλον
400 579 453 615 γὰρ
476 580 525 614 τῆς
547 581 735 615 αἰχμαλωσίας
751 582 841 610 αὐτῶν

48 621 94 647 τδν
110 622 208 659 καιρὸν
225 623 256 649 οὐ
270 624 346 659 ῥῆμα
361 625 430 660 τάχα
447 634 498 652 που
513 627 631 662 χρηστὸν
645 627 773 663 εἰρηκὼς,
793 629 842 664 οὐχ

49 668 144 704 ἑτέρου
159 670 233 702 τινὸς
248 669 304 696 τῶν
316 671 486 706 παρακαλεῖν
501 672 634 699 εἰωθότων
656 673 776 705 ἀξιώσας
792 675 842 700 αὺ-

48 714 128 746 τοὺς,
139 715 255 750 ἄρχεται
272 718 463 752 χρηστοεπετν,
479 719 525 745 καὶ
548 719 597 754 τῆς
615 719 658 745 ἐπ’
671 720 762 751 αὐτοῖς
775 721 843 755 ἡμε-

52 760 166 795 ρότητος
176 761 377 789 καταϐάλλεται
389 763 439 799 τὴν
454 764 551 799 ἀρχήν.
562 764 607 791 Ἐκ
622 765 799 800 περιχαρείας
810 764 842 801 δὴ

50 803 97 832 οὖν
121 806 172 840 τῆς
197 807 267 841 ἄγαν
293 808 307 834 ό
332 808 478 841 θεσπέσιος
498 810 612 844 ἄγγελος
633 810 843 847 διακεκραγέναι

50 850 145 877 λοιπὸν.
166 851 207 885 τῷ
229 852 355 888 προφήτῃ
374 854 554 889 προστέταχε,
571 855 619 882 καὶ
644 856 776 884 διακονεῖν
803 856 843 888 εἰς

52 896 176 929 ἅπαντας
193 898 228 924 τὰ
245 899 319 934 παρὰ
334 899 411 934 Θεοῦ.
432 910 440 927 ι
453 901 632 936 Ἐζηλωκέναι
645 902 699 938 γάρ
715 911 781 938 φησι
794 902 842 938 τὴν

889 310 983 345 jugum
1000 310 1135 344 auferens,
1147 315 1174 338 et
1192 312 1310 345 rogantis
1325 313 1480 346 petitionem
1504 313 1590 341 ferme
1609 322 1679 348 prat-

892 356 1012 387 veniens.
1026 361 1052 383 et
1068 364 1127 383 mox
1142 357 1307 391 respondens
1326 367 1335 382 ι
1348 358 1428 385 verba
1443 359 1522 391 bona,
1535 364 1558 386 et
1576 367 1679 387 sermo-

893 407 940 427 nes
960 400 1192 427 consolatoriosn
1211 401 1420 435 consolatorios,
1440 403 1558 437 inquam,
1573 405 1617 439 qui
1636 413 1679 432 re-

892 452 984 472 creare
1008 451 1034 473 et
1051 446 1216 480 permulcere
1230 446 1342 474 afﬂictos
1360 454 1480 482 possent.
1503 449 1569 476 Toto
1594 451 1680 484 siqui-

891 491 950 518 dem
962 491 1043 526 662
1056 496 1176 526 tempore
1201 493 1375 528 captivitatis,
1394 502 1453 521 cum
1472 495 1593 522 fortassis
1606 496 1679 522 nullo

891 543 937 564 eos
953 536 1005 564 leni
1024 537 1104 565 verbo
1115 537 1224 571 allatus,
1246 547 1296 566 nec
1314 539 1366 567 alio
1390 540 1515 575 quopiam
1528 541 1598 575 quod
1611 542 1682 568 sola-

893 582 929 609 tio
941 589 1001 610 esse
1017 588 1117 618 posset,
1134 585 1257 619 dignatus
1271 581 1378 619 fuisset,
1394 585 1488 620 incipit
1502 586 1597 614 blande
1608 586 1680 622 loqui

890 635 917 657 et
932 631 1145 658 mansuetudinis
1162 639 1216 659 sua
1231 632 1256 659 in
1279 633 1350 667 ipsos
1367 633 1528 668 principium
1553 635 1680 668 capessit.

891 675 928 701 ἐκ
945 675 1044 710 ingenti
1061 676 1143 711 igitur
1159 676 1250 704 laetitia
1267 677 1374 705 divinus
1391 678 1503 713 angelus
1527 679 1681 706 exclamare

891 721 1028 755 prophetae
1041 721 1235 755 dehincjubct,
1246 727 1273 749 et
1284 731 1297 749 ιι
1315 723 1370 751 Deo
1390 723 1462 752 dicta
1478 725 1679 752 communicare

892 774 953 794 cum
969 767 1104 795 omnibus.
1121 767 1210 803 lnquit
1224 768 1315 795 enim:
1333 779 1342 795 ι
1362 768 1469 797 Zelatus
1492 777 1550 797 sum
1567 768 1679 796 Jerusa-

892 812 944 839 lem
956 812 1013 840 zelo
1028 820 1136 848 magno,
1149 823 1159 840 ι
1189 822 1242 841 ηοη
1259 815 1285 841 in
1305 814 1390 850 ipsam
1411 815 1496 842 zelum
1530 813 1680 847 effundens,

893 859 1025 893 quomodo
1040 863 1067 887 et
1077 865 1166 892 antea,
1194 868 1254 887 cum
1279 861 1306 888 in
1339 861 1484 896 religiones
1512 866 1680 889 monstrosas

894 906 1067 933 transversim
1083 906 1258 937 abiisset,sed
1272 914 1319 941 pro
1334 907 1390 941 ipsa
1407 908 1432 934 iu
1448 911 1606 938 vastatores,
1618 907 1680 942 qui-

58 943 242 980 Ἰερουσαλὴμ
255 944 336 980 ζῆλον
355 945 451 981 μέγαν,
468 956 477 973 ι
495 947 544 974 οὐκ
557 947 625 984 αὐτῇ
642 947 687 974 τὸν
703 948 783 983 ζῆλον
799 949 843 974 ὲν-

899 953 944 979 bus
958 955 985 978 et
995 959 1027 979 se
1041 952 1139 979 iratum
1159 952 1205 984 ait,
1221 959 1274 979 non
1286 957 1314 979 ut
1327 952 1442 987 simplici
1466 956 1494 980 ct
1508 951 1679 979 circumscri-

53 989 116 1020 ιεὶς,
135 989 263 1025 καθάπερ
278 991 326 1018 καὶ
340 991 434 1026 πρώην
450 993 674 1029 παρενηνεγμένῃ
687 994 755 1029 πρὸς
767 994 846 1021 ἀλλο-

53 1034 151 1066 κότους
165 1035 304 1071 λατρείας,
317 1037 374 1063 ἀλλ’
384 1037 455 1073 ὑπὲρ
468 1039 553 1074 αὐτῆς
564 1040 619 1070 τοῖς
631 1039 842 1075 πεπορθηκόσιν,

53 1076 92 1111 οἷς
109 1081 157 1107 καὶ
169 1081 303 1116 ὠργίσθαι
323 1083 419 1118 φησὶν,
435 1083 483 1118 οὐχ
500 1084 538 1115 ὼς
554 1086 584 1111 ὲν
601 1085 673 1121 ἁπλῇ
692 1086 739 1112 καὶ
762 1094 846 1121 μεμε-

53 1125 178 1161 τρημένῃ
201 1127 306 1162 κινήσει
330 1127 420 1162 τυχὸν,
443 1128 500 1155 ἀλλ’
515 1128 553 1161 ὡς
569 1129 598 1156 ἐν
613 1130 724 1165 ἀκράτῳ
747 1138 777 1156 τε
798 1130 845 1157 καὶ

53 1170 162 1206 ἀσχέτῳ
185 1171 273 1206 θυμῷ.
283 1171 353 1206 Ἐγὼ
370 1173 418 1208 μὲν
433 1173 498 1209 γὰρ,
515 1175 608 1210 φησιν,
623 1175 763 1202 ἐπαίδευον
781 1175 845 1207 τοὺς

54 1216 153 1251 ἐμοὺς,
167 1217 214 1243 καὶ
236 1217 312 1245 οὐδὲν
327 1218 425 1251 αὐτοὺς
439 1219 510 1254 πέρα
535 1220 634 1256 μέτρου
652 1221 767 1256 πάσχειν
783 1220 845 1257 ἤθε-

53 1260 108 1287 λον.
128 1262 212 1289 Δὺτοί
227 1263 255 1289 δὲ
269 1263 320 1298 τῆς
339 1263 406 1296 ἰδίας
429 1265 541 1300 γνώμης
561 1266 611 1301 τὴν
627 1266 776 1302 ἀγριότητα
790 1267 845 1293 δει-

54 1307 108 1339 νῶς
125 1316 153 1335 τε
167 1309 215 1335 καὶ
228 1310 360 1344 ἀχαλίνως
375 1310 488 1345 ἐπῆγον,
503 1311 636 1347 παρέντες
651 1313 726 1339 οὐδὲν
739 1312 794 1339 τῶν
807 1313 846 1344 εἰς

53 1353 186 1390 ὡμότητα
199 1355 246 1382 καὶ
264 1357 474 1392 ἀπανθρωπίαν.
495 1357 589 1390 Τοῦτο,
609 1356 702 1393 οἶμαι,
720 1358 779 1385 ἐστὶ
795 1358 825 1385 τὸ
836 1378 844 1391 ,

58 1409 66 1425 ι
78 1399 152 1434 Ἐγὼ
167 1401 217 1436 μὲν
230 1401 370 1437 ὠργίσθην
381 1402 458 1437 ὀλίγα
468 1412 474 1418 ·
491 1403 566 1430 αὐτοὶ
581 1403 609 1430 δὲ
620 1403 796 1431 συνεπέθεντο
806 1404 847 1436 εἰς

56 1446 139 1473 κακά.
158 1456 174 1472 ι
185 1447 314 1474 Παιδεύει
327 1449 375 1483 μὲν
389 1449 439 1485 γὰρ
455 1449 484 1482 ἐξ
501 1449 612 1485 ἀγάπης
622 1449 814 1485 ἡμαρτηκότας
832 1450 846 1476 ό

55 1491 110 1518 τῶν
129 1492 199 1520 ὖλων
221 1493 298 1527 Θεὸς,
315 1495 362 1521 καὶ
377 1496 550 1530 συμμέτρους
565 1495 629 1530 ἡμῖν
645 1496 783 1531 ἐπιφέρων
802 1497 841 1523 αἰ»

56 1537 130 1571 κίας,
146 1538 162 1574 ἢ
179 1538 284 1572 πόνους,
304 1540 448 1575 μετασοὸεἰ
462 1540 530 1576 ego;
542 1541 573 1567 τὸ
593 1540 712 1576 ἄμεινον.
730 1542 760 1567 Οἱ
772 1541 801 1567 δὲ
814 1541 846 1577 δὴ

57 1584 126 1618 πρὸς
153 1584 233 1611 τοῦτο
258 1587 487 1622 παρειλημμένοι,
506 1587 698 1623 θηριοπρεπῶς
729 1586 846 1623 ἐπιθρώ-

895 1001 940 1031 pta
955 997 1133 1024 commotione
1147 997 1273 1030 fortasse,
1283 997 1329 1024 sed
1350 1001 1381 1024 ut
1389 1004 1494 1024 summo
1506 1001 1533 1024 et
1546 996 1676 1030 implaca»

895 1041 941 1069 bili
955 1041 1055 1070 furore.
1075 1041 1130 1077 Ego
1146 1043 1228 1075 enim,
1246 1043 1342 1077 inquit,
1357 1041 1533 1077 corripiebam
1551 1049 1635 1074 meos,
1652 1046 1680 1068 et

895 1087 962 1114 nihil
989 1087 1196 1115 immoderatum
1211 1088 1270 1116 illos
1285 1088 1388 1123 perpeti
1419 1087 1550 1116 volebam.
1568 1088 1602 1114 At
1627 1087 1678 1122 ipsi

895 1140 942 1168 pro
954 1141 1002 1161 sua
1020 1133 1128 1161 libidine
1144 1133 1298 1161 horribilem
1327 1138 1353 1160 et
1366 1133 1523 1160 indomitam
1550 1132 1679 1160 saevitiam

895 1179 1087 1212 adhibuerunt,
1103 1180 1168 1208 nihil
1183 1181 1215 1207 ad
1229 1179 1413 1207 crudelitatem
1430 1178 1682 1212 humanitatemque

894 1224 1198 1260 prtetermittenteltoc,
1209 1225 1314 1259 opinor,
1327 1229 1367 1252 est
1381 1224 1450 1258 quod
1460 1224 1497 1250 ait
1511 1231 1518 1250 :
1531 1233 1545 1249 «ε
1552 1223 1606 1258 Ego
1619 1222 1683 1257 qui-

895 1270 955 1297 dem
970 1269 1055 1297 iratus
1069 1277 1127 1296 sutn
1149 1269 1253 1296 modice
1269 1277 1277 1301 ;
1297 1269 1347 1303 ipsi
1361 1276 1425 1296 vero
1435 1267 1514 1295 simul
1547 1267 1682 1294 incubue-

897 1308 1000 1342 runtin
1018 1314 1098 1342 mala.
1115 1323 1125 1340 )
1146 1314 1261 1348 Corripit
1272 1314 1343 1341 enim
1358 1317 1513 1348 peccatores
1539 1312 1682 1339 universo-

897 1368 955 1387 rum
971 1360 1040 1387 Deus
1059 1367 1092 1387 ex
1105 1360 1248 1392 charitate,
1263 1358 1428 1393 modicisque
1443 1358 1590 1393 plagis,ant
1605 1357 1682 1384 dolo-

897 1407 971 1434 ribus
997 1406 1087 1438 illatis,
1106 1405 1139 1433 ad
1171 1405 1282 1433 consilia
1320 1405 1427 1432 saniora
1453 1403 1599 1438 compellit.
1632 1402 1687 1435 Qui

897 1457 984 1479 autem
999 1452 1031 1479 ad
1042 1452 1092 1479 hoc
1106 1458 1155 1486 pro
1184 1451 1313 1478 ministris
1340 1451 1518 1481 asciscuutur,
1540 1449 1685 1483 aliquando

897 1505 944 1525 cett
961 1497 1054 1524 bellum
1065 1497 1093 1524 iu
1107 1503 1154 1524 eos
1167 1496 1216 1531 qui
1226 1495 1408 1530 corripiuntur
1422 1495 1570 1522 incursant.
1585 1493 1685 1521 Verum

897 1543 1024 1570 irascitur
1038 1542 1090 1570 illis
1103 1542 1173 1570 Deus
1187 1542 1226 1569 ira
1247 1549 1353 1576 magna.
1368 1541 1432 1567 Nam
1460 1540 1503 1567 ille
1524 1543 1560 1566 ¹ιιι
1586 1546 1687 1574 parens

898 1587 1054 1614 verberibus
1066 1586 1203 1621 corrigere
1219 1585 1342 1613 volebat:
1359 1585 1396 1613 illi
1414 1591 1478 1612 vero
1490 1583 1619 1611 effrenato
1632 1583 1688 1609 int—

58 1638 153 1657 σκουσι
177 1632 234 1663 τοῖς
258 1632 462 1668 παιδευομένοις
486 1633 542 1660 ἔσθ’
553 1634 608 1661 ὅτε.
617 1633 688 1660 Ἀλλ’
708 1633 847 1668 ὀργίζεται

899 1638 961 1668 petu
977 1632 1004 1660 in
1017 1632 1129 1660 afflictos
1147 1632 1296 1659 irruebant.

58 1677 124 1709 θεοὺς
137 1678 182 1704 ἐπ’
192 1679 283 1711 αὐτοῖς
296 1680 379 1716 ὀργὴν
395 1681 564 1717 μεγάλην.’0
577 1681 626 1717 μὲν
636 1681 690 1717 γὰρ
705 1681 742 1712 ὡς
775 1681 867 1716 πατὴρ
902 1679 1068 1716 ἐπανορθοῦν
1081 1681 1142 1711 ταῖς
1157 1679 1259 1711 αἰκίαις
1278 1677 1388 1714 ἧϐελενυ
1403 1678 1428 1704 οἱ
1449 1677 1478 1704 δὲ
1494 1676 1618 1711 ἀσχέτοις
1640 1675 1686 1708 ὀρθ

61 1725 124 1758 μαῖς
139 1725 197 1756 τοῖς
211 1724 361 1761 κάμνουσιν
372 1727 547 1762 ἐπεφέροντο.

95 1806 182 1833 Τοῦτο
205 1807 344 1843 παθούσης
369 1809 606 1845 τῆςἙκκλησίας,
631 1810 799 1846 ἠγνοήκασιν
825 1811 849 1836 οἱ

61 1850 274 1888 διώκοντες-ὃτι
293 1854 343 1889 τῆς
358 1855 399 1886 εἰς
415 1855 499 1891 αὐτὴν
516 1856 676 1892 ἀγριότητος
689 1857 853 1884 ἀποτίσουσιι

61 1896 167 1931 λόγους,
182 1899 230 1925 καὶ
248 1899 349 1935 πικρὰς
364 1900 587 1937 ἐξαιτηθήσονται
607 1903 691 1937 δίκας.
706 1902 782 1938 παρὰ
802 1902 848 1929 τοῦ

63 1943 233 1978 προεστῶτος
244 1944 324 1973 Θεοῦ.

95 2012 147 2039 Διὰ
158 2012 247 2040 τοῦτο
269 2013 339 2041 τάδε
357 2013 438 2049 λέγει
453 2016 560 2050 Κύριος
572 2025 579 2031 ·
600 2017 785 2052 Ἐπιστρέψω
799 2018 848 2045 ἐπὶ

68 2055 311 2094 Ἰερουσαλὴμᾎν
320 2060 466 2096 οἰκτιρμῷ,
478 2062 527 2089 καὶ
541 2064 558 2089 ὁ
570 2060 652 2096 οἶκός
662 2072 720 2098 μου
733 2064 850 2091 ἀνοικο-

64 2103 265 2138 δομηθήσεται
288 2105 324 2132 ἐν
345 2106 431 2141 αὐτῇ,
445 2107 526 2142 λέγει
553 2109 659 2142 Κύριος
681 2110 848 2144 παντοκρά-

62 2157 126 2184 τωρ,
138 2150 188 2177 καὶ
197 2151 309 2185 μέτρον
320 2152 513 2186 ἑκταθήσεται
526 2153 575 2180 ἐπί
590 2155 783 2191 Ἰερουσαλὴμ
796 2155 849 2183 ἐτι.

97 2227 137 2253 H’.
157 2227 281 2262 Δέδειχεν
299 2228 339 2254 ὅτι
352 2228 474 2256 παθοῦσα
484 2229 533 2265 τὴν
545 2230 720 2267 ἀποστροφὴν
734 2232 780 2259 τοῦ
791 2232 850 2259 δια-

63 2273 156 2306 σώζειν
176 2273 326 2308 ἰσχύοντος,
339 2274 494 2310 ἀθλιότητος
507 2285 536 2302 τε
552 2277 599 2304 καὶ
613 2277 798 2313 ταλαιπωρίας
811 2280 852 2311 εἰς

61 2319 137 2345 τοῦτο
156 2318 335 2351 κατώλισίιεν,
352 2319 428 2348 ἔσται
447 2321 476 2347 δὲ
494 2321 574 2349 πάλιν
593 2323 707 2355 ἀκονιτὶ,
728 2324 775 2351 καὶ
791 2324 851 2352 λίαν

61 2363 179 2395 εὐκόλως
195 2364 228 2389 ὲν
235 2361 275 2395 οἷς
286 2361 320 2400 ἦν
333 2364 427 2397 πάλαι,
438 2366 631 2400 μετατεθέντος
643 2368 682 2398 εἰς
695 2368 851 2403 ἡμερότητα

937 1805 982 1833 Sic
1000 1808 1113 1832 tractata
1134 1803 1264 1836 Ecclesia,
1281 1803 1440 1839 ignorabant
1452 1806 1637 1837 persecutores
1656 1809 1689 1843 se.

900 1850 1017 1878 feritatis
1038 1850 1064 1876 in
1078 1849 1148 1876 illam
1164 1856 1219 1876 suae
1243 1848 1375 1875 rationem
1396 1847 1564 1880 reddituros,
1577 1850 1605 1873 et
1633 1846 1691 1872 Deo

900 1895 957 1930 ejus
973 1895 1079 1931 praesidi
1096 1903 1178 1930 grave
1190 1894 1350 1930 supplicium
1362 1893 1507 1921 soluturos.

936 2007 1017 2035 Vsus.
1030 2007 1073 2035 16.
1097 2006 1240 2042 Propterea
1253 2007 1308 2033 hac
1325 2005 1386 2032 dicit
1407 2004 1534 2032 Dominus
1547 2012 1557 2031 :
1573 2003 1685 2031 Conver—

901 2061 942 2083 tar
967 2055 1001 2082 ad
1024 2053 1171 2081 Jerusalem
1203 2052 1442 2084 iu'misericordia,
1465 2055 1490 2077 et
1510 2051 1602 2076 damus
1629 2057 1687 2075 mea

900 2100 1090 2129 iustuurabitur
1110 2099 1138 2126 in
1162 2106 1203 2131 ea,
1221 2099 1284 2125 dicit
1316 2097 1442 2124 Dominus
1465 2096 1636 2129 omnipotens,
1663 2097 1687 2120 et

902 2155 1024 2175 mensura
1047 2146 1201 2174 extendetur
1224 2152 1309 2179 super
1322 2142 1469 2171 Jerusalem
1495 2142 1590 2168 adhuc.

939 2227 1008 2255 VIII.
1030 2225 1156 2255 Ostendit
1172 2224 1300 2260 quoniam
1323 2230 1353 2250 se
1369 2222 1497 2250 averterit
1512 2221 1545 2248 ah
1559 2228 1592 2248 eo
1607 2227 1691 2255 peut‘s

902 2282 981 2310 quem
996 2278 1036 2301 est
1046 2273 1138 2306 salus,
1151 2272 1177 2299 in
1195 2275 1296 2298 tantam
1325 2269 1461 2296 miseriam
1493 2271 1520 2294 et
1540 2273 1689 2305 aerumnam

902 2319 1048 2348 incidisse:
1075 2325 1180 2345 rursum
1199 2320 1287 2343 tamen
1315 2315 1383 2342 citra
1405 2314 1535 2344 laborem,
1559 2312 1690 2344 valdeque

903 2366 980 2394 facile
996 2366 1021 2393 in
1037 2365 1113 2392 bonis
1129 2363 1250 2399 pristinis
1269 2362 1398 2392 futuram,
1419 2360 1464 2387 tibi
1482 2363 1641 2393 provocatus
1656 2357 1688 2382 ad

60 2410 105 2436 τοῦ
120 2410 448 2446 παρωργισμένουβῆλον
460 2411 487 2437 δὲ
497 2412 538 2438 ὅτι
551 2412 597 2438 τοῦ
612 2413 700 2440 πάντα
713 2413 854 2448 ἰσχύοντος·
867 2415 888 2442 ι)
903 2411 970 2438 iram
987 2409 1122 2437 emollitus
1151 2407 1233 2436 fuerit
1257 2408 1427 2442 omnipotens
1453 2405 1522 2432 Deus
1544 2403 1647 2437 utique:
1663 2407 1690 2429 (⁵⁸

61 2456 137 2488 Θεοῦ,
155 2456 236 2492 μόνον
255 2456 284 2482 δὲ
307 2456 368 2491 οὐχὶ
391 2457 438 2484 καὶ
458 2457 667 2490 ὑπονοστώντος
691 2460 732 2490 εἰς
756 2460 849 2495 αὐτὴν,

60 2502 103 2529 διὰ
112 2510 154 2528 τοι
177 2501 226 2529 τοῦ
251 2502 332 2529 πάλιν
345 2503 458 2536 ἀξιῶσαι
473 2503 590 2538 φειδοῦς,
605 2504 653 2530 καὶ
665 2505 786 2540 ἀγάπης,
805 2506 851 2531 καὶ

62 2547 260 2582 ἀμνησικάκως
285 2548 387 2575 ἀνεῖναι
412 2548 447 2575 τὰ
472 2548 643 2584 ἐγκλήματα.
667 2550 851 2585 ’Υπιοχνεῖται

62 2593 113 2629 γὰρ
130 2593 238 2621 καὶτὸν
251 2591 326 2620 οἷκον
340 2594 466 2630 ἐγείρειν,
483 2597 529 2622 καὶ
551 2595 758 2631 εὐμηκεστάτην
782 2597 850 2623 ἀπο-

63 2640 165 2674 φαίνειν
177 2640 229 2675 τὴν
252 2639 440 2675 Ἰερουσαλήμ.
456 2640 685 2677 Ἐμπέπρηστοιν]
704 2642 752 2676 μὲν
771 2642 824 2678 γὰρ
838 2643 852 2669 ὀ

63 2685 132 2717 ναὸς,
147 2685 307 2721 καθῄρηντο
322 2685 351 2712 δὲ
368 2686 414 2712 καὶ
432 2686 501 2713 αὐτὰ
518 2687 552 2714 τά
571 2687 621 2721 τῆς
639 2687 743 2719 πόλεως
763 2689 851 2723 τείχη,

63 2731 98 2763 ὡς
121 2731 217 2765 ὀλίγην
244 2731 293 2757 καὶ
319 2731 534 2768 συνεσταλμένην
556 2733 670 2768 ὁρᾶσθαι
703 2734 852 2766 παντελῶς,

65 2777 107 2804 καὶ
134 2777 340 2813 εὐαριθμήτους
361 2777 431 2811 ἔχειν
454 2778 517 2810 τοὺς
540 2779 694 2814 οἰκήτορας.
721 2779 790 2806 Ἀλλ’
815 2780 853 2812 ὼς

65 2822 128 2858 ἔστιν
138 2823 255 2859 ἀρτίως,
272 2823 447 2858 ἀνακομίζειν
468 2824 553 2859 αὐτὴν
575 2824 771 2858 ἐπαγγέλλεται
785 2826 853 2860 πρὸς

64 2868 91 2893 τὸ
105 2869 132 2894 ἐν
151 2869 262 2904 ἀρχαῖς,
283 2868 298 2894 ὅ
316 2868 348 2903 δὴ
366 2868 413 2895 καὶ
426 2869 697 2905 τετέλεσται,,Κύρου
717 2870 765 2905 μὲν
780 2870 852 2897 ἀνένο

65 2921 105 2946 τος
122 2914 171 2950 τῆς
194 2913 397 2950 αἰχμαλωσίας,
429 2914 540 2948 Δαρείου
569 2923 598 2947 γε
627 2914 679 2949 μὴν
704 2915 748 2942 καὶ
773 2915 852 2942 αὐτὸν

904 2458 980 2492 quasi
996 2457 1028 2484 ad
1049 2456 1186 2483 lenitatem
1204 2454 1322 2486 redierit,
1341 2459 1447 2480 rursum
1460 2458 1506 2478 eos
1523 2449 1689 2483 indulgentia

904 2507 931 2530 et
944 2501 1227 2535 eharitatedignando,
1241 2499 1414 2534 depositaque
1443 2496 1602 2530 iniuriarum
1631 2501 1689 2521 me-

905 2548 990 2577 moria
1009 2547 1105 2576 delicta
1124 2545 1310 2574 condonanda.
1324 2543 1469 2571 Pollieetur
1494 2542 1567 2570 enim
1587 2545 1614 2568 et
1641 2541 1689 2568 do-

906 2594 1216 2626 muminstauraturum,
1233 2596 1260 2618 et
1290 2590 1502 2625 Hierosolymam
1530 2587 1690 2623 longissimo
1718 2581 1719 2585 ¹

903 2639 990 2674 spatio
1015 2639 1216 2673 producturum.
1235 2636 1386 2663 Crematum
1412 2635 1510 2668 quippe
1532 2637 1590 2660 erat
1623 2636 1689 2658 teni-

902 2686 1023 2719 plum,et
1035 2685 1095 2719 ipsa
1112 2684 1186 2711 urbis
1204 2683 1302 2710 mtenia
1318 2682 1415 2713 diruta,
1431 2685 1460 2708 ut
1482 2680 1591 2714 exigua,
1610 2683 1636 2706 ct
1662 2678 1692 2704 iu

902 2735 1044 2767 angustum
1063 2730 1171 2757 redacta
1189 2729 1266 2763 plane
1277 2733 1443 2758 cerneretur,
1458 2731 1483 2754 et
1499 2726 1601 2753 incolas
1626 2731 1690 2759 per-

902 2785 1002 2813 paucos
1024 2776 1142 2804 haberet.
1158 2774 1238 2810 663
1256 2775 1319 2807 Sed,
1336 2779 1364 2800 ut
1393 2773 1471 2800 modo
1484 2772 1549 2802 dixi,
1570 2778 1629 2798 eam
1655 2769 1688 2795 aii

903 2823 1042 2858 pristinam
1059 2821 1261 2856 amplitudinem
1276 2823 1462 2846 revocaturum
1482 2816 1605 2851 spondet,
1616 2815 1690 2850 quod

903 2874 929 2896 et
953 2869 1050 2895 factum
1081 2872 1131 2898 est,
1154 2866 1223 2901 Cyro
1247 2865 1352 2899 quidem
1376 2872 1389 2890 c
1413 2863 1566 2898 captivitate
1594 2861 1686 2888 dimitv

906 2919 988 2946 lente,
1012 2914 1090 2941 Dario
1105 2913 1229 2947 templum
1249 2911 1402 2940 reicditicari
1417 2910 1544 2944 jubcnte,
1564 2913 1589 2934 ct
1603 2907 1687 2940 ipsum
