1910 3050
50 95 80 119 3."-
468 93 738 123 COMMENTARIUS
758 93 790 120 IN
813 93 1012 121 ZACIIARIAM
1032 93 1252 122 PROPHETAM.
1638 91 1674 120 δι

49 151 160 186 δυνάμει
181 152 417 187 πεπυργωμένην,
433 153 480 178 καὶ
500 150 556 179 οἷον
570 153 669 188 ἀμάχῳ
688 153 767 187 φλογὶ
782 154 841 185 ταῖς

899 153 1001 180 llamma
1021 154 1240 188 circumseptam.
1259 152 1351 180 Currit
1364 159 1428 187 ergo
1443 151 1552 187 angelus
1568 156 1596 178 ut
1621 158 1675 179 mc-

48 195 150 223 ᾰνωθεν
164 195 321 231 εὐμενείαις
337 196 531 232 διεζωσμένην.
549 197 646 233 Τρέχει
660 197 748 224 τοίνυν
761 199 775 224 ὁ
788 198 836 232 ἆγ-

48 241 124 275 γελος
142 241 309 277 ἐκμετρῆσαι
332 242 381 277 τὴν
401 242 590 278 Ἰερουσαλὴμ,
607 243 654 270 καὶ
677 241 732 270 οἷον
747 244 837 279 ὁρίσαι

48 288 180 314 πλατεῖαν
201 287 284 324 αὐτὴν
312 289 360 316 καὶ
384 289 602 325 εὐμηκεστάτην.
619 290 674 316 Καὶ
692 290 769 316 ταυτὶ
788 290 837 325 μὲν

50 335 207 371 ἱστορικῶς.

81 382 169 416 Φαίην
193 381 216 408 δ’
239 381 273 408 ἂν
296 381 337 408 ὅτι
366 382 412 409 καὶ
437 382 481 409 ἐπ’
497 383 583 418 αὐτῆς
607 383 658 418 τῆς
677 383 838 419 Ἐκκλησίας

48 426 168 461 Χριστοῦ
185 427 270 454 νοοῖτο
292 426 326 453 ἂν
341 428 452 459 εἰκότως
468 429 484 463 ὴ
499 428 604 464 ὅρασις.
623 428 838 464 Τετυραννεύκει

50 472 100 506 μὲν
112 472 166 508 γὰρ
186 472 257 498 κατὰ
275 472 383 499 πάντων
398 474 412 499 ὸ
425 473 549 505 Σατανᾶς
563 473 617 500 τῶν
632 474 714 501 ὄντων
731 474 777 500 ἐπὶ
789 474 839 509 τῆς

48 518 111 552 γῆς,
126 519 174 544 καὶ
188 518 341 552 γεγόναμεν
363 519 539 553 αίχμάλωτοι,
557 520 613 551 τοῖς
628 519 733 546 ἐκείνου
747 519 839 554 ζυγοῖς

50 563 273 598 ὕπενηνεγμένοι.
284 563 353 590 Ἀλλ’
369 565 385 598 ἡ
400 564 446 591 τοῦ
463 564 589 600 Σωτῆρος
603 565 683 600 χάρις
696 565 838 600 συνέτριψε

51 609 100 642 μὲν
111 609 140 634 τὸ
153 609 258 635 ἐκείνου
272 609 367 644 κέρας,
383 610 565 636 κατελέπτυνε
577 611 664 646 δὲτὴν
678 611 837 647 ὑπεροψίαν.

50 652 259 687 Τεοριάμόευκε
283 653 338 688 γὰρ
360 654 447 688 ἀρχάς
469 663 498 681 τε
517 656 564 682 καὶ
581 655 706 687 ἐξουσίας
728 656 775 682 καὶ
793 665 840 682 κοι-

50 699 261 734 σμοκράτορας,
278 699 329 731 τὰς
349 700 541 736 ἀντικειμένας
564 701 703 736 δυνάμεις,
724 701 840 734 ἐξείλετο

50 745 77 771 δὲ
93 745 178 780 ἡμᾶς,
193 746 239 771 καὶ
253 745 306 771 τῶν
323 746 426 781 ἐκείνου
440 746 546 782 δεσμῶν
564 747 840 783 ἁπέλυσεν.Ἤγειρεν

51 790 130 825 ἡμῶν
153 791 204 826 τὴν
221 790 393 826 Ἐκκλησίαν,
409 791 458 827 τὴν
482 792 564 827 ἁγίαν
587 793 694 829 άληθῶς
713 794 761 820 καὶ
781 793 840 820 διακ

891 200 972 226 tiatur
995 198 1281 233 Jerusalcm,cjnsqne
1307 198 1471 225 latitudinem
1504 201 1531 224 et
1560 196 1675 232 longitu-

890 247 980 279 dinem
996 247 1072 283 quasi
1101 246 1220 274 deliniat.
1237 246 1269 274 Et
1286 247 1341 274 haec
1365 245 1472 281 quidem
1488 245 1626 272 historice.

927 382 1121 411 Atilrmaverim
1137 389 1218 417 porro
1231 381 1312 408 etiam
1326 380 1360 408 de
1383 380 1440 415 ipsa
1460 379 1561 407 Christi
1580 379 1673 406 Eccle-

891 428 930 456 sia
967 428 1053 455 visum
1077 428 1127 454 hoc
1147 431 1208 461 apte
1234 425 1362 460 explicari
1389 432 1477 460 posse.
1512 424 1675 452 Exercuerut

891 474 962 500 enim
979 473 1146 508 tyrannidem
1157 472 1280 500 Satanas
1311 473 1336 498 in
1364 471 1490 498 mortales
1524 470 1672 501 universos,

891 526 1054 553 eramusque
1071 518 1184 553 captivi,
1205 517 1350 552 illiusiugo
1369 515 1478 543 subditi.
1496 515 1593 542 Verum
1616 513 1676 540 Sal-

891 565 993 592 vatoris
1012 565 1098 600 gratia
1121 565 1179 598 ejus
1204 571 1289 591 cornu
1308 561 1446 592 contrivit,
1472 565 1499 588 et
1523 560 1674 594 superbiam

891 611 1048 637 attenuavit.
1065 609 1255 644 Triumphavit
1271 608 1343 636 enim
1375 607 1521 642 principes,
1547 611 1575 632 et
1599 612 1674 640 pote-

892 657 986 685 states,
998 659 1024 681 et
1044 654 1134 681 mundi
1157 658 1287 685 rectores,
1308 657 1334 680 et
1351 652 1520 680 adversaria:
1549 651 1676 682 virtutes,

891 701 973 736 667
988 700 1140 736 eripuitque
1158 707 1215 730 nos,
1233 704 1260 726 et
1286 699 1358 727 illius
1384 697 1499 725 vinculis
1529 696 1675 731 expedivit.

892 746 1027 774 Excitavit
1045 745 1193 773 Ecclesiam
1209 749 1327 772 nostram
1347 751 1410 771 vere
1421 748 1549 775 sanctam,
1560 748 1587 770 ct
1607 742 1676 769 initia

893 793 1007 821 nobilem
1023 793 1170 824 civitatem,
1181 791 1260 818 latam
1278 796 1305 818 et
1319 791 1512 826 longissimam,
1524 796 1603 824 quam
1615 796 1677 815 cum

51 836 148 870 ὁὸητον
169 836 267 867 πόλιν,
291 835 340 871 τὴν
367 836 475 872 εὐρεῖαν
499 837 545 863 καὶ
570 837 789 873 εὐμηκεστὰτην,
805 839 838 874 ἣν

899 839 977 867 'ructu
994 839 1134 866 incoliqu
1146 838 1279 870 homines,
1292 842 1320 865 ct
1332 837 1463 872 iumenta,
1479 836 1530 864 hoc
1546 839 1588 864 est
1616 842 1677 863 ver-

51 881 238 916 κατακάρπως
266 881 415 917 ᾠκήκαμεν
448 882 586 917 ἄνθρωποί
612 892 641 910 τε
669 885 716 910 καὶ
743 885 839 920 κτήνη,

51 927 192 953 τουτέστιν
216 927 241 952 oi
265 927 445 962 λελογωμένοι
464 936 494 954 τε
507 928 567 964 ἤδη,
583 929 663 956 καὶοὶ
677 930 760 965 μήπω
774 918 847 964 τέρος,

51 973 128 999 τοῦτο
152 973 267 1008 ἥκοντες
292 974 402 1009 μέτρου,
420 974 559 1009 μέλλοντες
580 975 608 1002 δὲ
632 976 678 1002 καὶ
697 984 841 1012 μυσταγω-

54 1019 194 1053 γοὺμενοι.
214 1019 425 1054 Κατῳκήκαμεν
447 1019 536 1052 πόλιν,
561 1021 594 1056 ἣν
621 1020 702 1052 αὐτὸς
729 1022 842 1056 τειχίζει

53 1065 181 1100 Χριστὸς,
197 1065 327 1100 ἀρρήτοις
347 1065 477 1098 δυνάμεσι
493 1066 671 1100 καταφλέγων
695 1067 758 1098 τοὺς
778 1067 841 1094 ἀνθ-

53 1111 212 1146 επηκὰτας,
229 1111 276 1137 καὶ
297 1111 346 1146 τῆς
367 1111 463 1138 ἑαυτοῦ
486 1112 565 1148 δόξης
585 1113 777 1148 ἀναπιμπλῶν,
795 1113 842 1140 καὶ

52 1156 106 1183 οἷον
115 1156 242 1192 ἑστηκὼς
252 1157 280 1182 ἐν
294 1157 369 1192 μέσῳ
382 1157 435 1184 τῶν
445 1158 599 1190 οἰκούντων,
612 1155 652 1190 οἷς
660 1159 842 1194 ἐπηγγέλλετο

53 1203 154 1236 λέγων’
172 1213 180 1228 ι
194 1202 258 1228 Ἰδοὺ
272 1203 328 1236 ἐγὼ
341 1203 400 1238 μεθ’
412 1203 488 1238 ὑμῶν
503 1203 561 1239 εἰμι
575 1204 665 1236 πάσας
675 1205 726 1236 τὰς
736 1204 842 1240 ἡμέρας

53 1249 104 1280 ἓως
119 1249 170 1283 τῆς
192 1249 344 1280 συντελείας
359 1249 407 1276 τοῦ
422 1249 529 1282 αίῶνος.
545 1259 554 1276 ι
571 1250 678 1285 Ταύτης
697 1251 747 1285 τῆς
763 1251 843 1284 ἁγίας

55 1295 157 1326 πόλεως
181 1295 347 1330 διεμέμνητό
370 1304 420 1322 που
447 1296 492 1322 καὶ
518 1297 532 1323 ὁ
556 1297 699 1332 προφήτης
719 1297 842 1328 Ἡσαΐας,

55 1340 150 1373 λέγων·
170 1349 179 1365 ι
196 1341 226 1367 υί
237 1340 371 1376 ὀςρθαλμοί
384 1350 429 1367 σου
439 1341 550 1376 ὖψονται
568 1342 755 1378 Ἰερουσαλὴμ,
768 1339 843 1374 ἁτόλις

55 1385 182 1417 πλουςία,
202 1386 301 1420 σκηναὶ
325 1385 353 1412 αἳ
378 1387 407 1412 οὐ
435 1386 472 1421 μὴ
497 1386 650 1420 σεισθῶσιν,
678 1388 732 1414 οὐδ’
749 1388 779 1414 οὐ
806 1387 843 1423 μὴ

56 1430 222 1456 σαλευοώσιν
239 1432 263 1457 οί
285 1431 417 1458 πάσσαλοι
431 1432 480 1466 τῆς
499 1433 601 1468 σκηνῆς
624 1433 717 1468 αὐτῆς,
736 1433 795 1460 οὐδὲ
811 1433 844 1460 τὰ

56 1476 160 1511 σχοινία
178 1477 263 1512 αὐτῆς
277 1478 306 1503 οὺ
326 1478 363 1514 μὴ
380 1478 556 1513 διαρραγῶσι.
572 1488 581 1505 ι
601 1479 655 1506 Καὶ
671 1479 739 1514 πρὸς
760 1480 844 1515 αὐτὴν

55 1523 83 1550 δέ
104 1531 190 1558 φησι·
207 1533 216 1548 ι
232 1524 369 1550 Πλάτυνον
386 1524 430 1551 τὸν
445 1525 525 1551 τόπον
543 1525 593 1560 τῆς
613 1525 714 1562 σκηνῆς
736 1534 782 1552 σου
797 1525 845 1554 καὶ

55 1569 109 1596 τῶν
123 1569 244 1596 αὑλαιῶν
259 1578 316 1596 σου.
334 1569 430 1605 Πῆξον,
450 1571 486 1606 μὴ
500 1571 591 1607 φείσῃ·
604 1571 644 1598 ἐτι
662 1572 701 1604 εἰς
722 1571 756 1599 τὰ
770 1572 846 1605 δεξιὰ

57 1615 103 1640 καὶ
121 1615 160 1646 εἰς
179 1615 213 1641 τὰ
228 1615 359 1651 ἀριστερὰ
374 1617 532 1644 ὲκπὲτασον.
548 1627 557 1642 ι
576 1617 777 1653 Κατευρύνεται
791 1617 845 1654 γὰρ

57 1662 75 1694 ἡ
91 1660 242 1695 Ἐκκλησία
266 1661 395 1696 Χριστοῦ,
418 1662 464 1688 καὶ
488 1663 527 1693 είς
549 1662 662 1698 ἄπειρον
684 1663 843 1696 ἐκτείνεται,

58 1706 262 1741 ἀναριθμήτους
278 1706 322 1733 ἀεὶ
336 1707 464 1742 δεχομένη
483 1709 546 1740 τοὺς
567 1709 785 1744 προσκυνοῦντας
798 1710 846 1737 αὑ-

59 1752 115 1779 τόν.

95 1798 137 1830 Ὦ,
165 1796 189 1824 ὢ
214 1798 338 1832 φεύγετε
358 1798 393 1826 ἐκ
416 1799 472 1834 γῆς
493 1800 600 1835 βορῤᾶ,
626 1801 706 1836 λέγει
727 1802 844 1836 Κύριος,

59 1843 133 1870 διότι
159 1844 195 1871 ἐκ
222 1843 283 1871 τῶν
311 1844 466 1879 τεσσάρων
491 1847 608 1881 ἀνέμων
635 1847 688 1874 τοῦ
716 1848 846 1882 οὐρανοῦ

60 1890 184 1922 συνάξω
211 1890 299 1925 ὑμᾶς,
319 1890 400 1926 λέγει
418 1893 536 1926 Κύριος.
560 1894 613 1926 Εις
631 1893 709 1920 Σιὼν
731 1894 848 1922 ἀνασώ-

61 1935 145 1964 ζεσθε
166 1936 193 1961 οἱ
213 1936 422 1970 κατοικοῦντες
437 1938 582 1973 θυγατέρα
595 1940 783 1972 Βαϐυλωνος.

98 1981 145 2008 lB'.
174 1982 380 2017 Ἑπιστυγνάζει
401 1983 450 2017 μὲν
472 1983 566 2020 ὣσπερ
582 1987 637 2017 τοῖς
659 1986 773 2013 παθοῦσι
798 1987 847 2022 τὴν

63 2027 264 2061 αἰχμαλωσίαν,
289 2027 326 2059 ὡς
344 2028 481 2056 δύσοιστον
495 2030 624 2057 ἀνατλᾶσι
642 2031 691 2068 τὴν
712 2032 848 2060 ταλαιπω-

65 2073 134 2107 ρίαν,
152 2074 200 2099 καὶ
215 2073 247 2109 8i;
265 2073 313 2101 καὶ
329 2074 556 2110 ἀπονοσφίζεσοαι
575 2078 680 2105 κελεύει
695 2079 786 2106 λοιπὸν
799 2080 849 2114 τῆς

64 2119 205 2145 Χαλδαίων
224 2119 326 2155 χώρας,
346 2121 383 2152 ὡς
408 2122 467 2148 ἐνὸν
489 2123 538 2159 ἢδη
559 2123 637 2151 τοῦτο
657 2124 722 2160 δρᾷν
745 2125 846 2157 αὐτοῖς,

891 885 925 912 bo
938 884 984 912 Dei
1000 883 1116 911 instituti
1127 884 1194 918 jam,
1212 888 1239 911 et
1255 883 1299 918 qui
1319 883 1353 910 ad
1367 883 1438 910 hunc
1449 882 1592 910 terminum
1609 889 1676 909 non-

892 929 954 957 dum
968 934 1157 964 pervenerunt,
1177 929 1334 963 pervenient
1356 934 1445 956 autem
1458 948 1466 960 ,
1479 933 1506 956 et
1532 935 1609 955 sacra
1630 927 1677 955 do-

892 975 977 1001 ctrina
988 973 1074 1001 adhuc
1087 973 1252 1001 imbuuntur.
1267 973 1422 1001 llabitamus
1436 974 1584 1006 civitatem,
1596 980 1676 1007 quam

893 1020 980 1048 munit
993 1020 1049 1055 ipse
1061 1020 1186 1048 Christus
1199 1019 1311 1052 viribus,
1333 1024 1447 1055 quantas
1456 1019 1543 1047 oratio
1559 1019 1677 1053 comple-

892 1066 928 1094 cti
955 1065 1027 1093 nulla
1056 1070 1154 1100 potest,
1169 1073 1249 1092 urens
1275 1065 1454 1098 adversarios,
1475 1069 1503 1092 et
1523 1064 1605 1099 gloria
1628 1071 1677 1091 sua

894 1111 1017 1146 impleus,
1027 1116 1055 1139 et
1068 1112 1145 1146 quasi
1159 1111 1185 1138 in
1198 1111 1286 1138 medio
1304 1110 1481 1138 habitantium
1507 1114 1591 1141 stans,
1620 1110 1678 1144 qui-

893 1159 943 1186 bus
959 1158 984 1186 id
999 1158 1132 1193 promisit,
1146 1158 1171 1184 in
1189 1157 1245 1184 Iuec
1272 1156 1351 1184 verba
1369 1165 1398 1183 ι(
1419 1156 1489 1184 Ecce
1513 1162 1564 1188 ego
1589 1154 1678 1182 vobis-

893 1211 954 1231 cum
972 1211 1031 1234 snm
1045 1203 1171 1230 omnibus
1191 1201 1284 1230 diebus
1315 1209 1400 1237 usque
1415 1201 1446 1228 ad
1470 1201 1680 1229 consummatio-

894 1257 954 1276 nem
971 1249 1060 1276 saeculi
1071 1249 1104 1275 ".
1117 1256 1126 1272 ι
1138 1248 1223 1283 Hujus
1235 1253 1335 1275 sanctae
1351 1247 1468 1274 civitatis
1484 1247 1606 1274 meminit
1631 1246 1680 1272 ali—

894 1296 955 1323 cubi
969 1296 1099 1330 propheta
1114 1302 1222 1330 quoque
1236 1294 1326 1326 lsaias,
1343 1294 1385 1321 his
1402 1293 1511 1321 verbis:
1529 1302 1538 1318 ι
1554 1292 1628 1320 Oculi
1641 1292 1678 1319 tui

894 1342 1023 1369 videbunt
1036 1341 1195 1373 Jerusalem,
1209 1340 1305 1368 civitas
1322 1340 1405 1371 dives,
1431 1338 1604 1366 tabernacula
1620 1345 1680 1372 quae

895 1395 947 1415 non
961 1386 1210 1418 commovebuntur,
1230 1393 1316 1420 neque
1331 1385 1509 1413 movebuntur
1524 1384 1614 1419 paxilli
1640 1389 1680 1411 ιιι-

894 1433 1031 1461 bernaculi
1045 1432 1112 1467 ejus,
1125 1438 1212 1466 neque
1225 1431 1335 1458 funiculi
1348 1430 1406 1464 eius
1422 1429 1659 1464 disrumpentur".
1668 1438 1677 1454 ι

896 1479 928 1506 Ει
942 1479 1027 1514 ipsam
1047 1478 1087 1506 sic
1102 1477 1256 1512 alloquitur.
1275 1486 1283 1502 ι
1301 1476 1386 1503 Dilata
1414 1476 1502 1503 locum
1517 1474 1680 1502 tabernaculi

896 1525 945 1557 tui.
963 1529 991 1552 et
1007 1523 1183 1552 tentoriorum
1196 1527 1312 1550 tuorum.
1333 1522 1408 1557 Fige,
1422 1528 1456 1549 ne
1472 1528 1578 1555 parcas,
1593 1521 1681 1548 adhuc

895 1572 927 1598 ad
940 1570 1076 1599 dexteram
1088 1574 1115 1597 et
1128 1569 1265 1598 sinistram
1281 1568 1363 1596 dilata
1378 1567 1410 1595 “.
1428 1576 1438 1593 ι
1457 1566 1588 1594 Dilatatur
1611 1565 1682 1592 enim

895 1616 1014 1644 Ecclesia
1043 1615 1165 1648 Christi,
1190 1620 1217 1642 et
1241 1615 1267 1641 in
1304 1615 1465 1641 immensum
1504 1612 1681 1644 extenditur,

896 1661 1106 1690 innumerabiles
1143 1668 1250 1696 semper
1283 1660 1372 1696 ipsum
1410 1660 1555 1687 adorantes
1597 1658 1683 1687 susci-

896 1716 981 1744 piens.

931 1810 1014 1838 Vens.
1031 1809 1062 1842 6,
1077 1808 1102 1836 7.
1120 1807 1158 1840 0,
1172 1816 1186 1835 ο
1210 1807 1291 1842 fugite
1311 1807 1342 1834 de
1364 1810 1434 1833 terra
1454 1805 1599 1842 aquilonis,
1616 1805 1682 1832 dicit

896 1856 1026 1883 Domimu
1038 1863 1047 1882 :
1059 1856 1119 1891 quia
1132 1855 1164 1882 de
1174 1860 1286 1889 quatuor
1299 1853 1379 1880 venti:
1390 1855 1448 1883 (mli
1458 1852 1617 1890 congregabu
1629 1863 1683 1886 mn,

897 1902 959 1928 dicit
973 1901 1110 1928 Dominus.
1122 1899 1155 1927 In
1170 1899 1233 1927 Sion
1248 1899 1397 1934 salvantini,
1408 1901 1451 1936 qui
1465 1901 1588 1928 habitatis
1600 1900 1684 1934 ﬁliam

898 1946 1052 1981 Babylonis.

935 1991 992 2020 ΧΗ,
1006 1991 1159 2028 Iugemiscit
1169 1992 1368 2027 quodammodo
1381 1999 1462 2026 super
1474 1991 1506 2018 iis
1529 1990 1574 2025 qui
1587 1989 1684 2024 captivi

900 2039 1021 2071 fuerant,
1038 2043 1066 2065 ut
1090 2045 1209 2065 aerumna
1235 2037 1398 2065 intolerabili
1423 2036 1548 2064 exercitis
1573 2043 1580 2063 :
1606 2040 1686 2069 atque

901 2085 983 2112 etiam
1000 2085 1032 2112 dc
1049 2089 1146 2111 caetero
1162 2083 1291 2111 decedere
1301 2083 1485 2111 Chaldaeorum
1503 2087 1574 2110 terra
1590 2082 1684 2110 horta-

899 2134 953 2161 tur,
963 2130 1033 2164 quod
1047 2129 1099 2156 illis
1110 2129 1165 2165 jam
1179 2129 1248 2156 istud
1260 2129 1350 2156 facere
1363 2129 1468 2156 nemine
1478 2133 1584 2156 vetante
1597 2128 1686 2165 liceat,

63 2164 232 2199 ἐξείργοντος
249 2166 365 2198 οὐδενὸς,
387 2167 469 2194 αὑτοῦ
483 2177 512 2195 τε
533 2169 705 2203 συλλέγοντος
721 2172 753 2198 ἐκ
768 2172 843 2198 τόποι

902 2181 928 2203 et
945 2177 1001 2210 ipse
1022 2175 1138 2203 hostium
1162 2175 1384 2209 impressionibus
1408 2175 1546 2210 dispersos
1567 2174 1686 2209 colligat.

63 2210 162 2241 παντὸς
176 2211 240 2242 τοὺς
252 2213 312 2243 ταῖς
325 2213 380 2239 τῶν
394 2214 537 2249 πολεμίων
544 2216 703 2250 προσϐολαῖς
721 2225 851 2244 κατεσκε-

63 2255 222 2291 ﬁnitiva-4;.
249 2258 392 2295 Θυγατέρα
414 2260 442 2286 δὲ
465 2261 639 2294 Βαϐυλῶνος,
668 2263 713 2290 καὶ
736 2264 788 2300 γῆν
805 2266 852 2292 τοῦ

67 2301 161 2338 βορῥᾰ,
185 2303 236 2338 τὴν
257 2304 310 2330 τῶν
333 2306 473 2333 Χαλδαίων
483 2307 575 2342 χώραν
595 2308 732 2343 ὀνομάζει.
748 2306 780 2336 Ἀὶ
799 2311 853 2347 γὰρ

69 2350 248 2384 μητροπόλεις
261 2351 292 2377 ὲν
302 2351 379 2383 τάξει
395 2353 520 2388 μητέρων
531 2353 663 2381 τέθεινται
675 2357 735 2386 ταῖς
749 2356 852 2388 ἄλλαις,

68 2395 94 2420 αἰ
110 2395 256 2430 πράττοιεν
274 2395 308 2422 ἂν
322 2396 367 2422 ὑπ’
380 2397 483 2429 αὐταῖς.
500 2397 661 2434 Βορειοτέρα
683 2399 711 2425 δέ
729 2408 788 2431 πως
808 2401 855 2427 καὶ

905 2222 999 2249 Filiam
1014 2228 1095 2256 porro
1104 2220 1247 2256 Babylonis
1258 2225 1284 2248 et
1295 2225 1393 2247 terram
1407 2220 1540 2254 aquilonis
1552 2219 1688 2246 Chaldaeo

907 2275 965 2294 rum
975 2267 1108 2302 regionem
1119 2267 1248 2293 nominat.
1258 2265 1418 2300 Metropoles
1425 2265 1496 2293 enim
1506 2265 1566 2291 aliis
1577 2264 1688 2291 urbibus

906 2313 958 2339 sibi
970 2311 1098 2346 subjectis
1108 2312 1192 2339 instar
1207 2316 1324 2338 matrum
1340 2315 1413 2338 sunt.
1423 2310 1612 2338 Chaldaeorum
1626 2315 1689 2336 vero

909 2356 981 2390 regio
991 2355 1144 2390 aquilonem
1154 2355 1392 2383 interetorientem
1403 2356 1453 2382 sita
1461 2359 1512 2382 est.
1524 2354 1556 2381 Et
1568 2354 1618 2381 ista
1630 2353 1690 2387 qui—

909 2401 969 2427 dem
979 2409 992 2427 a
1003 2402 1079 2429 nobis
1088 2404 1234 2429 secundum
1245 2401 1385 2429 historiam
1398 2401 1468 2429 dicta
1479 2408 1584 2428 rursum
1597 2404 1688 2428 sunto.

70 2438 133 2473 πρὸς
145 2439 186 2474 ὴὼ
201 2441 328 2475 κειμένη,
345 2440 399 2467 τῶν
415 2441 556 2469 Χαλδαίων
574 2443 590 2478 ἡ
612 2442 698 2478 χώρα.
719 2444 774 2471 Καὶ
793 2445 871 2472 ταυτὶ
892 2446 940 2480 μὲν
957 2447 1033 2481 ἡμῖν,
1047 2446 1084 2479 ὡς
1106 2447 1174 2482 πρὸς
1196 2455 1228 2482 γε
1261 2446 1295 2474 τὰ
1311 2447 1344 2474 ἐκ
1367 2446 1416 2479 τῆς
1438 2446 1557 2481 ἱστορίας
1573 2445 1691 2481 εἰρήσθω

72 2493 158 2513 παλιν.

105 2532 261 2567 Μεταφοιτᾷ
277 2532 306 2558 δὲ
325 2532 339 2558 ὁ
355 2531 433 2566 λόγος
450 2533 489 2564 εἰς
509 2533 625 2568 θεωρίαν
640 2533 689 2568 τὴν
712 2542 859 2569 πνευματι-

73 2577 128 2612 κὴν,
141 2579 188 2604 καὶ
206 2578 236 2604 τὺ
251 2577 299 2604 τοῦ
316 2578 443 2613 Σωτῆρος
457 2578 506 2613 ἤδη
519 2587 576 2610 πως
590 2580 753 2615 εἰσ-κρίνεται
767 2580 852 2615 πρόσ-

73 2630 150 2653 ωπον,
179 2622 469 2657 καταγλυκαινομένου
499 2623 598 2657 τρόπον
623 2623 700 2656 τινὰ,
727 2623 806 2658 μόνον
827 2623 855 2649 δὲ

74 2668 126 2703 οὐχ).
145 2669 190 2695 καὶ
208 2667 425 2704 ἐπιδακρύοντος
440 2669 495 2700 τοῖς
515 2669 560 2695 ἐπὶ
576 2669 624 2704 τῆς
637 2668 699 2703 γῆς,
714 2669 758 2695 διά
772 2677 813 2696 τοι
827 2669 856 2695 τὸ

75 2714 167 2746 πάντας
181 2715 230 2751 τὴν
244 2714 294 2741 τοῦ
303 2713 522 2749 τυραννήσαντος
532 2715 638 2741 Σατανᾶ
651 2715 776 2750 λατρείαν
792 2716 857 2742 ὐπο-

948 2534 1058 2562 Trausit
1068 2539 1156 2562 autem
1168 2543 1259 2562 sermo
1268 2535 1300 2562 ad
1309 2535 1550 2562 considerationem
1561 2535 1689 2568 spiritua-
1733 2568 1736 2571 Δ

906 2578 968 2612 lem,
980 2585 1006 2606 ct
1021 2587 1162 2613 personam
1176 2580 1323 2607 Salvatoris
1334 2580 1460 2615 deinceps
1477 2580 1605 2612 insinuat,
1620 2579 1690 2607 dulci

909 2625 1004 2653 allecti:
1024 2626 1103 2653 veluti
1129 2625 1361 2660 liquescentis,.et
1379 2625 1570 2660 propemodum
1586 2625 1692 2660 illaery-

911 2672 1009 2699 mantis
1017 2672 1183 2704 mortalibus,
1200 2671 1261 2706 quia
1268 2679 1362 2699 omnes
1369 2672 1400 2699 ad
1409 2677 1551 2707 tyrannum
1561 2672 1690 2699 Satanam

910 2718 1050 2744 colendum
1071 2722 1224 2752 properent,
1234 2722 1259 2745 et
1272 2718 1308 2745 illi
1325 2719 1443 2746 serviant
1456 2718 1612 2746 servitutem
1625 2718 1691 2745 adeo

102 2805 122 2820 “
136 2805 229 2833 Matth.
249 2812 353 2838 uvnt,
372 2804 415 2830 20.
455 2804 476 2819 "
492 2804 540 2832 lsn.
560 2813 656 2837 tum,
674 2805 716 2832 ea.
757 2806 776 2820 αι
797 2805 915 2838 [$1.an
935 2806 960 2832 2.
