1910 3050
245 110 281 140 35
756 109 785 137 S.
807 107 939 137 C'l'lill.”
960 108 1191 136 ALEXANDRINl
1212 107 1371 136 AllClllEP.
1839 108 1873 135 36

246 167 389 201 immitem,
399 172 438 201 ut,
448 167 510 194 dum
519 167 580 202 ejus
594 167 722 195 voluntati
733 168 928 202 obsequuntur,
937 173 1029 201 magno

1083 166 1207 201 δραμεῖν,
1225 165 1272 192 καὶ
1286 164 1408 192 δουλείαν
1424 163 1573 200 ἀνατλῆναι
1586 163 1634 200 τὴν
1647 163 1719 191 οὕτω
1737 164 1872 200 σκληρὰν,

245 219 273 241 ct
287 214 359 249 gravi
374 220 457 240 onere
471 213 555 247 premi
569 213 720 241 videantur.
730 213 814 249 668
828 213 875 240 Est
887 213 968 247 igitur
981 212 1032 239 iliis

246 263 340 286 auctor
352 258 519 292 aufugiendi.
535 261 565 284 ut
578 265 611 285 ex
628 262 700 285 terra
714 258 858 293 aquilonis,
872 258 923 285 hoc
946 261 988 284 est
1000 264 1032 284 ex

246 311 316 332 terra
335 304 430 339 frigida
450 312 456 330 :
478 308 507 330 ut
524 304 586 330 hinc
603 303 775 331 ali'ectionem
798 303 942 338 quamdam
975 310 1044 339 mos

247 357 361 384 rumque
372 349 592 377 constitutionem
605 349 769 377 mundanam
783 349 942 383 Cogitemus,
951 355 1031 382 quam

246 395 269 422 si
292 395 352 430 quis
376 394 521 427 habuerit,
539 395 680 430 ipsamque
699 395 773 422 visus
795 394 875 422 fuerit
896 394 1032 426 habitare,

244 448 298 468 non
316 441 368 468 crit
378 440 476 475 spiritu
494 440 603 468 fervens
613 460 621 473 ,
635 448 685 468 nec
700 440 809 468 habebit
824 441 851 467 in
864 447 894 467 se
909 440 1033 467 habitans

246 486 358 521 ignitum
373 486 418 513 Dei
439 487 563 514 verbum.
575 485 668 513 Psallit
683 493 798 520 namque
813 485 909 513 alicubi
927 485 1008 512 David
1023 493 1031 512 :

248 541 260 558 ι
275 531 388 566 Ignitum
399 531 534 566 eloquium
544 532 817 567 tuumyebemeuter,
831 536 857 558 et
867 539 962 559 servus
973 536 1034 559 tuus

247 577 341 604 dilexit
356 577 419 604 illud
432 577 464 604 ⁸⁸.
484 587 493 603 t
513 578 644 610 Quocirca
659 578 708 612 qui
723 577 856 605 fervidum
879 582 907 605 et
922 577 1032 612 ignitum

248 622 294 649 Dei
314 623 451 658 eloquium
469 631 522 650 non
538 623 637 656 habet,
654 623 768 659 frigidus
800 628 827 651 et
841 628 964 650 mortuus
980 627 1031 651 est.

245 667 362 702 Propter
375 668 568 695 abundantiam
585 668 658 696 cuitu
676 668 826 703 iniquitatis
838 668 895 695 fore
910 672 940 695 ut
954 667 1033 695 refri-

247 719 340 746 gescat
357 713 478 741 Charitas
500 714 662 746 multorum,
676 714 758 741 etiam
779 714 903 742 Christus
919 714 987 742 dixit
999 714 1032 742 ".

246 758 314 785 Filia
330 766 393 786 vero
409 758 554 794 Babylonis
569 764 708 794 peccatum
723 756 902 794 appellabitur
915 768 922 786 :
937 764 964 787 et
976 766 1034 794 per-

244 810 327 837 quam
345 805 483 839 apposite,
496 804 519 831 si
538 812 628 832 verum
647 809 704 837 est,
717 812 747 832 ea
764 812 831 833 voce
847 805 1032 833 confusionem

1083 211 1120 244 ὡς
1135 213 1190 243 τοῖς
1205 211 1308 238 ἐκείνου
1325 211 1474 246 θελήμασιν
1486 209 1601 246 ὁρᾶσθαι
1621 209 1871 246 κατηχθεσμένους.

1083 257 1237 292 Προτρέπει
1251 257 1340 284 τοίνυν
1351 257 1517 292 ἁποδραμεῖν
1529 256 1566 287 ὡς
1579 256 1611 282 ἐκ
1625 256 1677 291 γῆς
1692 255 1788 291 βορρᾶ,
1799 264 1873 282 τουτ-

1083 303 1157 330 έστιν
1174 304 1212 335 ὼς
1229 303 1283 330 ἀπὸ
1297 302 1387 338 χώρας
1402 302 1450 337 τῆς
1475 301 1695 336 κατεψυγμένης,
1715 302 1758 328 ἵνα
1776 303 1873 328 τούτου

1084 349 1205 383 πλαγίως
1220 349 1338 376 διάθεσίν
1352 357 1422 380 τινα,
1442 347 1488 374 καὶ
1503 348 1576 382 ἠθῶν
1593 348 1759 375 κατάστασιν
1772 348 1872 376 ἒννοιῖι-

1085 403 1135 430 μεν
1156 394 1302 430 κοσμικὴν,
1319 394 1352 429 ἣν
1373 395 1452 429 εἴπερ
1473 402 1515 425 τις
1534 393 1600 428 ἔχοι,
1622 393 1668 420 καὶ
1683 393 1768 429 αὐτὴν
1784 393 1873 430 ὁρῷτο

1084 439 1230 471 κατοικῶν,
1239 439 1288 466 οὐκ
1303 439 1335 466 ἂν
1349 439 1392 474 εἴη
1406 439 1446 473 τῷ
1461 437 1595 474 πνεύματι
1609 438 1688 471 ζέων,
1699 439 1754 466 οὐδ’
1767 439 1803 466 ἂν
1815 439 1872 475 ἔχοι

1083 487 1210 514 κάτοικον
1234 487 1263 512 ὲν
1283 485 1372 522 ἑαυτῷ
1393 486 1438 512 τὸν
1462 485 1594 521 διάπυρον
1615 484 1662 511 τοῦ
1686 485 1754 512 Θεοῦ
1779 485 1870 519 λόγον.

1084 532 1188 560 Ψάλλει
1200 532 1254 568 γάρ
1267 541 1318 558 που
1334 531 1401 567 πρὸς
1414 531 1483 558 Θεὸν
1499 532 1513 558 ὸ
1524 531 1623 558 Δαὸίδ·
1641 541 1650 557 ι
1669 532 1872 567 Πεπυρωμινον

1082 578 1113 604 τὸ
1126 577 1215 612 λόγιόν
1241 586 1288 604 σου
1311 577 1422 613 σφόδρα,
1445 577 1492 604 καὶ
1513 577 1526 603 ό
1544 577 1636 609 δοῦλός
1658 585 1704 604 σου
1727 577 1873 613 ἠγάπησεν

1083 624 1158 650 αὐτό.
1178 633 1187 649 ι
1204 623 1309 651 Οὐκοῦν
1322 623 1337 649 ὸ
1356 623 1402 650 τὸν
1417 622 1513 656 ζέοντα
1527 623 1575 650 καὶ
1588 622 1722 658 διάπυρον
1734 622 1783 651 τοῦ
1803 622 1872 650 Θεοῦ

1082 670 1161 704 λόγον
1179 670 1231 696 οὐκ
1253 669 1338 704 ἔχων,
1363 668 1556 704 ἁπεψυγμένος
1579 668 1612 695 ἂν
1634 668 1676 704 εἴη
1693 669 1740 695 καὶ
1763 668 1871 704 νεκρός.

1082 714 1330 750 Καταψυγήσεσθαι
1349 715 1404 750 γὰρ
1419 714 1468 750 τὴν
1491 713 1602 749 ἀγάπην
1623 713 1678 740 τῶν
1699 714 1806 741 πολλῶν
1827 714 1873 741 διὰ

1082 761 1113 787 τὸ
1142 760 1326 796 πληθυνθῆναι
1350 761 1400 796 τὴν
1428 759 1560 795 ἀνομίαν,
1585 759 1637 794 ἔφη
1664 759 1792 795 Χριστός.
1817 759 1873 786 Καὶ

1083 807 1099 841 ἡ
1118 805 1241 841 Θυγάτηρ
1261 805 1288 832 δε
1303 805 1460 837 Βαϐυλῶνος
1483 805 1499 840 ὴ
1517 805 1638 840 ἁμαρτία
1653 805 1800 838 λελέξεται,
1825 805 1873 831 καὶ

245 849 403 883 signiﬁcari.
418 849 476 876 Erit
492 849 573 884 igitur
587 857 700 884 peccare
716 851 850 885 negotium
866 851 947 879 animi
963 859 1029 878 nol-

1085 851 1157 886 μάλα
1175 850 1298 882 εἰκότως,
1319 850 1398 885 ειπερ
1414 850 1489 876 ἐστὶν
1504 849 1613 885 ἀληθὲς.
1633 849 1671 881 ὡς
1690 849 1872 885 ἑρμηνεύεται

244 893 308 920 dum
328 894 469 921 constituti
502 900 529 922 et
547 895 646 922 ﬁrmati
669 905 675 923 :
698 896 745 924 sed
767 897 871 924 confusi
890 897 993 932 potius,
1007 902 1033 925 et

244 940 442 973 quodammodo
474 939 695 969 inclinationibus
723 942 756 968 ad
787 942 852 969 vitia
882 943 1030 970 temulenti.

244 986 437 1014 Recedeudum
456 987 547 1022 itaque
563 988 640 1022 quasi
657 989 689 1016 de
707 993 780 1016 terra
797 988 941 1024 aquilonis,
956 997 972 1017 a
989 990 1033 1017 l'ri-

243 1031 305 1066 gida
321 1036 348 1058 ct
364 1036 468 1058 mortua
486 1031 629 1060 allectione
643 1033 741 1068 animi,
754 1039 781 1062 et
796 1035 989 1064 transeundum
1005 1036 1032 1064 in

245 1076 325 1117 Sion,
340 1077 391 1104 hoc
407 1081 449 1105 est
468 1078 501 1105 ad
515 1086 614 1114 verum;
629 1080 782 1114 speculam,
798 1085 827 1109 ut
851 1081 1032 1118 intelligamus

243 1122 393 1150 Ecclesiam
404 1122 514 1158 Christi,
525 1124 551 1152 in
562 1133 614 1160 qua
626 1130 764 1154 versantes
784 1127 932 1155 videbimus
942 1128 1033 1155 volun-

245 1172 326 1196 tatem
346 1169 407 1202 Dci,
423 1174 453 1197 e'.
467 1170 618 1198 doctrinam
635 1171 669 1199 de
682 1176 775 1200 sancta
801 1173 1032 1202 consubstantiali-

243 1221 296 1248 que
309 1213 441 1242 Trinitate
455 1216 650 1251 expendemus,
663 1222 690 1245 et
705 1218 791 1253 ipsum
808 1218 945 1247 Christum
961 1220 1032 1247 inve-

243 1259 350 1287 niemus
367 1267 416 1288 nos
428 1261 593 1288 omnimodis
609 1267 816 1298 congregantem
825 1283 833 1295 ,
846 1264 1031 1300 spiritualique

243 1304 352 1331 vinculo
371 1304 405 1332 ad
430 1305 604 1333 concordiam
626 1307 806 1342 colligantem.
823 1308 895 1336 Dixit.
910 1309 982 1336 enim
998 1309 1031 1337 de

243 1348 322 1376 nobis
338 1358 345 1376 ε
365 1358 375 1374 ι
393 1348 460 1382 Quia
474 1354 502 1376 et
517 1349 584 1378 alias
598 1356 662 1378 oves
672 1350 770 1384 habeo,
782 1359 841 1386 qua:
856 1359 908 1379 non
921 1356 1030 1379 suntex

243 1394 295 1422 hoc
309 1394 384 1427 ovili,
396 1399 422 1421 et
435 1394 495 1422 illas
509 1399 617 1428 oportet
628 1403 671 1424 me
686 1396 831 1431 adducere,
841 1402 870 1426 et
883 1397 934 1425 erit
947 1405 1029 1425 unum

241 1440 313 1468 ovile
339 1445 368 1468 et
382 1448 451 1469 unus
467 1441 600 1477 pastor".
616 1450 628 1469 ι

277 1571 360 1601 Vens.
370 1573 397 1601 8.
408 1572 477 1605 Quia
489 1573 546 1600 luet:
559 1573 622 1601 dicit
635 1574 762 1602 Domum:
775 1576 953 1610 amnipotens:
965 1577 1028 1605 Post

240 1619 352 1656 gloriam
366 1620 434 1647 misit
448 1628 488 1647 me
499 1621 534 1647 ad
545 1626 634 1656 gentes
646 1630 704 1656 qua
714 1623 890 1657 spoliaverunt
903 1632 957 1657 vos,
967 1625 1029 1660 quia

241 1665 286 1699 qui
301 1665 385 1700 tangit
397 1674 451 1700 vos,
463 1667 539 1701 quasi
553 1672 661 1702 tangens
675 1667 799 1704 pupillam
814 1668 883 1696 oculi
895 1669 948 1696 sui.

278 1753 345 1780 Xlll.
362 1754 499 1781 Christum
521 1755 603 1782 etiam
631 1756 767 1784 veteribus
786 1756 891 1792 populis
914 1757 1027 1785 auxilia-

241 1799 312 1826 rium
329 1804 358 1826 et
373 1799 545 1827 liberatorem
560 1800 654 1835 luisse,
668 1809 747 1829 nemo
761 1803 896 1830 studiosus
909 1803 1030 1831 veritatis

241 1852 341 1872 vocare
365 1845 391 1872 in
415 1845 526 1873 dubium
550 1851 648 1881 potest.
672 1847 701 1875 Si
722 1848 795 1875 enim
820 1848 879 1883 ipse
901 1853 960 1876 erat
983 1849 1029 1876 illa

241 1896 317 1925 petra
329 1890 364 1923 ⁸⁸,
377 1891 540 1921 sitibuodum
556 1892 581 1919 in
595 1892 739 1920 solitudine
750 1892 878 1921 lsraelem
891 1899 986 1929 potans
993 1895 1028 1928 ",

241 1940 267 1963 et
283 1935 340 1970 ipse
356 1940 398 1963 est
414 1943 463 1971 per
477 1944 556 1971 quem
573 1938 664 1965 omnia
681 1945 696 1965 a
713 1938 768 1966 Deo
785 1943 812 1966 et
828 1939 907 1967 Patre
925 1940 1029 1975 accepi-

242 1989 312 2014 mus,
326 1982 482 2017 neutiquam
496 1983 672 2011 dubitandum
687 1985 750 2020 quin
764 1992 812 2020 per
822 1986 909 2020 ipsum
922 1994 1029 2022 quoque

240 2028 330 2054 omnis
345 2027 468 2056 liberalia
481 2029 554 2056 omni
570 2033 692 2066 tempore
704 2035 731 2058 et
744 2038 824 2059 omne
837 2039 922 2067 genus
935 2033 1028 2060 auxilii

240 2072 456 2100 administratum
481 2074 527 2101 sit.
549 2073 607 2102 Jam
629 2083 692 2103 vero
717 2076 758 2104 his
779 2076 868 2104 verbis
888 2077 975 2112 ipsum
999 2079 1027 2106 in

241 2114 292 2142 ﬁde
304 2115 465 2149 justiticatos
489 2123 517 2144 et
531 2118 713 2154 sanctiﬁcatos
729 2120 752 2147 iu
769 2121 864 2155 spiritu
878 2121 988 2157 alloqui,
1001 2127 1028 2151 ct

1084 896 1135 932 μὲν
1149 895 1289 931 σύγχυσις,
1302 897 1319 931 ἡ
1334 895 1471 922 Βαϐυλών.
1490 895 1540 930 Εἴη
1556 895 1579 922 δ’
1596 895 1629 922 ἂν
1644 896 1725 931 ἔργον
1737 895 1767 922 τὸ
1782 895 1872 931 πλημ-

1084 941 1187 977 μελεῖν,
1211 941 1274 977 οὐχὶ
1295 941 1341 968 νοῦ
1368 941 1567 977 καθεστηκότος
1592 942 1639 968 καὶ
1661 941 1871 977 ὲρηρεισμόνου,

1084 988 1286 1024 συγκεχυμένου
1295 988 1324 1015 δὲ
1337 987 1447 1024 μᾶλλον,
1459 988 1507 1015 καὶ
1520 987 1660 1019 οίονείπως
1681 987 1872 1023 καταμεθύον-

1083 1043 1127 1066 τος
1140 1035 1200 1066 ταῖς
1213 1035 1253 1066 εἰς
1267 1034 1427 1070 φαυλότητα·
1439 1035 1545 1068 ῥοπαῖς.
1567 1035 1612 1060 Δεῖ
1628 1033 1661 1068 δὴ
1679 1030 1725 1060 οὖν
1739 1033 1795 1068 ἄρα
1807 1033 1873 1060 tino.

1083 1079 1178 1114 φοιτᾷν
1191 1078 1229 1110 ὡς
1247 1079 1280 1105 ἐκ
1301 1079 1352 1114 γῆς
1375 1078 1460 1114 βορρᾶ
1477 1079 1525 1113 τῆς
1537 1078 1734 1113 ἁπεψυγμένης
1756 1078 1805 1104 καὶ
1830 1087 1872 1105 νε-

1082 1124 1151 1159 κρᾶς
1173 1123 1220 1150 τοῦ
1240 1122 1286 1150 νοῦ
1310 1123 1465 1155 διαθέσεως,
1489 1124 1655 1158 μεταφοιτᾷν
1676 1123 1705 1149 δὲ
1725 1124 1766 1155 ri;
1792 1124 1870 1156 Σιὼν,

1081 1169 1219 1197 τουτέστιν
1235 1170 1276 1202 εὶς
1288 1169 1318 1196 τὸ
1330 1168 1457 1205 ἀληθινὸν
1480 1170 1687 1205 σκοπευτήριον,
1706 1169 1749 1197 ἵνα
1764 1170 1872 1205 νοῶμεν

1081 1216 1130 1252 τὴν
1149 1215 1312 1251 Ἐκκλησίαν
1325 1214 1454 1253 Χριστρῦ,
1468 1216 1497 1242 ὲν
1510 1213 1527 1251 ᾖ
1542 1215 1683 1250 γεγονότες
1696 1215 1871 1251 κατοψόμεθα

1080 1262 1111 1288 τὺ
1121 1261 1160 1297 τῷ
1168 1262 1228 1298 Θεῷ
1238 1261 1344 1294 δοκοῦν,
1361 1263 1407 1289 καὶ
1416 1262 1478 1294 τοὺς
1486 1262 1532 1288 ἐπὶ
1545 1263 1578 1297 τῇ
1591 1262 1657 1298 ἁγίᾳ
1670 1264 1717 1289 καὶ
1734 1263 1870 1298 ὁμοουσίῳ

1081 1308 1176 1344 Τριάδι
1191 1308 1413 1345 περιαθρήσομεν
1428 1308 1534 1342 λόγους,
1559 1307 1605 1336 καὶ
1620 1309 1700 1335 αὑτὸν
1717 1309 1871 1344 εὑρήσομεν

1080 1355 1113 1382 ὲκ
1129 1355 1229 1387 παντὸς
1242 1356 1317 1391 ἡμᾶς
1337 1355 1439 1390 τρόπου
1463 1354 1658 1389 συναγείροντα
1677 1355 1807 1390 Χριστὸν,
1824 1355 1871 1382 καὶ

1081 1392 1222 1428 συνδέοντα
1250 1400 1444 1436 πνευματικῶς
1465 1401 1505 1432 είς
1522 1400 1684 1436 ὀμοψυχίαν.
1712 1401 1786 1436 Ἔφη
1816 1401 1871 1436 γὰρ

1080 1447 1145 1483 περὶ
1163 1447 1258 1482 ήμῶν·
1284 1456 1294 1472 ι
1323 1447 1382 1474 ὀτι
1403 1447 1450 1474 καὶ
1473 1446 1540 1474 ἄλλα
1562 1446 1684 1482 πρόϐατα
1703 1447 1767 1482 ἔχω,
1783 1447 1802 1474 ἃ
1821 1447 1872 1474 οὐκ

1080 1491 1154 1519 ἔστιν
1169 1493 1201 1519 ὲκ
1213 1492 1264 1527 τῆς
1276 1491 1361 1527 αὐλῆς
1377 1492 1489 1527 ταύτης,
1502 1492 1616 1519 κάκεῖνά
1636 1500 1670 1527 με
1685 1492 1726 1518 δεῖ
1744 1493 1871 1527 ἀγαγεῖν,

1081 1538 1129 1565 καὶ
1143 1538 1288 1572 γενήσεται
1300 1538 1350 1573 μία
1365 1538 1466 1574 ποίμνη
1489 1538 1537 1565 καὶ
1549 1536 1590 1570 εἷς
1605 1539 1719 1574 ποιμήν.
1743 1547 1753 1565 ι

1116 1584 1195 1610 Διότι
1210 1583 1280 1610 τάδε
1293 1583 1374 1618 λέγει
1386 1584 1493 1617 Κύριος
1511 1584 1732 1618 παντοκράτωρ·
1759 1585 1872 1612 Ὀπίσω

1079 1628 1173 1663 δόξης
1181 1628 1355 1656 ἀπέσταλκά
1361 1637 1400 1663 με
1411 1629 1460 1656 ἐπὶ
1473 1628 1510 1656 τὰ
1522 1629 1595 1663 ἔθνη
1607 1629 1643 1656 τὰ
1652 1630 1872 1657 σκυλεύσαντα

1080 1674 1169 1709 ὑμᾶς,
1185 1674 1259 1701 διότι
1274 1675 1290 1701 ό
1312 1674 1478 1709 ἁπτόμενος
1498 1675 1582 1710 ὑμῶν
1603 1675 1642 1709 ὡς
1663 1677 1680 1703 ὀ
1702 1676 1872 1711 ἁπτόμενος

1080 1718 1136 1753 τῆς
1151 1719 1242 1753 κόρης
1256 1719 1308 1746 τοῦ
1323 1720 1480 1754 ὀφθαλμοῦ
1494 1719 1597 1748 αὐτοῦ.

1116 1764 1165 1791 ΙΓ¹.
1186 1758 1248 1791 ’Ὅτι
1271 1765 1321 1799 μὲν
1333 1765 1457 1800 ὲπήμυνέ
1476 1774 1506 1793 τε
1524 1766 1571 1792 καὶ
1590 1766 1736 1802 ἐλυτροῦτο
1755 1767 1872 1802 Χριστὸς

1080 1810 1127 1837 καὶΙ
1144 1810 1206 1841 τοὺς
1228 1810 1310 1838 πάλαι
1332 1810 1423 1844 λαοὺς,
1447 1812 1607 1841 ἐνδοιάσειεν
1629 1812 1663 1840 ἂν
1681 1812 1782 1844 οὐδεὶς,
1797 1813 1826 1840 εἴ
1842 1822 1872 1848 γε

1079 1855 1141 1882 νοῦν
1152 1855 1208 1891 ἔχει
1221 1856 1270 1891 τῆς
1280 1855 1408 1892 ἀληθείας
1429 1856 1474 1883 τὸν
1490 1857 1616 1893 ἐραστήν.
1632 1858 1663 1884 Ei
1675 1858 1729 1894 γὰρ
1743 1858 1829 1891 αὐτὸς
1840 1857 1872 1895 ἦν

1079 1901 1096 1936 ἡ
1112 1901 1215 1936 πέτρα,
1232 1901 1393 1937 δεδιψηκότα
1415 1902 1487 1929 κατά
1504 1903 1554 1938 τὴν
1573 1903 1676 1939 ἔρημον
1695 1904 1814 1937 ποτίζων
1828 1905 1872 1932 τὸν

1085 1947 1203 1983 Ἰσραὴλ,
1225 1947 1272 1974 καὶ
1294 1947 1376 1980 αὑτός
1397 1948 1470 1975 ἐστιν
1488 1949 1502 1975 ό
1523 1948 1558 1975 δι’
1574 1945 1606 1976 οὗ
1622 1948 1658 1989 τὰ
1680 1949 1770 1977 πάντα
1795 1951 1872 1986 rupi

1078 1993 1124 2020 τοῦ
1146 1993 1214 2020 Θεοῦ
1238 1994 1286 2021 καὶ
1308 1994 1425 2030 Πατρδς,
1450 1994 1509 2027 πῶς
1526 1994 1600 2022 ἐστιν
1614 1995 1806 2031 ἀμφιϐάλλειν,
1833 1997 1872 2023 ὅτι

1077 2039 1112 2066 δι’
1126 2040 1208 2067 αὑτοῦ
1233 2039 1281 2066 καὶ
1306 2040 1382 2067 πᾶσα
1406 2039 1539 2076 λύτρωσις
1559 2040 1630 2068 κατὰ
1652 2041 1741 2068 πάντα
1763 2042 1870 2078 καιρὸν,

1078 2084 1128 2111 καὶ
1141 2084 1213 2116 ἄπας
1229 2085 1388 2120 ἐπικουρίας
1400 2085 1550 2121 ἐπράττετο
1562 2085 1680 2121 τρόπος;
1699 2086 1772 2123 Πλὴν
1791 2087 1824 2115 ἐν
1841 2096 1871 2121 γε

1078 2129 1166 2165 τούτῳ
1189 2130 1279 2165 φαμὲν
1304 2131 1360 2163 τοῖς
1385 2131 1415 2158 ὲν
1443 2131 1534 2158 πίστει
1560 2131 1798 2168 δεδικαιωμένοις,
1827 2134 1871 2160 καὶ

242 2162 435 2191 incarnationis
457 2164 565 2192 modum
586 2166 730 2195 ostendere
750 2168 871 2196 dicimus.
890 2169 955 2198 Post
970 2171 1027 2206 glo-

1083 2162 1256 2212 ἡγιασμένοις
1281 2177 1310 2203 ὲν
1331 2162 1478 2212 πνεύματι,
1508 2162 1802 2213 προσφωνεῖνάὺτδν,
1826 2179 1871 2207 καὶ

241 2214 308 2235 nam
323 2209 394 2236 enim
410 2210 522 2238 missum
538 2219 567 2239 se
582 2212 629 2245 ait,
641 2220 692 2240 uec
706 2218 794 2248 potest
807 2215 939 2245 orationis
952 2217 1027 2245 vani-

242 2258 322 2280 tatem
339 2255 467 2282 adhibere
483 2256 536 2284 ullo
551 2257 640 2284 modo.
657 2257 685 2285 Si
703 2260 774 2286 enim
793 2268 802 2285 ι
820 2268 880 2288 cum
897 2261 923 2288 in
940 2262 1026 2290 forma

242 2299 288 2326 Dei
308 2299 395 2328 Patris
419 2307 505 2335 esset,
529 2303 574 2337 qui
594 2311 627 2330 ex
649 2304 707 2338 ipso
724 2309 751 2332 ct
769 2305 796 2332 in
818 2305 874 2341 ipso
894 2313 935 2335 est
956 2307 1027 2337 Deus

243 2344 372 2378 Verbum,
387 2354 438 2374 non
455 2348 576 2382 rapinam
589 2349 736 2377 arbitratus
749 2355 804 2383 est,
818 2359 878 2379 esse
891 2360 919 2380 se
933 2360 1034 2393 aequa-_

241 2390 292 2417 lem
310 2391 374 2426 Deo,
393 2393 476 2429 669
489 2393 570 2427 sicut
585 2395 713 2430 scriptum
731 2402 772 2425 est
798 2398 973 2428 nihilominus
991 2401 1024 2429 ad

242 2439 353 2465 t'ormam
372 2439 445 2467 'servi
468 2441 590 2473 devenit,
608 2446 635 2469 ct
657 2443 810 2472 humiliavit
831 2447 1023 2482 semetipsum,

240 2483 326 2512 factus
341 2485 437 2513 similis
451 2487 529 2514 nobis
540 2487 573 2520 ⁸⁸,
593 2498 602 2515 ι
620 2490 754 2524 quomodo
772 2499 824 2518 non
841 2497 900 2526 post
912 2493 1023 2528 gloriam

242 2530 290 2563 ipsi
305 2538 475 2566 summopere
490 2540 682 2568 congruentem
696 2537 783 2565 factus
796 2539 855 2565 est?
867 2539 931 2573 Quae
946 2540 1027 2575 igitur

240 2582 320 2602 causa
343 2575 394 2603 fuit
419 2582 448 2604 ut
471 2580 646 2614 temporalem
673 2581 848 2617 ignominiam
871 2587 1027 2620 pateretur?

240 2621 307 2654 Quia
322 2622 395 2649 venit
409 2624 551 2658 spoliatum
565 2627 737 2662 spoliatores,
751 2634 778 2657 et
793 2630 840 2665 qui
856 2631 983 2667 degentes
997 2633 1024 2660 in

242 2668 336 2701 terris,
350 2669 375 2696 id
390 2674 431 2697 est
450 2678 500 2699 nos
525 2672 589 2709 jugo
604 2681 652 2702 suo
667 2675 856 2710 subjecerant,
870 2685 939 2712 quos
954 2678 1028 2706 mali-

313 2765 382 2813 l’lsal.
399 2776 492 2813 clay",
511 2771 572 2800 140.
611 2774 633 2790 ³⁸
647 2775 743 2802 Matth.
764 2783 836 2811 xxiv,
855 2776 898 2803 12.
947 2777 968 2794 ³⁷
985 2777 1029 2807 Joa

1083 2788 1108 2813 κ,
1128 2780 1168 2807 i6.

244 2799 263 2815 ”
278 2802 346 2828 l'sul.
364 2811 394 2832 tt.
408 2803 463 2830 6-8.

1080 2222 1124 2249 τὸν
1159 2223 1208 2257 τῆς
1238 2222 1472 2259 ὲνανθρωπήσεως
1505 2224 1723 2260 κατασημαίνειν
1757 2225 1870 2260 τρόπον.

1086 2267 1187 2295 Ὀπίσω
1208 2268 1262 2304 γὰρ
1283 2268 1362 2304 δόξης
1377 2269 1546 2297 ἀπεστάλθαι
1563 2270 1640 2306 φησι,
1657 2271 1704 2298 καὶ
1717 2270 1871 2306 ψευδοεπή-

1079 2323 1151 2341 σειεν
1169 2314 1203 2341 ἃν
1221 2315 1356 2350 οὐδαμῶς.
1381 2315 1413 2342 Εἰ
1436 2315 1492 2352 γὰρ
1513 2316 1542 2343 ὲν
1564 2318 1655 2352 μορφῇ
1678 2316 1723 2344 τοῦ
1741 2317 1809 2344 Θεοῦ
1828 2318 1871 2345 καὶ

1079 2361 1185 2397 Πατρδς
1206 2361 1336 2397 ὑπάρχων
1356 2362 1371 2388 ὁ
1390 2361 1420 2394 ἐξ
1437 2361 1520 2389 αὑτοῦ
1538 2370 1568 2389 τε
1593 2362 1640 2389 καὶ
1660 2362 1690 2389 ὲν
1709 2363 1785 2398 αὐτῷ
1805 2363 1871 2394 Θεὸς

1077 2407 1174 2441 Λόγος,
1194 2416 1203 2433 ι
1220 2407 1269 2443 οὐχ
1292 2408 1439 2443 ἁρπαγμὸν
1461 2408 1582 2444 ἡγήσατο
1595 2407 1625 2434 τὸ
1644 2406 1713 2434 εἶναι
1732 2409 1777 2435 (ea
1799 2408 1868 2442 Θεῷ,

1080 2453 1150 2480 καθὰ
1170 2453 1336 2488 γέγραπται,
1365 2453 1492 2480 καθίκετο
1513 2453 1542 2480 δὲ
1562 2453 1610 2480 καὶ
1628 2453 1668 2485 είς
1686 2453 1780 2480 δούλου
1806 2463 1868 2489 μορ‹

1081 2498 1143 2533 (θὴν,
1151 2499 1198 2525 καὶ
1212 2499 1411 2525 τεταπείνωκεν
1420 2499 1525 2531 ἑαυτὸν,
1535 2499 1679 2534 γενόμενος
1692 2499 1752 2526 καθ’
1763 2500 1847 2536 ἡμᾶς·
1858 2509 1866 2525 ι

1081 2544 1138 2576 πῶς
1152 2544 1202 2571 οὐκ
1217 2543 1306 2571 ὀπίσω
1321 2544 1416 2579 γέγονε
1439 2545 1490 2580 τῆς
1508 2545 1548 2571 ὅτι
1571 2545 1688 2580 μάλιστα
1709 2546 1868 2581 πρεπούσης

1080 2590 1204 2622 εὐκλείας
1220 2591 1313 2626 αὺτῷ;
1332 2591 1380 2622 Τίς
1393 2588 1439 2617 οὖν
1456 2591 1470 2617 ὀ
1493 2590 1570 2625 λόγος
1586 2591 1633 2617 τοῦ
1656 2591 1754 2627 χρῆναι
1773 2591 1867 2618 παθεῖν

1081 2635 1161 2662 αὐτὸν
1184 2635 1232 2671 τὴν
1251 2636 1418 2671 πρόσκαιρον
1442 2635 1567 2668 ἀδοξίανς
1596 2636 1720 2671 ’Δφίκετο
1743 2637 1793 2672 μὲν
1815 2637 1866 2672 γὰρ

1082 2680 1237 2708 σκυλεύσων
1249 2681 1310 2713 τοὺς
1325 2680 1543 2716 πεπορθηκότας,
1557 2681 1604 2708 καὶ
1618 2683 1673 2714 τοῖς
1687 2682 1763 2716 σφῶν
1779 2682 1866 2709 αὐτῶν

1224 2781 1245 2797 ³’
1273 2781 1280 2807 l
1305 2781 1365 2809 Cor.
1397 2782 1466 2815 x,4.
1523 2782 1546 2798 "
1563 2781 1643 2810 Num.
1671 2790 1718 2816 xx,
1748 2783 1766 2810 2
1790 2790 1864 2819 seqq.
