  <div class='ocr_page' id='page_1' title='image "/cluster/home/n/w/nwhite01/storage/ocr_20150623/72/njp.32101077772752/034.png"; bbox 0 0 1910 3050; ppageno 0'>
   <div class='ocr_carea' id='block_1_1' title="bbox 57 123 1691 162">
    <p class='ocr_par' dir='ltr' id='par_1_1' title="bbox 57 123 1691 162">
     <span class='ocr_line' id='line_1_1' title="bbox 57 123 1691 162; baseline -0.003 -7"><span class='ocrx_word' id='word_1_1' title='bbox 57 126 88 156; x_wconf 67' lang='lat'><strong>31</strong></span> <span class='ocrx_word' id='word_1_2' title='bbox 467 123 741 153; x_wconf 72' lang='lat' dir='ltr'><strong>COMMENTARIUS</strong></span> <span class='ocrx_word' id='word_1_3' title='bbox 761 124 795 152; x_wconf 80' lang='lat' dir='ltr'><strong>IN</strong></span> <span class='ocrx_word' id='word_1_4' title='bbox 815 123 1014 152; x_wconf 62' lang='lat' dir='ltr'><strong>ZACIIARIAM</strong></span> <span class='ocrx_word' id='word_1_5' title='bbox 1036 123 1256 153; x_wconf 77' lang='lat' dir='ltr'><strong>PROPIIETAM.</strong></span> <span class='ocrx_word' id='word_1_6' title='bbox 1645 129 1691 162; x_wconf 32' lang='lat'><strong>33.</strong></span> 
     </span>
    </p>
   </div>
   <div class='ocr_carea' id='block_1_2' title="bbox 63 182 849 219">
    <p class='ocr_par' dir='ltr' id='par_1_2' title="bbox 63 182 846 218">
     <span class='ocr_line' id='line_1_2' title="bbox 63 182 846 218; baseline 0.001 -10"><span class='ocrx_word' id='word_1_7' title='bbox 63 182 257 216; x_wconf 56' lang='grc' dir='ltr'>ἀπενεγκόντας</span> <span class='ocrx_word' id='word_1_8' title='bbox 281 182 376 217; x_wconf 74' lang='grc' dir='ltr'>ζυγοῖς</span> <span class='ocrx_word' id='word_1_9' title='bbox 398 182 460 214; x_wconf 74' lang='grc' dir='ltr'>τοὺς</span> <span class='ocrx_word' id='word_1_10' title='bbox 486 183 533 209; x_wconf 74' lang='grc' dir='ltr'><strong>ἐπὶ</strong></span> <span class='ocrx_word' id='word_1_11' title='bbox 553 183 603 218; x_wconf 85' lang='grc' dir='ltr'><strong>τῆς</strong></span> <span class='ocrx_word' id='word_1_12' title='bbox 624 182 686 218; x_wconf 80' lang='grc' dir='ltr'>γῆς,</span> <span class='ocrx_word' id='word_1_13' title='bbox 708 183 846 209; x_wconf 77' lang='grc' dir='ltr'><strong>τουτέστιν</strong></span> 
     </span>
    </p>
   </div>
   <div class='ocr_carea' id='block_1_3' title="bbox 904 182 1681 219">
    <p class='ocr_par' dir='ltr' id='par_1_3' title="bbox 904 182 1681 219">
     <span class='ocr_line' id='line_1_3' title="bbox 904 182 1681 219; baseline 0.004 -9"><span class='ocrx_word' id='word_1_14' title='bbox 904 190 955 218; x_wconf 65' lang='lat' dir='ltr'><strong>gnat</strong></span> <span class='ocrx_word' id='word_1_15' title='bbox 974 187 1001 210; x_wconf 89' lang='lat' dir='ltr'><strong>et</strong></span> <span class='ocrx_word' id='word_1_16' title='bbox 1019 183 1179 210; x_wconf 79' lang='lat' dir='ltr'><strong>adversaria:</strong></span> <span class='ocrx_word' id='word_1_17' title='bbox 1199 185 1346 218; x_wconf 70' lang='lat' dir='ltr'><strong>potestates</strong></span> <span class='ocrx_word' id='word_1_18' title='bbox 1364 182 1527 217; x_wconf 85' lang='lat' dir='ltr'><strong>impotenter</strong></span> <span class='ocrx_word' id='word_1_19' title='bbox 1544 184 1681 219; x_wconf 65' lang='lat' dir='ltr'><strong>depraeda-</strong></span> 
     </span>
    </p>
   </div>
   <div class='ocr_carea' id='block_1_4' title="bbox 61 227 847 264">
    <p class='ocr_par' dir='ltr' id='par_1_4' title="bbox 61 227 847 264">
     <span class='ocr_line' id='line_1_4' title="bbox 61 227 847 264; baseline -0.009 -4"><span class='ocrx_word' id='word_1_20' title='bbox 61 229 142 264; x_wconf 63' lang='grc' dir='ltr'>ἡμᾶς,</span> <span class='ocrx_word' id='word_1_21' title='bbox 166 227 211 259; x_wconf 70' lang='grc' dir='ltr'>οὓς</span> <span class='ocrx_word' id='word_1_22' title='bbox 238 229 266 254; x_wconf 79' lang='grc' dir='ltr'>αἱ</span> <span class='ocrx_word' id='word_1_23' title='bbox 294 229 412 264; x_wconf 79' lang='grc' dir='ltr'>πονηραὶ</span> <span class='ocrx_word' id='word_1_24' title='bbox 442 228 486 254; x_wconf 83' lang='grc' dir='ltr'><strong>καί</strong></span> <span class='ocrx_word' id='word_1_25' title='bbox 514 228 701 262; x_wconf 81' lang='grc' dir='ltr'>ἀντικείμεναι</span> <span class='ocrx_word' id='word_1_26' title='bbox 720 228 847 263; x_wconf 79' lang='grc' dir='ltr'>δυνάμεις</span> 
     </span>
    </p>
   </div>
   <div class='ocr_carea' id='block_1_5' title="bbox 62 273 846 309">
    <p class='ocr_par' dir='ltr' id='par_1_5' title="bbox 62 273 846 309">
     <span class='ocr_line' id='line_1_5' title="bbox 62 273 846 309; baseline -0.001 -8"><span class='ocrx_word' id='word_1_27' title='bbox 62 275 178 309; x_wconf 75' lang='grc' dir='ltr'><strong>ἀσχέτως</strong></span> <span class='ocrx_word' id='word_1_28' title='bbox 203 273 407 309; x_wconf 78' lang='grc' dir='ltr'>κατεληῖζοντο.</span> <span class='ocrx_word' id='word_1_29' title='bbox 436 273 614 301; x_wconf 80' lang='grc' dir='ltr'>Σκυλεύονται</span> <span class='ocrx_word' id='word_1_30' title='bbox 643 273 671 300; x_wconf 74' lang='grc' dir='ltr'>δὲ</span> <span class='ocrx_word' id='word_1_31' title='bbox 699 274 773 307; x_wconf 71' lang='grc' dir='ltr'>νυνὶ,</span> <span class='ocrx_word' id='word_1_32' title='bbox 799 274 846 301; x_wconf 83' lang='grc' dir='ltr'>τοῦ</span> 
     </span>
    </p>
   </div>
   <div class='ocr_carea' id='block_1_6' title="bbox 63 318 847 355">
    <p class='ocr_par' dir='ltr' id='par_1_6' title="bbox 63 318 847 355">
     <span class='ocr_line' id='line_1_6' title="bbox 63 318 847 355; baseline 0 -9"><span class='ocrx_word' id='word_1_33' title='bbox 63 320 168 346; x_wconf 78' lang='grc' dir='ltr'>πάντων</span> <span class='ocrx_word' id='word_1_34' title='bbox 185 318 263 354; x_wconf 84' lang='grc' dir='ltr'>ἡμῶν</span> <span class='ocrx_word' id='word_1_35' title='bbox 276 319 403 354; x_wconf 82' lang='grc' dir='ltr'><strong>Σωτῆρος</strong></span> <span class='ocrx_word' id='word_1_36' title='bbox 419 319 536 354; x_wconf 77' lang='grc' dir='ltr'><strong>Χριστοῦ</strong></span> <span class='ocrx_word' id='word_1_37' title='bbox 550 319 761 354; x_wconf 74' lang='grc' dir='ltr'><strong>συγκομίζοντος</strong></span> <span class='ocrx_word' id='word_1_38' title='bbox 774 320 847 355; x_wconf 80' lang='grc' dir='ltr'>ἡμᾶς</span> 
     </span>
    </p>
   </div>
   <div class='ocr_carea' id='block_1_7' title="bbox 62 364 847 399">
    <p class='ocr_par' dir='ltr' id='par_1_7' title="bbox 62 364 847 399">
     <span class='ocr_line' id='line_1_7' title="bbox 62 364 847 399; baseline -0.001 -8"><span class='ocrx_word' id='word_1_39' title='bbox 62 365 106 391; x_wconf 71' lang='grc' dir='ltr'><strong>διὰ</strong></span> <span class='ocrx_word' id='word_1_40' title='bbox 131 365 179 399; x_wconf 73' lang='grc' dir='ltr'>τῆς</span> <span class='ocrx_word' id='word_1_41' title='bbox 206 364 326 396; x_wconf 80' lang='grc' dir='ltr'>πίστεως</span> <span class='ocrx_word' id='word_1_42' title='bbox 355 365 395 396; x_wconf 82' lang='grc' dir='ltr'>εἰς</span> <span class='ocrx_word' id='word_1_43' title='bbox 420 364 526 396; x_wconf 76' lang='grc' dir='ltr'>ἑαυτὸν,</span> <span class='ocrx_word' id='word_1_44' title='bbox 549 364 596 391; x_wconf 74' lang='grc' dir='ltr'>καὶ</span> <span class='ocrx_word' id='word_1_45' title='bbox 620 364 700 396; x_wconf 81' lang='grc' dir='ltr'>ὶδίους</span> <span class='ocrx_word' id='word_1_46' title='bbox 726 365 847 397; x_wconf 79' lang='grc' dir='ltr'><strong>ἱστάντος</strong></span> 
     </span>
    </p>
   </div>
   <div class='ocr_carea' id='block_1_8' title="bbox 63 409 847 445">
    <p class='ocr_par' dir='ltr' id='par_1_8' title="bbox 63 409 847 445">
     <span class='ocr_line' id='line_1_8' title="bbox 63 409 847 445; baseline 0.003 -10"><span class='ocrx_word' id='word_1_47' title='bbox 63 409 263 444; x_wconf 77' lang='grc' dir='ltr'>προοκυνητάς,</span> <span class='ocrx_word' id='word_1_48' title='bbox 289 410 352 441; x_wconf 68' lang='grc' dir='ltr'>τοὺς</span> <span class='ocrx_word' id='word_1_49' title='bbox 376 410 435 441; x_wconf 76' lang='grc' dir='ltr'>ταῖς</span> <span class='ocrx_word' id='word_1_50' title='bbox 456 410 520 445; x_wconf 81' lang='grc' dir='ltr'>παρ’</span> <span class='ocrx_word' id='word_1_51' title='bbox 547 409 658 436; x_wconf 70' lang='grc' dir='ltr'>ἐκείνων</span> <span class='ocrx_word' id='word_1_52' title='bbox 681 410 847 443; x_wconf 80' lang='grc' dir='ltr'><strong>πλεονεξίαις</strong></span> 
     </span>
    </p>
   </div>
   <div class='ocr_carea' id='block_1_9' title="bbox 64 455 847 492">
    <p class='ocr_par' dir='ltr' id='par_1_9' title="bbox 64 455 847 492">
     <span class='ocr_line' id='line_1_9' title="bbox 64 455 847 492; baseline 0.003 -11"><span class='ocrx_word' id='word_1_53' title='bbox 64 455 304 490; x_wconf 66' lang='grc' dir='ltr'>πεφορτισμένους,</span> <span class='ocrx_word' id='word_1_54' title='bbox 323 455 370 482; x_wconf 73' lang='grc' dir='ltr'>καὶ</span> <span class='ocrx_word' id='word_1_55' title='bbox 384 455 518 490; x_wconf 77' lang='grc' dir='ltr'><strong>τοσαύτην</strong></span> <span class='ocrx_word' id='word_1_56' title='bbox 539 456 604 491; x_wconf 86' lang='grc' dir='ltr'>ἡμῖν</span> <span class='ocrx_word' id='word_1_57' title='bbox 619 455 783 492; x_wconf 78' lang='grc' dir='ltr'>παρέχοντος</span> <span class='ocrx_word' id='word_1_58' title='bbox 798 458 847 492; x_wconf 79' lang='grc' dir='ltr'>τὴν</span> 
     </span>
    </p>
   </div>
   <div class='ocr_carea' id='block_1_10' title="bbox 64 500 847 538">
    <p class='ocr_par' dir='ltr' id='par_1_10' title="bbox 64 500 847 538">
     <span class='ocr_line' id='line_1_10' title="bbox 64 500 847 538; baseline 0.004 -12"><span class='ocrx_word' id='word_1_59' title='bbox 64 500 221 534; x_wconf 77' lang='grc' dir='ltr'>ἀσφάλειαν,</span> <span class='ocrx_word' id='word_1_60' title='bbox 234 500 304 527; x_wconf 78' lang='grc' dir='ltr'>ὥστε</span> <span class='ocrx_word' id='word_1_61' title='bbox 321 501 366 528; x_wconf 81' lang='grc' dir='ltr'>τὸν</span> <span class='ocrx_word' id='word_1_62' title='bbox 385 501 509 528; x_wconf 75' lang='grc' dir='ltr'>ἐθέλοντα</span> <span class='ocrx_word' id='word_1_63' title='bbox 523 501 627 535; x_wconf 84' lang='grc' dir='ltr'><strong>λυπεῖν,</strong></span> <span class='ocrx_word' id='word_1_64' title='bbox 643 503 784 538; x_wconf 82' lang='grc' dir='ltr'>μονονουχὶ</span> <span class='ocrx_word' id='word_1_65' title='bbox 797 503 847 538; x_wconf 81' lang='grc' dir='ltr'>τῆς</span> 
     </span>
    </p>
   </div>
   <div class='ocr_carea' id='block_1_11' title="bbox 66 546 847 585">
    <p class='ocr_par' dir='ltr' id='par_1_11' title="bbox 66 546 847 585">
     <span class='ocr_line' id='line_1_11' title="bbox 66 546 847 585; baseline 0.005 -13"><span class='ocrx_word' id='word_1_66' title='bbox 66 546 131 577; x_wconf 73' lang='grc' dir='ltr'>ἰδίεις</span> <span class='ocrx_word' id='word_1_67' title='bbox 150 546 283 573; x_wconf 70' lang='grc' dir='ltr'>ἅπτεσθαι</span> <span class='ocrx_word' id='word_1_68' title='bbox 300 547 394 582; x_wconf 73' lang='grc' dir='ltr'>κόρης.</span> <span class='ocrx_word' id='word_1_69' title='bbox 410 547 608 583; x_wconf 76' lang='grc' dir='ltr'>Περιτρέπεται</span> <span class='ocrx_word' id='word_1_70' title='bbox 622 548 675 584; x_wconf 77' lang='grc' dir='ltr'><strong>γὰρ</strong></span> <span class='ocrx_word' id='word_1_71' title='bbox 692 549 789 585; x_wconf 82' lang='grc' dir='ltr'>ἀείπερ</span> <span class='ocrx_word' id='word_1_72' title='bbox 807 550 847 582; x_wconf 84' lang='grc' dir='ltr'><strong>είς</strong></span> 
     </span>
    </p>
   </div>
   <div class='ocr_carea' id='block_1_12' title="bbox 64 592 847 629">
    <p class='ocr_par' dir='ltr' id='par_1_12' title="bbox 64 592 847 629">
     <span class='ocr_line' id='line_1_12' title="bbox 64 592 847 629; baseline 0.005 -12"><span class='ocrx_word' id='word_1_73' title='bbox 64 592 118 617; x_wconf 76' lang='grc' dir='ltr'><strong>πᾶν</strong></span> <span class='ocrx_word' id='word_1_74' title='bbox 134 592 288 619; x_wconf 79' lang='grc' dir='ltr'>τούναντίον</span> <span class='ocrx_word' id='word_1_75' title='bbox 300 592 354 619; x_wconf 86' lang='grc' dir='ltr'>τῶν</span> <span class='ocrx_word' id='word_1_76' title='bbox 368 593 535 628; x_wconf 68' lang='grc' dir='ltr'>πραγμάτιον</span> <span class='ocrx_word' id='word_1_77' title='bbox 555 595 571 629; x_wconf 82' lang='grc' dir='ltr'><strong>ἡ</strong></span> <span class='ocrx_word' id='word_1_78' title='bbox 586 593 698 626; x_wconf 77' lang='grc' dir='ltr'>ἔκϐασις</span> <span class='ocrx_word' id='word_1_79' title='bbox 717 596 772 626; x_wconf 82' lang='grc' dir='ltr'>τοῖς</span> <span class='ocrx_word' id='word_1_80' title='bbox 786 595 847 622; x_wconf 84' lang='grc' dir='ltr'>διώ-</span> 
     </span>
    </p>
   </div>
   <div class='ocr_carea' id='block_1_13' title="bbox 62 636 847 675">
    <p class='ocr_par' dir='ltr' id='par_1_13' title="bbox 62 636 847 675">
     <span class='ocr_line' id='line_1_13' title="bbox 62 636 847 675; baseline 0.005 -13"><span class='ocrx_word' id='word_1_81' title='bbox 62 644 139 663; x_wconf 80' lang='grc' dir='ltr'>κουσι</span> <span class='ocrx_word' id='word_1_82' title='bbox 155 638 205 672; x_wconf 84' lang='grc' dir='ltr'>τῆν</span> <span class='ocrx_word' id='word_1_83' title='bbox 225 636 398 673; x_wconf 80' lang='grc' dir='ltr'><strong>Ἐκκλησίαν,</strong></span> <span class='ocrx_word' id='word_1_84' title='bbox 415 638 519 672; x_wconf 78' lang='grc' dir='ltr'>λέγοιτο</span> <span class='ocrx_word' id='word_1_85' title='bbox 533 639 556 666; x_wconf 82' lang='grc' dir='ltr'>δ’</span> <span class='ocrx_word' id='word_1_86' title='bbox 578 639 610 666; x_wconf 81' lang='grc' dir='ltr'>ἂν</span> <span class='ocrx_word' id='word_1_87' title='bbox 631 640 673 674; x_wconf 76' lang='grc' dir='ltr'><strong>ἐφ’</strong></span> <span class='ocrx_word' id='word_1_88' title='bbox 690 640 796 675; x_wconf 76' lang='grc' dir='ltr'>ἑκάστῳ</span> <span class='ocrx_word' id='word_1_89' title='bbox 817 640 847 666; x_wconf 83' lang='grc' dir='ltr'><strong>τὺ</strong></span> 
     </span>
    </p>
   </div>
   <div class='ocr_carea' id='block_1_14' title="bbox 63 683 845 720">
    <p class='ocr_par' dir='ltr' id='par_1_14' title="bbox 63 683 845 720">
     <span class='ocr_line' id='line_1_14' title="bbox 63 683 845 720; baseline 0.006 -12"><span class='ocrx_word' id='word_1_90' title='bbox 63 683 92 708; x_wconf 82' lang='grc' dir='ltr'>ὲν</span> <span class='ocrx_word' id='word_1_91' title='bbox 107 683 230 718; x_wconf 75' lang='grc' dir='ltr'>Ψαλμοῖς</span> <span class='ocrx_word' id='word_1_92' title='bbox 241 692 247 698; x_wconf 90' lang='grc'>·</span> <span class='ocrx_word' id='word_1_93' title='bbox 267 692 276 709; x_wconf 78' lang='grc' dir='ltr'><strong>ι</strong></span> <span class='ocrx_word' id='word_1_94' title='bbox 294 684 403 710; x_wconf 79' lang='grc' dir='ltr'>Λάκκυν</span> <span class='ocrx_word' id='word_1_95' title='bbox 419 684 515 720; x_wconf 78' lang='grc' dir='ltr'>ὤρυξε,</span> <span class='ocrx_word' id='word_1_96' title='bbox 530 685 576 711; x_wconf 84' lang='grc' dir='ltr'>καὶ</span> <span class='ocrx_word' id='word_1_97' title='bbox 595 686 745 720; x_wconf 73' lang='grc' dir='ltr'>ἀνέσκαψεν</span> <span class='ocrx_word' id='word_1_98' title='bbox 756 687 845 719; x_wconf 69' lang='grc' dir='ltr'>αὑτὸν,</span> 
     </span>
    </p>
   </div>
   <div class='ocr_carea' id='block_1_15' title="bbox 64 728 847 767">
    <p class='ocr_par' dir='ltr' id='par_1_15' title="bbox 64 728 847 767">
     <span class='ocr_line' id='line_1_15' title="bbox 64 728 847 767; baseline 0.005 -13"><span class='ocrx_word' id='word_1_99' title='bbox 64 728 109 754; x_wconf 66' lang='grc' dir='ltr'>καὶ</span> <span class='ocrx_word' id='word_1_100' title='bbox 120 730 282 763; x_wconf 81' lang='grc' dir='ltr'><strong>ἐμπεσεῖται</strong></span> <span class='ocrx_word' id='word_1_101' title='bbox 295 730 333 761; x_wconf 82' lang='grc' dir='ltr'>εις</span> <span class='ocrx_word' id='word_1_102' title='bbox 350 729 446 765; x_wconf 84' lang='grc' dir='ltr'>βόθρον</span> <span class='ocrx_word' id='word_1_103' title='bbox 469 731 498 757; x_wconf 85' lang='grc' dir='ltr'>ὃν</span> <span class='ocrx_word' id='word_1_104' title='bbox 512 731 669 765; x_wconf 81' lang='grc' dir='ltr'>εἰργάσατο·</span> <span class='ocrx_word' id='word_1_105' title='bbox 687 732 847 767; x_wconf 70' lang='grc' dir='ltr'>ἐπιστρέψει</span> 
     </span>
    </p>
   </div>
   <div class='ocr_carea' id='block_1_16' title="bbox 62 774 847 814">
    <p class='ocr_par' dir='ltr' id='par_1_16' title="bbox 62 774 847 814">
     <span class='ocr_line' id='line_1_16' title="bbox 62 774 847 814; baseline 0.009 -15"><span class='ocrx_word' id='word_1_106' title='bbox 62 775 76 799; x_wconf 72' lang='grc' dir='ltr'><strong>ὁ</strong></span> <span class='ocrx_word' id='word_1_107' title='bbox 100 775 178 806; x_wconf 80' lang='grc' dir='ltr'>πόνος</span> <span class='ocrx_word' id='word_1_108' title='bbox 202 774 284 801; x_wconf 76' lang='grc' dir='ltr'>αὐτοῦ</span> <span class='ocrx_word' id='word_1_109' title='bbox 304 775 344 806; x_wconf 75' lang='grc' dir='ltr'>εἰς</span> <span class='ocrx_word' id='word_1_110' title='bbox 359 775 478 811; x_wconf 79' lang='grc' dir='ltr'>κεφαλὴν</span> <span class='ocrx_word' id='word_1_111' title='bbox 494 776 586 809; x_wconf 81' lang='grc' dir='ltr'>αὐτοῦ,</span> <span class='ocrx_word' id='word_1_112' title='bbox 601 778 649 804; x_wconf 74' lang='grc' dir='ltr'>καὶ</span> <span class='ocrx_word' id='word_1_113' title='bbox 661 778 707 804; x_wconf 71' lang='grc' dir='ltr'><strong>ἐπὶ</strong></span> <span class='ocrx_word' id='word_1_114' title='bbox 725 778 847 814; x_wconf 79' lang='grc' dir='ltr'>κορυφὴν</span> 
     </span>
    </p>
   </div>
   <div class='ocr_carea' id='block_1_17' title="bbox 62 820 846 860">
    <p class='ocr_par' dir='ltr' id='par_1_17' title="bbox 62 820 846 860">
     <span class='ocr_line' id='line_1_17' title="bbox 62 820 846 860; baseline 0.008 -15"><span class='ocrx_word' id='word_1_115' title='bbox 62 820 143 846; x_wconf 72' lang='grc' dir='ltr'>αὐτοῦ</span> <span class='ocrx_word' id='word_1_116' title='bbox 159 821 175 854; x_wconf 91' lang='grc' dir='ltr'><strong>ἡ</strong></span> <span class='ocrx_word' id='word_1_117' title='bbox 197 820 287 847; x_wconf 76' lang='grc' dir='ltr'>ἀδικία</span> <span class='ocrx_word' id='word_1_118' title='bbox 311 820 395 848; x_wconf 79' lang='grc' dir='ltr'>αὐτοῦ</span> <span class='ocrx_word' id='word_1_119' title='bbox 420 821 616 857; x_wconf 78' lang='grc' dir='ltr'>καταϐήσεται.</span> <span class='ocrx_word' id='word_1_120' title='bbox 646 832 656 848; x_wconf 77' lang='lat' dir='ltr'><strong>r</strong></span> <span class='ocrx_word' id='word_1_121' title='bbox 684 823 798 859; x_wconf 76' lang='grc' dir='ltr'>’Ἂψεται</span> <span class='ocrx_word' id='word_1_122' title='bbox 814 825 846 860; x_wconf 74' lang='grc' dir='ltr'>δὴ</span> 
     </span>
    </p>
   </div>
   <div class='ocr_carea' id='block_1_18' title="bbox 901 227 1680 262">
    <p class='ocr_par' dir='ltr' id='par_1_18' title="bbox 901 227 1680 262">
     <span class='ocr_line' id='line_1_18' title="bbox 901 227 1680 262; baseline 0.004 -7"><span class='ocrx_word' id='word_1_123' title='bbox 901 230 1006 255; x_wconf 79' lang='lat' dir='ltr'><strong>bantur.</strong></span> <span class='ocrx_word' id='word_1_124' title='bbox 1023 227 1098 256; x_wconf 86' lang='lat' dir='ltr'><strong>Nunc</strong></span> <span class='ocrx_word' id='word_1_125' title='bbox 1120 229 1236 255; x_wconf 82' lang='lat' dir='ltr'><strong>vicissim</strong></span> <span class='ocrx_word' id='word_1_126' title='bbox 1258 228 1415 262; x_wconf 82' lang='lat' dir='ltr'><strong>spoliantur.</strong></span> <span class='ocrx_word' id='word_1_127' title='bbox 1432 228 1538 257; x_wconf 82' lang='lat' dir='ltr'><strong>Christo</strong></span> <span class='ocrx_word' id='word_1_128' title='bbox 1561 231 1680 258; x_wconf 88' lang='lat' dir='ltr'><strong>omnium</strong></span> 
     </span>
    </p>
   </div>
   <div class='ocr_carea' id='block_1_19' title="bbox 902 273 1682 312">
    <p class='ocr_par' dir='ltr' id='par_1_19' title="bbox 902 273 1682 312">
     <span class='ocr_line' id='line_1_19' title="bbox 902 273 1682 312; baseline 0.004 -11"><span class='ocrx_word' id='word_1_129' title='bbox 902 279 1020 302; x_wconf 88' lang='lat' dir='ltr'><strong>nostrum</strong></span> <span class='ocrx_word' id='word_1_130' title='bbox 1045 273 1185 300; x_wconf 86' lang='lat' dir='ltr'><strong>Salvatore</strong></span> <span class='ocrx_word' id='word_1_131' title='bbox 1214 281 1262 301; x_wconf 90' lang='lat' dir='ltr'><strong>nos</strong></span> <span class='ocrx_word' id='word_1_132' title='bbox 1290 274 1315 300; x_wconf 91' lang='lat' dir='ltr'><strong>in</strong></span> <span class='ocrx_word' id='word_1_133' title='bbox 1346 274 1403 308; x_wconf 91' lang='lat' dir='ltr'><strong>ipso</strong></span> <span class='ocrx_word' id='word_1_134' title='bbox 1430 281 1607 310; x_wconf 79' lang='lat' dir='ltr'><strong>congregante</strong></span> <span class='ocrx_word' id='word_1_135' title='bbox 1634 285 1682 312; x_wconf 78' lang='lat' dir='ltr'><strong>per</strong></span> 
     </span>
    </p>
   </div>
   <div class='ocr_carea' id='block_1_20' title="bbox 901 319 1682 354">
    <p class='ocr_par' dir='ltr' id='par_1_20' title="bbox 901 319 1682 354">
     <span class='ocr_line' id='line_1_20' title="bbox 901 319 1682 354; baseline 0.004 -7"><span class='ocrx_word' id='word_1_136' title='bbox 901 320 991 353; x_wconf 88' lang='lat' dir='ltr'><strong>ﬁdetn,</strong></span> <span class='ocrx_word' id='word_1_137' title='bbox 1002 324 1029 347; x_wconf 89' lang='lat' dir='ltr'><strong>et</strong></span> <span class='ocrx_word' id='word_1_138' title='bbox 1043 320 1198 347; x_wconf 86' lang='lat' dir='ltr'><strong>adoratores</strong></span> <span class='ocrx_word' id='word_1_139' title='bbox 1212 326 1274 346; x_wconf 89' lang='lat' dir='ltr'><strong>suos</strong></span> <span class='ocrx_word' id='word_1_140' title='bbox 1290 319 1394 346; x_wconf 87' lang='lat' dir='ltr'><strong>illorum</strong></span> <span class='ocrx_word' id='word_1_141' title='bbox 1411 322 1529 354; x_wconf 82' lang='lat' dir='ltr'><strong>potentia</strong></span> <span class='ocrx_word' id='word_1_142' title='bbox 1554 325 1580 348; x_wconf 77' lang='lat' dir='ltr'><strong>rt</strong></span> <span class='ocrx_word' id='word_1_143' title='bbox 1595 322 1682 350; x_wconf 88' lang='lat' dir='ltr'><strong>domi&#39;-</strong></span> 
     </span>
    </p>
   </div>
   <div class='ocr_carea' id='block_1_21' title="bbox 901 365 1680 401">
    <p class='ocr_par' dir='ltr' id='par_1_21' title="bbox 901 365 1680 401">
     <span class='ocr_line' id='line_1_21' title="bbox 901 365 1680 401; baseline 0.004 -9"><span class='ocrx_word' id='word_1_144' title='bbox 901 366 1008 393; x_wconf 82' lang='lat' dir='ltr'><strong>natione</strong></span> <span class='ocrx_word' id='word_1_145' title='bbox 1018 365 1160 393; x_wconf 83' lang='lat' dir='ltr'><strong>amictatos</strong></span> <span class='ocrx_word' id='word_1_146' title='bbox 1171 366 1334 398; x_wconf 86' lang='lat' dir='ltr'><strong>instituentc,</strong></span> <span class='ocrx_word' id='word_1_147' title='bbox 1344 371 1498 401; x_wconf 81' lang='lat' dir='ltr'><strong>tantumque</strong></span> <span class='ocrx_word' id='word_1_148' title='bbox 1508 369 1680 396; x_wconf 80' lang='lat' dir='ltr'><strong>securitatem</strong></span> 
     </span>
    </p>
   </div>
   <div class='ocr_carea' id='block_1_22' title="bbox 902 411 1680 447">
    <p class='ocr_par' dir='ltr' id='par_1_22' title="bbox 902 411 1680 447">
     <span class='ocr_line' id='line_1_22' title="bbox 902 411 1680 447; baseline -0.001 -7"><span class='ocrx_word' id='word_1_149' title='bbox 902 412 1029 440; x_wconf 73' lang='lat' dir='ltr'><strong>afferente</strong></span> <span class='ocrx_word' id='word_1_150' title='bbox 1042 416 1071 439; x_wconf 95' lang='lat' dir='ltr'><strong>ut</strong></span> <span class='ocrx_word' id='word_1_151' title='bbox 1085 412 1129 447; x_wconf 85' lang='lat' dir='ltr'><strong>qui</strong></span> <span class='ocrx_word' id='word_1_152' title='bbox 1148 411 1225 439; x_wconf 88' lang='lat' dir='ltr'><strong>nobis</strong></span> <span class='ocrx_word' id='word_1_153' title='bbox 1241 411 1370 438; x_wconf 77' lang='lat' dir='ltr'><strong>exhibere</strong></span> <span class='ocrx_word' id='word_1_154' title='bbox 1387 411 1537 439; x_wconf 87' lang='lat' dir='ltr'><strong>molestiam</strong></span> <span class='ocrx_word' id='word_1_155' title='bbox 1555 417 1680 444; x_wconf 85' lang='lat' dir='ltr'><strong>couctur.</strong></span> 
     </span>
    </p>
   </div>
   <div class='ocr_carea' id='block_1_23' title="bbox 901 457 1680 492">
    <p class='ocr_par' dir='ltr' id='par_1_23' title="bbox 901 457 1680 492">
     <span class='ocr_line' id='line_1_23' title="bbox 901 457 1680 492; baseline -0.001 -7"><span class='ocrx_word' id='word_1_156' title='bbox 901 462 1002 485; x_wconf 84' lang='lat' dir='ltr'><strong>tantum</strong></span> <span class='ocrx_word' id='word_1_157' title='bbox 1026 466 1079 485; x_wconf 90' lang='lat' dir='ltr'><strong>non</strong></span> <span class='ocrx_word' id='word_1_158' title='bbox 1104 457 1228 492; x_wconf 80' lang='lat' dir='ltr'><strong>pupillam</strong></span> <span class='ocrx_word' id='word_1_159' title='bbox 1253 464 1327 484; x_wconf 87' lang='lat' dir='ltr'><strong>suam</strong></span> <span class='ocrx_word' id='word_1_160' title='bbox 1356 462 1457 492; x_wconf 84' lang='lat' dir='ltr'><strong>tangat.</strong></span> <span class='ocrx_word' id='word_1_161' title='bbox 1477 458 1587 492; x_wconf 86' lang='lat' dir='ltr'><strong>Semper</strong></span> <span class='ocrx_word' id='word_1_162' title='bbox 1609 459 1680 485; x_wconf 86' lang='lat' dir='ltr'><strong>enim</strong></span> 
     </span>
    </p>
   </div>
   <div class='ocr_carea' id='block_1_24' title="bbox 900 504 1681 538">
    <p class='ocr_par' dir='ltr' id='par_1_24' title="bbox 900 504 1681 538">
     <span class='ocr_line' id='line_1_24' title="bbox 900 504 1681 538; baseline -0.001 -6"><span class='ocrx_word' id='word_1_163' title='bbox 900 504 1117 538; x_wconf 61' lang='lat' dir='ltr'><strong>persecutoribus</strong></span> <span class='ocrx_word' id='word_1_164' title='bbox 1135 504 1262 530; x_wconf 63' lang='lat' dir='ltr'><strong>ECclesiaa</strong></span> <span class='ocrx_word' id='word_1_165' title='bbox 1280 509 1393 530; x_wconf 87' lang='lat' dir='ltr'><strong>conatus</strong></span> <span class='ocrx_word' id='word_1_166' title='bbox 1416 504 1533 537; x_wconf 86' lang='lat' dir='ltr'><strong>ipsorqu</strong></span> <span class='ocrx_word' id='word_1_167' title='bbox 1558 504 1584 530; x_wconf 94' lang='lat' dir='ltr'><strong>in</strong></span> <span class='ocrx_word' id='word_1_168' title='bbox 1603 510 1681 538; x_wconf 89' lang='lat' dir='ltr'><strong>caput</strong></span> 
     </span>
    </p>
   </div>
   <div class='ocr_carea' id='block_1_25' title="bbox 901 539 1681 583">
    <p class='ocr_par' dir='ltr' id='par_1_25' title="bbox 901 539 1681 583">
     <span class='ocr_line' id='line_1_25' title="bbox 901 539 1681 583; baseline -0.004 -8"><span class='ocrx_word' id='word_1_169' title='bbox 901 550 1070 580; x_wconf 88' lang='lat' dir='ltr'><strong>reciderunt,</strong></span> <span class='ocrx_word' id='word_1_170' title='bbox 1089 553 1117 575; x_wconf 90' lang='lat' dir='ltr'><strong>et</strong></span> <span class='ocrx_word' id='word_1_171' title='bbox 1138 548 1222 583; x_wconf 78' lang='lat' dir='ltr'><strong>possit</strong></span> <span class='ocrx_word' id='word_1_172' title='bbox 1244 555 1326 582; x_wconf 84' lang='lat' dir='ltr'><strong>super</strong></span> <span class='ocrx_word' id='word_1_173' title='bbox 1348 539 1508 582; x_wconf 80' lang='lat' dir='ltr'><strong>unoquoque</strong></span> <span class='ocrx_word' id='word_1_174' title='bbox 1533 547 1585 574; x_wconf 87' lang='lat' dir='ltr'><strong>dici</strong></span> <span class='ocrx_word' id='word_1_175' title='bbox 1610 547 1681 581; x_wconf 84' lang='lat' dir='ltr'><strong>quod</strong></span> 
     </span>
    </p>
   </div>
   <div class='ocr_carea' id='block_1_26' title="bbox 900 592 1681 628">
    <p class='ocr_par' dir='ltr' id='par_1_26' title="bbox 900 592 1681 628">
     <span class='ocr_line' id='line_1_26' title="bbox 900 592 1681 628; baseline -0.005 -6"><span class='ocrx_word' id='word_1_176' title='bbox 900 599 990 623; x_wconf 81' lang='lat' dir='ltr'><strong>exstat</strong></span> <span class='ocrx_word' id='word_1_177' title='bbox 1004 595 1029 622; x_wconf 89' lang='lat' dir='ltr'><strong>in</strong></span> <span class='ocrx_word' id='word_1_178' title='bbox 1041 594 1155 621; x_wconf 80' lang='lat' dir='ltr'><strong>Psalmis</strong></span> <span class='ocrx_word' id='word_1_179' title='bbox 1171 604 1177 621; x_wconf 90' lang='lat'><strong>:</strong></span> <span class='ocrx_word' id='word_1_180' title='bbox 1196 603 1206 620; x_wconf 77' lang='grc' dir='ltr'><strong>ι</strong></span> <span class='ocrx_word' id='word_1_181' title='bbox 1225 593 1324 621; x_wconf 83' lang='lat' dir='ltr'><strong>Lacunl</strong></span> <span class='ocrx_word' id='word_1_182' title='bbox 1339 593 1454 628; x_wconf 82' lang='lat' dir='ltr'><strong>aperuit,</strong></span> <span class='ocrx_word' id='word_1_183' title='bbox 1467 598 1494 620; x_wconf 91' lang='lat' dir='ltr'><strong>et</strong></span> <span class='ocrx_word' id='word_1_184' title='bbox 1507 592 1681 622; x_wconf 82' lang='lat' dir='ltr'><strong>cll&#39;nditeum.</strong></span> 
     </span>
    </p>
   </div>
   <div class='ocr_carea' id='block_1_27' title="bbox 900 637 1683 674">
    <p class='ocr_par' dir='ltr' id='par_1_27' title="bbox 900 637 1683 674">
     <span class='ocr_line' id='line_1_27' title="bbox 900 637 1683 674; baseline -0.005 -6"><span class='ocrx_word' id='word_1_185' title='bbox 900 646 927 668; x_wconf 78' lang='lat' dir='ltr'><strong>et</strong></span> <span class='ocrx_word' id='word_1_186' title='bbox 947 641 1025 668; x_wconf 84' lang='lat' dir='ltr'><strong>cadet</strong></span> <span class='ocrx_word' id='word_1_187' title='bbox 1043 641 1068 667; x_wconf 93' lang='lat' dir='ltr'><strong>in</strong></span> <span class='ocrx_word' id='word_1_188' title='bbox 1091 640 1195 668; x_wconf 77' lang='lat' dir='ltr'><strong>foveam</strong></span> <span class='ocrx_word' id='word_1_189' title='bbox 1214 647 1293 674; x_wconf 88' lang='lat' dir='ltr'><strong>quam</strong></span> <span class='ocrx_word' id='word_1_190' title='bbox 1317 639 1394 673; x_wconf 84' lang='lat' dir='ltr'><strong>fecit;</strong></span> <span class='ocrx_word' id='word_1_191' title='bbox 1416 643 1587 666; x_wconf 85' lang='lat' dir='ltr'><strong>convertetur</strong></span> <span class='ocrx_word' id='word_1_192' title='bbox 1607 637 1683 664; x_wconf 84' lang='lat' dir='ltr'><strong>labor</strong></span> 
     </span>
    </p>
   </div>
   <div class='ocr_carea' id='block_1_28' title="bbox 899 685 1683 722">
    <p class='ocr_par' dir='ltr' id='par_1_28' title="bbox 899 685 1683 722">
     <span class='ocr_line' id='line_1_28' title="bbox 899 685 1683 722; baseline -0.004 -8"><span class='ocrx_word' id='word_1_193' title='bbox 899 687 958 722; x_wconf 85' lang='lat' dir='ltr'><strong>ejus</strong></span> <span class='ocrx_word' id='word_1_194' title='bbox 980 687 1006 713; x_wconf 94' lang='lat' dir='ltr'><strong>in</strong></span> <span class='ocrx_word' id='word_1_195' title='bbox 1026 691 1105 721; x_wconf 90' lang='lat' dir='ltr'><strong>caput</strong></span> <span class='ocrx_word' id='word_1_196' title='bbox 1126 686 1220 721; x_wconf 85' lang='lat' dir='ltr'><strong>ipsius,</strong></span> <span class='ocrx_word' id='word_1_197' title='bbox 1234 690 1261 713; x_wconf 91' lang='lat' dir='ltr'><strong>et</strong></span> <span class='ocrx_word' id='word_1_198' title='bbox 1281 686 1306 712; x_wconf 95' lang='lat' dir='ltr'><strong>in</strong></span> <span class='ocrx_word' id='word_1_199' title='bbox 1329 685 1456 712; x_wconf 85' lang='lat' dir='ltr'><strong>verticem</strong></span> <span class='ocrx_word' id='word_1_200' title='bbox 1478 685 1536 720; x_wconf 84' lang='lat' dir='ltr'><strong>ejus</strong></span> <span class='ocrx_word' id='word_1_201' title='bbox 1554 685 1683 720; x_wconf 85' lang='lat' dir='ltr'><strong>iniquitas</strong></span> 
     </span>
    </p>
   </div>
   <div class='ocr_carea' id='block_1_29' title="bbox 901 729 1684 766">
    <p class='ocr_par' dir='ltr' id='par_1_29' title="bbox 901 729 1684 766">
     <span class='ocr_line' id='line_1_29' title="bbox 901 729 1684 766; baseline -0.005 -7"><span class='ocrx_word' id='word_1_202' title='bbox 901 732 984 766; x_wconf 84' lang='lat' dir='ltr'><strong>ipsius</strong></span> <span class='ocrx_word' id='word_1_203' title='bbox 1005 731 1190 760; x_wconf 75' lang='lat' dir='ltr'><strong>descendet“.</strong></span> <span class='ocrx_word' id='word_1_204' title='bbox 1211 740 1220 756; x_wconf 77' lang='grc' dir='ltr'><strong>ι</strong></span> <span class='ocrx_word' id='word_1_205' title='bbox 1239 730 1342 766; x_wconf 75' lang='lat' dir='ltr'><strong>Tauget</strong></span> <span class='ocrx_word' id='word_1_206' title='bbox 1359 730 1440 765; x_wconf 77' lang='lat' dir='ltr'><strong>igitur</strong></span> <span class='ocrx_word' id='word_1_207' title='bbox 1457 737 1501 763; x_wconf 83' lang='lat' dir='ltr'><strong>se,</strong></span> <span class='ocrx_word' id='word_1_208' title='bbox 1519 729 1622 764; x_wconf 81' lang='lat' dir='ltr'><strong>inquit,</strong></span> <span class='ocrx_word' id='word_1_209' title='bbox 1637 729 1684 764; x_wconf 91' lang='lat' dir='ltr'><strong>qui</strong></span> 
     </span>
    </p>
   </div>
   <div class='ocr_carea' id='block_1_30' title="bbox 901 775 1684 809">
    <p class='ocr_par' dir='ltr' id='par_1_30' title="bbox 901 775 1684 809">
     <span class='ocr_line' id='line_1_30' title="bbox 901 775 1684 809; baseline -0.005 -4"><span class='ocrx_word' id='word_1_210' title='bbox 901 778 1043 806; x_wconf 81' lang='lat' dir='ltr'><strong>animabus</strong></span> <span class='ocrx_word' id='word_1_211' title='bbox 1062 778 1087 805; x_wconf 92' lang='lat' dir='ltr'><strong>in</strong></span> <span class='ocrx_word' id='word_1_212' title='bbox 1107 785 1149 804; x_wconf 91' lang='lat' dir='ltr'><strong>me</strong></span> <span class='ocrx_word' id='word_1_213' title='bbox 1166 777 1334 805; x_wconf 83' lang='lat' dir='ltr'><strong>credentium</strong></span> <span class='ocrx_word' id='word_1_214' title='bbox 1356 776 1509 803; x_wconf 86' lang='lat' dir='ltr'><strong>insidiatur.</strong></span> <span class='ocrx_word' id='word_1_215' title='bbox 1530 775 1584 802; x_wconf 87' lang='lat' dir='ltr'><strong>lloc</strong></span> <span class='ocrx_word' id='word_1_216' title='bbox 1603 775 1684 809; x_wconf 79' lang='lat' dir='ltr'><strong>igitur</strong></span> 
     </span>
    </p>
   </div>
   <div class='ocr_carea' id='block_1_31' title="bbox 901 820 1683 859">
    <p class='ocr_par' dir='ltr' id='par_1_31' title="bbox 901 820 1683 859">
     <span class='ocr_line' id='line_1_31' title="bbox 901 820 1683 859; baseline -0.005 -8"><span class='ocrx_word' id='word_1_217' title='bbox 901 831 948 859; x_wconf 90' lang='lat' dir='ltr'><strong>per</strong></span> <span class='ocrx_word' id='word_1_218' title='bbox 968 823 1138 851; x_wconf 83' lang='lat' dir='ltr'><strong>Psalmistam</strong></span> <span class='ocrx_word' id='word_1_219' title='bbox 1162 823 1226 850; x_wconf 85' lang='lat' dir='ltr'><strong>dicit</strong></span> <span class='ocrx_word' id='word_1_220' title='bbox 1248 832 1255 849; x_wconf 92' lang='lat'><strong><em>:</em></strong></span> <span class='ocrx_word' id='word_1_221' title='bbox 1283 831 1292 848; x_wconf 77' lang='grc' dir='ltr'><strong>ι</strong></span> <span class='ocrx_word' id='word_1_222' title='bbox 1320 821 1409 849; x_wconf 87' lang='lat' dir='ltr'><strong>Nolite</strong></span> <span class='ocrx_word' id='word_1_223' title='bbox 1438 826 1548 855; x_wconf 81' lang='lat' dir='ltr'><strong>tangere</strong></span> <span class='ocrx_word' id='word_1_224' title='bbox 1566 820 1683 847; x_wconf 87' lang='lat' dir='ltr'><strong>christos</strong></span> 
     </span>
    </p>
   </div>
   <div class='ocr_carea' id='block_1_32' title="bbox 62 863 849 904">
    <p class='ocr_par' dir='ltr' id='par_1_32' title="bbox 62 863 849 902">
     <span class='ocr_line' id='line_1_32' title="bbox 62 863 849 902; baseline 0.008 -11"><span class='ocrx_word' id='word_1_225' title='bbox 62 863 108 892; x_wconf 75' lang='grc' dir='ltr'>οὖν</span> <span class='ocrx_word' id='word_1_226' title='bbox 123 865 231 898; x_wconf 76' lang='grc' dir='ltr'>ἑαυτοῦ,</span> <span class='ocrx_word' id='word_1_227' title='bbox 256 867 349 901; x_wconf 72' lang='grc' dir='ltr'>φησὶν,</span> <span class='ocrx_word' id='word_1_228' title='bbox 374 868 387 893; x_wconf 81' lang='grc' dir='ltr'><strong>ό</strong></span> <span class='ocrx_word' id='word_1_229' title='bbox 401 869 461 898; x_wconf 87' lang='grc' dir='ltr'>ταῖς</span> <span class='ocrx_word' id='word_1_230' title='bbox 477 867 530 894; x_wconf 84' lang='grc' dir='ltr'>τῶν</span> <span class='ocrx_word' id='word_1_231' title='bbox 552 868 611 902; x_wconf 62' lang='grc' dir='ltr'>ἐμοὶ</span> <span class='ocrx_word' id='word_1_232' title='bbox 633 870 849 897; x_wconf 81' lang='grc' dir='ltr'>πεπιστευκότων</span> 
     </span>
    </p>
   </div>
   <div class='ocr_carea' id='block_1_33' title="bbox 904 863 1684 904">
    <p class='ocr_par' dir='ltr' id='par_1_33' title="bbox 904 867 1684 904">
     <span class='ocr_line' id='line_1_33' title="bbox 904 867 1684 904; baseline -0.005 -8"><span class='ocrx_word' id='word_1_233' title='bbox 904 876 990 902; x_wconf 88' lang='lat' dir='ltr'><strong>meos,</strong></span> <span class='ocrx_word' id='word_1_234' title='bbox 1004 873 1030 896; x_wconf 82' lang='lat' dir='ltr'><strong>et</strong></span> <span class='ocrx_word' id='word_1_235' title='bbox 1045 869 1071 896; x_wconf 93' lang='lat' dir='ltr'><strong>in</strong></span> <span class='ocrx_word' id='word_1_236' title='bbox 1089 869 1228 904; x_wconf 81' lang='lat' dir='ltr'><strong>prophetis</strong></span> <span class='ocrx_word' id='word_1_237' title='bbox 1243 868 1310 895; x_wconf 82' lang='lat' dir='ltr'><strong>meis</strong></span> <span class='ocrx_word' id='word_1_238' title='bbox 1325 868 1407 895; x_wconf 85' lang='lat' dir='ltr'><strong>nolite</strong></span> <span class='ocrx_word' id='word_1_239' title='bbox 1423 867 1560 902; x_wconf 74' lang='lat' dir='ltr'><strong>ntalignari</strong></span> <span class='ocrx_word' id='word_1_240' title='bbox 1572 867 1605 893; x_wconf 67' lang='grc' dir='ltr'><strong>δ’.</strong></span> <span class='ocrx_word' id='word_1_241' title='bbox 1623 875 1632 892; x_wconf 78' lang='grc' dir='ltr'><strong>ι</strong></span> <span class='ocrx_word' id='word_1_242' title='bbox 1654 879 1684 885; x_wconf 94' lang='lat'><strong>-—-</strong></span> 
     </span>
    </p>
   </div>
   <div class='ocr_carea' id='block_1_34' title="bbox 63 911 849 950">
    <p class='ocr_par' dir='ltr' id='par_1_34' title="bbox 63 911 849 950">
     <span class='ocr_line' id='line_1_34' title="bbox 63 911 849 950; baseline 0.005 -12"><span class='ocrx_word' id='word_1_243' title='bbox 63 911 246 938; x_wconf 73' lang='grc' dir='ltr'>ἐπιϐουλεύων</span> <span class='ocrx_word' id='word_1_244' title='bbox 259 911 367 946; x_wconf 74' lang='grc' dir='ltr'>ψυχαῖς.</span> <span class='ocrx_word' id='word_1_245' title='bbox 388 913 473 939; x_wconf 79' lang='grc' dir='ltr'>Τοῦτό</span> <span class='ocrx_word' id='word_1_246' title='bbox 488 913 527 940; x_wconf 86' lang='grc' dir='ltr'><strong>τοί</strong></span> <span class='ocrx_word' id='word_1_247' title='bbox 543 922 609 948; x_wconf 77' lang='grc' dir='ltr'>φησι</span> <span class='ocrx_word' id='word_1_248' title='bbox 624 914 670 940; x_wconf 78' lang='grc' dir='ltr'>καὶ</span> <span class='ocrx_word' id='word_1_249' title='bbox 680 914 724 942; x_wconf 82' lang='grc' dir='ltr'><strong>διὰ</strong></span> <span class='ocrx_word' id='word_1_250' title='bbox 736 915 786 950; x_wconf 86' lang='grc' dir='ltr'>τῆς</span> <span class='ocrx_word' id='word_1_251' title='bbox 803 915 849 942; x_wconf 80' lang='grc' dir='ltr'>τοῦ</span> 
     </span>
    </p>
   </div>
   <div class='ocr_carea' id='block_1_35' title="bbox 64 957 847 995">
    <p class='ocr_par' dir='ltr' id='par_1_35' title="bbox 64 957 847 995">
     <span class='ocr_line' id='line_1_35' title="bbox 64 957 847 995; baseline 0.005 -12"><span class='ocrx_word' id='word_1_252' title='bbox 64 957 215 988; x_wconf 73' lang='grc' dir='ltr'>Ψάλλοντος</span> <span class='ocrx_word' id='word_1_253' title='bbox 231 957 338 992; x_wconf 74' lang='grc' dir='ltr'>φωνῆς·</span> <span class='ocrx_word' id='word_1_254' title='bbox 355 967 364 983; x_wconf 80' lang='grc' dir='ltr'><strong>ι</strong></span> <span class='ocrx_word' id='word_1_255' title='bbox 385 958 430 994; x_wconf 83' lang='grc' dir='ltr'><strong>Μὴ</strong></span> <span class='ocrx_word' id='word_1_256' title='bbox 445 958 563 985; x_wconf 76' lang='grc' dir='ltr'>ἅπτεσθε</span> <span class='ocrx_word' id='word_1_257' title='bbox 579 958 633 985; x_wconf 81' lang='grc' dir='ltr'>τῶν</span> <span class='ocrx_word' id='word_1_258' title='bbox 645 960 769 995; x_wconf 82' lang='grc' dir='ltr'>Χριστῶν</span> <span class='ocrx_word' id='word_1_259' title='bbox 785 969 847 995; x_wconf 87' lang='grc' dir='ltr'>μου,</span> 
     </span>
    </p>
   </div>
   <div class='ocr_carea' id='block_1_36' title="bbox 63 1002 847 1040">
    <p class='ocr_par' dir='ltr' id='par_1_36' title="bbox 63 1002 847 1040">
     <span class='ocr_line' id='line_1_36' title="bbox 63 1002 847 1040; baseline 0.006 -12"><span class='ocrx_word' id='word_1_260' title='bbox 63 1002 109 1028; x_wconf 69' lang='grc' dir='ltr'>καὶ</span> <span class='ocrx_word' id='word_1_261' title='bbox 125 1003 154 1028; x_wconf 79' lang='grc' dir='ltr'>ἐν</span> <span class='ocrx_word' id='word_1_262' title='bbox 164 1003 221 1034; x_wconf 81' lang='grc' dir='ltr'>τοῖς</span> <span class='ocrx_word' id='word_1_263' title='bbox 239 1004 391 1038; x_wconf 80' lang='grc' dir='ltr'>προφήταις</span> <span class='ocrx_word' id='word_1_264' title='bbox 405 1012 455 1038; x_wconf 87' lang='grc' dir='ltr'><strong>μου</strong></span> <span class='ocrx_word' id='word_1_265' title='bbox 470 1003 508 1039; x_wconf 83' lang='grc' dir='ltr'>μὴ</span> <span class='ocrx_word' id='word_1_266' title='bbox 524 1004 718 1040; x_wconf 80' lang='grc' dir='ltr'>πονηρεὺεσθε.</span> <span class='ocrx_word' id='word_1_267' title='bbox 729 1015 782 1031; x_wconf 80' lang='grc' dir='ltr'>ι-</span> <span class='ocrx_word' id='word_1_268' title='bbox 795 1016 804 1032; x_wconf 83' lang='grc' dir='ltr'><strong>ι</strong></span> <span class='ocrx_word' id='word_1_269' title='bbox 816 1007 847 1033; x_wconf 77' lang='lat' dir='ltr'><strong>Et</strong></span> 
     </span>
    </p>
   </div>
   <div class='ocr_carea' id='block_1_37' title="bbox 63 1048 845 1086">
    <p class='ocr_par' dir='ltr' id='par_1_37' title="bbox 63 1048 845 1086">
     <span class='ocr_line' id='line_1_37' title="bbox 63 1048 845 1086; baseline 0.006 -13"><span class='ocrx_word' id='word_1_270' title='bbox 63 1048 116 1083; x_wconf 76' lang='grc' dir='ltr'>γάρ</span> <span class='ocrx_word' id='word_1_271' title='bbox 134 1049 218 1083; x_wconf 84' lang='grc' dir='ltr'>ἐσμεν</span> <span class='ocrx_word' id='word_1_272' title='bbox 242 1048 322 1083; x_wconf 80' lang='grc' dir='ltr'>σῶμα</span> <span class='ocrx_word' id='word_1_273' title='bbox 341 1048 469 1084; x_wconf 83' lang='grc' dir='ltr'>Χριστοῦ,</span> <span class='ocrx_word' id='word_1_274' title='bbox 487 1050 534 1076; x_wconf 78' lang='grc' dir='ltr'>καὶ</span> <span class='ocrx_word' id='word_1_275' title='bbox 558 1050 626 1086; x_wconf 84' lang='grc' dir='ltr'>μέλη</span> <span class='ocrx_word' id='word_1_276' title='bbox 650 1051 681 1078; x_wconf 80' lang='grc' dir='ltr'>ὲκ</span> <span class='ocrx_word' id='word_1_277' title='bbox 707 1051 813 1086; x_wconf 81' lang='grc' dir='ltr'>μέλους,</span> <span class='ocrx_word' id='word_1_278' title='bbox 836 1061 845 1078; x_wconf 71' lang='grc' dir='ltr'><strong>ι</strong></span> 
     </span>
    </p>
   </div>
   <div class='ocr_carea' id='block_1_38' title="bbox 64 1093 846 1133">
    <p class='ocr_par' dir='ltr' id='par_1_38' title="bbox 64 1093 846 1133">
     <span class='ocr_line' id='line_1_38' title="bbox 64 1093 846 1133; baseline 0.009 -15"><span class='ocrx_word' id='word_1_279' title='bbox 64 1093 120 1124; x_wconf 79' lang='grc' dir='ltr'>πῶς</span> <span class='ocrx_word' id='word_1_280' title='bbox 139 1093 172 1120; x_wconf 79' lang='grc' dir='ltr'><strong>ἀν</strong></span> <span class='ocrx_word' id='word_1_281' title='bbox 186 1093 296 1128; x_wconf 80' lang='grc' dir='ltr'>πρόοιτο</span> <span class='ocrx_word' id='word_1_282' title='bbox 309 1095 366 1125; x_wconf 84' lang='grc' dir='ltr'>τοῖς</span> <span class='ocrx_word' id='word_1_283' title='bbox 379 1094 604 1130; x_wconf 83' lang='grc' dir='ltr'>φιλαμαρτήμοσι</span> <span class='ocrx_word' id='word_1_284' title='bbox 623 1096 653 1123; x_wconf 81' lang='grc' dir='ltr'><strong>τὸ</strong></span> <span class='ocrx_word' id='word_1_285' title='bbox 671 1097 735 1124; x_wconf 72' lang='grc' dir='ltr'>[διον</span> <span class='ocrx_word' id='word_1_286' title='bbox 751 1098 846 1133; x_wconf 74' lang='grc' dir='ltr'>σῶμας</span> 
     </span>
    </p>
   </div>
   <div class='ocr_carea' id='block_1_39' title="bbox 902 912 1684 949">
    <p class='ocr_par' dir='ltr' id='par_1_39' title="bbox 902 912 1684 949">
     <span class='ocr_line' id='line_1_39' title="bbox 902 912 1684 949; baseline -0.004 -8"><span class='ocrx_word' id='word_1_287' title='bbox 902 923 911 940; x_wconf 80' lang='grc' dir='ltr'><strong>ι</strong></span> <span class='ocrx_word' id='word_1_288' title='bbox 938 914 966 941; x_wconf 91' lang='lat' dir='ltr'><strong>Si</strong></span> <span class='ocrx_word' id='word_1_289' title='bbox 989 913 1059 941; x_wconf 89' lang='lat' dir='ltr'><strong>enim</strong></span> <span class='ocrx_word' id='word_1_290' title='bbox 1081 921 1174 942; x_wconf 88' lang='lat' dir='ltr'><strong>sumus</strong></span> <span class='ocrx_word' id='word_1_291' title='bbox 1198 921 1297 949; x_wconf 86' lang='lat' dir='ltr'><strong>corpus</strong></span> <span class='ocrx_word' id='word_1_292' title='bbox 1323 913 1438 946; x_wconf 84' lang='lat' dir='ltr'><strong>Christi,</strong></span> <span class='ocrx_word' id='word_1_293' title='bbox 1456 917 1483 940; x_wconf 89' lang='lat' dir='ltr'><strong>et</strong></span> <span class='ocrx_word' id='word_1_294' title='bbox 1507 912 1625 940; x_wconf 85' lang='lat' dir='ltr'><strong>membra</strong></span> <span class='ocrx_word' id='word_1_295' title='bbox 1650 913 1684 939; x_wconf 80' lang='lat' dir='ltr'><strong>de</strong></span> 
     </span>
    </p>
   </div>
   <div class='ocr_carea' id='block_1_40' title="bbox 902 960 1684 996">
    <p class='ocr_par' dir='ltr' id='par_1_40' title="bbox 902 960 1684 996">
     <span class='ocr_line' id='line_1_40' title="bbox 902 960 1684 996; baseline -0.004 -8"><span class='ocrx_word' id='word_1_296' title='bbox 902 960 1022 988; x_wconf 89' lang='lat' dir='ltr'><strong>membro</strong></span> <span class='ocrx_word' id='word_1_297' title='bbox 1032 961 1055 976; x_wconf 81' lang='lat'><strong><em>“</em></strong></span> <span class='ocrx_word' id='word_1_298' title='bbox 1070 960 1119 996; x_wconf 81' lang='lat' dir='ltr'><strong>(i),</strong></span> <span class='ocrx_word' id='word_1_299' title='bbox 1138 970 1147 986; x_wconf 81' lang='grc' dir='ltr'><strong>ι</strong></span> <span class='ocrx_word' id='word_1_300' title='bbox 1160 963 1293 995; x_wconf 88' lang='lat' dir='ltr'><strong>quomodo</strong></span> <span class='ocrx_word' id='word_1_301' title='bbox 1303 968 1400 995; x_wconf 87' lang='lat' dir='ltr'><strong>corpus</strong></span> <span class='ocrx_word' id='word_1_302' title='bbox 1409 968 1487 988; x_wconf 89' lang='lat' dir='ltr'><strong>suum</strong></span> <span class='ocrx_word' id='word_1_303' title='bbox 1498 960 1684 994; x_wconf 82' lang='lat' dir='ltr'><strong>peccatoribus</strong></span> 
     </span>
    </p>
   </div>
   <div class='ocr_carea' id='block_1_41' title="bbox 901 1005 1685 1042">
    <p class='ocr_par' dir='ltr' id='par_1_41' title="bbox 901 1005 1685 1042">
     <span class='ocr_line' id='line_1_41' title="bbox 901 1005 1685 1042; baseline -0.004 -7"><span class='ocrx_word' id='word_1_304' title='bbox 901 1006 1047 1041; x_wconf 78' lang='lat' dir='ltr'><strong>objecerit?</strong></span> <span class='ocrx_word' id='word_1_305' title='bbox 1059 1011 1104 1034; x_wconf 88' lang='lat' dir='ltr'><strong>aut</strong></span> <span class='ocrx_word' id='word_1_306' title='bbox 1117 1007 1250 1042; x_wconf 90' lang='lat' dir='ltr'><strong>quomodo</strong></span> <span class='ocrx_word' id='word_1_307' title='bbox 1264 1007 1382 1035; x_wconf 85' lang='lat' dir='ltr'><strong>membra</strong></span> <span class='ocrx_word' id='word_1_308' title='bbox 1399 1014 1446 1034; x_wconf 90' lang='lat' dir='ltr'><strong>sua</strong></span> <span class='ocrx_word' id='word_1_309' title='bbox 1459 1005 1536 1033; x_wconf 88' lang='lat' dir='ltr'><strong>malis</strong></span> <span class='ocrx_word' id='word_1_310' title='bbox 1553 1005 1685 1032; x_wconf 88' lang='lat' dir='ltr'><strong>cumulari</strong></span> 
     </span>
    </p>
   </div>
   <div class='ocr_carea' id='block_1_42' title="bbox 901 1049 1685 1088">
    <p class='ocr_par' dir='ltr' id='par_1_42' title="bbox 901 1049 1685 1088">
     <span class='ocr_line' id='line_1_42' title="bbox 901 1049 1685 1088; baseline -0.005 -8"><span class='ocrx_word' id='word_1_311' title='bbox 901 1053 1077 1081; x_wconf 79' lang='lat' dir='ltr'><strong>sustinuerit?</strong></span> <span class='ocrx_word' id='word_1_312' title='bbox 1091 1053 1157 1085; x_wconf 87' lang='lat' dir='ltr'><strong>lmo,</strong></span> <span class='ocrx_word' id='word_1_313' title='bbox 1172 1053 1306 1088; x_wconf 88' lang='lat' dir='ltr'><strong>quomodo</strong></span> <span class='ocrx_word' id='word_1_314' title='bbox 1321 1059 1374 1079; x_wconf 79' lang='lat' dir='ltr'><strong>non</strong></span> <span class='ocrx_word' id='word_1_315' title='bbox 1389 1052 1483 1078; x_wconf 89' lang='lat' dir='ltr'><strong>ultima</strong></span> <span class='ocrx_word' id='word_1_316' title='bbox 1497 1051 1572 1077; x_wconf 87' lang='lat' dir='ltr'><strong>luant</strong></span> <span class='ocrx_word' id='word_1_317' title='bbox 1584 1049 1685 1084; x_wconf 79' lang='lat' dir='ltr'><strong>suppli-</strong></span> 
     </span>
    </p>
   </div>
   <div class='ocr_carea' id='block_1_43' title="bbox 902 1096 1640 1134">
    <p class='ocr_par' dir='ltr' id='par_1_43' title="bbox 902 1096 1640 1134">
     <span class='ocr_line' id='line_1_43' title="bbox 902 1096 1640 1134; baseline -0.005 -8"><span class='ocrx_word' id='word_1_318' title='bbox 902 1099 955 1132; x_wconf 85' lang='lat' dir='ltr'><strong>cia,</strong></span> <span class='ocrx_word' id='word_1_319' title='bbox 968 1099 1013 1134; x_wconf 89' lang='lat' dir='ltr'><strong>qui</strong></span> <span class='ocrx_word' id='word_1_320' title='bbox 1030 1100 1116 1127; x_wconf 81' lang='lat' dir='ltr'><strong>servis</strong></span> <span class='ocrx_word' id='word_1_321' title='bbox 1129 1099 1188 1134; x_wconf 86' lang='lat' dir='ltr'><strong>ejus</strong></span> <span class='ocrx_word' id='word_1_322' title='bbox 1202 1098 1333 1126; x_wconf 86' lang='lat' dir='ltr'><strong>scelerate</strong></span> <span class='ocrx_word' id='word_1_323' title='bbox 1349 1098 1460 1125; x_wconf 79' lang='lat' dir='ltr'><strong>insidias</strong></span> <span class='ocrx_word' id='word_1_324' title='bbox 1478 1096 1640 1124; x_wconf 87' lang='lat' dir='ltr'><strong>moliuntur?</strong></span> 
     </span>
    </p>
   </div>
   <div class='ocr_carea' id='block_1_44' title="bbox 63 1140 1684 1181">
    <p class='ocr_par' dir='ltr' id='par_1_44' title="bbox 63 1140 1684 1181">
     <span class='ocr_line' id='line_1_44' title="bbox 63 1140 1684 1181; baseline 0.001 -15"><span class='ocrx_word' id='word_1_325' title='bbox 63 1140 79 1173; x_wconf 80' lang='grc' dir='ltr'><strong>ἦ</strong></span> <span class='ocrx_word' id='word_1_326' title='bbox 97 1140 154 1171; x_wconf 69' lang='grc' dir='ltr'>πῶς</span> <span class='ocrx_word' id='word_1_327' title='bbox 173 1140 296 1173; x_wconf 79' lang='grc' dir='ltr'>ἀνέξεται</span> <span class='ocrx_word' id='word_1_328' title='bbox 313 1141 406 1167; x_wconf 74' lang='grc' dir='ltr'>κακῶν</span> <span class='ocrx_word' id='word_1_329' title='bbox 420 1142 595 1178; x_wconf 79' lang='grc' dir='ltr'>ἀναπιμπλᾷν</span> <span class='ocrx_word' id='word_1_330' title='bbox 613 1142 648 1169; x_wconf 79' lang='grc' dir='ltr'>τὰ</span> <span class='ocrx_word' id='word_1_331' title='bbox 683 1143 769 1179; x_wconf 76' lang='grc' dir='ltr'>μέλης</span> <span class='ocrx_word' id='word_1_332' title='bbox 802 1144 910 1172; x_wconf 83' lang='grc' dir='ltr'>Μᾶλλον</span> <span class='ocrx_word' id='word_1_333' title='bbox 925 1145 964 1177; x_wconf 83' lang='grc' dir='ltr'>δὲ,</span> <span class='ocrx_word' id='word_1_334' title='bbox 988 1145 1045 1177; x_wconf 82' lang='grc' dir='ltr'><strong>πῶς</strong></span> <span class='ocrx_word' id='word_1_335' title='bbox 1075 1145 1125 1172; x_wconf 75' lang='grc' dir='ltr'>οὐκ</span> <span class='ocrx_word' id='word_1_336' title='bbox 1160 1145 1193 1172; x_wconf 80' lang='grc' dir='ltr'>ἂν</span> <span class='ocrx_word' id='word_1_337' title='bbox 1213 1144 1262 1181; x_wconf 77' lang='grc' dir='ltr'>τὴν</span> <span class='ocrx_word' id='word_1_338' title='bbox 1284 1144 1402 1180; x_wconf 75' lang='grc' dir='ltr'>ἐσχάτην</span> <span class='ocrx_word' id='word_1_339' title='bbox 1421 1143 1577 1170; x_wconf 81' lang='grc' dir='ltr'>ἀποτίσειαν</span> <span class='ocrx_word' id='word_1_340' title='bbox 1597 1142 1684 1177; x_wconf 79' lang='grc' dir='ltr'>δίκην,</span> 
     </span>
    </p>
   </div>
   <div class='ocr_carea' id='block_1_45' title="bbox 63 1185 848 1223">
    <p class='ocr_par' dir='ltr' id='par_1_45' title="bbox 63 1185 848 1223">
     <span class='ocr_line' id='line_1_45' title="bbox 63 1185 848 1223; baseline 0.008 -12"><span class='ocrx_word' id='word_1_341' title='bbox 63 1186 86 1212; x_wconf 87' lang='grc' dir='ltr'>οἱ</span> <span class='ocrx_word' id='word_1_342' title='bbox 102 1186 158 1216; x_wconf 81' lang='grc' dir='ltr'>τοῖς</span> <span class='ocrx_word' id='word_1_343' title='bbox 175 1185 223 1211; x_wconf 80' lang='grc' dir='ltr'><strong>ὑπ’</strong></span> <span class='ocrx_word' id='word_1_344' title='bbox 236 1186 310 1222; x_wconf 86' lang='grc' dir='ltr'><strong>αὐτῷ</strong></span> <span class='ocrx_word' id='word_1_345' title='bbox 326 1187 464 1220; x_wconf 79' lang='grc' dir='ltr'>γεγονόσιν</span> <span class='ocrx_word' id='word_1_346' title='bbox 481 1188 595 1220; x_wconf 81' lang='grc' dir='ltr'>ἀνοσίως</span> <span class='ocrx_word' id='word_1_347' title='bbox 612 1189 848 1223; x_wconf 70' lang='grc' dir='ltr'>ἐπιϐουλεύοντεςς</span> 
     </span>
    </p>
   </div>
   <div class='ocr_carea' id='block_1_46' title="bbox 96 1229 847 1270">
    <p class='ocr_par' dir='ltr' id='par_1_46' title="bbox 96 1229 847 1270">
     <span class='ocr_line' id='line_1_46' title="bbox 96 1229 847 1270; baseline 0.008 -14"><span class='ocrx_word' id='word_1_348' title='bbox 96 1231 175 1256; x_wconf 76' lang='grc' dir='ltr'>Διότι</span> <span class='ocrx_word' id='word_1_349' title='bbox 203 1229 268 1256; x_wconf 78' lang='grc' dir='ltr'>ίδοὺ</span> <span class='ocrx_word' id='word_1_350' title='bbox 294 1230 352 1264; x_wconf 77' lang='grc' dir='ltr'><strong>ἐγὼ</strong></span> <span class='ocrx_word' id='word_1_351' title='bbox 375 1231 502 1266; x_wconf 72' lang='grc' dir='ltr'>ἐπιφέρω</span> <span class='ocrx_word' id='word_1_352' title='bbox 531 1232 590 1266; x_wconf 76' lang='grc' dir='ltr'><strong>τὴν</strong></span> <span class='ocrx_word' id='word_1_353' title='bbox 617 1233 701 1268; x_wconf 82' lang='grc' dir='ltr'>χεῖρά</span> <span class='ocrx_word' id='word_1_354' title='bbox 722 1243 781 1270; x_wconf 85' lang='grc' dir='ltr'><strong>μου</strong></span> <span class='ocrx_word' id='word_1_355' title='bbox 801 1235 847 1262; x_wconf 78' lang='grc' dir='ltr'><strong>ἐπ’</strong></span> 
     </span>
    </p>
   </div>
   <div class='ocr_carea' id='block_1_47' title="bbox 62 1275 849 1312">
    <p class='ocr_par' dir='ltr' id='par_1_47' title="bbox 62 1275 849 1312">
     <span class='ocr_line' id='line_1_47' title="bbox 62 1275 849 1312; baseline 0.009 -11"><span class='ocrx_word' id='word_1_356' title='bbox 62 1275 184 1308; x_wconf 78' lang='grc' dir='ltr'>αὐτοὺς,</span> <span class='ocrx_word' id='word_1_357' title='bbox 213 1275 263 1302; x_wconf 74' lang='grc' dir='ltr'>καὶ</span> <span class='ocrx_word' id='word_1_358' title='bbox 289 1276 410 1303; x_wconf 77' lang='grc' dir='ltr'>ἔσονται</span> <span class='ocrx_word' id='word_1_359' title='bbox 433 1277 534 1305; x_wconf 81' lang='grc' dir='ltr'>σκῦλα</span> <span class='ocrx_word' id='word_1_360' title='bbox 560 1279 622 1312; x_wconf 80' lang='grc' dir='ltr'>τοῖς</span> <span class='ocrx_word' id='word_1_361' title='bbox 649 1279 849 1307; x_wconf 78' lang='grc' dir='ltr'>δουλεύουσιν</span> 
     </span>
    </p>
   </div>
   <div class='ocr_carea' id='block_1_48' title="bbox 64 1320 848 1359">
    <p class='ocr_par' dir='ltr' id='par_1_48' title="bbox 64 1320 848 1359">
     <span class='ocr_line' id='line_1_48' title="bbox 64 1320 848 1359; baseline 0.009 -14"><span class='ocrx_word' id='word_1_362' title='bbox 64 1320 176 1353; x_wconf 75' lang='grc' dir='ltr'>αὐτοῖς,</span> <span class='ocrx_word' id='word_1_363' title='bbox 192 1320 241 1346; x_wconf 77' lang='grc' dir='ltr'>καὶ</span> <span class='ocrx_word' id='word_1_364' title='bbox 254 1320 407 1354; x_wconf 78' lang='grc' dir='ltr'>γνώσεσθε</span> <span class='ocrx_word' id='word_1_365' title='bbox 422 1321 496 1348; x_wconf 80' lang='grc' dir='ltr'>διότι</span> <span class='ocrx_word' id='word_1_366' title='bbox 515 1323 623 1357; x_wconf 80' lang='grc' dir='ltr'>Κύριος</span> <span class='ocrx_word' id='word_1_367' title='bbox 637 1324 848 1359; x_wconf 77' lang='grc' dir='ltr'>παντοκράτωρ</span> 
     </span>
    </p>
   </div>
   <div class='ocr_carea' id='block_1_49' title="bbox 64 1365 331 1400">
    <p class='ocr_par' dir='ltr' id='par_1_49' title="bbox 64 1365 331 1400">
     <span class='ocr_line' id='line_1_49' title="bbox 64 1365 331 1400; baseline 0.007 -9"><span class='ocrx_word' id='word_1_368' title='bbox 64 1365 273 1397; x_wconf 77' lang='grc' dir='ltr'>ἐξαπέστηλκέ</span> <span class='ocrx_word' id='word_1_369' title='bbox 282 1374 331 1400; x_wconf 81' lang='grc' dir='ltr'>με.</span> 
     </span>
    </p>
   </div>
   <div class='ocr_carea' id='block_1_50' title="bbox 98 1411 850 1450">
    <p class='ocr_par' dir='ltr' id='par_1_50' title="bbox 98 1411 850 1450">
     <span class='ocr_line' id='line_1_50' title="bbox 98 1411 850 1450; baseline 0.008 -13"><span class='ocrx_word' id='word_1_370' title='bbox 98 1411 148 1438; x_wconf 83' lang='grc' dir='ltr'><strong>ΙΔ’.</strong></span> <span class='ocrx_word' id='word_1_371' title='bbox 171 1411 278 1446; x_wconf 76' lang='grc' dir='ltr'>Ἥψατο</span> <span class='ocrx_word' id='word_1_372' title='bbox 291 1412 345 1448; x_wconf 79' lang='grc' dir='ltr'><strong>γὰρ</strong></span> <span class='ocrx_word' id='word_1_373' title='bbox 363 1412 417 1440; x_wconf 84' lang='grc' dir='ltr'>τῶν</span> <span class='ocrx_word' id='word_1_374' title='bbox 439 1414 668 1450; x_wconf 83' lang='grc' dir='ltr'>κοσμοκρατόρων</span> <span class='ocrx_word' id='word_1_375' title='bbox 688 1415 734 1443; x_wconf 79' lang='grc' dir='ltr'>τοῦ</span> <span class='ocrx_word' id='word_1_376' title='bbox 754 1415 850 1448; x_wconf 81' lang='grc' dir='ltr'>αἰῶνος</span> 
     </span>
    </p>
   </div>
   <div class='ocr_carea' id='block_1_51' title="bbox 62 1456 849 1496">
    <p class='ocr_par' dir='ltr' id='par_1_51' title="bbox 62 1456 849 1496">
     <span class='ocr_line' id='line_1_51' title="bbox 62 1456 849 1496; baseline 0.008 -14"><span class='ocrx_word' id='word_1_377' title='bbox 62 1456 157 1483; x_wconf 75' lang='grc' dir='ltr'>τούτου</span> <span class='ocrx_word' id='word_1_378' title='bbox 170 1457 296 1492; x_wconf 80' lang='grc' dir='ltr'>Χριστὸς,</span> <span class='ocrx_word' id='word_1_379' title='bbox 311 1457 358 1485; x_wconf 71' lang='grc' dir='ltr'>καὶ</span> <span class='ocrx_word' id='word_1_380' title='bbox 371 1459 499 1494; x_wconf 83' lang='grc' dir='ltr'>ἀφορήτῳ</span> <span class='ocrx_word' id='word_1_381' title='bbox 508 1459 579 1495; x_wconf 76' lang='grc' dir='ltr'>χειρὶ</span> <span class='ocrx_word' id='word_1_382' title='bbox 591 1460 640 1492; x_wconf 80' lang='grc' dir='ltr'><strong>τὰς</strong></span> <span class='ocrx_word' id='word_1_383' title='bbox 652 1460 697 1487; x_wconf 86' lang='grc' dir='ltr'>τοῦ</span> <span class='ocrx_word' id='word_1_384' title='bbox 710 1461 849 1496; x_wconf 81' lang='grc' dir='ltr'>μιαιφόνου</span> 
     </span>
    </p>
   </div>
   <div class='ocr_carea' id='block_1_52' title="bbox 62 1502 850 1542">
    <p class='ocr_par' dir='ltr' id='par_1_52' title="bbox 62 1502 850 1542">
     <span class='ocr_line' id='line_1_52' title="bbox 62 1502 850 1542; baseline 0.006 -14"><span class='ocrx_word' id='word_1_385' title='bbox 62 1502 209 1538; x_wconf 84' lang='grc' dir='ltr'>δράκοντος</span> <span class='ocrx_word' id='word_1_386' title='bbox 236 1502 378 1538; x_wconf 72' lang='grc' dir='ltr'>συνέτριψε</span> <span class='ocrx_word' id='word_1_387' title='bbox 406 1504 544 1538; x_wconf 77' lang='grc' dir='ltr'>κεφαλὰς,</span> <span class='ocrx_word' id='word_1_388' title='bbox 575 1505 622 1532; x_wconf 75' lang='grc' dir='ltr'>καὶ</span> <span class='ocrx_word' id='word_1_389' title='bbox 646 1505 760 1533; x_wconf 82' lang='grc' dir='ltr'>δέδωκεν</span> <span class='ocrx_word' id='word_1_390' title='bbox 784 1507 850 1542; x_wconf 80' lang='grc' dir='ltr'>ἡμῖν</span> 
     </span>
    </p>
   </div>
   <div class='ocr_carea' id='block_1_53' title="bbox 66 1548 849 1585">
    <p class='ocr_par' dir='ltr' id='par_1_53' title="bbox 66 1548 849 1585">
     <span class='ocr_line' id='line_1_53' title="bbox 66 1548 849 1585; baseline 0.005 -11"><span class='ocrx_word' id='word_1_391' title='bbox 66 1558 75 1574; x_wconf 86' lang='grc' dir='ltr'><strong>ι</strong></span> <span class='ocrx_word' id='word_1_392' title='bbox 97 1549 194 1574; x_wconf 81' lang='grc' dir='ltr'>πατεῖν</span> <span class='ocrx_word' id='word_1_393' title='bbox 216 1548 308 1575; x_wconf 70' lang='grc' dir='ltr'>ἐπάνω</span> <span class='ocrx_word' id='word_1_394' title='bbox 324 1549 412 1583; x_wconf 74' lang='grc' dir='ltr'>ὄφεων</span> <span class='ocrx_word' id='word_1_395' title='bbox 434 1551 481 1576; x_wconf 85' lang='grc' dir='ltr'>καὶ</span> <span class='ocrx_word' id='word_1_396' title='bbox 499 1550 647 1585; x_wconf 86' lang='grc' dir='ltr'>σκορπίων,</span> <span class='ocrx_word' id='word_1_397' title='bbox 665 1552 711 1578; x_wconf 77' lang='grc' dir='ltr'>καὶ</span> <span class='ocrx_word' id='word_1_398' title='bbox 734 1551 779 1578; x_wconf 74' lang='grc' dir='ltr'><strong>ἐπὶ</strong></span> <span class='ocrx_word' id='word_1_399' title='bbox 798 1553 849 1578; x_wconf 76' lang='grc' dir='ltr'>πᾶ-</span> 
     </span>
    </p>
   </div>
   <div class='ocr_carea' id='block_1_54' title="bbox 65 1593 849 1631">
    <p class='ocr_par' dir='ltr' id='par_1_54' title="bbox 65 1593 849 1631">
     <span class='ocr_line' id='line_1_54' title="bbox 65 1593 849 1631; baseline 0.005 -11"><span class='ocrx_word' id='word_1_400' title='bbox 65 1602 113 1620; x_wconf 78' lang='grc' dir='ltr'><strong>σαν</strong></span> <span class='ocrx_word' id='word_1_401' title='bbox 128 1593 179 1629; x_wconf 78' lang='grc' dir='ltr'>τὴν</span> <span class='ocrx_word' id='word_1_402' title='bbox 199 1593 313 1629; x_wconf 71' lang='grc' dir='ltr'>δύναμιν</span> <span class='ocrx_word' id='word_1_403' title='bbox 333 1594 381 1621; x_wconf 73' lang='grc' dir='ltr'><strong>τοῦ</strong></span> <span class='ocrx_word' id='word_1_404' title='bbox 403 1594 512 1631; x_wconf 84' lang='grc' dir='ltr'><strong>ὲχθροῦ.</strong></span> <span class='ocrx_word' id='word_1_405' title='bbox 533 1605 542 1621; x_wconf 74' lang='grc' dir='ltr'><strong>ι</strong></span> <span class='ocrx_word' id='word_1_406' title='bbox 561 1596 615 1623; x_wconf 71' lang='grc' dir='ltr'><strong>Καὶ</strong></span> <span class='ocrx_word' id='word_1_407' title='bbox 635 1597 659 1623; x_wconf 83' lang='grc' dir='ltr'>οι</span> <span class='ocrx_word' id='word_1_408' title='bbox 675 1596 739 1624; x_wconf 84' lang='grc' dir='ltr'>ποτὲ</span> <span class='ocrx_word' id='word_1_409' title='bbox 757 1597 849 1630; x_wconf 76' lang='grc' dir='ltr'>δεινοὶ,</span> 
     </span>
    </p>
   </div>
   <div class='ocr_carea' id='block_1_55' title="bbox 64 1639 852 1678">
    <p class='ocr_par' dir='ltr' id='par_1_55' title="bbox 64 1639 852 1678">
     <span class='ocr_line' id='line_1_55' title="bbox 64 1639 852 1678; baseline 0.005 -13"><span class='ocrx_word' id='word_1_410' title='bbox 64 1639 112 1666; x_wconf 68' lang='grc' dir='ltr'>καὶ</span> <span class='ocrx_word' id='word_1_411' title='bbox 129 1639 313 1674; x_wconf 75' lang='grc' dir='ltr'>παγχάλεποι,</span> <span class='ocrx_word' id='word_1_412' title='bbox 340 1639 386 1666; x_wconf 78' lang='grc' dir='ltr'><strong>καὶ</strong></span> <span class='ocrx_word' id='word_1_413' title='bbox 404 1640 567 1675; x_wconf 70' lang='grc' dir='ltr'>δυσάντητον</span> <span class='ocrx_word' id='word_1_414' title='bbox 582 1641 690 1676; x_wconf 78' lang='grc' dir='ltr'>ἔχοντες</span> <span class='ocrx_word' id='word_1_415' title='bbox 704 1641 754 1678; x_wconf 81' lang='grc' dir='ltr'>τὴν</span> <span class='ocrx_word' id='word_1_416' title='bbox 769 1651 852 1678; x_wconf 82' lang='grc' dir='ltr'>προσ-</span> 
     </span>
    </p>
   </div>
   <div class='ocr_carea' id='block_1_56' title="bbox 65 1684 849 1720">
    <p class='ocr_par' dir='ltr' id='par_1_56' title="bbox 65 1684 849 1720">
     <span class='ocr_line' id='line_1_56' title="bbox 65 1684 849 1720; baseline 0.006 -10"><span class='ocrx_word' id='word_1_417' title='bbox 65 1684 157 1720; x_wconf 76' lang='grc' dir='ltr'>ϐολὴν,</span> <span class='ocrx_word' id='word_1_418' title='bbox 181 1685 309 1719; x_wconf 84' lang='grc' dir='ltr'>γεγόνασι</span> <span class='ocrx_word' id='word_1_419' title='bbox 335 1685 420 1712; x_wconf 84' lang='grc' dir='ltr'>σκῦλα</span> <span class='ocrx_word' id='word_1_420' title='bbox 443 1687 499 1717; x_wconf 87' lang='grc' dir='ltr'>τοῖς</span> <span class='ocrx_word' id='word_1_421' title='bbox 522 1686 722 1714; x_wconf 83' lang='grc' dir='ltr'>δεδουλευκόσιν</span> <span class='ocrx_word' id='word_1_422' title='bbox 750 1688 849 1720; x_wconf 82' lang='grc' dir='ltr'>αὐτοῖς.</span> 
     </span>
    </p>
   </div>
   <div class='ocr_carea' id='block_1_57' title="bbox 71 1731 850 1769">
    <p class='ocr_par' dir='ltr' id='par_1_57' title="bbox 71 1731 850 1769">
     <span class='ocr_line' id='line_1_57' title="bbox 71 1731 850 1769; baseline 0.005 -12"><span class='ocrx_word' id='word_1_423' title='bbox 71 1731 167 1766; x_wconf 83' lang='grc' dir='ltr'>Ἡμεῖς</span> <span class='ocrx_word' id='word_1_424' title='bbox 179 1732 234 1767; x_wconf 83' lang='grc' dir='ltr'>γὰρ</span> <span class='ocrx_word' id='word_1_425' title='bbox 251 1732 276 1757; x_wconf 88' lang='grc' dir='ltr'><strong>οί</strong></span> <span class='ocrx_word' id='word_1_426' title='bbox 293 1731 377 1758; x_wconf 85' lang='grc' dir='ltr'>πάλαι</span> <span class='ocrx_word' id='word_1_427' title='bbox 390 1732 449 1764; x_wconf 85' lang='grc' dir='ltr'>ταῖς</span> <span class='ocrx_word' id='word_1_428' title='bbox 471 1732 618 1768; x_wconf 79' lang='grc' dir='ltr'>ἁμαρτίαις</span> <span class='ocrx_word' id='word_1_429' title='bbox 631 1733 850 1769; x_wconf 85' lang='grc' dir='ltr'>τυραννούμενοι,</span> 
     </span>
    </p>
   </div>
   <div class='ocr_carea' id='block_1_58' title="bbox 64 1777 852 1818">
    <p class='ocr_par' dir='ltr' id='par_1_58' title="bbox 64 1777 852 1818">
     <span class='ocr_line' id='line_1_58' title="bbox 64 1777 852 1818; baseline 0.006 -14"><span class='ocrx_word' id='word_1_430' title='bbox 64 1777 264 1814; x_wconf 79' lang='grc' dir='ltr'>δεδικαιώμεθα</span> <span class='ocrx_word' id='word_1_431' title='bbox 282 1779 331 1814; x_wconf 80' lang='grc' dir='ltr'>μὲν</span> <span class='ocrx_word' id='word_1_432' title='bbox 348 1779 377 1806; x_wconf 84' lang='grc' dir='ltr'>ὲν</span> <span class='ocrx_word' id='word_1_433' title='bbox 389 1779 509 1816; x_wconf 79' lang='grc' dir='ltr'>Χριστῷ,</span> <span class='ocrx_word' id='word_1_434' title='bbox 523 1780 664 1816; x_wconf 80' lang='grc' dir='ltr'>ἀφίγμεθα</span> <span class='ocrx_word' id='word_1_435' title='bbox 677 1781 705 1808; x_wconf 83' lang='grc' dir='ltr'>δὲ</span> <span class='ocrx_word' id='word_1_436' title='bbox 719 1781 768 1817; x_wconf 70' lang='grc' dir='ltr'>ἤδη</span> <span class='ocrx_word' id='word_1_437' title='bbox 785 1783 852 1818; x_wconf 81' lang='grc' dir='ltr'>πρὸς</span> 
     </span>
    </p>
   </div>
   <div class='ocr_carea' id='block_1_59' title="bbox 64 1823 853 1863">
    <p class='ocr_par' dir='ltr' id='par_1_59' title="bbox 64 1823 853 1863">
     <span class='ocr_line' id='line_1_59' title="bbox 64 1823 853 1863; baseline 0.006 -14"><span class='ocrx_word' id='word_1_438' title='bbox 64 1823 142 1850; x_wconf 84' lang='grc' dir='ltr'>τοῦτο</span> <span class='ocrx_word' id='word_1_439' title='bbox 159 1823 253 1850; x_wconf 70' lang='grc' dir='ltr'>λοιπον</span> <span class='ocrx_word' id='word_1_440' title='bbox 268 1824 401 1860; x_wconf 81' lang='grc' dir='ltr'>εὐθυμίας</span> <span class='ocrx_word' id='word_1_441' title='bbox 420 1826 618 1861; x_wconf 81' lang='grc' dir='ltr'>πνευματικῆς,</span> <span class='ocrx_word' id='word_1_442' title='bbox 634 1826 672 1858; x_wconf 80' lang='grc' dir='ltr'>ὡς</span> <span class='ocrx_word' id='word_1_443' title='bbox 691 1827 853 1863; x_wconf 82' lang='grc' dir='ltr'>διαπρέπειν</span> 
     </span>
    </p>
   </div>
   <div class='ocr_carea' id='block_1_60' title="bbox 63 1868 852 1909">
    <p class='ocr_par' dir='ltr' id='par_1_60' title="bbox 63 1868 852 1909">
     <span class='ocr_line' id='line_1_60' title="bbox 63 1868 852 1909; baseline 0.008 -14"><span class='ocrx_word' id='word_1_444' title='bbox 63 1868 194 1896; x_wconf 79' lang='grc' dir='ltr'>δύνασθαι</span> <span class='ocrx_word' id='word_1_445' title='bbox 216 1869 261 1896; x_wconf 81' lang='grc' dir='ltr'><strong>διὰ</strong></span> <span class='ocrx_word' id='word_1_446' title='bbox 278 1870 369 1906; x_wconf 83' lang='grc' dir='ltr'>πάσης</span> <span class='ocrx_word' id='word_1_447' title='bbox 383 1871 494 1907; x_wconf 82' lang='grc' dir='ltr'>ἀρετῆς,</span> <span class='ocrx_word' id='word_1_448' title='bbox 511 1873 557 1898; x_wconf 81' lang='grc' dir='ltr'>καὶ</span> <span class='ocrx_word' id='word_1_449' title='bbox 579 1873 624 1900; x_wconf 70' lang='grc' dir='ltr'>τὶν</span> <span class='ocrx_word' id='word_1_450' title='bbox 644 1874 673 1900; x_wconf 81' lang='grc' dir='ltr'>ὲν</span> <span class='ocrx_word' id='word_1_451' title='bbox 694 1873 803 1909; x_wconf 84' lang='grc' dir='ltr'>Χριστῷ</span> <span class='ocrx_word' id='word_1_452' title='bbox 823 1883 852 1901; x_wconf 83' lang='grc' dir='ltr'><strong>τε</strong></span> 
     </span>
    </p>
   </div>
   <div class='ocr_carea' id='block_1_61' title="bbox 65 1916 853 1955">
    <p class='ocr_par' dir='ltr' id='par_1_61' title="bbox 65 1916 853 1955">
     <span class='ocr_line' id='line_1_61' title="bbox 65 1916 853 1955; baseline 0.008 -14"><span class='ocrx_word' id='word_1_453' title='bbox 65 1916 112 1942; x_wconf 78' lang='grc' dir='ltr'>καὶ</span> <span class='ocrx_word' id='word_1_454' title='bbox 140 1916 288 1950; x_wconf 83' lang='grc' dir='ltr'>ἀγγελικὸν</span> <span class='ocrx_word' id='word_1_455' title='bbox 309 1918 479 1953; x_wconf 85' lang='grc' dir='ltr'>κατορθῶσαι</span> <span class='ocrx_word' id='word_1_456' title='bbox 502 1917 571 1953; x_wconf 85' lang='grc' dir='ltr'>βίον,</span> <span class='ocrx_word' id='word_1_457' title='bbox 593 1916 652 1946; x_wconf 72' lang='grc' dir='ltr'>εἶτα</span> <span class='ocrx_word' id='word_1_458' title='bbox 677 1920 853 1955; x_wconf 82' lang='grc' dir='ltr'>χαρισμάτων</span> 
     </span>
    </p>
   </div>
   <div class='ocr_carea' id='block_1_62' title="bbox 64 1961 852 1998">
    <p class='ocr_par' dir='ltr' id='par_1_62' title="bbox 64 1961 852 1998">
     <span class='ocr_line' id='line_1_62' title="bbox 64 1961 852 1998; baseline 0.006 -11"><span class='ocrx_word' id='word_1_459' title='bbox 64 1961 293 1997; x_wconf 79' lang='grc' dir='ltr'>ἀναπίμπλασθαι</span> <span class='ocrx_word' id='word_1_460' title='bbox 306 1962 361 1989; x_wconf 85' lang='grc' dir='ltr'>τῶν</span> <span class='ocrx_word' id='word_1_461' title='bbox 376 1964 441 1998; x_wconf 86' lang='grc' dir='ltr'>παρ’</span> <span class='ocrx_word' id='word_1_462' title='bbox 455 1963 550 1997; x_wconf 80' lang='grc' dir='ltr'>αὐτοῦ,</span> <span class='ocrx_word' id='word_1_463' title='bbox 565 1964 611 1990; x_wconf 74' lang='grc' dir='ltr'><strong>καὶ</strong></span> <span class='ocrx_word' id='word_1_464' title='bbox 622 1964 714 1991; x_wconf 71' lang='grc' dir='ltr'>λαϐεῖν</span> <span class='ocrx_word' id='word_1_465' title='bbox 730 1964 852 1997; x_wconf 78' lang='grc' dir='ltr'>ἐξουσίαν</span> 
     </span>
    </p>
   </div>
   <div class='ocr_carea' id='block_1_63' title="bbox 65 2007 853 2046">
    <p class='ocr_par' dir='ltr' id='par_1_63' title="bbox 65 2007 853 2046">
     <span class='ocr_line' id='line_1_63' title="bbox 65 2007 853 2046; baseline 0.005 -13"><span class='ocrx_word' id='word_1_466' title='bbox 65 2007 135 2034; x_wconf 79' lang='grc' dir='ltr'><strong>κατά</strong></span> <span class='ocrx_word' id='word_1_467' title='bbox 152 2007 318 2042; x_wconf 80' lang='grc' dir='ltr'>πνευμάτων</span> <span class='ocrx_word' id='word_1_468' title='bbox 332 2008 505 2045; x_wconf 83' lang='grc' dir='ltr'>ἀκαθάρτων,</span> <span class='ocrx_word' id='word_1_469' title='bbox 523 2009 713 2046; x_wconf 50' lang='grc' dir='ltr'>καὶπδαίμοσιν</span> <span class='ocrx_word' id='word_1_470' title='bbox 736 2010 853 2043; x_wconf 81' lang='grc' dir='ltr'>ἀνοσίοις</span> 
     </span>
    </p>
   </div>
   <div class='ocr_carea' id='block_1_64' title="bbox 64 2054 854 2092">
    <p class='ocr_par' dir='ltr' id='par_1_64' title="bbox 64 2054 854 2092">
     <span class='ocr_line' id='line_1_64' title="bbox 64 2054 854 2092; baseline 0.005 -13"><span class='ocrx_word' id='word_1_471' title='bbox 64 2054 207 2089; x_wconf 70' lang='grc' dir='ltr'>ἐπιτιμᾷν,</span> <span class='ocrx_word' id='word_1_472' title='bbox 224 2054 461 2090; x_wconf 83' lang='grc' dir='ltr'>ὑποστρωννύντος</span> <span class='ocrx_word' id='word_1_473' title='bbox 481 2055 610 2091; x_wconf 82' lang='grc' dir='ltr'>Χριστοῦ,</span> <span class='ocrx_word' id='word_1_474' title='bbox 628 2056 676 2083; x_wconf 77' lang='grc' dir='ltr'>καὶ</span> <span class='ocrx_word' id='word_1_475' title='bbox 699 2056 854 2092; x_wconf 78' lang='grc' dir='ltr'>συντρίϐον-</span> 
     </span>
    </p>
   </div>
   <div class='ocr_carea' id='block_1_65' title="bbox 64 2099 853 2134">
    <p class='ocr_par' dir='ltr' id='par_1_65' title="bbox 64 2099 853 2134">
     <span class='ocr_line' id='line_1_65' title="bbox 64 2099 853 2134; baseline 0.004 -8"><span class='ocrx_word' id='word_1_476' title='bbox 64 2107 108 2129; x_wconf 88' lang='grc' dir='ltr'>το;</span> <span class='ocrx_word' id='word_1_477' title='bbox 127 2099 180 2126; x_wconf 65' lang='lat' dir='ltr'><strong>iano</strong></span> <span class='ocrx_word' id='word_1_478' title='bbox 193 2100 277 2132; x_wconf 82' lang='grc' dir='ltr'>πόδας</span> <span class='ocrx_word' id='word_1_479' title='bbox 291 2101 377 2134; x_wconf 84' lang='grc' dir='ltr'>ἁγίων</span> <span class='ocrx_word' id='word_1_480' title='bbox 390 2101 471 2128; x_wconf 78' lang='grc' dir='ltr'>αὐτόν</span> <span class='ocrx_word' id='word_1_481' title='bbox 488 2110 517 2128; x_wconf 87' lang='grc' dir='ltr'><strong>τε</strong></span> <span class='ocrx_word' id='word_1_482' title='bbox 532 2101 578 2129; x_wconf 70' lang='grc' dir='ltr'><strong>τὸν</strong></span> <span class='ocrx_word' id='word_1_483' title='bbox 601 2102 720 2129; x_wconf 80' lang='grc' dir='ltr'>Σατανᾶν</span> <span class='ocrx_word' id='word_1_484' title='bbox 740 2102 787 2129; x_wconf 83' lang='grc' dir='ltr'>καὶ</span> <span class='ocrx_word' id='word_1_485' title='bbox 804 2103 853 2134; x_wconf 73' lang='grc' dir='ltr'>τὰς</span> 
     </span>
    </p>
   </div>
   <div class='ocr_carea' id='block_1_66' title="bbox 939 1230 1687 1267">
    <p class='ocr_par' dir='ltr' id='par_1_66' title="bbox 939 1230 1687 1267">
     <span class='ocr_line' id='line_1_66' title="bbox 939 1230 1687 1267; baseline -0.001 -7"><span class='ocrx_word' id='word_1_486' title='bbox 939 1233 1018 1260; x_wconf 76' lang='lat' dir='ltr'><strong>Vens.</strong></span> <span class='ocrx_word' id='word_1_487' title='bbox 1033 1232 1058 1260; x_wconf 87' lang='lat'><strong>9.</strong></span> <span class='ocrx_word' id='word_1_488' title='bbox 1073 1232 1142 1266; x_wconf 79' lang='lat' dir='ltr'><strong>Quia</strong></span> <span class='ocrx_word' id='word_1_489' title='bbox 1158 1240 1216 1260; x_wconf 77' lang='lat' dir='ltr'><strong>ecce</strong></span> <span class='ocrx_word' id='word_1_490' title='bbox 1233 1240 1279 1267; x_wconf 83' lang='lat' dir='ltr'><strong>ego</strong></span> <span class='ocrx_word' id='word_1_491' title='bbox 1294 1230 1378 1265; x_wconf 80' lang='lat' dir='ltr'><strong>infero</strong></span> <span class='ocrx_word' id='word_1_492' title='bbox 1394 1237 1499 1257; x_wconf 80' lang='lat' dir='ltr'><strong>manum</strong></span> <span class='ocrx_word' id='word_1_493' title='bbox 1513 1238 1594 1259; x_wconf 77' lang='lat' dir='ltr'><strong>nteant</strong></span> <span class='ocrx_word' id='word_1_494' title='bbox 1609 1241 1687 1267; x_wconf 79' lang='lat' dir='ltr'><strong>super</strong></span> 
     </span>
    </p>
   </div>
   <div class='ocr_carea' id='block_1_67' title="bbox 901 1275 1686 1312">
    <p class='ocr_par' dir='ltr' id='par_1_67' title="bbox 901 1275 1686 1312">
     <span class='ocr_line' id='line_1_67' title="bbox 901 1275 1686 1312; baseline 0.001 -7"><span class='ocrx_word' id='word_1_495' title='bbox 901 1286 955 1309; x_wconf 74' lang='lat' dir='ltr'><strong>eos,</strong></span> <span class='ocrx_word' id='word_1_496' title='bbox 964 1284 986 1305; x_wconf 79' lang='lat' dir='ltr'><strong>et</strong></span> <span class='ocrx_word' id='word_1_497' title='bbox 997 1283 1072 1305; x_wconf 81' lang='lat' dir='ltr'><strong>erum</strong></span> <span class='ocrx_word' id='word_1_498' title='bbox 1082 1277 1177 1311; x_wconf 72' lang='lat' dir='ltr'><strong>pra&#39;dte</strong></span> <span class='ocrx_word' id='word_1_499' title='bbox 1187 1277 1226 1304; x_wconf 78' lang='lat' dir='ltr'><strong>his</strong></span> <span class='ocrx_word' id='word_1_500' title='bbox 1235 1276 1279 1311; x_wconf 81' lang='lat' dir='ltr'><strong>qui</strong></span> <span class='ocrx_word' id='word_1_501' title='bbox 1290 1276 1428 1303; x_wconf 73' lang='lat' dir='ltr'><strong>servierant</strong></span> <span class='ocrx_word' id='word_1_502' title='bbox 1439 1275 1485 1307; x_wconf 76' lang='lat' dir='ltr'><strong>eis,</strong></span> <span class='ocrx_word' id='word_1_503' title='bbox 1494 1280 1516 1302; x_wconf 72' lang='lat' dir='ltr'><strong>et</strong></span> <span class='ocrx_word' id='word_1_504' title='bbox 1528 1279 1686 1312; x_wconf 76' lang='lat' dir='ltr'><strong>cognoscetis</strong></span> 
     </span>
    </p>
   </div>
   <div class='ocr_carea' id='block_1_68' title="bbox 901 1321 1417 1358">
    <p class='ocr_par' dir='ltr' id='par_1_68' title="bbox 901 1321 1417 1358">
     <span class='ocr_line' id='line_1_68' title="bbox 901 1321 1417 1358; baseline -0.006 -8"><span class='ocrx_word' id='word_1_505' title='bbox 901 1323 963 1358; x_wconf 75' lang='lat' dir='ltr'><strong>quia</strong></span> <span class='ocrx_word' id='word_1_506' title='bbox 978 1323 1102 1350; x_wconf 77' lang='lat' dir='ltr'><strong>Dominus</strong></span> <span class='ocrx_word' id='word_1_507' title='bbox 1114 1323 1272 1356; x_wconf 79' lang='lat' dir='ltr'><strong>omnipotens</strong></span> <span class='ocrx_word' id='word_1_508' title='bbox 1287 1321 1355 1348; x_wconf 76' lang='lat' dir='ltr'><strong>misit</strong></span> <span class='ocrx_word' id='word_1_509' title='bbox 1368 1329 1417 1350; x_wconf 81' lang='lat' dir='ltr'><strong>me.</strong></span> 
     </span>
    </p>
   </div>
   <div class='ocr_carea' id='block_1_69' title="bbox 938 1408 1685 1446">
    <p class='ocr_par' dir='ltr' id='par_1_69' title="bbox 938 1408 1685 1446">
     <span class='ocr_line' id='line_1_69' title="bbox 938 1408 1685 1446; baseline 0.003 -9"><span class='ocrx_word' id='word_1_510' title='bbox 938 1408 1008 1437; x_wconf 85' lang='lat' dir='ltr'><strong>XIV.</strong></span> <span class='ocrx_word' id='word_1_511' title='bbox 1020 1409 1118 1444; x_wconf 73' lang='lat' dir='ltr'><strong>Tetigit</strong></span> <span class='ocrx_word' id='word_1_512' title='bbox 1131 1409 1202 1437; x_wconf 87' lang='lat' dir='ltr'><strong>enim</strong></span> <span class='ocrx_word' id='word_1_513' title='bbox 1218 1413 1338 1438; x_wconf 87' lang='lat' dir='ltr'><strong>rectores</strong></span> <span class='ocrx_word' id='word_1_514' title='bbox 1351 1410 1441 1438; x_wconf 88' lang='lat' dir='ltr'><strong>mundi</strong></span> <span class='ocrx_word' id='word_1_515' title='bbox 1459 1411 1536 1444; x_wconf 89' lang='lat' dir='ltr'><strong>hujus</strong></span> <span class='ocrx_word' id='word_1_516' title='bbox 1550 1411 1685 1446; x_wconf 80' lang='lat' dir='ltr'><strong>Christus,</strong></span> 
     </span>
    </p>
   </div>
   <div class='ocr_carea' id='block_1_70' title="bbox 904 1455 1686 1492">
    <p class='ocr_par' dir='ltr' id='par_1_70' title="bbox 904 1455 1686 1492">
     <span class='ocr_line' id='line_1_70' title="bbox 904 1455 1686 1492; baseline 0.005 -11"><span class='ocrx_word' id='word_1_517' title='bbox 904 1462 1038 1490; x_wconf 87' lang='lat' dir='ltr'><strong>manuque</strong></span> <span class='ocrx_word' id='word_1_518' title='bbox 1050 1455 1215 1484; x_wconf 80' lang='lat' dir='ltr'><strong>intoleranda</strong></span> <span class='ocrx_word' id='word_1_519' title='bbox 1231 1457 1334 1484; x_wconf 85' lang='lat' dir='ltr'><strong>cruenti</strong></span> <span class='ocrx_word' id='word_1_520' title='bbox 1347 1455 1473 1484; x_wconf 85' lang='lat' dir='ltr'><strong>draconis</strong></span> <span class='ocrx_word' id='word_1_521' title='bbox 1488 1457 1576 1492; x_wconf 84' lang='lat' dir='ltr'><strong>capita</strong></span> <span class='ocrx_word' id='word_1_522' title='bbox 1588 1458 1686 1486; x_wconf 89' lang='lat' dir='ltr'><strong>contri-</strong></span> 
     </span>
    </p>
   </div>
   <div class='ocr_carea' id='block_1_71' title="bbox 902 1500 1687 1537">
    <p class='ocr_par' dir='ltr' id='par_1_71' title="bbox 902 1500 1687 1537">
     <span class='ocr_line' id='line_1_71' title="bbox 902 1500 1687 1537; baseline 0.005 -10"><span class='ocrx_word' id='word_1_523' title='bbox 902 1500 983 1533; x_wconf 77' lang='lat' dir='ltr'><strong>vit“,</strong></span> <span class='ocrx_word' id='word_1_524' title='bbox 998 1500 1124 1535; x_wconf 88' lang='lat' dir='ltr'><strong>deditque</strong></span> <span class='ocrx_word' id='word_1_525' title='bbox 1140 1501 1217 1530; x_wconf 92' lang='lat' dir='ltr'><strong>nobis</strong></span> <span class='ocrx_word' id='word_1_526' title='bbox 1236 1510 1246 1528; x_wconf 82' lang='grc' dir='ltr'><strong>ι</strong></span> <span class='ocrx_word' id='word_1_527' title='bbox 1265 1501 1373 1531; x_wconf 82' lang='lat' dir='ltr'><strong>calcare</strong></span> <span class='ocrx_word' id='word_1_528' title='bbox 1390 1509 1470 1536; x_wconf 83' lang='lat' dir='ltr'><strong>supra</strong></span> <span class='ocrx_word' id='word_1_529' title='bbox 1488 1507 1629 1537; x_wconf 77' lang='lat' dir='ltr'><strong>serpentes</strong></span> <span class='ocrx_word' id='word_1_530' title='bbox 1657 1508 1687 1531; x_wconf 84' lang='lat' dir='ltr'><strong>et</strong></span> 
     </span>
    </p>
   </div>
   <div class='ocr_carea' id='block_1_72' title="bbox 901 1546 1684 1582">
    <p class='ocr_par' dir='ltr' id='par_1_72' title="bbox 901 1546 1684 1582">
     <span class='ocr_line' id='line_1_72' title="bbox 901 1546 1684 1582; baseline 0.004 -9"><span class='ocrx_word' id='word_1_531' title='bbox 901 1546 1073 1580; x_wconf 82' lang='lat' dir='ltr'><strong>scorpiones,</strong></span> <span class='ocrx_word' id='word_1_532' title='bbox 1086 1551 1114 1574; x_wconf 83' lang='lat' dir='ltr'><strong>et</strong></span> <span class='ocrx_word' id='word_1_533' title='bbox 1133 1554 1214 1582; x_wconf 83' lang='lat' dir='ltr'><strong>super</strong></span> <span class='ocrx_word' id='word_1_534' title='bbox 1232 1554 1340 1576; x_wconf 90' lang='lat' dir='ltr'><strong>omnem</strong></span> <span class='ocrx_word' id='word_1_535' title='bbox 1359 1547 1487 1575; x_wconf 84' lang='lat' dir='ltr'><strong>virtutem</strong></span> <span class='ocrx_word' id='word_1_536' title='bbox 1509 1547 1610 1577; x_wconf 87' lang='lat' dir='ltr'><strong>inimici</strong></span> <span class='ocrx_word' id='word_1_537' title='bbox 1620 1547 1654 1576; x_wconf 72' lang='grc'><strong>⁸³.</strong></span> <span class='ocrx_word' id='word_1_538' title='bbox 1671 1558 1684 1576; x_wconf 70' lang='grc' dir='ltr'><strong>ο</strong></span> 
     </span>
    </p>
   </div>
   <div class='ocr_carea' id='block_1_73' title="bbox 902 1592 1686 1628">
    <p class='ocr_par' dir='ltr' id='par_1_73' title="bbox 902 1592 1686 1628">
     <span class='ocr_line' id='line_1_73' title="bbox 902 1592 1686 1628; baseline 0.006 -10"><span class='ocrx_word' id='word_1_539' title='bbox 902 1592 935 1619; x_wconf 87' lang='grc' dir='ltr'>Ει</span> <span class='ocrx_word' id='word_1_540' title='bbox 949 1592 995 1627; x_wconf 87' lang='lat' dir='ltr'><strong>qui</strong></span> <span class='ocrx_word' id='word_1_541' title='bbox 1013 1597 1092 1621; x_wconf 88' lang='lat' dir='ltr'><strong>erant</strong></span> <span class='ocrx_word' id='word_1_542' title='bbox 1107 1593 1251 1627; x_wconf 84' lang='lat' dir='ltr'><strong>aliquando</strong></span> <span class='ocrx_word' id='word_1_543' title='bbox 1266 1593 1450 1622; x_wconf 81' lang='lat' dir='ltr'><strong>formidabiles</strong></span> <span class='ocrx_word' id='word_1_544' title='bbox 1465 1598 1490 1622; x_wconf 91' lang='lat' dir='ltr'><strong>et</strong></span> <span class='ocrx_word' id='word_1_545' title='bbox 1505 1595 1686 1628; x_wconf 85' lang='lat' dir='ltr'><strong>atrocissimi,</strong></span> 
     </span>
    </p>
   </div>
   <div class='ocr_carea' id='block_1_74' title="bbox 902 1639 1686 1677">
    <p class='ocr_par' dir='ltr' id='par_1_74' title="bbox 902 1639 1686 1677">
     <span class='ocr_line' id='line_1_74' title="bbox 902 1639 1686 1677; baseline 0.005 -12"><span class='ocrx_word' id='word_1_546' title='bbox 902 1639 1052 1673; x_wconf 83' lang='lat' dir='ltr'><strong>quibusque</strong></span> <span class='ocrx_word' id='word_1_547' title='bbox 1066 1639 1173 1667; x_wconf 81' lang='lat' dir='ltr'><strong>obviam</strong></span> <span class='ocrx_word' id='word_1_548' title='bbox 1191 1639 1224 1667; x_wconf 92' lang='lat' dir='ltr'><strong>iri</strong></span> <span class='ocrx_word' id='word_1_549' title='bbox 1240 1647 1293 1667; x_wconf 92' lang='lat' dir='ltr'><strong>non</strong></span> <span class='ocrx_word' id='word_1_550' title='bbox 1307 1644 1428 1674; x_wconf 86' lang='lat' dir='ltr'><strong>poterat,</strong></span> <span class='ocrx_word' id='word_1_551' title='bbox 1445 1640 1506 1668; x_wconf 82' lang='lat' dir='ltr'><strong>facti</strong></span> <span class='ocrx_word' id='word_1_552' title='bbox 1524 1646 1584 1669; x_wconf 90' lang='lat' dir='ltr'><strong>sunt</strong></span> <span class='ocrx_word' id='word_1_553' title='bbox 1599 1642 1686 1677; x_wconf 83' lang='lat' dir='ltr'><strong>spolia</strong></span> 
     </span>
    </p>
   </div>
   <div class='ocr_carea' id='block_1_75' title="bbox 902 1685 1686 1720">
    <p class='ocr_par' dir='ltr' id='par_1_75' title="bbox 902 1685 1686 1720">
     <span class='ocr_line' id='line_1_75' title="bbox 902 1685 1686 1720; baseline 0.005 -9"><span class='ocrx_word' id='word_1_554' title='bbox 902 1685 987 1712; x_wconf 81' lang='lat' dir='ltr'><strong>servis</strong></span> <span class='ocrx_word' id='word_1_555' title='bbox 1012 1685 1079 1713; x_wconf 82' lang='lat' dir='ltr'><strong>suis.</strong></span> <span class='ocrx_word' id='word_1_556' title='bbox 1103 1685 1159 1713; x_wconf 88' lang='lat' dir='ltr'><strong>Nos</strong></span> <span class='ocrx_word' id='word_1_557' title='bbox 1185 1685 1256 1712; x_wconf 92' lang='lat' dir='ltr'><strong>enim</strong></span> <span class='ocrx_word' id='word_1_558' title='bbox 1282 1685 1328 1719; x_wconf 89' lang='lat' dir='ltr'><strong>qui</strong></span> <span class='ocrx_word' id='word_1_559' title='bbox 1353 1685 1489 1720; x_wconf 89' lang='lat' dir='ltr'><strong>quondam</strong></span> <span class='ocrx_word' id='word_1_560' title='bbox 1515 1691 1686 1720; x_wconf 89' lang='lat' dir='ltr'><strong>peccatorttm</strong></span> 
     </span>
    </p>
   </div>
   <div class='ocr_carea' id='block_1_76' title="bbox 902 1729 1687 1766">
    <p class='ocr_par' dir='ltr' id='par_1_76' title="bbox 902 1729 1687 1766">
     <span class='ocr_line' id='line_1_76' title="bbox 902 1729 1687 1766; baseline 0.004 -9"><span class='ocrx_word' id='word_1_561' title='bbox 902 1729 1070 1765; x_wconf 86' lang='lat' dir='ltr'><strong>tyrannidem</strong></span> <span class='ocrx_word' id='word_1_562' title='bbox 1097 1729 1276 1764; x_wconf 82' lang='lat' dir='ltr'><strong>patiebamur,</strong></span> <span class='ocrx_word' id='word_1_563' title='bbox 1293 1729 1434 1765; x_wconf 85' lang='lat' dir='ltr'><strong>justiﬁcati</strong></span> <span class='ocrx_word' id='word_1_564' title='bbox 1459 1731 1568 1766; x_wconf 87' lang='lat' dir='ltr'><strong>quidem</strong></span> <span class='ocrx_word' id='word_1_565' title='bbox 1593 1739 1687 1760; x_wconf 87' lang='lat' dir='ltr'><strong>sumus</strong></span> 
     </span>
    </p>
   </div>
   <div class='ocr_carea' id='block_1_77' title="bbox 903 1775 1687 1813">
    <p class='ocr_par' dir='ltr' id='par_1_77' title="bbox 903 1775 1687 1813">
     <span class='ocr_line' id='line_1_77' title="bbox 903 1775 1687 1813; baseline 0.005 -11"><span class='ocrx_word' id='word_1_566' title='bbox 903 1775 929 1802; x_wconf 91' lang='lat' dir='ltr'><strong>in</strong></span> <span class='ocrx_word' id='word_1_567' title='bbox 943 1775 1051 1803; x_wconf 85' lang='lat' dir='ltr'><strong>Christo</strong></span> <span class='ocrx_word' id='word_1_568' title='bbox 1062 1775 1095 1808; x_wconf 72' lang='grc'><strong>⁸⁸,</strong></span> <span class='ocrx_word' id='word_1_569' title='bbox 1106 1775 1196 1811; x_wconf 87' lang='lat' dir='ltr'><strong>etjatn</strong></span> <span class='ocrx_word' id='word_1_570' title='bbox 1213 1775 1246 1803; x_wconf 86' lang='lat' dir='ltr'><strong>ad</strong></span> <span class='ocrx_word' id='word_1_571' title='bbox 1264 1780 1365 1804; x_wconf 86' lang='lat' dir='ltr'><strong>tantam</strong></span> <span class='ocrx_word' id='word_1_572' title='bbox 1379 1777 1550 1806; x_wconf 84' lang='lat' dir='ltr'><strong>securitatem</strong></span> <span class='ocrx_word' id='word_1_573' title='bbox 1565 1778 1687 1813; x_wconf 81' lang='lat' dir='ltr'><strong>spiritua-</strong></span> 
     </span>
    </p>
   </div>
   <div class='ocr_carea' id='block_1_78' title="bbox 902 1821 1685 1858">
    <p class='ocr_par' dir='ltr' id='par_1_78' title="bbox 902 1821 1685 1858">
     <span class='ocr_line' id='line_1_78' title="bbox 902 1821 1685 1858; baseline 0.005 -10"><span class='ocrx_word' id='word_1_574' title='bbox 902 1821 954 1848; x_wconf 85' lang='lat' dir='ltr'><strong>lem</strong></span> <span class='ocrx_word' id='word_1_575' title='bbox 966 1821 1147 1855; x_wconf 84' lang='lat' dir='ltr'><strong>pervenimus,</strong></span> <span class='ocrx_word' id='word_1_576' title='bbox 1160 1827 1189 1849; x_wconf 89' lang='lat' dir='ltr'><strong>ut</strong></span> <span class='ocrx_word' id='word_1_577' title='bbox 1199 1822 1273 1849; x_wconf 88' lang='lat' dir='ltr'><strong>omni</strong></span> <span class='ocrx_word' id='word_1_578' title='bbox 1285 1822 1384 1850; x_wconf 88' lang='lat' dir='ltr'><strong>virtute</strong></span> <span class='ocrx_word' id='word_1_579' title='bbox 1396 1823 1532 1858; x_wconf 87' lang='lat' dir='ltr'><strong>possimus</strong></span> <span class='ocrx_word' id='word_1_580' title='bbox 1542 1824 1685 1858; x_wconf 81' lang='lat' dir='ltr'><strong>excellere.</strong></span> 
     </span>
    </p>
   </div>
   <div class='ocr_carea' id='block_1_79' title="bbox 901 1868 1687 1904">
    <p class='ocr_par' dir='ltr' id='par_1_79' title="bbox 901 1868 1687 1904">
     <span class='ocr_line' id='line_1_79' title="bbox 901 1868 1687 1904; baseline 0.005 -9"><span class='ocrx_word' id='word_1_581' title='bbox 901 1872 930 1895; x_wconf 90' lang='lat' dir='ltr'><strong>et</strong></span> <span class='ocrx_word' id='word_1_582' title='bbox 944 1868 970 1895; x_wconf 93' lang='lat' dir='ltr'><strong>in</strong></span> <span class='ocrx_word' id='word_1_583' title='bbox 987 1868 1095 1896; x_wconf 89' lang='lat' dir='ltr'><strong>Christo</strong></span> <span class='ocrx_word' id='word_1_584' title='bbox 1110 1869 1193 1896; x_wconf 83' lang='lat' dir='ltr'><strong>vitam</strong></span> <span class='ocrx_word' id='word_1_585' title='bbox 1210 1868 1358 1903; x_wconf 77' lang='lat' dir='ltr'><strong>angelicam</strong></span> <span class='ocrx_word' id='word_1_586' title='bbox 1374 1869 1459 1904; x_wconf 86' lang='lat' dir='ltr'><strong>probe</strong></span> <span class='ocrx_word' id='word_1_587' title='bbox 1470 1870 1575 1904; x_wconf 81' lang='lat' dir='ltr'><strong>vivere;</strong></span> <span class='ocrx_word' id='word_1_588' title='bbox 1591 1871 1687 1899; x_wconf 87' lang='lat' dir='ltr'><strong>deinde</strong></span> 
     </span>
    </p>
   </div>
   <div class='ocr_carea' id='block_1_80' title="bbox 902 1913 1686 1950">
    <p class='ocr_par' dir='ltr' id='par_1_80' title="bbox 902 1913 1686 1950">
     <span class='ocr_line' id='line_1_80' title="bbox 902 1913 1686 1950; baseline 0.004 -9"><span class='ocrx_word' id='word_1_589' title='bbox 902 1914 1075 1942; x_wconf 87' lang='lat' dir='ltr'><strong>charismatis</strong></span> <span class='ocrx_word' id='word_1_590' title='bbox 1098 1913 1156 1948; x_wconf 88' lang='lat' dir='ltr'><strong>ejus</strong></span> <span class='ocrx_word' id='word_1_591' title='bbox 1180 1913 1292 1949; x_wconf 86' lang='lat' dir='ltr'><strong>repleri,</strong></span> <span class='ocrx_word' id='word_1_592' title='bbox 1318 1918 1354 1942; x_wconf 67' lang='lat' dir='ltr'><strong>ret</strong></span> <span class='ocrx_word' id='word_1_593' title='bbox 1377 1914 1501 1950; x_wconf 87' lang='lat' dir='ltr'><strong>accipere</strong></span> <span class='ocrx_word' id='word_1_594' title='bbox 1526 1919 1686 1950; x_wconf 85' lang='lat' dir='ltr'><strong>potestatem</strong></span> 
     </span>
    </p>
   </div>
   <div class='ocr_carea' id='block_1_81' title="bbox 903 1960 1686 1996">
    <p class='ocr_par' dir='ltr' id='par_1_81' title="bbox 903 1960 1686 1996">
     <span class='ocr_line' id='line_1_81' title="bbox 903 1960 1686 1996; baseline 0.003 -9"><span class='ocrx_word' id='word_1_595' title='bbox 903 1965 996 1987; x_wconf 84' lang='lat' dir='ltr'><strong>contra</strong></span> <span class='ocrx_word' id='word_1_596' title='bbox 1013 1960 1125 1995; x_wconf 86' lang='lat' dir='ltr'><strong>spiritus</strong></span> <span class='ocrx_word' id='word_1_597' title='bbox 1142 1960 1312 1993; x_wconf 90' lang='lat' dir='ltr'><strong>immundos,</strong></span> <span class='ocrx_word' id='word_1_598' title='bbox 1328 1965 1356 1988; x_wconf 88' lang='lat' dir='ltr'><strong>et</strong></span> <span class='ocrx_word' id='word_1_599' title='bbox 1374 1961 1508 1989; x_wconf 72' lang='lat' dir='ltr'><strong>daemones</strong></span> <span class='ocrx_word' id='word_1_600' title='bbox 1525 1961 1686 1996; x_wconf 85' lang='lat' dir='ltr'><strong>increpare.</strong></span> 
     </span>
    </p>
   </div>
   <div class='ocr_carea' id='block_1_82' title="bbox 901 2006 1686 2042">
    <p class='ocr_par' dir='ltr' id='par_1_82' title="bbox 901 2006 1686 2042">
     <span class='ocr_line' id='line_1_82' title="bbox 901 2006 1686 2042; baseline 0.001 -9"><span class='ocrx_word' id='word_1_601' title='bbox 901 2006 985 2042; x_wconf 73' lang='lat' dir='ltr'><strong>67o</strong></span> <span class='ocrx_word' id='word_1_602' title='bbox 1012 2006 1202 2034; x_wconf 88' lang='lat' dir='ltr'><strong>substernente</strong></span> <span class='ocrx_word' id='word_1_603' title='bbox 1231 2006 1356 2040; x_wconf 80' lang='lat' dir='ltr'><strong>Christo,</strong></span> <span class='ocrx_word' id='word_1_604' title='bbox 1376 2011 1404 2034; x_wconf 90' lang='lat' dir='ltr'><strong>et</strong></span> <span class='ocrx_word' id='word_1_605' title='bbox 1430 2007 1515 2042; x_wconf 90' lang='lat' dir='ltr'><strong>ipsum</strong></span> <span class='ocrx_word' id='word_1_606' title='bbox 1542 2007 1686 2040; x_wconf 85' lang='lat' dir='ltr'><strong>Satanam,</strong></span> 
     </span>
    </p>
   </div>
   <div class='ocr_carea' id='block_1_83' title="bbox 903 2051 1687 2087">
    <p class='ocr_par' dir='ltr' id='par_1_83' title="bbox 903 2051 1687 2087">
     <span class='ocr_line' id='line_1_83' title="bbox 903 2051 1687 2087; baseline 0.003 -9"><span class='ocrx_word' id='word_1_607' title='bbox 903 2053 1070 2086; x_wconf 69' lang='lat' dir='ltr'><strong>virtuteSqne</strong></span> <span class='ocrx_word' id='word_1_608' title='bbox 1087 2051 1156 2079; x_wconf 90' lang='lat' dir='ltr'><strong>illius</strong></span> <span class='ocrx_word' id='word_1_609' title='bbox 1173 2051 1322 2087; x_wconf 72' lang='lat' dir='ltr'><strong>malignas,</strong></span> <span class='ocrx_word' id='word_1_610' title='bbox 1334 2051 1385 2079; x_wconf 87' lang='lat' dir='ltr'><strong>sub</strong></span> <span class='ocrx_word' id='word_1_611' title='bbox 1401 2052 1514 2087; x_wconf 88' lang='lat' dir='ltr'><strong>pedibus</strong></span> <span class='ocrx_word' id='word_1_612' title='bbox 1531 2056 1687 2080; x_wconf 87' lang='lat' dir='ltr'><strong>sanctorum</strong></span> 
     </span>
    </p>
   </div>
   <div class='ocr_carea' id='block_1_84' title="bbox 903 2097 1688 2132">
    <p class='ocr_par' dir='ltr' id='par_1_84' title="bbox 903 2097 1688 2132">
     <span class='ocr_line' id='line_1_84' title="bbox 903 2097 1688 2132; baseline 0 -7"><span class='ocrx_word' id='word_1_613' title='bbox 903 2097 1108 2125; x_wconf 81' lang='lat' dir='ltr'><strong>conterente&quot;.</strong></span> <span class='ocrx_word' id='word_1_614' title='bbox 1134 2097 1193 2124; x_wconf 88' lang='lat' dir='ltr'><strong>Alia</strong></span> <span class='ocrx_word' id='word_1_615' title='bbox 1224 2097 1332 2132; x_wconf 87' lang='lat' dir='ltr'><strong>insuper</strong></span> <span class='ocrx_word' id='word_1_616' title='bbox 1358 2099 1400 2124; x_wconf 88' lang='lat' dir='ltr'><strong>via</strong></span> <span class='ocrx_word' id='word_1_617' title='bbox 1429 2097 1546 2132; x_wconf 88' lang='lat' dir='ltr'><strong>spoliare</strong></span> <span class='ocrx_word' id='word_1_618' title='bbox 1572 2097 1688 2126; x_wconf 89' lang='lat' dir='ltr'><strong>victores</strong></span> 
     </span>
    </p>
   </div>
   <div class='ocr_carea' id='block_1_85' title="bbox 65 2143 849 2184">
    <p class='ocr_par' dir='ltr' id='par_1_85' title="bbox 65 2145 849 2184">
     <span class='ocr_line' id='line_1_85' title="bbox 65 2145 849 2184; baseline 0.005 -13"><span class='ocrx_word' id='word_1_619' title='bbox 65 2145 110 2171; x_wconf 80' lang='grc' dir='ltr'><strong>ὑπ’</strong></span> <span class='ocrx_word' id='word_1_620' title='bbox 122 2145 199 2180; x_wconf 80' lang='grc' dir='ltr'>αὐτῷ</span> <span class='ocrx_word' id='word_1_621' title='bbox 219 2145 347 2181; x_wconf 82' lang='grc' dir='ltr'>δυνάμεις</span> <span class='ocrx_word' id='word_1_622' title='bbox 365 2147 505 2183; x_wconf 84' lang='grc' dir='ltr'>πονηρίας.</span> <span class='ocrx_word' id='word_1_623' title='bbox 522 2146 590 2174; x_wconf 81' lang='grc' dir='ltr'>Καθ’</span> <span class='ocrx_word' id='word_1_624' title='bbox 605 2147 698 2183; x_wconf 74' lang='grc' dir='ltr'>ἕτερον</span> <span class='ocrx_word' id='word_1_625' title='bbox 711 2147 738 2174; x_wconf 71' lang='grc' dir='ltr'>δε</span> <span class='ocrx_word' id='word_1_626' title='bbox 753 2148 849 2184; x_wconf 62' lang='grc' dir='ltr'>τρόπον</span> 
     </span>
    </p>
   </div>
   <div class='ocr_carea' id='block_1_86' title="bbox 904 2143 1687 2184">
    <p class='ocr_par' dir='ltr' id='par_1_86' title="bbox 906 2143 1687 2177">
     <span class='ocr_line' id='line_1_86' title="bbox 906 2143 1687 2177; baseline 0 -6"><span class='ocrx_word' id='word_1_627' title='bbox 906 2144 977 2171; x_wconf 90' lang='lat' dir='ltr'><strong>licet.</strong></span> <span class='ocrx_word' id='word_1_628' title='bbox 988 2144 1100 2177; x_wconf 87' lang='lat' dir='ltr'><strong>Quando</strong></span> <span class='ocrx_word' id='word_1_629' title='bbox 1115 2143 1185 2170; x_wconf 88' lang='lat' dir='ltr'><strong>enim</strong></span> <span class='ocrx_word' id='word_1_630' title='bbox 1201 2144 1351 2171; x_wconf 86' lang='lat' dir='ltr'><strong>concitatos</strong></span> <span class='ocrx_word' id='word_1_631' title='bbox 1365 2143 1516 2172; x_wconf 87' lang='lat' dir='ltr'><strong>animorum</strong></span> <span class='ocrx_word' id='word_1_632' title='bbox 1533 2148 1687 2171; x_wconf 87' lang='lat' dir='ltr'><strong>nostrorum</strong></span> 
     </span>
    </p>
   </div>
   <div class='ocr_carea' id='block_1_87' title="bbox 65 2191 854 2228">
    <p class='ocr_par' dir='ltr' id='par_1_87' title="bbox 65 2191 854 2228">
     <span class='ocr_line' id='line_1_87' title="bbox 65 2191 854 2228; baseline 0.004 -11"><span class='ocrx_word' id='word_1_633' title='bbox 65 2191 242 2218; x_wconf 81' lang='grc' dir='ltr'>σκυλεύσειεν</span> <span class='ocrx_word' id='word_1_634' title='bbox 258 2192 292 2219; x_wconf 81' lang='grc' dir='ltr'>ἄν</span> <span class='ocrx_word' id='word_1_635' title='bbox 315 2201 356 2224; x_wconf 87' lang='grc' dir='ltr'><strong>τις</strong></span> <span class='ocrx_word' id='word_1_636' title='bbox 377 2193 440 2224; x_wconf 86' lang='grc' dir='ltr'>τούς</span> <span class='ocrx_word' id='word_1_637' title='bbox 461 2201 526 2219; x_wconf 88' lang='grc' dir='ltr'>ποτε</span> <span class='ocrx_word' id='word_1_638' title='bbox 550 2193 762 2228; x_wconf 80' lang='grc' dir='ltr'>κεκρατηκότας.</span> <span class='ocrx_word' id='word_1_639' title='bbox 789 2193 854 2220; x_wconf 84' lang='grc' dir='ltr'>Ὅτε</span> 
     </span>
    </p>
   </div>
   <div class='ocr_carea' id='block_1_88' title="bbox 64 2237 855 2274">
    <p class='ocr_par' dir='ltr' id='par_1_88' title="bbox 64 2237 855 2274">
     <span class='ocr_line' id='line_1_88' title="bbox 64 2237 855 2274; baseline 0.004 -11"><span class='ocrx_word' id='word_1_640' title='bbox 64 2237 118 2272; x_wconf 76' lang='grc' dir='ltr'><strong>γὰρ</strong></span> <span class='ocrx_word' id='word_1_641' title='bbox 133 2237 189 2264; x_wconf 85' lang='grc' dir='ltr'><strong>τῶν</strong></span> <span class='ocrx_word' id='word_1_642' title='bbox 204 2237 276 2264; x_wconf 84' lang='grc' dir='ltr'>ίδίων</span> <span class='ocrx_word' id='word_1_643' title='bbox 295 2237 482 2274; x_wconf 84' lang='grc' dir='ltr'>καταθλοῦμεν</span> <span class='ocrx_word' id='word_1_644' title='bbox 500 2238 604 2271; x_wconf 85' lang='grc' dir='ltr'>παθῶν,</span> <span class='ocrx_word' id='word_1_645' title='bbox 628 2239 675 2265; x_wconf 81' lang='grc' dir='ltr'><strong>καὶ</strong></span> <span class='ocrx_word' id='word_1_646' title='bbox 692 2238 739 2266; x_wconf 80' lang='grc' dir='ltr'>τοῦ</span> <span class='ocrx_word' id='word_1_647' title='bbox 755 2239 855 2270; x_wconf 84' lang='grc' dir='ltr'>παντὸς</span> 
     </span>
    </p>
   </div>
   <div class='ocr_carea' id='block_1_89' title="bbox 63 2283 854 2320">
    <p class='ocr_par' dir='ltr' id='par_1_89' title="bbox 63 2283 854 2320">
     <span class='ocr_line' id='line_1_89' title="bbox 63 2283 854 2320; baseline 0.004 -11"><span class='ocrx_word' id='word_1_648' title='bbox 63 2283 139 2315; x_wconf 79' lang='grc' dir='ltr'>ἄξιον</span> <span class='ocrx_word' id='word_1_649' title='bbox 155 2283 307 2318; x_wconf 84' lang='grc' dir='ltr'>ποιούμεθα</span> <span class='ocrx_word' id='word_1_650' title='bbox 322 2283 411 2318; x_wconf 79' lang='grc' dir='ltr'>λόγου,</span> <span class='ocrx_word' id='word_1_651' title='bbox 427 2284 456 2310; x_wconf 82' lang='grc' dir='ltr'>τὸ</span> <span class='ocrx_word' id='word_1_652' title='bbox 473 2285 582 2319; x_wconf 88' lang='grc' dir='ltr'>κρατεῖν</span> <span class='ocrx_word' id='word_1_653' title='bbox 594 2284 696 2320; x_wconf 82' lang='grc' dir='ltr'>ἡδονῶν</span> <span class='ocrx_word' id='word_1_654' title='bbox 715 2284 854 2320; x_wconf 86' lang='grc' dir='ltr'>κοσμικῶν</span> 
     </span>
    </p>
   </div>
   <div class='ocr_carea' id='block_1_90' title="bbox 63 2329 854 2366">
    <p class='ocr_par' dir='ltr' id='par_1_90' title="bbox 63 2329 854 2366">
     <span class='ocr_line' id='line_1_90' title="bbox 63 2329 854 2366; baseline 0.004 -12"><span class='ocrx_word' id='word_1_655' title='bbox 63 2337 92 2354; x_wconf 87' lang='grc' dir='ltr'><strong>τε</strong></span> <span class='ocrx_word' id='word_1_656' title='bbox 107 2329 156 2355; x_wconf 76' lang='grc' dir='ltr'>καὶ</span> <span class='ocrx_word' id='word_1_657' title='bbox 179 2329 329 2364; x_wconf 83' lang='grc' dir='ltr'>σαρκικῶν,</span> <span class='ocrx_word' id='word_1_658' title='bbox 347 2330 393 2356; x_wconf 73' lang='grc' dir='ltr'>καὶ</span> <span class='ocrx_word' id='word_1_659' title='bbox 412 2329 520 2365; x_wconf 82' lang='grc' dir='ltr'>ἀπάσης</span> <span class='ocrx_word' id='word_1_660' title='bbox 535 2329 650 2356; x_wconf 78' lang='grc' dir='ltr'>ἐκτόπου</span> <span class='ocrx_word' id='word_1_661' title='bbox 666 2330 713 2356; x_wconf 78' lang='grc' dir='ltr'>καὶ</span> <span class='ocrx_word' id='word_1_662' title='bbox 728 2330 854 2366; x_wconf 81' lang='grc' dir='ltr'>μυσαρᾶς</span> 
     </span>
    </p>
   </div>
   <div class='ocr_carea' id='block_1_91' title="bbox 63 2374 854 2412">
    <p class='ocr_par' dir='ltr' id='par_1_91' title="bbox 63 2374 854 2412">
     <span class='ocr_line' id='line_1_91' title="bbox 63 2374 854 2412; baseline 0.005 -12"><span class='ocrx_word' id='word_1_663' title='bbox 63 2374 224 2410; x_wconf 72' lang='grc' dir='ltr'>ἐπιθυμίας.</span> <span class='ocrx_word' id='word_1_664' title='bbox 238 2375 299 2401; x_wconf 85' lang='grc' dir='ltr'>τότε</span> <span class='ocrx_word' id='word_1_665' title='bbox 317 2375 380 2407; x_wconf 81' lang='grc' dir='ltr'>τοὺς</span> <span class='ocrx_word' id='word_1_666' title='bbox 403 2377 608 2411; x_wconf 84' lang='grc' dir='ltr'>κεκρατηκότας</span> <span class='ocrx_word' id='word_1_667' title='bbox 622 2376 687 2404; x_wconf 59' lang='lat' dir='ltr'><strong>me</strong></span> <span class='ocrx_word' id='word_1_668' title='bbox 711 2377 854 2412; x_wconf 83' lang='grc' dir='ltr'>νενικήκα-</span> 
     </span>
    </p>
   </div>
   <div class='ocr_carea' id='block_1_92' title="bbox 65 2418 854 2455">
    <p class='ocr_par' dir='ltr' id='par_1_92' title="bbox 65 2418 854 2455">
     <span class='ocr_line' id='line_1_92' title="bbox 65 2418 854 2455; baseline 0.004 -10"><span class='ocrx_word' id='word_1_669' title='bbox 65 2428 126 2454; x_wconf 83' lang='grc' dir='ltr'>μεν,</span> <span class='ocrx_word' id='word_1_670' title='bbox 142 2419 194 2446; x_wconf 79' lang='grc' dir='ltr'>κᾶν</span> <span class='ocrx_word' id='word_1_671' title='bbox 208 2418 309 2454; x_wconf 83' lang='grc' dir='ltr'>ἴδωμεν</span> <span class='ocrx_word' id='word_1_672' title='bbox 326 2421 438 2452; x_wconf 80' lang='grc' dir='ltr'>ἑαυτοὺς</span> <span class='ocrx_word' id='word_1_673' title='bbox 452 2421 599 2455; x_wconf 82' lang='grc' dir='ltr'>γεγονότας</span> <span class='ocrx_word' id='word_1_674' title='bbox 617 2422 645 2448; x_wconf 79' lang='grc' dir='ltr'>ὲν</span> <span class='ocrx_word' id='word_1_675' title='bbox 658 2421 771 2453; x_wconf 83' lang='grc' dir='ltr'>τούτοις.</span> <span class='ocrx_word' id='word_1_676' title='bbox 787 2421 854 2448; x_wconf 84' lang='grc' dir='ltr'>Τότε</span> 
     </span>
    </p>
   </div>
   <div class='ocr_carea' id='block_1_93' title="bbox 63 2465 854 2502">
    <p class='ocr_par' dir='ltr' id='par_1_93' title="bbox 63 2465 854 2502">
     <span class='ocr_line' id='line_1_93' title="bbox 63 2465 854 2502; baseline 0.004 -11"><span class='ocrx_word' id='word_1_677' title='bbox 63 2465 106 2501; x_wconf 77' lang='grc' dir='ltr'>δὴ,</span> <span class='ocrx_word' id='word_1_678' title='bbox 121 2465 181 2491; x_wconf 78' lang='grc' dir='ltr'>τότε</span> <span class='ocrx_word' id='word_1_679' title='bbox 202 2465 365 2500; x_wconf 84' lang='grc' dir='ltr'>γνωσόμεθα</span> <span class='ocrx_word' id='word_1_680' title='bbox 380 2467 427 2492; x_wconf 82' lang='grc' dir='ltr'>καὶ</span> <span class='ocrx_word' id='word_1_681' title='bbox 449 2466 493 2493; x_wconf 74' lang='grc' dir='ltr'><strong>διὰ</strong></span> <span class='ocrx_word' id='word_1_682' title='bbox 507 2466 605 2502; x_wconf 86' lang='grc' dir='ltr'>πείρας</span> <span class='ocrx_word' id='word_1_683' title='bbox 626 2466 720 2502; x_wconf 73' lang='grc' dir='ltr'>αὐτῆς,</span> <span class='ocrx_word' id='word_1_684' title='bbox 734 2467 774 2494; x_wconf 82' lang='grc' dir='ltr'>ὅτι</span> <span class='ocrx_word' id='word_1_685' title='bbox 790 2467 854 2500; x_wconf 83' lang='grc' dir='ltr'>Θεὸς</span> 
     </span>
    </p>
   </div>
   <div class='ocr_carea' id='block_1_94' title="bbox 64 2511 855 2549">
    <p class='ocr_par' dir='ltr' id='par_1_94' title="bbox 64 2511 855 2549">
     <span class='ocr_line' id='line_1_94' title="bbox 64 2511 855 2549; baseline 0.003 -11"><span class='ocrx_word' id='word_1_686' title='bbox 64 2511 100 2538; x_wconf 79' lang='grc' dir='ltr'>ὡν</span> <span class='ocrx_word' id='word_1_687' title='bbox 120 2513 135 2538; x_wconf 84' lang='grc' dir='ltr'>ὁ</span> <span class='ocrx_word' id='word_1_688' title='bbox 157 2513 256 2547; x_wconf 82' lang='grc' dir='ltr'>Λόγος,</span> <span class='ocrx_word' id='word_1_689' title='bbox 282 2512 420 2547; x_wconf 82' lang='grc' dir='ltr'>ἀπεστάλη</span> <span class='ocrx_word' id='word_1_690' title='bbox 442 2513 511 2548; x_wconf 84' lang='grc' dir='ltr'>μετὰ</span> <span class='ocrx_word' id='word_1_691' title='bbox 533 2513 632 2549; x_wconf 86' lang='grc' dir='ltr'>σαρκὸς</span> <span class='ocrx_word' id='word_1_692' title='bbox 655 2515 695 2545; x_wconf 85' lang='grc' dir='ltr'><strong>είς</strong></span> <span class='ocrx_word' id='word_1_693' title='bbox 720 2513 793 2540; x_wconf 84' lang='grc' dir='ltr'>τόνδε</span> <span class='ocrx_word' id='word_1_694' title='bbox 810 2514 855 2541; x_wconf 76' lang='grc' dir='ltr'>τὸν</span> 
     </span>
    </p>
   </div>
   <div class='ocr_carea' id='block_1_95' title="bbox 65 2558 856 2594">
    <p class='ocr_par' dir='ltr' id='par_1_95' title="bbox 65 2558 856 2594">
     <span class='ocr_line' id='line_1_95' title="bbox 65 2558 856 2594; baseline 0.003 -10"><span class='ocrx_word' id='word_1_695' title='bbox 65 2558 166 2593; x_wconf 81' lang='grc' dir='ltr'>κόσμον</span> <span class='ocrx_word' id='word_1_696' title='bbox 182 2559 261 2594; x_wconf 86' lang='grc' dir='ltr'><strong>παρά</strong></span> <span class='ocrx_word' id='word_1_697' title='bbox 273 2558 320 2585; x_wconf 82' lang='grc' dir='ltr'>τοῦ</span> <span class='ocrx_word' id='word_1_698' title='bbox 336 2558 403 2584; x_wconf 73' lang='grc' dir='ltr'><strong>9εοῦ</strong></span> <span class='ocrx_word' id='word_1_699' title='bbox 423 2559 469 2586; x_wconf 84' lang='grc' dir='ltr'>καὶ</span> <span class='ocrx_word' id='word_1_700' title='bbox 487 2559 603 2594; x_wconf 74' lang='grc' dir='ltr'>Πατρὸς,</span> <span class='ocrx_word' id='word_1_701' title='bbox 620 2560 667 2586; x_wconf 84' lang='grc' dir='ltr'>καὶ</span> <span class='ocrx_word' id='word_1_702' title='bbox 680 2559 766 2586; x_wconf 82' lang='grc' dir='ltr'>ὀπίσω</span> <span class='ocrx_word' id='word_1_703' title='bbox 777 2559 856 2594; x_wconf 78' lang='grc' dir='ltr'>δόξης</span> 
     </span>
    </p>
   </div>
   <div class='ocr_carea' id='block_1_96' title="bbox 65 2603 856 2641">
    <p class='ocr_par' dir='ltr' id='par_1_96' title="bbox 65 2603 856 2641">
     <span class='ocr_line' id='line_1_96' title="bbox 65 2603 856 2641; baseline 0.003 -11"><span class='ocrx_word' id='word_1_704' title='bbox 65 2603 173 2638; x_wconf 80' lang='grc' dir='ltr'>γέγονεν</span> <span class='ocrx_word' id='word_1_705' title='bbox 189 2605 240 2641; x_wconf 79' lang='grc' dir='ltr'><strong>οὐχ</strong></span> <span class='ocrx_word' id='word_1_706' title='bbox 261 2604 359 2639; x_wconf 77' lang='grc' dir='ltr'>ἑτέρου</span> <span class='ocrx_word' id='word_1_707' title='bbox 375 2612 422 2631; x_wconf 84' lang='grc' dir='ltr'><strong>του</strong></span> <span class='ocrx_word' id='word_1_708' title='bbox 448 2605 537 2640; x_wconf 84' lang='grc' dir='ltr'>χάριν,</span> <span class='ocrx_word' id='word_1_709' title='bbox 563 2605 579 2640; x_wconf 80' lang='grc' dir='ltr'><strong>ἢ</strong></span> <span class='ocrx_word' id='word_1_710' title='bbox 606 2605 648 2632; x_wconf 76' lang='grc' dir='ltr'>ἵνα</span> <span class='ocrx_word' id='word_1_711' title='bbox 670 2605 806 2641; x_wconf 84' lang='grc' dir='ltr'>δεσμεύσῃ</span> <span class='ocrx_word' id='word_1_712' title='bbox 825 2606 856 2633; x_wconf 80' lang='grc' dir='ltr'>τὸ</span> 
     </span>
    </p>
   </div>
   <div class='ocr_carea' id='block_1_97' title="bbox 94 2705 849 2741">
    <p class='ocr_par' dir='ltr' id='par_1_97' title="bbox 94 2705 837 2740">
     <span class='ocr_line' id='line_1_97' title="bbox 94 2705 837 2740; baseline -0.001 -5"><span class='ocrx_word' id='word_1_713' title='bbox 94 2707 115 2724; x_wconf 80' lang='grc'><strong>⁸⁸</strong></span> <span class='ocrx_word' id='word_1_714' title='bbox 137 2707 210 2735; x_wconf 79' lang='lat' dir='ltr'><strong>Psal.</strong></span> <span class='ocrx_word' id='word_1_715' title='bbox 224 2715 277 2739; x_wconf 86' lang='lat' dir='ltr'><strong>vn,</strong></span> <span class='ocrx_word' id='word_1_716' title='bbox 294 2706 339 2737; x_wconf 81' lang='grc'>16,</span> <span class='ocrx_word' id='word_1_717' title='bbox 354 2705 398 2732; x_wconf 81' lang='grc' dir='ltr'><strong>ΓΙ.</strong></span> <span class='ocrx_word' id='word_1_718' title='bbox 436 2706 460 2722; x_wconf 73' lang='grc' dir='ltr'>ι’</span> <span class='ocrx_word' id='word_1_719' title='bbox 476 2706 548 2734; x_wconf 86' lang='lat' dir='ltr'><strong>Psal.</strong></span> <span class='ocrx_word' id='word_1_720' title='bbox 561 2714 615 2740; x_wconf 78' lang='lat' dir='ltr'><strong>CIV,</strong></span> <span class='ocrx_word' id='word_1_721' title='bbox 630 2706 674 2734; x_wconf 76' lang='lat' dir='ltr'><strong>i5.</strong></span> <span class='ocrx_word' id='word_1_722' title='bbox 714 2707 736 2723; x_wconf 70' lang='grc'><strong>⁸³</strong></span> <span class='ocrx_word' id='word_1_723' title='bbox 750 2705 760 2732; x_wconf 85' lang='grc'><strong>1</strong></span> <span class='ocrx_word' id='word_1_724' title='bbox 774 2706 837 2735; x_wconf 90' lang='lat' dir='ltr'><strong>Cor.</strong></span> 
     </span>
    </p>
   </div>
   <div class='ocr_carea' id='block_1_98' title="bbox 904 2705 1227 2741">
    <p class='ocr_par' dir='ltr' id='par_1_98' title="bbox 919 2707 1227 2741">
     <span class='ocr_line' id='line_1_98' title="bbox 919 2707 1227 2741; baseline -0.003 -7"><span class='ocrx_word' id='word_1_725' title='bbox 919 2707 965 2735; x_wconf 81' lang='lat'><strong>‘27.</strong></span> <span class='ocrx_word' id='word_1_726' title='bbox 1003 2708 1027 2724; x_wconf 68' lang='grc'><strong>’⁸³</strong></span> <span class='ocrx_word' id='word_1_727' title='bbox 1038 2707 1104 2735; x_wconf 88' lang='lat' dir='ltr'><strong>Gen.</strong></span> <span class='ocrx_word' id='word_1_728' title='bbox 1126 2715 1166 2741; x_wconf 92' lang='grc' dir='ltr'>ιιι,</span> <span class='ocrx_word' id='word_1_729' title='bbox 1184 2707 1227 2734; x_wconf 69' lang='lat' dir='ltr'><strong>lii.</strong></span> 
     </span>
    </p>
   </div>
   <div class='ocr_carea' id='block_1_99' title="bbox 66 2741 367 2774">
    <p class='ocr_par' dir='ltr' id='par_1_99' title="bbox 66 2741 367 2774">
     <span class='ocr_line' id='line_1_99' title="bbox 66 2741 367 2774; baseline 0.003 -7"><span class='ocrx_word' id='word_1_730' title='bbox 66 2742 106 2771; x_wconf 88' lang='lat' dir='ltr'><strong>ll.</strong></span> <span class='ocrx_word' id='word_1_731' title='bbox 142 2744 164 2759; x_wconf 74' lang='grc'><strong>⁸⁷</strong></span> <span class='ocrx_word' id='word_1_732' title='bbox 180 2743 269 2770; x_wconf 79' lang='lat' dir='ltr'><strong>Marc.</strong></span> <span class='ocrx_word' id='word_1_733' title='bbox 284 2749 324 2774; x_wconf 85' lang='grc' dir='ltr'><strong>νι,</strong></span> <span class='ocrx_word' id='word_1_734' title='bbox 342 2741 367 2768; x_wconf 85' lang='grc'><strong>’1.</strong></span> 
     </span>
    </p>
   </div>
   <div class='ocr_carea' id='block_1_100' title="bbox 907 2189 1689 2224">
    <p class='ocr_par' dir='ltr' id='par_1_100' title="bbox 907 2189 1689 2224">
     <span class='ocr_line' id='line_1_100' title="bbox 907 2189 1689 2224; baseline -0.001 -7"><span class='ocrx_word' id='word_1_735' title='bbox 907 2195 996 2217; x_wconf 87' lang='lat' dir='ltr'><strong>tnotus</strong></span> <span class='ocrx_word' id='word_1_736' title='bbox 1024 2196 1227 2224; x_wconf 72' lang='lat' dir='ltr'><strong>oppugnamus,</strong></span> <span class='ocrx_word' id='word_1_737' title='bbox 1258 2195 1285 2217; x_wconf 88' lang='lat' dir='ltr'><strong>et</strong></span> <span class='ocrx_word' id='word_1_738' title='bbox 1318 2189 1486 2222; x_wconf 84' lang='lat' dir='ltr'><strong>mundanas,</strong></span> <span class='ocrx_word' id='word_1_739' title='bbox 1514 2189 1689 2224; x_wconf 85' lang='lat' dir='ltr'><strong>carnalesque</strong></span> 
     </span>
    </p>
   </div>
   <div class='ocr_carea' id='block_1_101' title="bbox 907 2235 1732 2270">
    <p class='ocr_par' dir='ltr' id='par_1_101' title="bbox 907 2235 1732 2270">
     <span class='ocr_line' id='line_1_101' title="bbox 907 2235 1732 2270; baseline 0.001 -9"><span class='ocrx_word' id='word_1_740' title='bbox 907 2235 1074 2270; x_wconf 82' lang='lat' dir='ltr'><strong>voluptates,</strong></span> <span class='ocrx_word' id='word_1_741' title='bbox 1089 2240 1116 2262; x_wconf 89' lang='lat' dir='ltr'><strong>et</strong></span> <span class='ocrx_word' id='word_1_742' title='bbox 1131 2235 1253 2270; x_wconf 84' lang='lat' dir='ltr'><strong>quamvis</strong></span> <span class='ocrx_word' id='word_1_743' title='bbox 1269 2242 1284 2262; x_wconf 77' lang='grc' dir='ltr'><strong>ιι</strong></span> <span class='ocrx_word' id='word_1_744' title='bbox 1299 2236 1403 2262; x_wconf 91' lang='lat' dir='ltr'><strong>ratione</strong></span> <span class='ocrx_word' id='word_1_745' title='bbox 1418 2242 1539 2263; x_wconf 86' lang='lat' dir='ltr'><strong>aversam</strong></span> <span class='ocrx_word' id='word_1_746' title='bbox 1549 2253 1557 2268; x_wconf 86' lang='lat'><strong>,</strong></span> <span class='ocrx_word' id='word_1_747' title='bbox 1571 2239 1599 2263; x_wconf 89' lang='lat' dir='ltr'><strong>et</strong></span> <span class='ocrx_word' id='word_1_748' title='bbox 1612 2242 1690 2263; x_wconf 84' lang='lat' dir='ltr'><strong>exse-</strong></span> <span class='ocrx_word' id='word_1_749' title='bbox 1730 2250 1732 2252; x_wconf 63' lang='grc' dir='ltr'><strong>τ</strong></span> 
     </span>
    </p>
   </div>
   <div class='ocr_carea' id='block_1_102' title="bbox 906 2281 1688 2317">
    <p class='ocr_par' dir='ltr' id='par_1_102' title="bbox 906 2281 1688 2317">
     <span class='ocr_line' id='line_1_102' title="bbox 906 2281 1688 2317; baseline -0.003 -7"><span class='ocrx_word' id='word_1_750' title='bbox 906 2283 1035 2310; x_wconf 87' lang='lat' dir='ltr'><strong>craudam</strong></span> <span class='ocrx_word' id='word_1_751' title='bbox 1047 2282 1210 2316; x_wconf 84' lang='lat' dir='ltr'><strong>voluptatem</strong></span> <span class='ocrx_word' id='word_1_752' title='bbox 1223 2282 1331 2309; x_wconf 88' lang='lat' dir='ltr'><strong>vincere</strong></span> <span class='ocrx_word' id='word_1_753' title='bbox 1344 2281 1370 2309; x_wconf 92' lang='lat' dir='ltr'><strong>in</strong></span> <span class='ocrx_word' id='word_1_754' title='bbox 1385 2282 1490 2317; x_wconf 79' lang='lat' dir='ltr'><strong>magnis</strong></span> <span class='ocrx_word' id='word_1_755' title='bbox 1504 2289 1688 2314; x_wconf 86' lang='lat' dir='ltr'><strong>numeramus,</strong></span> 
     </span>
    </p>
   </div>
   <div class='ocr_carea' id='block_1_103' title="bbox 908 2327 1685 2363">
    <p class='ocr_par' dir='ltr' id='par_1_103' title="bbox 908 2327 1685 2363">
     <span class='ocr_line' id='line_1_103' title="bbox 908 2327 1685 2363; baseline -0.001 -7"><span class='ocrx_word' id='word_1_756' title='bbox 908 2334 971 2356; x_wconf 90' lang='lat' dir='ltr'><strong>tunc</strong></span> <span class='ocrx_word' id='word_1_757' title='bbox 982 2329 1099 2356; x_wconf 88' lang='lat' dir='ltr'><strong>victores</strong></span> <span class='ocrx_word' id='word_1_758' title='bbox 1115 2327 1242 2361; x_wconf 83' lang='lat' dir='ltr'><strong>vicimus,</strong></span> <span class='ocrx_word' id='word_1_759' title='bbox 1270 2328 1376 2355; x_wconf 87' lang='lat' dir='ltr'><strong>etiamsi</strong></span> <span class='ocrx_word' id='word_1_760' title='bbox 1394 2335 1443 2356; x_wconf 87' lang='lat' dir='ltr'><strong>nos</strong></span> <span class='ocrx_word' id='word_1_761' title='bbox 1459 2328 1524 2363; x_wconf 87' lang='lat' dir='ltr'><strong>ipsis</strong></span> <span class='ocrx_word' id='word_1_762' title='bbox 1540 2327 1623 2356; x_wconf 83' lang='lat' dir='ltr'><strong>fuisse</strong></span> <span class='ocrx_word' id='word_1_763' title='bbox 1638 2329 1685 2355; x_wconf 90' lang='lat' dir='ltr'><strong>ob-</strong></span> 
     </span>
    </p>
   </div>
   <div class='ocr_carea' id='block_1_104' title="bbox 907 2373 1689 2409">
    <p class='ocr_par' dir='ltr' id='par_1_104' title="bbox 907 2373 1689 2409">
     <span class='ocr_line' id='line_1_104' title="bbox 907 2373 1689 2409; baseline 0.001 -8"><span class='ocrx_word' id='word_1_764' title='bbox 907 2374 1001 2401; x_wconf 81' lang='lat' dir='ltr'><strong>noxios</strong></span> <span class='ocrx_word' id='word_1_765' title='bbox 1012 2373 1247 2406; x_wconf 80' lang='lat' dir='ltr'><strong>videamus.Tunc,</strong></span> <span class='ocrx_word' id='word_1_766' title='bbox 1260 2379 1322 2403; x_wconf 87' lang='lat' dir='ltr'><strong>tunc</strong></span> <span class='ocrx_word' id='word_1_767' title='bbox 1334 2375 1390 2409; x_wconf 87' lang='lat' dir='ltr'><strong>ipsa</strong></span> <span class='ocrx_word' id='word_1_768' title='bbox 1403 2381 1510 2409; x_wconf 83' lang='lat' dir='ltr'><strong>quoque</strong></span> <span class='ocrx_word' id='word_1_769' title='bbox 1523 2373 1689 2409; x_wconf 81' lang='lat' dir='ltr'><strong>experientia</strong></span> 
     </span>
    </p>
   </div>
   <div class='ocr_carea' id='block_1_105' title="bbox 908 2419 1691 2455">
    <p class='ocr_par' dir='ltr' id='par_1_105' title="bbox 908 2419 1691 2455">
     <span class='ocr_line' id='line_1_105' title="bbox 908 2419 1691 2455; baseline -0.004 -7"><span class='ocrx_word' id='word_1_770' title='bbox 908 2421 1058 2453; x_wconf 75' lang='lat' dir='ltr'><strong>discemus,</strong></span> <span class='ocrx_word' id='word_1_771' title='bbox 1073 2420 1144 2455; x_wconf 87' lang='lat' dir='ltr'><strong>quod</strong></span> <span class='ocrx_word' id='word_1_772' title='bbox 1166 2420 1236 2447; x_wconf 85' lang='lat' dir='ltr'><strong>Deus</strong></span> <span class='ocrx_word' id='word_1_773' title='bbox 1255 2419 1373 2447; x_wconf 81' lang='lat' dir='ltr'><strong>Verbum</strong></span> <span class='ocrx_word' id='word_1_774' title='bbox 1399 2427 1508 2447; x_wconf 86' lang='lat' dir='ltr'><strong>carnem</strong></span> <span class='ocrx_word' id='word_1_775' title='bbox 1532 2419 1641 2446; x_wconf 87' lang='lat' dir='ltr'><strong>indutus</strong></span> <span class='ocrx_word' id='word_1_776' title='bbox 1664 2419 1691 2446; x_wconf 92' lang='lat' dir='ltr'><strong>in</strong></span> 
     </span>
    </p>
   </div>
   <div class='ocr_carea' id='block_1_106' title="bbox 909 2465 1693 2499">
    <p class='ocr_par' dir='ltr' id='par_1_106' title="bbox 909 2465 1693 2499">
     <span class='ocr_line' id='line_1_106' title="bbox 909 2465 1693 2499; baseline -0.004 -5"><span class='ocrx_word' id='word_1_777' title='bbox 909 2468 981 2495; x_wconf 87' lang='lat' dir='ltr'><strong>hunc</strong></span> <span class='ocrx_word' id='word_1_778' title='bbox 999 2467 1126 2494; x_wconf 90' lang='lat' dir='ltr'><strong>mundum</strong></span> <span class='ocrx_word' id='word_1_779' title='bbox 1144 2474 1158 2494; x_wconf 91' lang='lat' dir='ltr'><strong>a</strong></span> <span class='ocrx_word' id='word_1_780' title='bbox 1176 2466 1230 2494; x_wconf 88' lang='lat' dir='ltr'><strong>Deo</strong></span> <span class='ocrx_word' id='word_1_781' title='bbox 1246 2471 1275 2494; x_wconf 89' lang='lat' dir='ltr'><strong>et</strong></span> <span class='ocrx_word' id='word_1_782' title='bbox 1291 2466 1371 2493; x_wconf 85' lang='lat' dir='ltr'><strong>Patre</strong></span> <span class='ocrx_word' id='word_1_783' title='bbox 1388 2466 1500 2499; x_wconf 88' lang='lat' dir='ltr'><strong>missus,</strong></span> <span class='ocrx_word' id='word_1_784' title='bbox 1517 2473 1567 2493; x_wconf 88' lang='lat' dir='ltr'><strong>nec</strong></span> <span class='ocrx_word' id='word_1_785' title='bbox 1586 2465 1638 2492; x_wconf 87' lang='lat' dir='ltr'><strong>alia</strong></span> <span class='ocrx_word' id='word_1_786' title='bbox 1659 2465 1693 2492; x_wconf 86' lang='lat' dir='ltr'><strong>de</strong></span> 
     </span>
    </p>
   </div>
   <div class='ocr_carea' id='block_1_107' title="bbox 908 2510 1693 2548">
    <p class='ocr_par' dir='ltr' id='par_1_107' title="bbox 908 2510 1693 2548">
     <span class='ocr_line' id='line_1_107' title="bbox 908 2510 1693 2548; baseline -0.004 -7"><span class='ocrx_word' id='word_1_787' title='bbox 908 2521 989 2541; x_wconf 89' lang='lat' dir='ltr'><strong>causa</strong></span> <span class='ocrx_word' id='word_1_788' title='bbox 1012 2517 1074 2548; x_wconf 87' lang='lat' dir='ltr'><strong>post</strong></span> <span class='ocrx_word' id='word_1_789' title='bbox 1098 2513 1209 2548; x_wconf 68' lang='lat' dir='ltr'><strong>gloriam</strong></span> <span class='ocrx_word' id='word_1_790' title='bbox 1235 2512 1322 2540; x_wconf 81' lang='lat' dir='ltr'><strong>l‘actus</strong></span> <span class='ocrx_word' id='word_1_791' title='bbox 1343 2512 1395 2544; x_wconf 81' lang='lat' dir='ltr'><strong>sit,</strong></span> <span class='ocrx_word' id='word_1_792' title='bbox 1420 2519 1500 2546; x_wconf 84' lang='lat' dir='ltr'><strong>quam</strong></span> <span class='ocrx_word' id='word_1_793' title='bbox 1521 2516 1550 2539; x_wconf 89' lang='lat' dir='ltr'><strong>ut</strong></span> <span class='ocrx_word' id='word_1_794' title='bbox 1570 2510 1693 2546; x_wconf 77' lang='lat' dir='ltr'><strong>alligaret</strong></span> 
     </span>
    </p>
   </div>
   <div class='ocr_carea' id='block_1_108' title="bbox 908 2557 1693 2594">
    <p class='ocr_par' dir='ltr' id='par_1_108' title="bbox 908 2557 1693 2594">
     <span class='ocr_line' id='line_1_108' title="bbox 908 2557 1693 2594; baseline -0.004 -8"><span class='ocrx_word' id='word_1_795' title='bbox 908 2559 979 2594; x_wconf 91' lang='lat' dir='ltr'><strong>quod</strong></span> <span class='ocrx_word' id='word_1_796' title='bbox 1005 2558 1151 2587; x_wconf 87' lang='lat' dir='ltr'><strong>contritum</strong></span> <span class='ocrx_word' id='word_1_797' title='bbox 1178 2563 1250 2591; x_wconf 75' lang='lat' dir='ltr'><strong>erat,</strong></span> <span class='ocrx_word' id='word_1_798' title='bbox 1273 2563 1301 2586; x_wconf 82' lang='lat' dir='ltr'><strong>et</strong></span> <span class='ocrx_word' id='word_1_799' title='bbox 1326 2558 1500 2586; x_wconf 84' lang='lat' dir='ltr'><strong>conﬁrmaret</strong></span> <span class='ocrx_word' id='word_1_800' title='bbox 1522 2557 1644 2590; x_wconf 82' lang='lat' dir='ltr'><strong>inﬁrma,</strong></span> <span class='ocrx_word' id='word_1_801' title='bbox 1665 2561 1693 2583; x_wconf 87' lang='lat' dir='ltr'><strong>et</strong></span> 
     </span>
    </p>
   </div>
   <div class='ocr_carea' id='block_1_109' title="bbox 909 2602 1693 2641">
    <p class='ocr_par' dir='ltr' id='par_1_109' title="bbox 909 2602 1693 2641">
     <span class='ocr_line' id='line_1_109' title="bbox 909 2602 1693 2641; baseline -0.004 -8"><span class='ocrx_word' id='word_1_802' title='bbox 909 2606 1012 2640; x_wconf 87' lang='lat' dir='ltr'><strong>dejecta</strong></span> <span class='ocrx_word' id='word_1_803' title='bbox 1052 2606 1188 2641; x_wconf 73' lang='lat' dir='ltr'><strong>erigeret,</strong></span> <span class='ocrx_word' id='word_1_804' title='bbox 1225 2609 1252 2632; x_wconf 88' lang='lat' dir='ltr'><strong>et</strong></span> <span class='ocrx_word' id='word_1_805' title='bbox 1285 2604 1355 2639; x_wconf 85' lang='lat' dir='ltr'><strong>quod</strong></span> <span class='ocrx_word' id='word_1_806' title='bbox 1388 2607 1447 2632; x_wconf 87' lang='lat' dir='ltr'><strong>erat</strong></span> <span class='ocrx_word' id='word_1_807' title='bbox 1482 2602 1568 2632; x_wconf 89' lang='lat' dir='ltr'><strong>debile</strong></span> <span class='ocrx_word' id='word_1_808' title='bbox 1598 2610 1693 2631; x_wconf 67' lang='grc' dir='ltr'>εστι-ου</span> 
     </span>
    </p>
   </div>
   <div class='ocr_carea' id='block_1_110' title="bbox 1265 2705 1690 2742">
    <p class='ocr_par' dir='ltr' id='par_1_110' title="bbox 1265 2705 1690 2742">
     <span class='ocr_line' id='line_1_110' title="bbox 1265 2705 1690 2742; baseline -0.002 -9"><span class='ocrx_word' id='word_1_809' title='bbox 1265 2706 1287 2722; x_wconf 73' lang='grc'><strong>⁸⁵</strong></span> <span class='ocrx_word' id='word_1_810' title='bbox 1303 2706 1369 2734; x_wconf 90' lang='lat' dir='ltr'><strong>Luc.</strong></span> <span class='ocrx_word' id='word_1_811' title='bbox 1388 2715 1416 2742; x_wconf 75' lang='grc' dir='ltr'><strong>ιι,</strong></span> <span class='ocrx_word' id='word_1_812' title='bbox 1432 2707 1475 2735; x_wconf 81' lang='grc'><strong>19.</strong></span> <span class='ocrx_word' id='word_1_813' title='bbox 1514 2706 1536 2723; x_wconf 79' lang='grc'><strong>⁸⁸</strong></span> <span class='ocrx_word' id='word_1_814' title='bbox 1553 2705 1636 2735; x_wconf 89' lang='lat' dir='ltr'><strong>lCor.</strong></span> <span class='ocrx_word' id='word_1_815' title='bbox 1653 2711 1690 2738; x_wconf 71' lang='grc' dir='ltr'><strong>τι,</strong></span> 
     </span>
    </p>
   </div>
   <div class='ocr_carea' id='block_1_111' title="bbox 93 2829 849 2870">
    <p class='ocr_par' dir='ltr' id='par_1_111' title="bbox 93 2830 839 2870">
     <span class='ocr_line' id='line_1_111' title="bbox 93 2830 839 2870; baseline -0.008 -6"><span class='ocrx_word' id='word_1_816' title='bbox 93 2832 129 2870; x_wconf 83' lang='lat' dir='ltr'><strong>(l)</strong></span> <span class='ocrx_word' id='word_1_817' title='bbox 143 2835 172 2862; x_wconf 89' lang='lat' dir='ltr'><strong>lu</strong></span> <span class='ocrx_word' id='word_1_818' title='bbox 187 2834 288 2863; x_wconf 73' lang='lat' dir='ltr'><strong>Grzeco</strong></span> <span class='ocrx_word' id='word_1_819' title='bbox 300 2837 343 2860; x_wconf 89' lang='lat' dir='ltr'><strong>est</strong></span> <span class='ocrx_word' id='word_1_820' title='bbox 357 2831 389 2859; x_wconf 77' lang='grc' dir='ltr'>ὲκ</span> <span class='ocrx_word' id='word_1_821' title='bbox 404 2831 514 2867; x_wconf 81' lang='grc' dir='ltr'>μέρους,</span> <span class='ocrx_word' id='word_1_822' title='bbox 530 2839 562 2860; x_wconf 70' lang='grc' dir='ltr'><strong>επ</strong></span> <span class='ocrx_word' id='word_1_823' title='bbox 575 2836 659 2867; x_wconf 69' lang='lat' dir='ltr'><strong>parte,</strong></span> <span class='ocrx_word' id='word_1_824' title='bbox 672 2835 700 2859; x_wconf 93' lang='lat' dir='ltr'><strong>ut</strong></span> <span class='ocrx_word' id='word_1_825' title='bbox 715 2830 796 2859; x_wconf 86' lang='lat' dir='ltr'><strong>etiam</strong></span> <span class='ocrx_word' id='word_1_826' title='bbox 813 2830 839 2858; x_wconf 88' lang='lat' dir='ltr'><strong>in</strong></span> 
     </span>
    </p>
   </div>
   <div class='ocr_carea' id='block_1_112' title="bbox 904 2829 1136 2870">
    <p class='ocr_par' dir='ltr' id='par_1_112' title="bbox 904 2829 1136 2858">
     <span class='ocr_line' id='line_1_112' title="bbox 904 2829 1136 2858; baseline 0.009 -4"><span class='ocrx_word' id='word_1_827' title='bbox 904 2838 934 2855; x_wconf 79' lang='lat' dir='ltr'><strong>vn</strong></span> <span class='ocrx_word' id='word_1_828' title='bbox 954 2829 1136 2858; x_wconf 75' lang='lat' dir='ltr'><strong>Testamento.</strong></span> 
     </span>
    </p>
   </div>
  </div>
