1910 3050
228 108 268 136 30

233 167 350 199 boral‘ct,
376 169 407 193 ot
434 164 504 200 quod
529 163 649 199 perierat
675 163 709 191 ad
744 163 859 192 salutem
893 163 1020 192 restitue-
1036 167 1058 196 Α

231 216 273 238 ret
285 210 318 238 ⁵⁵³.

269 297 349 325 Vnus.
368 297 459 325 1042.
475 297 611 326 Delectare
630 303 653 325 et
672 298 771 333 gaude,
783 298 844 332 ﬁlia
866 298 945 332 Sion,
958 299 1020 334 quia

226 352 287 370 «re
299 351 345 378 ego
360 345 432 370 venio
442 364 449 376 ,
464 349 487 370 et
503 343 626 370 habitabo
642 344 668 370 in
679 344 769 370 medio
784 345 839 376 tui,
852 343 913 370 dicit
931 343 1021 370 Domi-

232 398 291 416 nus.
310 390 343 416 Et
356 390 506 425 confugient
522 396 609 425 gentes
626 390 716 417 multm
731 390 765 416 ad
782 389 922 416 Dominum
939 389 965 416 in
979 390 1021 416 die

226 436 292 469 illa,
305 441 327 463 et
345 440 421 462 erunt
438 436 461 462 ei
477 437 503 463 in
519 435 662 471 populum,
676 441 699 463 el
717 435 872 462 habitabant
889 436 917 462 in
935 436 1020 462 medio

231 482 285 514 tui,
299 486 322 508 ct
339 482 403 509 acies
432 482 557 517 quoniam
573 481 701 509 Dominus
718 482 880 516 onmipotens
895 481 965 508 misit
981 490 1020 508 me

227 528 265 554 ad
287 533 323 555 te.
341 527 373 554 Et
393 527 534 562 possidebit
554 527 682 554 Dominus
700 526 799 553 Judam
821 532 921 560 partem
943 535 1019 554 suam

229 583 307 608 super
323 579 419 601 terram
434 579 564 606 sti-notant,
578 579 602 600 et
615 574 693 608 eliget
708 573 792 600 adhuc
804 572 963 601 Jerusalem.

228 620 356 656 νομήσει
377 622 484 656 Κύριος
503 621 557 648 τὸν
580 621 692 648 Ἰούδαν
719 620 777 655 τὴν
799 619 907 655 μερίδα
926 620 1019 648 αὐτοῦ

224 667 397 703 ρουσαλήμ.

266 718 323 745 XV.
340 718 372 744 Et
386 717 448 744 hinc
464 723 627 750 cognoscere
653 715 754 751 poteris
771 722 903 750 suprema:
920 714 1020 743 laetitiae

230 763 373 791 materiam
396 762 555 789 mortalibus
575 761 694 789 futurum
715 761 865 788 Salvaturis
886 761 913 788 in
934 766 1020 788 terras

222 810 386 836 adventum.
403 807 535 835 Delectari
548 807 649 834 ctenim
678 811 706 834 et
720 807 804 834 laetari
819 807 929 834 omnino
941 807 1021 842 jussit
1037 823 1058 850 Β

231 854 397 890 spiritualem
421 853 497 886 Sion,
512 861 574 888 quin
595 859 636 880 est
656 853 775 880 Ecelcsia
797 853 842 880 Dei
861 853 976 880 viventis
986 851 1019 884 ",

229 903 287 929 sive
304 901 360 936 ipsa
377 908 426 935 per
443 900 521 927 ﬁdem
540 899 706 927 salvatorum
725 898 910 926 sacratissima
928 898 1020 925 multi—

232 948 305 975 tudo.
321 945 457 974 Promittit
473 949 562 972 autem
576 952 606 972 se
620 949 761 972 venturum
774 964 781 977 ,
794 949 820 971 et
835 951 946 979 prorsus
958 950 1020 970 cum

230 993 296 1028 ipsis
318 992 449 1019 futurum.
472 983 565 1026 inquit
586 990 658 1018 enim
684 990 792 1018 divinus
812 989 930 1017 Joannes
940 989 975 1022 ",
992 989 1020 1016 In

229 1039 331 1066 mundo
352 1042 425 1071 erat,
443 1041 471 1065 et
487 1044 502 1064 a
521 1037 653 1064 creaturis
669 1036 726 1064 suis
744 1044 795 1063 non
814 1035 1021 1070 disjungebalur

231 1085 304 1112 Deus
317 1084 433 1111 Verbum
454 1093 461 1110 :
480 1083 602 1118 sed‘ipse
616 1082 699 1109 vitam
714 1081 866 1109 viventibus
883 1081 1021 1116 impertie-

230 1132 288 1164 bat,
301 1135 328 1158 ct
339 1130 504 1162 continebat,
519 1133 599 1164 atque
613 1128 791 1156 conservabat
803 1127 895 1156 omnia
909 1132 937 1155 ut
952 1129 1020 1156 bene

229 1181 322 1205 essent
348 1181 375 1204 et
389 1176 528 1208 viverent;
547 1184 556 1201 ι
576 1174 630 1202 Sed
646 1176 762 1202 mundus
779 1182 840 1201 eum
856 1182 909 1201 non
921 1181 1021 1210 cogno-

229 1223 269 1250 vit
282 1223 316 1250 ἰ.
339 1231 348 1248 ι
373 1221 503 1249 Adoravit
526 1221 598 1248 enim
624 1224 777 1247 creaturam
792 1220 826 1248 δι.
845 1219 906 1247 Fuit
930 1225 1020 1247 autent

229 1269 382 1300 nobiscum,
395 1265 698 1302 quando,similitudine
715 1270 807 1293 nostra
824 1270 959 1301 suscepta,
971 1273 1021 1301 per

229 1319 349 1343 sanctam
359 1313 497 1348 Virginem
512 1316 602 1343 natus,
622 1320 631 1336 ι
645 1310 712 1338 Ειῑιι
728 1311 809 1339 terris
820 1312 905 1344 visus,
918 1317 945 1338 ct
959 1319 1020 1339 cum

229 1358 386 1386 hominibus
403 1360 580 1384 conversatus
598 1360 640 1383 est
651 1355 684 1383 ⁸³.
702 1364 711 1380 ι
731 1355 857 1383 Testatur
872 1356 942 1383 idem
959 1363 1022 1384 san-

229 1409 291 1432 ctus
303 1404 387 1431 Dutid
400 1412 407 1431 :
422 1413 430 1429 ι
445 1403 514 1430 Deus
528 1402 671 1430 manifeste
686 1402 786 1434 veniet,
801 1401 869 1430 Deus
879 1407 981 1435 noster,
995 1407 1020 1430 et

230 1459 282 1478 nou
300 1450 433 1478 silebit".
455 1459 464 1475 ι
486 1449 561 1477 Tunc
577 1452 604 1475 et
617 1447 745 1482 gentibus
764 1446 951 1476 maniiestatus
969 1452 1019 1475 est.

229 1497 287 1524 Non
306 1497 377 1524 enim
393 1495 508 1531 amplius
526 1494 705 1522 lsraelilicum
722 1501 808 1529 genus
836 1494 1022 1521 tantummodo
1035 1501 1056 1529 (ι

228 1552 277 1580 per
293 1549 368 1570 vetns
383 1543 446 1570 illud
464 1542 618 1569 mandatum
632 1541 774 1569 erudiebat
788 1550 794 1568 :
806 1541 927 1577 quinimo
939 1550 1022 1570 evan—

229 1590 323 1625 gelii-is
340 1587 579 1624 prrcilicationibus
595 1591 669 1615 totus
695 1587 744 1614 sub
772 1587 828 1615 sole
838 1587 918 1623 671
948 1588 1022 1616 orbis

228 1635 413 1665 inaurabatur,
427 1638 453 1660 et
466 1632 554 1659 evasit
565 1631 591 1658 in
603 1631 676 1659 omni
687 1636 766 1667 gente
776 1633 838 1660 etin
851 1634 923 1660 omni
933 1633 1021 1669 regio-

229 1688 264 1708 ne
279 1686 404 1714 magnum
415 1674 512 1705 nomen
523 1676 625 1711 eius".
636 1677 697 1712 Ipse
707 1677 779 1706 cnim
797 1680 1021 1714 eratexspectalio

229 1723 444 1760 gentium,juxta
453 1723 613 1758 prophetam
626 1723 660 1756 ",
675 1723 758 1758 etipsi
772 1724 931 1752 curvabitur
943 1734 952 1751 ι
964 1733 1021 1753 om-

231 1779 264 1799 nc
276 1778 358 1806 genu,
381 1769 545 1802 cmlestium,
563 1769 734 1797 terrestrium
754 1774 781 1797 et
797 1769 980 1803 infernarum;
995 1776 1022 1799 ct

228 1816 418 1851 omnislingua
436 1815 610 1842 conﬁtebitur
622 1816 684 1850 quia
702 1814 831 1843 Dominus
846 1816 924 1844 Jesus
943 1816 1020 1844 Citri-

204 1875 206 1878 ⁴
230 1868 288 1890 stus
297 1862 323 1889 in
333 1862 417 1898 gloria
426 1866 468 1888 est
477 1860 523 1888 Dei
533 1860 622 1888 Patris
631 1861 662 1890 ⁸⁷.
671 1861 964 1890 tConcurreruntenim
974 1868 1020 1895 per

230 1910 310 1936 iidem
329 1909 355 1935 in
373 1901 476 1942 ipsum,
493 1911 519 1934 et
538 1915 597 1934 cum
616 1907 673 1942 ipso
691 1907 847 1935 habitarunt
864 1907 890 1934 in
909 1911 1018 1940 sancta,

227 1961 255 1984 et
273 1963 332 1990 qua:
349 1955 480 1982 duntaxat
505 1954 663 1989 intelligitur
679 1954 760 1987 Sion,
784 1955 828 1989 qui
854 1953 976 1981 habitant
992 1953 1018 1980 in

229 2002 331 2030 ultimis
358 2001 450 2029 mundi
477 2001 591 2034 linibus,
616 2006 856 2037 cognoveruntque
880 1999 1019 2034 perspicue

229 2049 313 2076 Duillii
338 2048 379 2075 sic
400 2047 527 2074 dilexisse
549 2047 693 2080 mundnut,
712 2056 722 2073 ι
747 2051 776 2073 ιιι
796 2046 901 2073 dederit
921 2045 1017 2072 Filium

228 2102 306 2122 situm
323 2093 505 2128 unigenitum,
519 2097 549 2119 ut
564 2092 653 2119 omnis
667 2092 712 2126 qui
730 2091 816 2119 credit
830 2091 855 2117 in
870 2097 948 2123 eum,
966 2099 1018 2118 non

228 2143 333 2175 pereat,
349 2138 394 2165 sed
413 2138 510 2165 habeat
525 2138 609 2165 vitam
628 2137 802 2164 mter-nam“.
823 2145 833 2162 ι
855 2135 927 2164 Misit
944 2137 1015 2164 enim

229 2170 307 2213 iiobis
329 2185 362 2212 de
382 2184 452 2212 cmlo
471 2185 579 2212 Filium'
591 2192 669 2211 suum
692 2183 782 2214 Pater,
800 2182 967 2210 Salvatorein
989 2188 1016 2210 et
1033 2170 1054 2197 θ

229 2232 486 2266 Redemptorem,ut
498 2231 641 2258 credentes
656 2230 682 2256 in
700 2229 785 2261 illum,
796 2229 822 2255 in
839 2229 896 2263 ipso
909 2229 1014 2256 Putrem

229 2278 381 2309 videamus,
396 2282 422 2305 ct
436 2282 465 2304 ut
478 2283 632 2311 expressam
650 2275 779 2310 genitoris
796 2275 938 2310 imaginem
953 2283 1015 2302 eum

227 2325 273 2359 qui
292 2332 324 2351 cx
343 2324 400 2358 ipso
418 2323 564 2350 semiudum
581 2326 704 2348 naturam
722 2325 802 2348 natus
816 2326 856 2348 est
870 2322 1014 2353 intuentes,

228 2370 403 2404 archetypum
427 2368 576 2403 cogitemus
587 2366 620 2392 δ’.
641 2365 718 2392 Tunc
741 2365 884 2399 nimirum,
905 2371 966 2393 tunc
990 2372 1017 2393 et

228 2417 363 2449 possessio
391 2415 449 2449 ejus
476 2413 558 2440 ludas
587 2412 674 2439 factus
700 2417 756 2444 est,
784 2413 834 2440 hoc
861 2417 901 2440 est
928 2414 1016 2440 omnis

228 2462 359 2487 conﬁtens
382 2465 407 2487 et
423 2459 576 2494 glorificans
590 2459 675 2493 ipsum
690 2467 698 2485 :
712 2458 796 2486 ludas
807 2459 877 2486 enim
895 2459 1016 2486 redditur

227 2506 366 2540 confessio.
386 2505 453 2532 Nam
471 2509 499 2531 ut
517 2509 559 2531 est
576 2504 645 2539 apud
661 2504 773 2532 Paulum
793 2514 799 2531 :
822 2514 831 2530 ‹
851 2504 909 2531 Non
926 2506 970 2540 qui
988 2506 1015 2532 in

229 2550 372 2578 tnaoiiesto
395 2555 436 2576 est
459 2549 585 2583 Iudaeus,
606 2557 693 2585 neque
714 2551 884 2578 circumcisio
903 2559 962 2586 qua:
989 2552 1014 2578 in

228 2603 309 2623 rarne
326 2595 470 2622 manifesto
486 2595 530 2629 lit,
546 2597 592 2623 sed
611 2596 655 2630 qui
674 2596 699 2622 in
717 2596 821 2624 occulto
834 2595 942 2624 Indicus
958 2602 1015 2630 ost,

228 2647 254 2669 ct
271 2641 439 2668 circumcisio
459 2642 549 2669 cordis
567 2642 593 2668 in
612 2641 709 2676 spiritu
721 2662 728 2674 ,
745 2649 797 2669 non
820 2642 923 2674 littera,
940 2643 1017 2676 cujus

228 2687 286 2713 inus
306 2692 356 2712 non
377 2693 411 2713 ex
433 2685 601 2718 ltominlbus,
618 2686 663 2713 sed
679 2693 712 2713 ex
731 2685 827 2714 Deo“.
846 2695 855 2712 ι
877 2686 1012 2721 Quotquot

263 2765 284 2781 ⁸⁸
301 2765 397 2792 Ezcrh.
410 2773 503 2795 xxxw,
521 2764 564 2792 16.
602 2764 624 2780 δ’
638 2764 645 2790 l
661 2764 779 2792 'l'inioth.
796 2773 835 2796 ιιι,
853 2764 894 2790 15.
933 2764 955 2779 ¹⁰
971 2763 1048 2790 Joan.

227 2801 249 2816 ⁸⁸
266 2801 333 2827 l'sal.
360 2809 430 2832 XLIV,
462 2801 486 2826 ὖ.
539 2801 561 2816 ⁵⁵
576 2800 687 2826 Malui-li.
705 2809 723 2830 ι,
739 2801 780 2826 ll.

230 2836 270 2863 16.
311 2838 332 2852 δ’
347 2836 423 2864 Junn.
442 2844 497 2869 .\t\‘,
516 2836 529 2862 7
543 2844 618 2870 διἰίιι.
634 2844 639 2868 ;
658 2835 759 2863 (ὶυιυμδ.
778 2843 795 2869 I,
813 2835 854 2863 13.

715 105 756 134 ~S.
776 105 916 134 CYRILLI
937 104 1170 134 ALEXANDKINI
1190 104 1350 133 ARCHIEP.

1831 107 1867 133 ω

1075 163 1315 199 συντετριμμένον,
1341 162 1466 200 νευρώσῃ
1484 162 1514 190 τὺ
1537 163 1700 200 ἠσθενηκδς,
1724 163 1867 200 ἀνορθώσῃ

1072 209 1102 236 τὸ
1116 210 1348 246 κατερῤαγμένον,
1364 209 1491 240 εὐσθενὲς
1509 209 1637 246 ἀποφήνῃ
1652 209 1682 236 τὸ
1697 209 1806 243 ἄναλκι,
1821 209 1868 237 θε-

1076 255 1200 291 ραπεύσῃ
1219 255 1249 282 τὸ
1264 255 1412 287 ἀπολωλός.

1112 301 1224 336 Τέρπου
1250 302 1299 329 καὶ
1328 302 1502 337 εὐφραίνου,
1527 303 1652 338 θύγατερ
1676 302 1768 335 Σιὼν,
1793 302 1869 329 διότι

1073 347 1138 375 ἰδοὺ
1163 347 1221 383 ἐγὼ
1245 347 1379 383 ἔρχομαι,
1403 348 1453 375 καὶ
1481 349 1706 383 κατασκηνώσω
1727 349 1763 375 ὲν
1784 349 1871 383 μέσῳ

1074 401 1150 425 σου,
1174 393 1256 428 λέγει
1287 394 1404 428 Κύριος.
1439 394 1495 421 Καὶ
1525 394 1764 429 καταψεύδονται
1795 394 1869 428 ἔθνη

1074 440 1176 467 πολλὰ
1189 440 1238 467 ἐπὶ
1261 441 1315 467 τὸν
1333 442 1444 475 Κύριον
1456 441 1493 468 ὲν
1514 441 1551 476 τῇ
1571 441 1666 476 ἡμέρᾳ
1686 442 1799 476 ἐκείνῃ,
1820 441 1871 468 καὶ

1073 483 1198 511 ἔσονται
1211 485 1291 517 αὐτῷ
1303 486 1346 519 εις
1358 485 1446 518 λαὸν,
1463 485 1512 513 καὶ
1527 485 1821 519 κατασκηνώσουσιν
1835 486 1871 513 ὲν

1068 530 1153 565 μέσῳ
1173 539 1244 563 σου,
1264 531 1314 559 καὶ
1333 531 1487 567 ἑπιγνώσῃ
1516 532 1561 559 ὅτι
1577 533 1685 567 Κύριος
1701 532 1872 566 παντοκράρ

1070 584 1128 611 τωρ
1144 576 1353 609 ἐξαπέσταλκέ
1371 586 1410 613 με
1436 578 1512 612 πρὸς
1534 579 1583 607 σέ.
1606 579 1661 606 Kal
1680 580 1869 612 κατακληρο-

1038 622 1086 650 ex)
1103 625 1161 659 τὴν
1173 625 1233 660 γῆν
1261 624 1319 659 τὴν·
1348 625 1448 660 ἁγίαν,
1465 626 1514 653 καὶ
1539 626 1663 661 αἰρετιεῖ
1675 627 1718 654 ἔτι
1735 627 1793 661 τὴν
1819 626 1870 654 ἰε-

1100 711 1160 742 ’1Ε¹.
1181 715 1336 744 Κάντεῦθεν
1355 716 1388 744 ἂν
1404 717 1510 752 μάθοις,
1526 718 1564 750 ὡς
1579 717 1655 745 ἔσται
1671 720 1720 754 τῆς
1736 719 1869 747 ἀνωτάτω

1074 759 1206 796 θυμηδίας
1223 762 1350 795 ὑπόθεσις
1369 765 1425 795 τοῖς
1438 764 1484 790 ἐπὶ
1499 763 1550 801 τῆς
1566 764 1618 800 γῆς
1637 764 1684 792 τοῦ
1701 766 1828 802 Σωτῆρος
1852 768 1869 803 ή

1074 805 1219 841 παρουσία.
1235 806 1389 842 Τέρπεσθαι
1402 807 1456 844 γὰρ
1477 808 1524 835 καὶ
1541 808 1734 843 εὐφραίνεσθαι
1750 811 1870 846 προστέο

1073 860 1154 886 ταχεν
1169 852 1325 886 ἀναγκαίως
1340 853 1388 888 τὴν
1401 854 1499 889 νοητὴν
1508 853 1654 890 Σιὼν,¹ήτις
1668 856 1742 883 ἐστὶν
1756 856 1871 892 Ἐκκληη

1073 898 1119 924 σία
1134 897 1202 924 Θεοῦ
1219 898 1330 931 ζῶντος,
1349 900 1433 935 ἤγουν
1455 901 1525 936 αὑτὴ
1541 900 1597 928 τῶν
1618 901 1662 928 διά
1678 903 1798 935 πίστεως
1824 912 1870 929 σε-

1073 945 1220 980 σωσμένων
1238 946 1254 980 ἡ
1272 945 1407 981 ἱερωτάτη
1428 945 1542 981 πληθύς.
1561 947 1807 982 Κατεπήγγέλλετο
1827 949 1868 981 δὲ,

1071 990 1113 1017 ὅτι
1137 990 1184 1017 καὶ
1198 990 1268 1025 ἥξει,
1291 991 1337 1017 καὶ
1359 991 1436 1017 ἔσται
1453 991 1484 1027 δὴ
1502 992 1610 1024 πάντως
1632 993 1660 1019 ἐν
1678 993 1753 1028 μέσῳ
1768 994 1869 1028 αὐτῆς,

1077 1035 1158 1071 Ἡμῖν
1168 1035 1222 1070 γὰρ
1238 1044 1319 1071 φησιν
1330 1036 1343 1062 ὁ
1358 1035 1501 1068 θεσπέσιος
1508 1036 1644 1071 Ἰωάννης·
1658 1037 1702 1064 Ἐν
1716 1036 1756 1072 τῷ
1772 1039 1871 1074 κόσμῳ

1071 1079 1116 1116 ἦν,
1133 1082 1180 1109 καὶ
1193 1082 1247 1108 τῶν
1264 1082 1346 1109 αὺτοῦ
1361 1082 1518 1117 κτισμάτων
1533 1083 1582 1110 οὐκ
1594 1084 1791 1119 ἀπενοσερίζετο
1802 1085 1870 1117 θεὸς

1071 1128 1109 1155 ὣν
1131 1129 1145 1154 ὁ
1168 1127 1266 1162 Λόγος,
1282 1128 1340 1154 ἀλλ’
1355 1126 1389 1164 ἦν
1411 1127 1492 1160 αὐτὸς
1509 1127 1648 1160 ζωοποιῶν
1669 1130 1702 1157 τὰ
1719 1130 1791 1166 ζωῆς
1807 1140 1872 1166 μετ-

1073 1173 1180 1208 έχοντα,
1197 1174 1244 1200 καὶ
1256 1173 1377 1208 συνέχων
1393 1173 1427 1200 τὰ
1437 1174 1526 1201 πάντα
1550 1174 1619 1209 πρὸς
1640 1175 1670 1202 τὸ
1686 1173 1716 1202 εὖ
1733 1173 1803 1203 εἷναι
1821 1177 1871 1204 καὶ

1072 1218 1139 1255 ζῇν·
1161 1229 1171 1245 ‹
1195 1218 1266 1246 Ἀλλ’
1280 1219 1294 1246 ὁ
1312 1219 1413 1255 κόσμος
1437 1219 1518 1247 αὐτὸν
1537 1220 1586 1247 οὐκ
1602 1220 1682 1255 ἔγνω.
1710 1231 1719 1248 ι
1745 1223 1871 1258 Προσκε-

1073 1264 1176 1300 κύνηκε
1196 1264 1251 1300 γὰρ
1274 1266 1307 1300 τῇ
1333 1265 1429 1291 κτίσει.
1455 1265 1553 1300 Γέγονε
1577 1266 1609 1292 δὲ
1635 1266 1798 1304 μεθ’ἡμῶν,
1824 1269 1871 1295 ὅτε

1071 1311 1122 1347 τὴν
1140 1311 1201 1338 καθ’
1219 1312 1293 1346 ἡμᾶς
1316 1311 1444 1346 ὁμοίωσιν
1468 1311 1625 1345 ἀναλαϐὼν,
1643 1313 1687 1340 διὰ
1711 1313 1762 1349 τῆς
1787 1314 1872 1348 ἁγίας

1072 1357 1205 1393 ἐγεννήθη
1221 1357 1373 1393 Παρθένου,
1401 1367 1410 1384 ι
1429 1358 1493 1385 Ὅτε
1509 1359 1555 1385 καὶ
1575 1359 1621 1385 ἐπὶ
1643 1360 1695 1395 γῆς
1712 1359 1802 1395 ὤφθη,
1822 1361 1872 1387 καὶ

1071 1405 1128 1436 τοῖς
1154 1404 1308 1440 ἀνθρώποις
1335 1405 1556 1440 συνανεστράφη.
1582 1415 1592 1431 ι
1615 1406 1671 1432 Καὶ
1695 1407 1872 1442 μαρτυρήσει

1072 1449 1159 1484 λέγων
1181 1449 1194 1475 ὀ
1209 1449 1353 1481 θεσπέσιος
1368 1449 1449 1475 Δαὸίδ
1460 1457 1467 1464 ·
1487 1459 1497 1476 ‹
1520 1450 1550 1476 Ὀ
1564 1450 1630 1481 Θεὸς
1645 1450 1777 1485 ἐμφανῶς
1795 1451 1870 1487 ἥξει,

1071 1495 1086 1521 ὁ
1102 1495 1168 1526 Θεὸς
1189 1495 1277 1530 ήμῶν,
1300 1495 1347 1522 καὶ
1368 1495 1399 1521 οὐ
1422 1496 1678 1531 παρασιωπήσεται.
1705 1505 1714 1523 ι
1734 1497 1803 1524 Τότε
1821 1499 1871 1532 γέ-

1074 1549 1136 1574 γονε
1151 1540 1198 1567 καὶ
1220 1540 1380 1575 καταφανὴς
1396 1541 1452 1571 τοῖς
1468 1540 1582 1568 ἔθνεσιν.
1598 1541 1635 1567 Ut‘)
1655 1541 1709 1577 γὰρ
1730 1541 1770 1569 ἔτι
1788 1543 1872 1578 μόνον

1073 1586 1104 1612 τὸ
1127 1585 1157 1618 ἐξ
1186 1585 1295 1622 Ἰσραὴλ
1320 1586 1480 1613 ἐπαιδεύετο
1494 1586 1582 1620 γένος,
1608 1586 1652 1614 διὰ
1674 1587 1726 1623 τῆς
1750 1588 1872 1624 ἀρχαίας

1073 1633 1180 1668 ἐκείνης
1197 1633 1307 1668 ἐντολῆς
1319 1640 1325 1647 ·
1340 1631 1542 1668 κατεχρυσοῦτο
1552 1632 1580 1659 δὲ
1599 1633 1700 1668 μᾶλλον
1713 1635 1771 1666 τοῖς
1786 1636 1873 1670 εὐαγ-

1072 1679 1191 1713 γελικοίς
1206 1677 1382 1714 κηρύγμασιν
1400 1678 1416 1713 ἡ
1434 1678 1480 1704 ὑπ’
1495 1677 1619 1713 οὐρανὸν,
1643 1679 1690 1706 καὶ
1709 1679 1826 1714 γέγονεν
1843 1683 1872 1707 ἐν

1073 1724 1143 1751 ἔθνει
1169 1723 1311 1750 παντὶκαὶ
1341 1723 1368 1750 ἐν
1392 1723 1466 1759 πάσῃ
1489 1723 1518 1750 δὲ
1543 1722 1621 1759 χώρᾳ
1640 1725 1711 1759 μέγα
1732 1725 1763 1752 τὸ
1780 1726 1872 1762 ὄνομα

1072 1769 1164 1796 αὑτοῦ.
1191 1768 1276 1799 Αὐτὸς
1304 1767 1358 1804 γὰρ
1384 1766 1418 1803 ἦν
1449 1767 1475 1801 ἡ·
1492 1767 1660 1802 προσδοκία
1684 1769 1739 1796 τῶν
1766 1770 1869 1805 ἐθνῶν,

1071 1814 1143 1842 κατὰ
1163 1815 1212 1850 τὴν
1237 1814 1284 1841 τοῦ
1308 1815 1448 1850 προφήτου
1469 1815 1571 1850 φωνὴν,
1595 1815 1642 1842 καὶ
1662 1815 1737 1851 αὺτῷ
1759 1817 1870 1853 κάμψει

1074 1869 1083 1886 ι
1123 1861 1177 1887 πᾶν
1209 1860 1292 1894 γόνυ,
1324 1859 1510 1896 ἐπουρανίων,
1549 1861 1597 1887 καὶ
1627 1861 1775 1896 ἐπιγείων,
1820 1864 1870 1891 καὶ

1071 1905 1267 1941 καταχθονίων,
1284 1906 1332 1932 καὶ
1349 1907 1424 1933 πᾶσα
1437 1906 1549 1940 γλῶσσα
1565 1907 1804 1943 ἐξομολογήσεται·
1826 1909 1869 1936 ὅτι

1070 1950 1174 1986 Κύριος
1201 1951 1305 1986 Ἰησοῦς
1329 1951 1447 1986 Χριστὸς
1468 1951 1507 1983 εἰς
1528 1951 1606 1984 δόξαν
1625 1951 1691 1978 Θεοῦ
1711 1953 1832 1988 Πατρός.
1856 1964 1866 1980 ι

1070 1996 1309 2032 Συνδεδραμήκασι
1325 1997 1380 2033 γὰρ
1394 1997 1438 2024 διὰ
1450 1997 1568 2028 πίστεως
1584 1997 1627 2024 ἐπ’
1641 1997 1732 2030 αὐτὸν,
1753 1999 1801 2025 καὶ
1817 1999 1869 2027 σὺν

1070 2042 1144 2077 αὐτῷ
1158 2043 1350 2078 κατῳκήκασιν
1375 2044 1404 2070 ὲν
1427 2045 1460 2079 τῇ
1478 2043 1543 2079 ἁγίᾳ
1568 2043 1615 2070 καὶ
1640 2045 1722 2080 νοητῇ
1741 2044 1824 2077 Σιὼν,
1843 2047 1869 2072 οἱ

1069 2090 1102 2115 ἐκ
1116 2088 1241 2125 περάτων
1254 2088 1303 2125 τῆς
1318 2089 1381 2125 γῆς,
1396 2089 1533 2124 ἐγνώκασι
1547 2098 1577 2116 τε
1594 2090 1697 2125 σαφῶς,
1713 2091 1755 2117 ὅτι
1776 2091 1869 2124 οὕτως

1069 2135 1214 2170 ἠγάπησεν
1228 2136 1242 2162 6
1258 2135 1324 2167 Θεὸς
1340 2136 1385 2163 τὸν
1400 2135 1512 2171 κόσμον,
1531 2145 1540 2162 ι
1558 2136 1627 2163 ὥστε
1640 2136 1685 2163 τὸν
1699 2136 1764 2163 Υεὺν
1780 2138 1868 2165 αὑτοῦ

1068 2181 1115 2208 τὸν
1129 2181 1261 2216 μονογενῆ
1276 2181 1400 2214 δέδωκεν,
1417 2182 1460 2208 ἵνα
1472 2183 1526 2214 πᾶς
1539 2183 1553 2209 6
1567 2183 1703 2210 πιστεύων
1717 2184 1756 2215 εἰς
1769 2184 1867 2218 αὐτὸν,

1071 2227 1108 2264 μὴ
1124 2227 1269 2263 ἀπόληται,
1282 2227 1338 2254 ἀλλ’
1353 2227 1403 2264 ἔχῃ
1417 2227 1489 2264 ζωὴν
1506 2228 1625 2257 αἰώνιον.
1642 2238 1652 2254 ι
1671 2229 1868 2261 Ἐξαπέστειλε

1069 2273 1121 2309 γὰρ
1140 2274 1206 2308 ἡμῖν
1220 2273 1250 2305 ἐξ
1269 2272 1383 2308 οὐρανοῦ
1405 2272 1450 2300 τὸν
1467 2273 1531 2300 Υἰὺν
1546 2274 1628 2301 αὑτοῦ
1649 2275 1663 2301 ὁ
1678 2274 1782 2310 Πατὴρ,
1804 2276 1866 2303 Σω-

1069 2319 1139 2354 τῆρα
1156 2319 1202 2346 καὶ
1219 2319 1376 2355 Λυτρωτὴν,
1392 2319 1437 2346 ἵνα
1454 2320 1650 2352 πιστεύσαντες
1669 2321 1708 2352 εἰς
1723 2322 1821 2355 αὑτὸν,
1839 2324 1868 2350 ἐν

1069 2365 1144 2400 αὐτῷ
1155 2365 1200 2402 τὸν
1215 2365 1325 2399 Πατέρα
1340 2365 1481 2400 ὁψώμεοα,
1496 2367 1542 2393 καὶ
1555 2367 1593 2398 ὼς
1610 2367 1701 2394 εἰκόνα
1715 2367 1866 2402 βλέποντες

1069 2411 1169 2447 ἀκριϐῆ
1186 2411 1233 2438 τοῦ
1254 2413 1451 2447 γεγεννηκότος
1467 2413 1512 2439 τὸν
1525 2413 1556 2445 ἐξ
1575 2413 1656 2440 αὑτοῦ
1677 2415 1748 2441 κατὰ
1767 2417 1866 2450 φύσιν,

1069 2458 1203 2493 ἐννοῶμεν
1225 2458 1256 2484 τὺ
1279 2458 1444 2494 ἀρχέτυπον.
1468 2460 1534 2486 Τότε
1558 2460 1605 2487 καὶ
1629 2461 1729 2496 κλῆρος
1749 2462 1867 2496 γέγονεν

1074 2503 1172 2535 Ἰούδας
1185 2504 1288 2539 Κυρίου
1300 2523 1307 2536 ,
1323 2505 1447 2532 τουτέστι
1469 2506 1523 2537 πᾶς
1542 2507 1556 2532 6
1571 2506 1821 2542 ἐξομολογούμενος
1836 2518 1866 2535 τε

1067 2550 1113 2576 καὶ
1137 2549 1284 2584 δοξολογῶν
1309 2550 1399 2577 αὐτόν·
1419 2550 1638 2586 ἐξομολόγησις
1652 2552 1705 2587 γὰρ
1722 2554 1736 2579 6
1759 2553 1867 2586 Ἰούδας

1066 2596 1257 2632 ἑρμηνεύεται.
1281 2596 1324 2627 Ὠς
1346 2597 1400 2632 γὰρ
1414 2598 1428 2623 6
1446 2596 1550 2629 Παῦλός
1573 2606 1665 2634 φησιν,
1693 2608 1703 2625 ι
1724 2599 1781 2635 Οὐχ
1802 2601 1818 2627 ὁ
1836 2602 1866 2627 ὲν

1067 2641 1106 2676 τῷ
1130 2642 1239 2677 φανερῷ
1273 2643 1408 2676 Ἰουδαῖος,
1437 2644 1497 2670 οὐδὲ
1522 2645 1551 2670 ἐν
1569 2644 1750 2680 φανερῷ-καὶ
1777 2647 1866 2682 σαρκὶ

1067 2688 1212 2723 περιτομὴ,
1231 2687 1289 2715 ἀλλ’
1305 2689 1319 2715 ὁ
1335 2689 1365 2715 ἐν
1380 2688 1418 2724 τῷ
1441 2690 1554 2726 κρυπτῷ
1580 2690 1705 2723 Ἰουδαῖός
1724 2692 1797 2725 ἐστι,
1815 2694 1865 2719 καὶ

1067 2773 1086 2795 ι,
1111 2765 1152 2792 10.
1192 2766 1288 2793 “ibid.
1328 2767 1350 2782 “
1369 2767 1447 2795 Rom.
1464 2768 1543 2800 1,25.
1582 2769 1603 2784 ‘~'
1621 2768 1724 2796 Baruch
1740 2777 1784 2801 ιιι,
1817 2767 1861 2797 38.

837 2801 859 2816 ⁸⁸
872 2800 939 2827 Gen.
958 2807 1017 2826 λιιι

837 2835 854 2862 i.
894 2835 915 2850 ⁶⁰
932 2836 1008 2862 ltont.

1090 2803 1181 2862 ἓξὲξ.
1201 2809 1230 2836 ιι,
1249 2801 1275 2829 8.
1315 2803 1338 2818 ⁸⁷
1353 2802 1475 2839 Philipp.
1497 2811 1526 2837 ιι,
1545 2803 1588 2838 to,
1607 2803 1648 2832 lt.
1687 2804 1710 2820 "
1723 2800 1804 2833 .Ioau.
1820 2813 1862 2839 ni,

1070 2836 1114 2869 es,
1129 2835 1175 2863 ευ.
