1910 3050
73 152 99 179 81
484 149 754 178 COMMEN'IAIIIUS
772 150 804 177 IN
825 150 1025 178 ZACIIAIIIAM
1045 150 1265 178 PROPIIETAM.
1663 149 1698 176 42

72 211 204 247 περιτομὴ
221 211 340 246 καρῦἰας
367 212 396 238 ἑν
412 211 556 247 πνεύματι,
572 213 603 239 οὐ
625 213 779 248 γράμματι,
804 208 833 239 οὗ
851 213 864 238 ὀ

927 212 998 247 gitur
1018 212 1252 239 circumcisionem
1276 212 1302 239 in
1325 210 1420 245 spiritu
1442 217 1488 245 per
1509 209 1646 237 Christum
1671 214 1699 237 ut

73 259 181 289 ἔπαινος
203 257 254 284 οὐκ
283 257 313 289 ἐξ
340 257 504 292 ἀνθρώπων,
525 258 583 284 ἀλλ’
597 259 629 284 ὲκ
652 257 728 285 Θεοῦ.
753 268 762 284 ι
784 258 864 284 Ὅσοι

72 303 216 338 τοιγαροῦν
239 303 289 338 τὴν
307 304 337 329 ἐν
357 303 492 338 πνεύματι
515 303 666 339 περιτομὴν
682 303 726 330 διὰ
746 303 863 339 Χριστοῦ

74 350 315 385 πεπλουτήκαμεν.
331 349 431 384 κλῆρος
449 349 530 376 αὑτοῦ
552 350 704 384 γεγόναμεν
721 359 731 375 ι
751 350 798 376 ἐπὶ
816 350 865 385 τὴν

73 396 123 430 γῆν
147 395 199 430 τὴν
228 396 321 429 ἁγίαν,
342 405 351 420 t
371 395 415 422 ἵνα
436 395 486 430 τὴν
509 394 564 421 ἄνω
585 395 688 430 νοῶμεν
704 396 790 427 πόλιν,
816 394 865 430 τὴν

74 441 172 477 νοητὴν
192 441 382 476 Ἰερουσαλὴμ,
401 438 434 476 ἦς
459 441 584 476 τεχνίτης
610 441 657 468 καὶ
675 441 866 477 δημιουργὸςὸ

74 488 150 518 θεὸς,
170 487 184 513 ὁ
207 487 324 523 φιλητήν
341 495 370 513 τε
390 487 473 522 αὐτὴν
495 487 542 514 καὶ
562 487 672 522 αἱρετὴν
695 487 864 522 ποιούμενος.

77 542 87 558 ι
108 534 232 568 Αἱρετιεί
256 533 320 568 γὰρ,
338 534 429 568 φησὶν,
446 533 486 559 ἔτι
502 532 551 568 τὴν
579 533 764 568 Ἰερουσαλήμ.
785 542 795 558 ι
809 533 866 560 Οὐκ

75 578 208 605 ἀπίθανον
236 579 265 605 δὲ
294 579 378 605 πάλιν
401 578 479 613 εἰπερ
508 579 595 605 ἓλοιτό
617 587 659 610 τις
691 578 866 614 Ἰερουσαλὴμ

76 625 178 651 οἴεσθαι
197 626 246 652 καὶ
261 624 310 651 νῦν
329 625 488 660 ὡνομᾶσοαι
507 624 556 660 τὴν
578 625 751 661 Ἐκκλησίαν,
770 625 804 660 ἢν
821 625 867 652 καὶ

75 671 142 697 Θεοῦ
169 671 247 697 πόλιν
271 671 414 703 ἀποκαλεῖ,
442 670 528 704 λέγων
558 671 572 697 ὁ
597 670 740 703 θεσπέσιος
765 671 865 697 Δαϐίδ-

78 726 88 742 ‹
107 716 243 752 Καθάπερ
257 716 425 752 ἠκούσαμεν,
441 716 512 742 οὕτω
527 716 574 743 καὶ
599 716 704 751 εἴδομεν
729 718 757 744 ὲν
791 718 867 743 πόλει

77 760 182 794 Κυρίου
205 760 260 787 τῶν
281 760 432 796 δυνάμεων,
453 761 481 787 ἐν
495 761 572 787 πόλει
595 761 641 788 τοῦ
663 761 731 788 Θεοῦ
748 762 834 797 ἡμῶν.
855 771 864 787 ι

109 807 303 834 Εἰιλαὸείσθω
318 807 403 834 πᾶσα
415 807 495 841 σὰρξ
513 807 572 834 ἀπὸ
588 806 750 841 προσώπου
763 808 866 841 αὐτοῦ,

75 850 151 876 διότι
172 851 327 885 ἐγήγερται
339 851 373 878 ἐκ
390 850 526 885 νεφελῶν
545 852 637 886 ἁγίων
656 852 760 880 αὑτοῦ.

115 895 173 929 ις’.
202 895 381 930 Ἐπιφώνημα
401 895 450 930 μὲν
463 896 542 922 τοῦτο
557 896 637 923 καλὸν
653 897 700 923 καὶ
721 898 869 932 ὲπωφελὲς,

79 940 126 965 καὶ
148 939 314 974 πρόσκλησις
338 939 439 974 ἀγαθὴ,
462 941 519 971 τοῖς
541 940 678 967 ἐθέλουσιν
703 941 868 977 εὐδοκιμεῖν,

78 986 134 1012 εἶτε
159 985 222 1020 παρ’
236 984 318 1012 αὑτοῦ
331 985 427 1019 γέγονε
439 985 485 1012 τοῦ
499 985 577 1019 Θεοῦ,
594 987 649 1014 εἴτε
665 988 717 1023 μὴν
731 988 762 1015 ἐκ
782 998 870 1025 προσ-

81 1030 158 1057 ώπου
183 1030 229 1057 τοῦ
253 1031 431 1066 προφητικοῦ.
457 1032 530 1068 Πλὴν
553 1034 640 1060 ἐκεῖνο
661 1034 869 1071 περιαθρητέον.

86 1075 131 1106 Ὠς
143 1076 197 1112 γὰρ
210 1076 297 1111 πάντη
312 1085 342 1102 τε
359 1077 404 1103 καὶ
420 1077 527 1108 πάντως
537 1078 728 1114 ἀπολουμένων
747 1081 827 1116 οἵπερ
838 1081 871 1108 ἂν

78 1122 156 1157 αὐτῷ
188 1122 226 1157 μὴ
255 1122 447 1155 πιστεύσειαν,
477 1124 650 1151 εὐλαϐεῖσθαι
683 1128 869 1163 προστέταχε·

83 1167 164 1194 τοῦτο
179 1168 227 1194 καὶ
246 1168 326 1199 αὐτὸς
344 1169 358 1194 ὁ
374 1169 491 1204 Χριστὸς
505 1170 554 1205 τὴν
577 1172 617 1203 είς
632 1171 711 1199 αὑτὸν
731 1173 822 1200 πίστιν
840 1174 871 1200 οὐ

79 1213 271 1247 προσιεμένοις
295 1213 430 1248 ἐπεφώνει
451 1216 507 1246 τοῖς
531 1216 561 1249 ἐξ
590 1217 712 1253 Ἰσραήλ·
736 1227 745 1244 t
775 1219 870 1254 Ἀμὴν,

79 1258 157 1292 ἀμὴν
169 1257 240 1292 λέγω
255 1258 330 1292 ὑμῖν,
344 1259 391 1286 ἐὰν
406 1259 444 1294 μὴ
461 1261 625 1296 πιστεύσητε
638 1262 678 1289 ὅτι
694 1263 750 1297 ἐγώ
763 1265 831 1299 εἰμι,
843 1266 872 1291 ὲν

79 1304 142 1334 ταῖς
166 1303 316 1339 ἁμαρτίαις
341 1304 417 1339 ὑμῶν
443 1305 641 1333 ἀποθανεῖσθε·
669 1317 678 1334 ι
700 1309 747 1335 καὶ
772 1310 871 1344 πάλιν,

83 1358 93 1374 ι
130 1348 160 1375 ὐ
187 1349 321 1376 πιστεύων
337 1351 377 1381 εἰς
395 1351 438 1377 τὸν
460 1351 534 1385 Υἱὺν,
557 1352 588 1378 οὐ
604 1353 734 1388 κρίνεται,
752 1356 766 1381 ὁ
784 1355 812 1382 δὲ
834 1356 873 1391 μὴ

82 1394 231 1426 πιστεύων,
249 1395 300 1430 ἤδη
316 1396 450 1431 κέκριται,
466 1398 506 1424 ὅτι
522 1397 560 1433 μὴ
583 1399 764 1428 πεπίστευκεν
780 1402 821 1433 εἰς
842 1402 873 1428 τὸ

80 1440 170 1476 ὄνομα
194 1441 243 1467 τοῦ
272 1441 338 1467 Υἱοῦ
364 1442 410 1468 τοῦ
435 1442 513 1470 Θεοῦ.
540 1453 550 1470 ο
577 1445 709 1481 Ταύτῃτοι
736 1448 783 1473 καὶ
799 1447 873 1479 λίθος

81 1486 308 1521 προσκόμματος,
332 1488 378 1514 καὶ
393 1488 479 1524 πέτρα
501 1490 650 1517 σκανδάλου
665 1492 872 1528 κατωνόμασται

80 1532 212 1568 Χριστός.
240 1533 345 1568 Ὥσπερ
362 1533 415 1569 γάρ
444 1536 516 1561 ἐστιν
537 1537 758 1572 ὁμολογουμένως
791 1539 874 1566 καλὸν

80 1577 130 1602 καὶ
153 1577 286 1612 σωτήριον
304 1578 334 1603 τὸ
349 1578 438 1605 πίστει
453 1580 600 1613 στεφανοῦν
615 1582 707 1614 αὑτὸν,
732 1583 803 1609 οὕτω
826 1584 873 1610 καὶ
888 1578 909 1608 C

79 1620 196 1657 ὀλέθρου
210 1623 350 1656 πρόξενον,
368 1624 397 1651 τὺ
414 1624 451 1660 μὴ
463 1625 636 1654 εὐλαϐεῖσθαι
650 1628 695 1656 τὸν
712 1628 744 1656 δι’
760 1630 833 1664 ἡμᾶς
846 1631 874 1656 ὲν

80 1670 141 1700 τοῖς
158 1669 219 1695 καθ’
236 1670 310 1704 ἡμᾶς
326 1671 465 1704 γεγονότα,
485 1672 533 1699 καὶ
548 1673 598 1708 οὐχ
614 1674 707 1710 ἐτέρου
720 1683 767 1701 του
783 1675 872 1710 χάριν,

82 1714 100 1749 ἢ
134 1714 178 1740 ἵνα
203 1714 277 1750 σώσῃ
304 1715 334 1741 τὺ
349 1715 496 1749 ἀπολωλός.
533 1718 695 1754 Ἐγηγέρθαι
723 1721 751 1747 δὲ
775 1722 806 1748 ὲκ
828 1729 873 1747 ve—

83 1760 175 1793 φελῶν
189 1761 273 1794 ἁγίων
290 1761 371 1789 αὑτὸν
385 1763 532 1798 νομιοῦμεν
547 1765 638 1796 πάλιν,
654 1765 692 1797 ὠς
711 1766 739 1799 ἐξ
756 1767 875 1801 ἠρεμίας

81 1807 135 1841 τῆς
150 1807 235 1833 πάλαι
255 1807 302 1833 καὶ
324 1808 426 1843 σιωπῆς
443 1809 593 1844 ἀφιγμένον
608 1812 647 1842 εἰς
664 1811 770 1846 κίνησιν
785 1812 834 1847 τῆς
847 1814 875 1840 ὲν

81 1854 152 1887 ⁴ἡμῖν
175 1853 325 1888 φροντίδος,
355 1855 485 1889 γεγονότα
513 1863 544 1889 γε
578 1857 632 1890 μὴν
658 1857 690 1883 ὲκ
721 1857 874 1892 σπέρματος

82 1898 171 1932 ἁγίων
196 1899 331 1934 Ἀϐραὰμ,
348 1900 450 1932 Ἰσαὰκ,
474 1900 582 1934 Ἰεσσαὶ,
603 1902 650 1929 καὶ
666 1902 759 1934 Δαϐὶδ,
777 1903 808 1929 ἐκ
822 1903 876 1930 τῶν

83 1944 135 1970 σὺν
153 1945 267 1977 ἐκείνοις
280 1946 544 1981 γενεαλογουμένων,
558 1947 606 1979 οὒς
621 1949 668 1974 καὶ
680 1949 794 1983 νεφέλας
808 1950 877 1976 ἀπο-

83 1990 176 2022 καλεῖ,
186 1991 230 2018 διὰ
240 2000 281 2017 τοι
296 1992 327 2018 τὸ
345 1992 413 2026 ὑψοῦ
432 1993 561 2029 φέρεσθαι
577 1994 631 2020 τῶν
642 1995 728 2028 ἁγίων
739 1995 785 2021 τὸν
802 1995 874 2028 νοῦν,

85 2037 137 2063 καὶ
156 2038 351 2072 παραιτεῖσθαι
368 2039 417 2074 μὲν
430 2039 464 2065 τὰ.
480 2040 525 2066 ἐπὶ
541 2040 590 2074 τῆς
608 2041 659 2076 γῆς
680 2041 726 2067 καὶ
750 2042 876 2077 φρόνημα

83 2081 117 2107 τὸ
135 2084 366 2118 κατεῤῥιμμένον,
380 2084 493 2120 ζητεῖ[ν]
507 2085 534 2112 δὲ
551 2086 650 2120 μᾶλλον
663 2087 696 2113 τὰ
713 2087 768 2114 ἄνω
785 2088 832 2114 καὶ
848 2089 878 2114 ἐν

85 2128 141 2158 τοῖς
159 2128 294 2162 οὐρανοῖς,
314 2130 362 2156 καὶ
385 2131 438 2165 μὴν
458 2132 504 2157 καὶ
519 2131 549 2158 τὸ
571 2133 599 2159 ὲν
614 2133 688 2165 τάξει
703 2134 801 2167 νεφῶν,
821 2135 878 2164 τοῖς

84 2175 193 2208 νοητοῖς
209 2174 297 2206 ὑετοῖς
317 2176 461 2211 κατάρδειν
483 2178 601 2213 ἑτέρους.
621 2178 679 2205 Ὀτι
702 2178 794 2214 δὲτὴν
815 2178 879 2205 ἀνά-

86 2227 183 2246 στασιν
203 2220 298 2251 ἐννοεῖ,
319 2221 523 2258 πληροφορήσει
543 2223 624 2250 πάλιν
642 2223 723 2256 αὐτὸς
742 2225 757 2250 ὁ
770 2220 890 2260 Enniqu

84 2265 129 2292 διὰ
141 2266 192 2301 τῆς
206 2266 253 2292 τοῦ
264 2267 420 2300 Ψάλλοντος
432 2270 525 2305 φωνῆς
538 2270 609 2297 οὕτω
624 2271 723 2305 λέγων·
739 2281 748 2297 ι
765 2272 877 2299 Ἕνεκεν

85 2310 135 2345 τῆς
164 2311 353 2348 ταλαιπωρίας
375 2314 430 2342 τῶν
453 2316 569 2350 πτωχῶν
591 2317 638 2343 καὶ
659 2316 706 2343 τοῦ
726 2318 878 2355 στεναγμοῦ

85 2358 141 2383 τῶν
160 2358 286 2394 πενήτων
306 2359 354 2386 νῦν
372 2360 571 2396 ἀναστήσομαι.
601 2370 610 2388 ι
642 2362 806 2399 Ἐγήγερται
823 2363 880 2390 τοί-

85 2409 147 2434 νυν,
170 2404 306 2436 τουτέστι,
323 2406 465 2440 κεκίνηται
483 2407 575 2434 λοιπὸν
595 2409 635 2441 εἰς
651 2409 811 2443 ἐπικουρίαν
825 2411 881 2441 τοῖς

86 2447 134 2474 ἐπὶ
157 2448 207 2482 τῆς
230 2449 282 2484 γῆς
302 2451 471 2485 πεπραχόσιν
496 2452 604 2484 ἀθλίως.
630 2453 716 2485 Αὐτὸς
736 2453 765 2480 δὲ
790 2455 806 2489 ἡ
827 2454 880 2481 τῶν

914 259 1021 286 divitias
1045 257 1251 292 acquisivimus,
1274 257 1412 292 possessio
1434 256 1492 290 ejus
1519 256 1581 283 lacti
1605 263 1699 283 sumus

916 313 926 331 t
951 312 1032 338 super
1054 308 1153 330 terram
1179 306 1312 335 sanctam,
1328 311 1337 327 ι
1362 307 1391 329 ut
1412 309 1535 336 superam
1562 302 1699 328 civitatem

915 350 1090 382 meditemur,
1102 348 1265 380 Jerusalem,
1278 355 1336 382 quae
1352 348 1441 375 animo
1454 348 1569 380 videtur,
1583 347 1659 382 cujus
1672 353 1697 374 et

915 396 1038 424 conditor
1053 395 1123 422 Deus
1138 395 1159 410 ⁶¹
1169 414 1176 427 ,
1193 394 1237 428 qui
1252 394 1336 428 ipsam
1352 393 1493 420 amabilem
1508 397 1534 420 el
1555 393 1698 428 optabilem

916 442 990 468 facit.
1012 450 1021 467 ι
1048 441 1134 476 Eliget
1164 441 1236 468 enim
1265 439 1352 466 adhuc
1377 438 1541 471 Jerusalem,
1561 448 1570 464 ι
1602 439 1697 472 inquit.

916 487 973 515 Non
999 493 1042 515 est
1065 488 1176 522 insuper
1200 485 1392 521 improbabilel
1416 485 1437 512 si
1461 486 1520 519 quis
1544 485 1701 512 existimare

917 535 1003 568 volet,
1015 533 1164 562 Jerusalem
1185 539 1213 561 et
1229 540 1299 560 nunc
1315 537 1438 559 vocatam
1455 539 1515 558 esse
1537 531 1699 563 Ecclesium,

917 590 997 616 quant
1014 586 1041 609 et
1056 581 1102 608 Dei
1118 580 1252 607 civitatein
1268 578 1375 606 divinus
1392 577 1475 605 David
1491 577 1625 609 nominat,
1639 584 1700 603 cum

918 628 954 654 ait
971 636 978 654 :
999 637 1010 653 ι
1031 627 1106 654 Sicut
1122 625 1287 657 audivimus,
1306 625 1342 651 ita
1362 629 1387 651 et
1404 624 1536 656 vidimus,
1550 624 1576 650 in
1593 623 1703 651 civitate

919 673 1024 700 Domini
1038 673 1176 704 virtutum,
1193 671 1220 698 in
1235 671 1343 698 civitate
1360 669 1405 697 Dei
1421 669 1505 697 nostri
1517 669 1549 696 δ’.
1567 678 1576 694 ι

956 806 1036 834 Vens.
1056 807 1098 834 I5.
1118 806 1218 833 Timent
1239 805 1324 832 omnis
1342 813 1403 832 caro
1425 813 1440 831 η
1464 804 1531 838 {acie
1551 805 1625 839 ejus,
1641 804 1703 839 quia

919 853 1046 879 excitatus
1063 856 1100 878 est
1114 860 1127 878 ε
1142 851 1250 878 nubibus
1267 851 1364 877 sanctis
1379 851 1444 878 suis.

887 907 908 935 Β
958 897 1027 925 XVI.
1056 897 1200 924 I’ulcltrum
1229 897 1294 928 hoc,
1319 901 1344 924 et
1371 897 1434 924 utile
1459 896 1651 931 epiphonema,
1677 899 1705 922 et

921 945 1071 971 cohortatio
1085 943 1154 971 bona
1170 942 1322 970 volentibus
1338 943 1404 970 bene
1422 943 1529 975 audire,
1545 943 1601 969 sive
1618 949 1633 968 a
1650 941 1705 968 Deo

920 996 976 1023 est,
991 990 1048 1017 sive
1070 997 1102 1017 ex
1129 996 1243 1023 persona
1264 989 1409 1023 prophetm.
1427 988 1617 1015 Verumtamen
1641 987 1704 1015 illud

920 1036 1144 1064 considerandum
1159 1036 1310 1070 diligenter.
1324 1034 1433 1062 Timere
1445 1034 1516 1061 enim
1530 1033 1617 1067 jubet,
1628 1033 1706 1068 quasi

921 1083 1034 1117 perditis
1056 1082 1179 1117 penitus,
1201 1082 1355 1116 quicunque
1379 1081 1429 1115 ipsi
1454 1087 1506 1107 non
1530 1079 1704 1106 crediderint.

922 1130 979 1156 Hoc
999 1133 1024 1155 et
1042 1129 1098 1162 ipse
1115 1127 1240 1155 Christus
1256 1127 1385 1154 Israelitis
1403 1126 1482 1153 ﬁdem
1501 1126 1528 1153 in
1547 1126 1632 1160 ipsum
1651 1132 1706 1152 non

922 1172 1126 1200 aimittentibus
1140 1171 1302 1204 minabatur,
1311 1178 1372 1198 cum
1386 1171 1487 1198 diceret
1500 1179 1507 1197 :
1525 1179 1535 1195 ι
1549 1170 1634 1197 Amen
1646 1170 1706 1197 dico

922 1219 1013 1250 vobis,
1029 1218 1078 1245 nisi
1095 1217 1265 1245 credideritis
1276 1217 1338 1252 quia
1353 1223 1403 1251 ego
1419 1223 1494 1247 sum,
1511 1215 1661 1243 moriemini
1680 1216 1706 1242 iu

921 1265 1040 1299 peccatis
1060 1265 1157 1291 vestris
1168 1263 1204 1295 ⁶³;
1229 1271 1239 1289 ι
1262 1267 1289 1290 et
1311 1262 1408 1289 iterum
1431 1269 1439 1288 :
1466 1271 1475 1287 ι
1500 1261 1550 1295 Qui
1574 1261 1660 1288 credit
1681 1261 1706 1288 in

923 1310 1037 1342 Filium,
1056 1317 1108 1336 non
1124 1309 1274 1343 iudicatur;
1292 1308 1336 1343 qui
1355 1313 1444 1335 autem
1463 1315 1517 1335 non
1535 1308 1636 1339 credit,
1651 1307 1706 1341 jam

920 1356 1055 1390 judiratns
1070 1360 1120 1388 est,
1133 1355 1195 1389 quia
1209 1363 1260 1382 non
1274 1354 1388 1381 credidit
1399 1354 1424 1380 in
1438 1354 1544 1381 nomine
1553 1353 1635 1389 672
1648 1353 1706 1380 Filii

925 1401 969 1429 Dei
984 1401 1016 1428 “.
1038 1410 1048 1427 ι
1068 1401 1170 1428 Idcirco
1186 1405 1213 1428 et
1231 1401 1297 1435 lapis
1313 1400 1472 1428 oll'ensionis
1490 1405 1517 1427 et
1533 1404 1608 1434 petra
1627 1407 1706 1427 scau-

924 1448 976 1474 dali
1004 1447 1092 1474 dictus
1118 1452 1159 1474 est
1182 1446 1305 1473 Christus
1318 1446 1350 1473 ".
1374 1446 1602 1479 Quemadmodum
1630 1446 1701 1472 enim

925 1494 992 1521 citra
1011 1492 1205 1520 dubitationem
1229 1491 1368 1526 cujusdam
1391 1491 1524 1519 laudabile
1542 1496 1570 1518 et
1590 1491 1708 1519 salutare

924 1545 966 1567 est
977 1539 1028 1566 lide
1040 1538 1126 1572 ipsunt
1140 1537 1282 1569 honorare,
1293 1537 1328 1564 ita
1341 1541 1368 1564 et
1378 1537 1520 1565 exitiosum
1535 1545 1587 1565 non
1605 1538 1707 1570 timere,

924 1587 970 1622 qui
988 1591 1096 1621 propter
1116 1592 1164 1612 nos
1182 1589 1272 1612 nostra
1297 1585 1426 1619 suscepit,
1443 1591 1492 1612 nec
1509 1584 1560 1611 alia
1578 1585 1610 1612 de
1627 1592 1708 1612 causa

925 1639 1004 1666 quam
1029 1636 1058 1658 ut
1078 1630 1193 1658 salvaret
1212 1630 1282 1664 quod
1307 1630 1425 1664 perierat
1437 1629 1470 1656 “.
1489 1629 1642 1656 Excitatum
1658 1637 1708 1656 an-

927 1682 980 1705 tem
1003 1677 1087 1712 ipsum
1103 1684 1135 1703 ex
1159 1675 1274 1703 nubibus
1292 1675 1394 1702 sanctis
1407 1675 1462 1702 suis
1483 1680 1612 1709 praeterea
1632 1681 1711 1710 puta-

926 1724 1023 1754 bimus,
1034 1727 1063 1749 ut
1076 1721 1120 1756 qui
1133 1729 1166 1748 ex
1179 1721 1288 1755 antiqua
1303 1721 1393 1755 quiete
1405 1725 1432 1747 et
1443 1720 1549 1748 silentio
1563 1722 1595 1748 ad
1610 1726 1710 1748 motunt

927 1767 1118 1796 sollicitudinis
1140 1767 1213 1794 circa
1236 1774 1283 1794 nos
1303 1767 1424 1799 venerit,
1442 1771 1533 1793 natum
1556 1773 1588 1793 ex
1610 1767 1713 1793 semine

926 1820 1080 1843 sanctorum
1096 1814 1242 1846 Abraham,
1259 1813 1343 1846 Isaac,
1354 1813 1438 1846 Iesse,
1451 1818 1479 1840 et
1494 1813 1587 1845 David,
1604 1817 1631 1840 et
1645 1813 1713 1840 alio-

926 1870 986 1889 rum
1006 1861 1050 1896 qui
1069 1861 1094 1887 in
1115 1860 1210 1888 ordine
1226 1859 1405 1894 generationis
1422 1859 1548 1893 deinceps
1567 1866 1713 1886 recensen-

928 1913 981 1939 tur,
997 1914 1064 1941 quos
1084 1910 1111 1933 et
1127 1906 1211 1932 nubes
1229 1904 1359 1939 appellat,
1373 1905 1444 1939 quod
1463 1908 1619 1931 sanctorum
1639 1911 1714 1930 mens

927 1954 1042 1981 sublime
1068 1952 1183 1984 feratur,
1215 1956 1242 1978 et
1268 1956 1372 1979 terrena
1398 1951 1569 1985 cognataque
1597 1949 1711 1976 humilia

927 1999 1065 2034 repudiet,
1081 2004 1108 2026 et
1128 2005 1243 2032 superna
1265 1997 1353 2032 potius
1382 2005 1414 2024 ac
1435 1997 1555 2024 coelestia
1579 2000 1682 2030 qumrat
1705 2003 1713 2022 :

928 2045 1085 2079 quinetiam,
1103 2050 1177 2070 more
1200 2043 1321 2074 nubium,
1340 2042 1436 2076 pluviis
1454 2049 1513 2075 qum
1529 2041 1715 2076 intelliguntur

930 2098 978 2117 nec
991 2093 1130 2124 apparent,
1143 2088 1212 2115 alios
1224 2087 1413 2122 irriget.Quod
1431 2092 1520 2114 autem
1534 2085 1714 2114 exsurrectio—

929 2142 990 2163 nem
1015 2134 1162 2169 intelligat,
1181 2141 1289 2161 rttrsum
1314 2133 1437 2160 Salvator
1460 2133 1516 2165 ipse
1542 2132 1713 2164 testiﬁcatur,

929 2189 995 2208 voce
1011 2179 1210 2214 Psalmographi
1227 2180 1263 2206 ita
1278 2179 1390 2213 loquens
1406 2190 1411 2206 :
1429 2188 1437 2204 ι
1453 2177 1567 2212 Propter
1579 2178 1714 2205 miseriam

931 2227 1040 2260 inopum
1057 2230 1084 2253 et
1096 2225 1223 2260 gemitum
1240 2231 1395 2260 pauperum,
1414 2231 1485 2250 nunc
1496 2230 1640 2258 exsurgant
1653 2223 1686 2250 ".
1703 2231 1712 2248 ι

929 2272 1070 2299 Excitatus
1087 2276 1129 2298 est
1145 2270 1236 2305 igitur,
1257 2271 1307 2297 hoc
1327 2274 1368 2297 est
1402 2275 1492 2296 motus
1510 2273 1552 2296 cst
1567 2269 1600 2296 de
1618 2273 1716 2296 caetero

929 2318 962 2344 ad
977 2317 1115 2344 ferendam
1132 2324 1209 2351 opem
1226 2315 1332 2343 miseris
1347 2320 1373 2342 et
1387 2314 1494 2342 al‘lIietis
1509 2322 1591 2349 super
1603 2319 1714 2341 terram.

931 2363 989 2398 Ipse
1004 2368 1095 2390 autem
1111 2362 1243 2390 malorum
1258 2360 1377 2389 omnium
1393 2365 1433 2388 est
1446 2360 1560 2392 solutio,
1576 2364 1603 2386 et
1618 2359 1717 2386 veteris

932 2409 1066 2436 maledicti
1079 2409 1149 2440 linis,
1159 2413 1185 2436 et
1198 2407 1359 2444 principium
1375 2407 1464 2434 omnis
1478 2407 1552 2440 boni,
1562 2410 1588 2432 et
1603 2405 1717 2440 largitor

931 2456 987 2490 spei
1002 2455 1063 2482 vitae
1079 2455 1258 2490 sempiternae.
1707 2455 1711 2459 ”

87 2493 183 2520 κακῶν
206 2494 336 2522 ἁπάντων
361 2495 446 2528 λύσις,
472 2497 519 2524 καὶ
540 2498 590 2532 τῆς
614 2499 730 2534 ἀρχαίας
756 2499 824 2534 ἀρᾶς
849 2498 880 2525 τὺ
897 2501 995 2536 πέρας,
1027 2501 1074 2528 καὶ
1090 2500 1162 2536 ἀρχὴ
1194 2499 1241 2526 τοῦ
1262 2497 1364 2530 παντὸς
1377 2497 1491 2534 ἀγαθοῦ,
1513 2498 1559 2526 καὶ
1581 2495 1662 2532 δοτὴρ
1676 2495 1718 2522 ti”

88 2539 164 2571 πίόος
180 2541 229 2575 τῆς
243 2541 284 2572 εἰς
299 2541 386 2568 αἰῶνα
402 2542 446 2570 τὸν
462 2545 603 2578 μέλλοντα.

393 2611 518 2640 ΚΕΦΑΛ.
540 2613 576 2640 Γ.

123 2674 178 2700 Καὶ
198 2674 299 2706 ἓδειξέ
320 2685 372 2711 μοι
390 2679 496 2712 Κύριος
516 2681 638 2714 Ἰησοῦν
657 2682 710 2709 τὸν
730 2683 808 2717 Ιερέα
827 2683 881 2710 τὸν

87 2719 182 2755 μέγ-αν
207 2721 327 2750 ἑστῶτα
349 2725 404 2759 πρὸ
425 2727 586 2760 προσώπου
609 2728 736 2764 ἀγγέλου
759 2730 880 2764 Κυρίου.

126 2822 146 2838 ⁶¹
163 2823 249 2850 Ilcltr.
267 2830 307 2851 xl.
326 2822 368 2849 10.

419 2824 440 2839 ⁸¹
457 2823 528 2852 Psal.
546 2834 628 2858 xuii,
644 2828 670 2854 Ξ).

91 2864 168 2891 XVIII,
186 2859 231 2885 ll.

273 2858 296 2875 ⁶⁷
314 2858 384 2885 ΡδίιΙ,
402 2867 440 2890 χι,
453 2859 477 2886 6,

276 2904 414 2935 ΡΑτιιοι,
432 2906 489 2936 Gn.
509 2906 623 2937 LXXII.

723 2827 743 2842 ⁸³
759 2827 836 2855 Joan.
853 2835 911 2861 vui,
926 2827 972 2854 '24.

1255 2614 1331 2642 CAP.
1350 2615 1393 2644 III.

970 2683 1052 2710 Vsus.
1066 2683 1091 2716 I,
1102 2683 1128 2710 ‘2.
1143 2681 1173 2708 Et
1187 2682 1299 2708 ostendit
1311 2681 1374 2708 milii
1389 2682 1515 2708 Dominus
1528 2680 1618 2708 Iesum
1633 2690 1720 2709 sacer-

935 2731 1021 2757 dotem
1040 2737 1162 2764 magnum
1184 2733 1294 2756 stantem
1312 2733 1372 2755 ante
1389 2728 1481 2763 faciem
1498 2727 1584 2764 angeli
1604 2729 1718 2756 Domini.

1026 2827 1048 2843 “
1063 2825 1139 2854 Joan.
1156 2834 1197 2859 ιιι,
1212 2825 1254 2852 l8.
1313 2825 1334 2840 "
1348 2825 1358 2852 ι
1372 2824 1442 2853 Petr.
1461 2832 1491 2858 ιι,
1510 2825 1537 2852 8.

1523 2904 1541 2935 2

1590 2825 1612 2841 ⁶⁶
1624 2824 1718 2853 Matth.
