1910 3050
223 142 258 174 13
718 144 746 172 S.
769 145 904 173 CYIIILLI
925 144 1157 172 ALEXANDRINI
1180 145 1338 174 ARCHIEP.
1816 149 1849 175 ιι

223 204 257 231 ΕΙ
273 204 392 231 diabolus
407 204 491 230 stabat
507 213 522 230 ιι
539 204 639 231 dextris
655 204 721 237 eius,
736 210 763 231 ut
777 206 959 232 adversaretur
975 206 997 232 ei

1063 193 1127 233 Kal,
1142 208 1158 234 ὀ
1175 206 1314 239 διάϐολος
1337 205 1468 239 εἱστήκει
1489 206 1522 232 ἐκ
1539 205 1647 242 «δεξιῶν
1672 205 1776 237 αὑτοῦ,
1798 207 1849 233 τοῦ

222 251 256 277 Et
276 250 344 277 dixit
363 250 490 277 Dominus
509 250 544 276 ad
562 250 696 277 diabolum
715 259 723 278 :
743 251 861 286 Increpat
880 251 1007 279 Dominus

220 296 247 322 in
265 300 305 328 te,
318 295 436 327 diabolo,
447 301 470 322 et
487 295 599 328 increpet
616 297 642 323 in
659 301 683 323 te
699 297 743 331 qui
759 296 834 331 elegit
848 297 1006 325 Jerusalem.

221 338 316 366 Nonne
330 347 387 366 ecce
401 339 450 366 hoc
464 343 492 366 ut
506 340 585 367 torris
599 345 730 368 extractus
744 349 776 368 ex
788 342 868 377 igne?

253 469 336 498 XVII.
367 469 493 498 Narratio
516 471 647 499 visionem
673 472 804 505 continet,
821 477 1006 500 verumtamen

219 524 328 544 sensum
347 516 428 544 habet
455 517 624 550 historicum,
648 517 698 544 sub
719 517 863 552 aenigmate
888 526 917 545 sc
942 519 1007 545 insi-

219 567 347 590 nttantem
366 567 392 590 et
409 567 436 589 ut
451 562 567 598 imagine
583 562 680 590 iterum
695 562 786 590 Jesum
800 564 1005 592 describentem.

216 610 374 637 Tenendum
389 616 480 644 porro,
501 609 657 644 prophetam
677 610 778 637 visione
790 610 845 645 jam
862 619 891 637 re
916 611 1006 646 perfe-

215 660 258 682 cta
284 660 310 681 et
324 656 356 682 ad
368 656 468 682 exitum
487 655 599 682 deducta
619 654 698 682 verba
730 655 829 683 facere.
843 656 889 683 Est
914 662 1005 684 autem

215 708 384 735 nequaquam
397 700 534 728 fabulosus
545 707 644 733 sermo,
658 709 743 736 neque
759 702 792 729 ab
804 702 926 730 instituto
943 703 1007 729 alie-

215 755 276 779 nus,
292 754 377 781 neque
396 747 497 774 otiosas
513 747 682 774 narrationes
703 753 827 775 acervat:
855 755 960 780 verum,
978 753 1008 776 ut

214 793 280 825 dixi,
309 793 441 829 principio
469 798 612 827 antequam
641 795 791 826 evenirent,
806 794 857 821 ista
887 795 964 828 vidit,
981 801 1008 824 et

1059 251 1242 279 ἀντικεῖσθαι
1259 251 1347 284 αὐτῷ.
1369 252 1424 279 Kal
1439 249 1504 278 εἷπε
1526 253 1599 285 πρὸς
1618 252 1670 279 τόν
1690 251 1848 279 διάϐολον

1067 297 1251 331 Ἐπιτιμήσαι
1266 298 1374 331 Κύριος
1393 297 1427 323 ἐν
1449 297 1509 328 σοι,
1533 297 1663 329 ardebis,
1686 298 1735 325 καὶ
1757 298 1849 325 ἐπιτι-

1056 345 1151 378 [uiam
1176 344 1209 370 ἐν
1234 343 1283 370 σοὶ
1306 345 1322 370 ὁ
1340 343 1540 378 ἐκλεξάμενος
1562 343 1619 378 τὴν
1641 344 1848 378 Ἰερουσαλήμ.

1065 391 1125 416 Οὺκ
1159 389 1222 416 ἰδοὺ
1250 389 1336 417 τοῦτο
1369 390 1409 423 ὠς
1436 389 1529 422 δαλὸς
1561 390 1789 424 ὲξεσπασμὲνος
1816 391 1848 417 ἐκ

1059 436 1153 468 πυρός
1166 444 1174 466 ;

1096 481 1143 508 1Ζ’.
1168 481 1280 516 ’Όρασις
1307 481 1357 515 μὲν
1381 480 1412 506 τὺ
1434 481 1567 516 διήγημα.
1589 481 1659 516 πλὴν
1687 481 1743 515 ἔχει
1769 481 1848 515 λόγον

1060 526 1213 561 ἱστορικὸν,
1240 525 1446 560 αἰνιγματωδῶς
1473 526 1658 557 εἰσϐάλλοντα,
1689 527 1735 553 καί
1760 527 1798 558 ὡς
1821 527 1848 553 ἑν

1058 571 1142 598 εἰκόνι
1165 571 1245 598 πάλιν
1259 571 1297 607 τῷ
1322 571 1409 606 Ἰησοῦ
1433 572 1731 607 προσδιαγραφόμενον.
1751 573 1848 599 ’ἰστέον

1057 617 1097 649 δὲ,
1113 618 1153 644 ὅτι
1168 617 1222 644 τῶν
1244 618 1273 644 ὲν
1284 619 1344 649 ταῖς
1356 618 1484 653 ὁράσεσιν
1497 619 1535 650 εἰς
1548 619 1634 654 πέρας
1648 619 1846 654 ἐκϐεϐηκότων,

1057 664 1121 696 τοὺς
1135 665 1199 700 περὶ
1211 664 1300 691 αὐτῶν
1311 666 1325 691 6
1337 665 1478 700 προφήτης
1491 666 1606 692 ποιεῖται
1619 665 1723 699 λόγους.
1742 666 1848 692 Εἰκαιο-

1060 710 1146 745 μυθὴς
1164 710 1192 737 δὲ
1214 710 1351 745 οὐδαμῶς,
1368 710 1428 737 οὐδὲ
1445 710 1497 746 μὴν
1511 711 1624 737 κατόπιν
1637 711 1692 737 τῶν
1706 711 1848 746 ἐπιτηδευ-

1060 757 1151 791 μάτων
1182 757 1308 792 ἔρχεται,
1335 757 1382 783 καὶ
1414 757 1548 792 περιττῶν
1577 759 1642 792 ἡμῖν
1672 758 1847 793 διηγημάτων

1060 802 1173 838 σωρεύει
1194 803 1289 838 ὄχλον
1311 803 1382 835 ἀλλ’,
1398 803 1437 835 ὡς
1455 803 1533 838 ἔφην,
1556 804 1586 830 ὲν
1607 804 1704 839 ἀρχαῖς
1725 804 1779 839 πρὸ
1795 803 1846 830 τῶν

213 840 375 866 annuntiare
405 847 531 875 magnum
556 847 648 874 operte
677 839 792 873 pretium
832 840 917 873 ducit,
943 841 997 868 dun

1059 849 1226 882 πραγμάτων
1238 848 1364 874 τεθέιται
1382 848 1479 880 ταῦτα,
1495 848 1541 875 καὶ
1558 849 1741 883 ἀπαγγέλλειν
1763 849 1847 876 τιοιεί-

214 885 249 912 ita
267 884 373 912 erudiat
388 891 415 912 et
433 890 518 912 tntum
532 885 625 913 reddat
648 885 786 918 lsraelem,
813 893 847 913 ne
871 887 997 914 similibus

1056 878 1101 920 ται
1120 878 1187 929 περὶ
1207 894 1316 926 πολλοῦ,
1339 895 1419 929 σοφόν
1433 904 1461 921 τε
1473 878 1521 921 καὶ
1535 878 1647 931 ἀσφαλῆ-
1656 895 1788 927 καθιστὰς
1802 895 1846 922 τὸν

212 939 273 959 sese
291 932 396 960 delictis
421 932 518 960 iterum
552 932 680 965 involvat,
707 933 858 968 iterumque
884 934 1006 968 captivus

214 978 276 1010 fiat,
292 978 382 1005 sciens
397 985 427 1005 se
442 978 574 1006 salvatum
588 986 648 1006 cum
663 978 764 1010 labore,
778 983 805 1006 et
817 979 1004 1007 liberationem

213 1030 319 1057 quoque
342 1022 393 1057 ipsi
407 1030 475 1057 opus
491 1027 550 1050 erat
576 1023 689 1058 gratiam
710 1024 791 1059 673
811 1024 1002 1058 propemodum

213 1068 254 1095 vel
271 1069 337 1102 ipsis
351 1069 378 1095 iu
394 1069 463 1096 ctelo
477 1069 579 1104 angelis
596 1077 668 1097 curae
696 1077 727 1096 ac
745 1071 918 1098 sollicitudini
937 1070 1003 1098 fuis-

213 1122 253 1143 se.
264 1115 307 1142 Ait
320 1122 384 1149 ergo
397 1123 426 1142 se
440 1115 539 1142 vidisse
549 1120 663 1143 stantem
678 1115 811 1150 angelum,
823 1121 850 1143 et
864 1124 954 1143 eorum
972 1124 1004 1143 eo

211 1160 304 1188 Jesum
320 1160 401 1187 lilintn
415 1160 528 1188 Josedec
540 1161 707 1188 sacerdotem
724 1168 860 1195 magnum.
878 1161 909 1188 Et
923 1169 1003 1196 ange-

213 1207 256 1233 lus
272 1206 380 1241 quidem
397 1211 488 1241 typum
502 1210 527 1233 et
542 1205 684 1241 imaginem
698 1206 799 1233 Christi
812 1207 921 1241 gerebat
935 1215 942 1233 :
958 1214 1003 1234 sa-

212 1253 310 1280 cerdos
325 1256 415 1278 autent
445 1253 529 1279 totius
554 1252 642 1286 populi
670 1259 813 1286 personam
843 1252 1002 1280 sustinuisse

213 1299 301 1329 potest
320 1295 429 1327 intelligi
443 1303 450 1321 :
464 1295 503 1322 sic
517 1295 587 1322 enim
601 1296 691 1323 divina
710 1295 850 1330 Scriptura
862 1304 923 1324 eum
954 1305 1001 1325 ac-

211 1340 286 1375 cipit.
298 1340 386 1373 Quare
405 1341 503 1368 alicubi
519 1341 552 1368 ad
569 1340 660 1369 Mosen
672 1342 735 1370 dicit
759 1343 828 1370 Dens
845 1351 853 1371 :
868 1352 876 1369 t
893 1343 926 1370 Et
937 1352 1002 1371 ecce

211 1392 260 1420 ego
275 1385 365 1420 accepi
389 1385 496 1413 Levitas
516 1393 564 1421 pro
582 1387 710 1414 omnibtts
732 1388 795 1416 filiis
817 1388 911 1422 Israel,
930 1390 1001 1417 dono

212 1432 266 1458 tlati
286 1436 350 1459 sunt
367 1432 432 1459 mihi
450 1432 484 1459 ⁸⁸.
502 1441 510 1458 ι
531 1432 661 1466 Quocirca
676 1434 742 1461 nihil
766 1435 895 1462 adversus
919 1436 998 1463 deco-

212 1485 270 1504 rum
284 1482 376 1512 peccat
388 1478 485 1510 oratio,
498 1486 546 1512 pro
560 1479 633 1505 omni
652 1479 749 1513 populo
766 1481 931 1508 sacerdotem
955 1489 999 1508 ac-

1062 940 1179 975 Ἰσραὴλ,
1203 941 1245 966 ἕνα
1267 941 1304 976 μὴ
1327 943 1383 972 τοῖς
1411 942 1478 973 ἴσοις
1501 942 1653 977 πταίσμασι
1677 942 1844 978 περιπεσὼν,

1055 986 1132 1022 ἁλοίη
1149 987 1196 1014 καὶ
1211 987 1344 1022 δεύτερον,
1358 988 1445 1019 εἰδὼς,
1463 989 1503 1015 ὅτι
1519 988 1651 1016 σέσωσται
1669 989 1738 1024 μετὰ
1751 990 1844 1022 πόνου,

1055 1033 1102 1059 καὶ
1130 1034 1270 1068 μονονουχὶ
1295 1034 1404 1069 φροντὶς
1425 1035 1520 1070 γέγονε
1551 1035 1599 1062 καὶ
1619 1037 1675 1067 τοῖς
1694 1037 1722 1062 ὲν
1739 1036 1844 1071 οὐρανῷ

1054 1074 1218 1112 ἀγγέλοιςή
1242 1079 1285 1105 ἐπ’
1303 1079 1376 1114 αὑτῷ
1399 1079 1531 1115 λύτρωσίς
1546 1089 1575 1107 τε
1593 1080 1639 1107 καὶ
1660 1081 1750 1116 χάρις.
1772 1081 1842 1116 Ἔφη

1054 1122 1159 1156 τοίνυν,
1179 1124 1219 1150 ὅτι
1239 1124 1364 1151 τεθέαται
1389 1125 1438 1160 μὲν
1458 1125 1563 1152 ἑστῶτα
1581 1126 1626 1152 τὸν
1645 1126 1769 1160 ἄγγελον,
1793 1126 1843 1162 πρὸ

1054 1171 1198 1205 προσώπου
1216 1170 1243 1196 δὲ
1263 1170 1345 1197 αὐτοῦ
1366 1171 1411 1198 τὸν
1436 1171 1539 1207 Ἰησοῦν
1562 1172 1609 1198 τὸν
1635 1172 1773 1205 Ἰωσεδὲκ,
1799 1173 1842 1199 τὸν

1053 1216 1129 1251 ἱερέα
1142 1216 1187 1242 τὸν
1206 1216 1301 1251 μέγαν.
1318 1217 1371 1243 Καὶ
1391 1217 1404 1243 6
1423 1217 1471 1251 μὲν
1486 1218 1601 1251 ἄγγελος
1619 1219 1659 1250 εἰς
1687 1219 1779 1245 εἰκόνα
1798 1217 1842 1245 καὶ

1053 1261 1139 1287 τύπον
1157 1261 1276 1297 εἱστήκει
1289 1262 1422 1297 Χριστοῦ’
1444 1263 1458 1288 6
1482 1263 1510 1289 δέ
1526 1271 1557 1297 γε
1574 1264 1663 1299 ἱερεὺς
1686 1264 1795 1300 νοηθείη
1811 1264 1842 1291 ἂν

1052 1307 1114 1334 ἀντὶ
1136 1308 1236 1339 παντὸς
1253 1308 1299 1334 τοῦ
1316 1308 1380 1335 λαοῦ
1393 1317 1400 1324 '
1418 1309 1584 1343 λαμϐάνεται
1603 1310 1656 1346 γὰρ
1672 1310 1743 1338 οὕτω
1768 1312 1840 1347 παρὰ

1052 1352 1113 1384 ταῖς
1132 1353 1219 1384 θείαις
1235 1353 1366 1388 Γραφαῖς.
1380 1354 1434 1380 Καὶ
1450 1354 1515 1388 γοῦν
1528 1355 1577 1390 ἔφη
1595 1364 1645 1382 που
1658 1356 1725 1391 πρὸς
1740 1357 1840 1384 Musaeo

1053 1398 1136 1430 Θεός’
1157 1409 1165 1424 ι
1194 1399 1250 1426 Καὶ
1274 1400 1328 1426 ἰδοὺ
1352 1399 1406 1434 ἐγὼ
1429 1401 1527 1436 εἴληφα
1553 1403 1617 1433 τοὺς
1640 1403 1756 1434 Λευῖτας
1782 1404 1840 1430 ἀντὶ

1051 1443 1158 1470 πάντων
1172 1444 1226 1479 τῶν
1244 1445 1308 1471 υἱῶν
1327 1445 1443 1480 Ἰσραὴλ,
1456 1445 1526 1480 δόμοι
1540 1446 1675 1481 δεδομένοι
1687 1448 1740 1474 εἰσί
1755 1457 1811 1482 μοι.
1828 1458 1836 1474 ι

1052 1488 1181 1523 Ἔρχεται
1202 1488 1234 1524 δὴ
1249 1487 1295 1516 οὖν
1310 1490 1324 1515 6
1339 1489 1417 1523 λόγος
1433 1491 1498 1525 ἡμῖν
1516 1492 1565 1517 οὐκ
1590 1491 1644 1518 ἀπὸ
1669 1493 1771 1519 σκοποῦ
1793 1492 1839 1520 τοῦ

209 1522 322 1556 cipiens.
335 1522 480 1558 Postquam
504 1523 575 1550 enim
594 1523 689 1557 IsraelI
705 1524 783 1552 cultis
803 1525 879 1553 idolis
892 1530 997 1561 spretis

1052 1534 1216 1569 πρέποντος,
1228 1522 1294 1561 ’ἀντὶ
1311 1522 1410 1566 παντὸς
1430 1522 1477 1562 τοῦ
1497 1536 1561 1562 λαοῦ
1578 1537 1623 1563 τὺν
1640 1538 1715 1572 ἱερέα
1731 1538 1841 1573 δεχομέ-

209 1578 262 1603 que
279 1570 383 1605 legibus
410 1578 458 1605 per
481 1569 573 1597 Mosen
596 1569 668 1604 latis,
695 1571 814 1605 abiectus
839 1578 881 1600 est
895 1581 909 1600 a
929 1573 996 1602 facie

210 1614 269 1647 Dei,
283 1615 455 1647 posti-nodum
479 1615 553 1650 jnsta
575 1615 602 1642 in
615 1623 676 1643 eum
695 1616 733 1643 ira
746 1617 860 1651 expleta,
890 1619 997 1647 miseri-

209 1661 301 1687 cordia
317 1668 331 1686 a
350 1659 405 1688 Deo
417 1665 459 1688 est
470 1660 592 1694 affectus,
610 1666 637 1689 et
658 1662 746 1690 denuo
762 1663 795 1690 ad
822 1669 996 1698 conspectum

209 1706 267 1739 eius
289 1711 440 1733 revocatus.
457 1707 492 1734 Et
507 1708 568 1740 hoc,
583 1707 689 1742 opinor,
700 1713 751 1741 est,
762 1710 811 1736 Sub
825 1711 939 1744 quodam
959 1712 997 1738 iu-

211 1757 367 1786 tegumento
384 1753 538 1786 verborum,
554 1758 626 1780 stare
637 1755 806 1782 sacerdotem
825 1761 886 1783 ante
900 1757 996 1784 facient

209 1797 298 1832 angeli
315 1797 432 1825 Domini.
449 1797 476 1824 ιιι
489 1798 528 1826 ira
542 1799 640 1834 quippe
683 1805 832 1834 aversatur,
861 1807 888 1829 et
904 1803 997 1830 oculos

210 1850 331 1872 removet
351 1851 365 1871 a
379 1845 625 1879 contemptoribus:
642 1851 736 1873 contra
761 1847 892 1875 miserans
911 1849 998 1875 intue-

209 1894 254 1916 tur
280 1895 307 1917 et
321 1890 442 1926 respicit.
454 1890 522 1918 Hinc
538 1896 565 1918 et
577 1891 683 1919 divinus
695 1892 798 1920 Psaltes
812 1896 908 1921 orabat
935 1895 971 1922 ita
987 1902 994 1921 :

211 1945 220 1962 t
239 1935 277 1963 Ne
292 1942 400 1964 avertas
417 1936 512 1964 faciem
527 1941 598 1964 tuam
616 1945 631 1964 a
648 1945 702 1972 me,
726 1944 754 1965 et
784 1947 817 1966 ne
832 1940 947 1967 declines
969 1940 996 1968 in

208 1982 248 2009 ira
265 1990 279 2010 a
296 1990 373 2009 servo
391 1988 436 2009 tuo
450 1982 499 2009 θ’.»
518 1982 551 2010 Et
567 1983 663 2011 iterum
679 1991 685 2010 :
706 1993 716 2009 t
735 1985 848 2020 Respice
862 1986 889 2013 in
901 1994 953 2019 me,
970 1991 997 2014 et

208 2027 337 2055 miserere
349 2027 399 2054 mei
408 2027 459 2054 ⁷⁸.»
472 2026 604 2054 Caeterum
617 2033 713 2055 natura
728 2029 857 2064 benignus
879 2035 904 2057 et
916 2032 996 2059 mise-

208 2073 293 2100 ricors
305 2073 375 2100 Deus
388 2072 512 2101 lsraelem
528 2081 543 2100 a
561 2079 672 2108 peccato
686 2074 826 2102 liberabat.
840 2075 890 2108 Qui
907 2082 995 2104 autem

207 2118 233 2145 iu
247 2118 310 2145 illud
324 2118 465 2146 induxerat
480 2119 594 2147 Satanas
609 2121 708 2153 stabat,
720 2121 996 2151 nihilominusatlver-

205 2171 280 2197 sane,
290 2169 316 2192 et
324 2171 355 2192 se
365 2172 502 2200 opponens
511 2165 559 2198 illi,
571 2171 599 2193 et
609 2166 738 2194 deserens
746 2166 820 2194 illum
832 2168 950 2203 insuper,
957 2176 994 2202 et,

1049 1587 1113 1609 νοις.
1141 1579 1249 1614 Ἐπειδὴ
1270 1579 1324 1614 γὰρ
1341 1580 1451 1614 γέγονεν
1470 1582 1483 1608 6
1509 1582 1618 1617 Ἰσραὴλ
1640 1583 1671 1609 ὲκ
1693 1585 1838 1618 προσώπου

1047 1623 1127 1656 Θεοῦ,
1152 1624 1340 1659 λελατρευκὼς
1363 1625 1493 1659 εἰδώλοις,
1518 1628 1563 1654 καὶ
1588 1628 1669 1655 αὐτὸν
1691 1629 1719 1656 δὲ
1737 1629 1782 1656 τὸν
1797 1631 1840 1658 διὰ

1047 1670 1170 1702 Μωσέως
1192 1670 1328 1706 ἀτιμήσας
1343 1671 1434 1706 νόμον.
1451 1669 1509 1698 εἶτα
1526 1672 1717 1709 πληρωθείσης
1732 1675 1781 1709 τῆς
1796 1676 1838 1702 ἐπ’

1047 1716 1121 1750 αὐτῷ
1142 1716 1248 1748 δικαίας
1269 1717 1363 1752 ὀργῆς,
1380 1718 1491 1753 ἠλέηται
1509 1720 1585 1755 παρὰ
1606 1719 1684 1750 Θεοῦ,
1707 1721 1839 1756 κέκληταί

1047 1769 1076 1786 τε
1099 1761 1178 1788 πάλιν
1203 1762 1242 1793 εἰς
1262 1762 1323 1796 ὄψιν
1347 1763 1440 1790 αὑτοῦ.
1467 1764 1520 1791 Καὶ
1544 1765 1633 1798 τοῦτο,
1657 1764 1744 1801 οἶμαι,
1764 1768 1836 1794 ἐστὶν

1047 1806 1253 1840 αἰνιγματωδῶς
1274 1808 1304 1834 τὸ
1321 1809 1431 1835 ἑστάναι
1455 1809 1500 1836 τὸν
1523 1810 1598 1845 ἱερέα
1622 1811 1675 1846 πρὸ
1690 1812 1836 1847 προσώπου

1046 1852 1163 1886 ἀγγέλου
1179 1853 1292 1888 Κυρίου.
1323 1854 1366 1880 Ἐν
1385 1855 1452 1890 ὀργῇ
1479 1856 1528 1891 μὲν
1547 1856 1602 1892 γὰρ
1621 1858 1836 1893 ἀποστρέφεται,

1046 1897 1093 1924 καὶ
1106 1898 1269 1934 ἀποκομίζει
1280 1899 1344 1931 τοὺς
1360 1900 1518 1936 ὀφθαλμοὺς
1533 1902 1587 1928 τῶν
1602 1903 1736 1930 εἰωθότων
1751 1914 1836 1932 κατα-

1047 1945 1153 1978 φρονεῖν
1164 1952 1171 1959 ·
1188 1944 1330 1980 οἰκτείρων
1342 1953 1374 1980 γε
1392 1946 1445 1981 μὴν
1460 1947 1546 1982 ἐφορᾷ
1561 1948 1607 1974 καὶ
1629 1949 1834 1978 ὲπισκὲπτεται.

1046 1989 1100 2015 Καὶ
1114 1989 1178 2023 γοῦν
1192 1991 1206 2016 ό
1220 1990 1363 2022 θεσπέσιος
1377 1991 1527 2027 Ψαλμῳδὸς
1543 1995 1722 2030 προσηύχετο,
1733 1995 1819 2030 λέγων
1828 2005 1836 2011 “

1048 2044 1058 2060 ι
1082 2035 1126 2070 Μὴ
1145 2036 1319 2071 ἀποστρέψῃς
1335 2037 1364 2063 τ’)
1384 2038 1529 2072 πρόσωπόν
1554 2048 1601 2066 σου
1626 2041 1673 2067 ἀπ’
1691 2042 1769 2075 ἐμοῦ,
1789 2044 1834 2069 καὶ

1049 2080 1086 2115 μὴ
1097 2081 1223 2117 ἐκκλίνῃς
1238 2082 1267 2108 ὲν
1281 2082 1348 2117 ὀργῇ
1369 2083 1422 2109 ἀπὸ
1434 2083 1482 2110 τοῦ
1497 2083 1589 2111 δούλου
1606 2094 1662 2112 σου.
1682 2096 1691 2111 ι
1707 2087 1762 2114 Καὶ
1782 2089 1835 2115 πά-

1046 2125 1103 2152 λινο
1122 2136 1131 2152 t
1154 2127 1314 2162 Ἐπίελεψον
1325 2127 1368 2154 ἐπ’
1382 2129 1441 2163 ἐμὲ,
1455 2130 1501 2156 καὶ
1517 2130 1627 2166 ἐλέησόν
1642 2140 1685 2166 με,
1704 2142 1713 2158 ι
1736 2133 1805 2160 Ἀλλ’
1818 2136 1833 2161 ὁ

1048 2171 1097 2206 μὲν
1118 2172 1197 2206 φύσει
1217 2173 1332 2208 χρηστὸς
1349 2174 1396 2200 καὶ
1419 2175 1614 2211 φιλοικτίρμων
1638 2177 1702 2209 Θεὸς
1719 2178 1833 2213 ἠλευθέ-

205 2209 276 2244 quod
293 2211 400 2245 quidem
414 2211 447 2238 ad
465 2211 605 2239 arbitrium
624 2219 655 2239 ac
675 2212 839 2240 voluntatem
857 2214 940 2248 ipsius
952 2221 993 2242 at-

1051 2225 1094 2243 οου
1116 2218 1165 2252 τῆς
1180 2219 1315 2254 ἁμαρτίας
1333 2219 1377 2246 τὸν
1399 2220 1514 2256 Ἰσραήλ.
1536 2209 1565 2248 Ὅ
1579 2222 1606 2249 δέ
1623 2231 1654 2257 γε
1675 2226 1714 2256 εἰς
1729 2209 1833 2261 ταύτην

206 2257 317 2289 tinebat,
333 2257 558 2289 misericordiam,
572 2261 603 2284 ut
619 2258 736 2292 peccatis
748 2259 864 2286 obnoxio
884 2264 910 2287 et
940 2261 991 2288 im-

205 2302 313 2335 pietatis
328 2302 487 2329 criminibtts
513 2303 619 2329 irretito
642 2307 670 2330 et
682 2303 781 2331 nullius
797 2305 882 2339 frugis
909 2307 989 2334 tribui

204 2355 258 2374 non
278 2347 378 2375 sincns.
398 2357 407 2373 ι
421 2347 517 2375 Stabat
530 2348 614 2381 enim,
628 2347 727 2382 inquit,
740 2356 772 2376 ac
783 2350 886 2379 dextris
902 2351 988 2385 ejus,»

167 2391 179 2395 ”
204 2392 321 2426 quodam
351 2393 430 2420 modo
449 2394 559 2420 dextera
572 2393 736 2421 destrueus:
754 2402 805 2421 non
827 2397 898 2424 enim
924 2398 990 2425 sini-

204 2443 274 2465 stras
289 2446 332 2466 res
348 2444 463 2471 nostras,
482 2439 529 2466 sed
546 2438 656 2466 dextras
681 2444 707 2467 et
735 2440 880 2470 laudabiles
907 2451 990 2478 oppu-

201 2490 276 2518 gnat.
290 2485 344 2512 Hoc
358 2484 504 2518 contigisse
514 2484 622 2512 cuidam
653 2485 679 2512 in
695 2486 831 2515 Christum
846 2489 988 2524 impiorum

203 2529 297 2556 beatus
315 2530 398 2556 David
417 2529 550 2557 sentiebat
574 2529 666 2558 dicens
683 2538 690 2557 :
705 2540 714 2556 Ι
743 2531 868 2560 Diabolus
900 2539 953 2562 stet
974 2543 988 2562 a

203 2575 305 2602 deuris
324 2575 381 2608 ejus
397 2574 446 2601 ⁷⁸.)
468 2574 669 2602 Adversabatur
685 2584 747 2612 ergo
770 2577 886 2606 Satanas
906 2588 912 2606 :
941 2581 988 2607 sed

202 2619 289 2652 angeli
306 2626 370 2645 voce
388 2619 584 2653 inerepabatur.
600 2619 707 2647 Auilivit
735 2622 805 2648 enitn
824 2623 956 2650 dicentem
976 2634 982 2651 :

203 2673 214 2689 I
234 2662 354 2699 lncrepet
368 2664 496 2691 Dominus
521 2665 546 2692 in
561 2669 597 2697 te,
615 2666 729 2700 diabole,
747 2673 774 2694 et
789 2668 909 2702 increpet
932 2669 985 2695 Dn-

204 2710 290 2736 atinus
307 2718 332 2737 ιιι
347 2715 382 2742 te,
397 2710 443 2745 qui
455 2711 535 2746 elegit
553 2711 730 2740 Jerusalem.)
752 2713 899 2741 Considera
912 2715 982 2742 euim

199 2755 334 2788 quomodo
357 2755 427 2783 illico
450 2756 502 2783 Deo
527 2757 651 2784 infestum
672 2763 698 2784 ct
725 2759 850 2792 supernis
873 2760 982 2788 calculis

1045 2263 1221 2298 ἐμϐεϐληκὼς
1246 2265 1378 2296 Σατανᾶς,
1403 2265 1523 2302 εἱστήκει
1548 2268 1628 2295 πάλιν
1647 2270 1832 2306 ἀντικείμενος

1043 2317 1072 2334 τε
1090 2309 1136 2335 καὶ
1161 2309 1317 2343 ἁντεξάγων
1337 2311 1421 2347 αὐτῷ,
1440 2313 1486 2339 καὶ
1509 2316 1700 2349 καταγορεύων
1716 2317 1766 2348 ἑτι,
1783 2319 1832 2345 καὶ

1043 2353 1103 2380 ὅσον
1115 2354 1177 2389 ἥκει
1192 2356 1277 2382 εἰπεῖν
1295 2357 1334 2387 εἰς
1350 2357 1380 2383 τὺ
1393 2357 1466 2392 αὑτῷ
1479 2358 1583 2390 δοκοῦν,
1596 2362 1831 2397 κατοικτείρεσοαι

1049 2398 1086 2434 μὴ
1103 2400 1203 2433 ἀφιεὶς,
1225 2400 1263 2431 ὠς
1274 2401 1303 2426 ὲν
1313 2401 1538 2439 πλημμε).[ε]ίαις
1550 2405 1624 2438 ὄντα,
1640 2407 1686 2433 καὶ
1707 2409 1763 2438 τοῖς
1780 2409 1831 2443 τῆς

1041 2445 1199 2478 δυσσεϐείας
1215 2447 1384 2482 ἐγκλήμασιν
1399 2449 1567 2485 ἐνεχόμενον,
1580 2453 1626 2478 καὶ
1638 2453 1713 2479 οὐδὲν
1732 2454 1830 2489 ἔχοντα

1040 2491 1134 2523 δεξιόν.
1151 2492 1279 2528 Εἰστήκει
1295 2493 1359 2530 γὰρ,
1375 2495 1468 2530 φησὶν,
1489 2497 1520 2522 ἐκ
1539 2497 1632 2529 δεξιῶν
1650 2499 1743 2532 αὑτοῦ,
1765 2501 1828 2536 τρό-

1041 2545 1090 2563 πον
1110 2537 1170 2564 τινὰ
1189 2538 1335 2574 παραλύων
1348 2539 1381 2566 τὰ
1394 2539 1468 2574 δεξιά
1478 2549 1484 2556 ·
1500 2542 1614 2577 πολεμεῖ
1625 2543 1679 2578 γὰρ
1692 2545 1752 2579 οὐχὶ
1772 2549 1828 2579 τοῖς

1041 2584 1144 2614 σκαιοῖς
1171 2584 1249 2619 ἡμῶν
1275 2585 1445 2620 πράγμασιν,
1474 2587 1541 2614 ἀλλὰ
1567 2590 1623 2620 τοῖς
1648 2589 1745 2622 δεξιοῖς
1779 2593 1827 2619 καὶ

1037 2628 1254 2663 ἐπαινουμένοις.
1267 2629 1403 2666 Τ[οι]οῧτό
1414 2640 1439 2658 τι
1459 2633 1554 2659 παθεῖν
1568 2635 1690 2669 ὲπηρᾶτὸ
1702 2638 1762 2662 τῑνοι
1772 2637 1827 2664 τῶν

1036 2673 1075 2703 εἰς
1089 2673 1206 2708 Χριστὸν
1227 2674 1461 2712 δεδυσσεῦηκότων
1487 2680 1501 2705 6
1525 2680 1659 2716 μακάριος
1675 2683 1766 2713 Δαδὶδ,
1781 2683 1826 2709 λέ-

1035 2725 1106 2751 γων’
1127 2728 1135 2744 t
1155 2719 1209 2746 Καὶ
1223 2720 1345 2754 διάὸολος
1356 2723 1444 2758 στήτω
1456 2725 1487 2751 ὲκ
1498 2725 1592 2758 δεξιῶν
1608 2727 1698 2754 αὑτοῦ.
1721 2737 1730 2753 ι
1751 2728 1827 2755 ’Λντ-

1035 2762 1124 2789 έκειτο
1142 2764 1231 2791 τοίνυν
1246 2767 1259 2792 6
1274 2767 1406 2800 Σατανᾶς,
1424 2769 1492 2805 πλὴν
1507 2772 1653 2807 ὲπετιμᾱτο
1672 2772 1714 2799 διὰ
1732 2774 1825 2810 φωνῆς

201 2842 203 2844 ’
234 2843 256 2860 ⁸⁸
269 2845 350 2873 Νιιιη.
369 2854 409 2879 Ill,
425 2846 451 2880 9,
468 2848 509 2874 10.
550 2848 572 2863 ⁶⁹
587 2846 658 2874 Psal.
675 2855 746 2880 xxw,
762 2847 787 2876 9.
827 2849 848 2864 τ⁰
862 2849 934 2877 Psal.
951 2858 994 2877 ut

1059 2852 1086 2879 6.
1124 2853 1144 2868 “
1161 2853 1231 2880 I'snl.
1249 2863 1322 2889 cvm,
1337 2859 1362 2886 6.
