1910 3050
87 147 124 175 45
497 143 770 173 COMMENTARIUS
789 143 822 172 IN
843 141 1041 177 ΖΑΟῌΑΠΙΑΜ
1063 136 1281 172 PliOPIIETAIi.
1684 145 1718 174 ιη

87 202 324 238 ἁγγέλου.Ἤκουε
341 202 396 238 γὰρ
409 203 544 237 λέγοντος⁸
561 212 570 229 ι
591 203 767 238 Ἐπιτιμήσαι
781 202 882 237 Κύριος

939 202 1014 236 impie
1024 203 1197 230 obsistentem
1207 202 1365 230 ostenderit.
1375 202 1429 230 Deo
1442 202 1573 237 siquidem
1590 202 1718 230 miseran-

87 249 118 276 ὲν
145 249 196 280 σοὶ,
223 247 342 280 διάϐολε,
367 249 414 275 καὶ
437 249 599 284 ὲπιτιμήσαι
627 248 728 284 Κύριος
747 249 776 275 ὲν
797 248 848 278 σοὶ.
867 249 881 274 ό

87 294 270 329 ἐκλεξάμενος
291 294 341 329 τὴν
363 294 550 329 Ἰερουσαλήμ.
576 303 585 319 ι
607 294 702 330 Ἀθρει
719 294 880 329 γὰρ,-ὃπως

88 342 224 377 θεομάχον
238 340 339 372 ἔδειξεν
350 340 441 373 εὐθὺς,
462 340 509 367 καὶ
526 341 584 371 ταῖς
595 339 697 367 ἄνωθεν
720 339 820 374 ψὴψοις
834 340 880 366 ἀν-

88 389 171 420 οσίως
198 387 427 422 ἀντιπράττοντα.
457 385 525 412 Θεοῦ
548 386 602 421 γὰρ
631 385 812 421 οἰκτείροντος
833 385 880 411 καὶ

88 433 310 464 ἀπαλλάττοντος
333 432 383 468 ἥδη
408 431 598 467 πλημμελείας
614 431 659 458 τὸν
682 430 801 466 Ἰσραὴλ,
825 431 881 456 εἰσ-

91 479 238 514 δεξαμένου
253 487 282 504 τε
299 478 346 504 καὶ
362 477 509 504 ἀπόλεκτον
523 477 571 513 ἢδη
589 476 748 512 ποιουμένου
766 477 814 512 τὴν
833 476 881 502 Ὶε-

91 524 245 561 ρουσαλὴμ,
267 523 427 558 κατηγορῶν
441 523 470 549 οὐ
495 523 620 555 παύεται,
638 523 685 549 καὶ
708 522 881 557 κατακρίνειν

91 573 235 608 ἀποτολμᾷ
258 572 321 603 τοὺς
345 570 521 606 ἡλεημένους.
545 568 649 596 Οὐκοῦν
672 568 818 603 ἀκόρεστον
842 568 881 599 εἰς

92 619 178 653 ὀργὰς
191 617 324 652 διελέγχει
338 616 370 652 δὴ
385 616 471 650 λέγων
482 623 488 630 ν
506 624 515 640 ι
542 614 598 641 Οὐκ
617 613 672 640 ἰδοὺ
687 613 764 640 τοῦτο
777 613 814 644 ὡς
828 613 881 639 δα-

91 664 137 695 λὸς
160 663 362 698 ὲξεσπασμένος
382 664 414 689 ὲκ
431 661 533 696 πυρός;
561 670 570 687 ι
590 660 702 695 Ὅμοιον
726 659 781 695 γὰρ
800 658 838 690 ὡς
858 659 882 685 εί

91 709 167 743 λέγοι
186 710 267 744 τυχόν
278 717 285 723 ³
302 707 538 743 Πεπλημμέληκεν
552 705 775 742 ὁμολογουμένως
798 705 812 731 ό
832 705 883 731 Ἱσ-

93 756 174 792 ραὴλ,
187 756 235 783 καὶ
251 756 311 787 ταῖς
325 756 382 785 σαῖς
393 753 561 789 φιλοψογίαις
575 751 761 787 ὲπεσχημὲνος
773 751 880 786 ὁρᾶται.

92 803 166 838 Πλὴν
179 802 300 829 ὲκτέτικε
319 801 396 832 δίκας
410 801 439 827 οὐ
455 799 584 835 μετρίως,
602 798 700 833 ἀνέτλη
714 797 762 829 τὰς
776 805 881 832 συμφο-

93 849 155 884 ρὰς,
173 849 221 875 καὶ
234 846 388 881 ὲξεσπάσθη
404 846 490 881 μόλις,
508 845 546 876 ὡς
563 845 594 871 ἐκ
614 844 700 879 πυρὸς
718 843 795 874 δαλὸς
814 843 880 878 ἠμί-

936 252 962 274 te
970 252 996 274 et
1013 247 1139 276 lsraelem
1145 249 1201 284 jam
1211 249 1326 283 peccatis
1340 248 1678 284 exsolvente,eligeuteque
1689 254 1717 277 et

934 293 1045 321 electam
1078 295 1204 322 reddente
1235 294 1401 328 Jerusalem,
1417 302 1544 323 accusare
1569 295 1651 332 674
1667 303 1719 323 non

934 347 1037 374 cessat,
1061 346 1089 369 et
1105 341 1317 369 misericordiam
1341 341 1451 376 adeptos
1469 342 1598 369 damnare
1627 343 1717 370 audet.

934 385 1021 419 Quare
1031 386 1089 421 ejus
1104 387 1290 422 inexplebilem
1316 387 1384 413 iram
1402 386 1547 423 redarguit,
1572 388 1697 422 inquiens
1711 395 1719 414 :

935 441 945 457 ι
965 431 1059 460 Nonne
1074 439 1137 459 ecce
1156 433 1207 459 hoc
1233 437 1263 459 ut
1293 433 1372 460 torris
1393 437 1531 460 extractus
1549 441 1581 460 ex
1603 434 1688 469 igne?
1707 444 1718 461 ι

934 475 1049 503 Perinde
1076 481 1117 503 est
1146 476 1218 504 enim
1248 484 1279 504 ac
1299 477 1321 504 si
1340 477 1412 504 dicat
1440 477 1576 506 fortasse:
1595 478 1720 506 Peccavit

933 521 1014 549 Israel
1048 522 1206 555 manifesto,
1235 528 1262 550 et
1293 524 1345 550 tuis
1375 522 1608 551 criminationibus
1637 525 1721 552 teneri

934 569 1047 595 videtur.
1065 569 1189 595 Attamen
1206 576 1258 596 non
1278 569 1450 596 mediocriter
1464 569 1572 604 punitus
1586 574 1639 602 est,
1650 570 1722 597 cala-

934 614 1041 641 mitates
1053 614 1189 647 sustinuit,
1206 620 1232 641 et
1250 615 1292 641 vix
1311 619 1340 642 ut
1355 615 1436 641 torris
1453 606 1597 642 semiustus
1611 615 1643 642 ab
1661 616 1722 651 igne

933 664 1070 687 extractus
1084 665 1126 687 est
1141 669 1148 687 :
1163 661 1202 688 sic
1213 661 1284 687 enim
1301 660 1466 695 captivitatis
1493 660 1719 689 detrimentoruut

933 711 961 733 et
977 706 1205 734 incommodorum
1230 707 1307 742 quasi
1327 707 1469 742 imaginem
1489 706 1602 734 ellinxit.
1632 707 1721 739 Modo,

934 756 961 780 ct
975 759 1047 786 ξρετε
1056 752 1163 787 quidem
1184 753 1349 788 gravissimi?
1367 760 1492 779 aerumnae
1514 752 1722 780 ﬂammameﬂu-

935 799 983 833 git.
1005 799 1103 826 Desine
1124 798 1203 833 igitur
1224 798 1409 825 misericordia
1441 798 1564 834 dignatos
1579 806 1720 826 accusare:

937 855 946 871 ‹
969 846 1038 872 Dens
1057 845 1128 872 enim
1155 845 1176 872 si
1197 844 1343 879 justilicat,
1369 844 1430 879 quis
1456 849 1498 871 est
1523 844 1569 879 qui
1595 845 1723 871 condent-

92 895 210 930 φλεκτος
220 902 227 909 ·
240 893 311 920 οὕτω
327 892 381 928 γὰρ
397 892 430 919 τὰ
445 892 477 918 ἐκ
499 892 548 926 τῆς
569 889 755 925 αἰχμαλωσίας
769 889 881 916 ἀπεικο⁴
897 888 917 915 Β
933 891 1007 916 net"
1020 890 1030 916 'l
1048 898 1057 914 ι

92 941 189 967 νίσατο
209 939 304 975 βλάϐη.
327 940 405 974 Ἀρτι
422 937 469 965 καὶ
491 936 567 973 μόλις
584 937 633 972 τῆς
653 936 803 971 ἀνηκέστου
827 935 1015 971 ταλαιπωρίας
1036 935 1127 970 διέδρα
1153 935 1202 970 τὴν
1225 935 1321 969 φλόγα.
1352 934 1457 961 Παῦσαι
1484 933 1517 970 δὴ
1537 931 1584 961 οὖν
1597 933 1722 968 ἐγκαλῶν

91 989 150 1018 τοῖς
165 986 341 1023 ὴλεημένοις·
360 995 369 1011 ι
388 985 453 1016 Θεὸς
465 984 519 1020 γὰρ
536 985 550 1011 ὁ
571 983 693 1015 δικαιῶν,
709 982 751 1015 τίς
770 983 784 1009 ό
798 982 986 1018 κατακρίνων;
1010 992 1020 1009 ι

131 1032 187 1060 Καὶ
212 1031 331 1065 Ἰησοῦς
348 1028 387 1066 ἦν
410 1029 608 1064 ἐνδεδυμένος
634 1027 734 1062 itu/ina
751 1028 882 1062 ῥυπαρὰ,

92 1077 143 1106 καὶ
173 1076 307 1110 εἱστήκει
334 1075 391 1110 πρὸ
413 1075 575 1109 προσώπου
597 1074 651 1100 τοῦ
676 1072 806 1108 ἀγγέλου
830 1073 884 1100 τοῦ

91 1123 216 1157 Κυρίου.
230 1122 285 1149 Καὶ
303 1121 460 1156 ἀπεκρίθη,
476 1120 525 1147 καὶ
541 1118 605 1146 εἷπε
622 1120 696 1153 πρὸς
714 1118 785 1152 τοὺς
796 1119 884 1152 ἑστη-

92 1170 187 1202 κότας
200 1168 257 1202 πρὸ
268 1166 429 1202 προσώπου
443 1165 548 1198 αὐτοῦ,
564 1165 661 1199 λέγων
670 1174 677 1180 ·
698 1164 831 1199 Ἀφέλετε
849 1164 885 1190 τὰ

92 1214 196 1249 Ιμάτια
215 1215 251 1241 τὰ
266 1213 388 1248 ῥυπαρὰ
400 1213 450 1241 ἀπ’
467 1212 571 1239 αὑτοῦ.
589 1211 643 1238 Kal
664 1209 729 1238 εἷπε
745 1210 820 1245 πρὸς
833 1211 885 1236 αὺ-

93 1262 165 1288 τὸν·
193 1261 264 1288 Ἰδοὺ
278 1261 419 1295 ἀφῄρηκα
435 1259 488 1292 τὰς
505 1258 631 1293 ἀνομίας
647 1266 716 1284 σου.
731 1256 785 1284 Kal
799 1256 885 1284 ἐνδύ-

94 1315 170 1334 σατε
185 1307 277 1344 αρτὸν
291 1306 417 1341 ποδήρη,
432 1305 480 1332 καί
493 1305 609 1331 ἐπίθετε
623 1303 741 1337 κίδαριν
752 1302 885 1337 καθαρὰν

92 1355 145 1382 ἐπι
160 1353 219 1388 τὴν
234 1352 373 1388 κεφαλὴν
391 1351 494 1380 αὐτοῦ.

132 1398 186 1424 IH’.
208 1397 426 1433 Παραδεχθέντος
440 1395 514 1427 ἅπαξ
529 1395 568 1426 είς
581 1394 611 1421 τὸ
627 1394 726 1424 παντὸς
747 1392 794 1419 τοῦ
820 1391 884 1418 λαοῦ

95 1442 244 1476 πρόσωπον
266 1441 313 1468 τοῦ
338 1441 464 1476 λαχόντος
478 1439 639 1475 ἱερουργεῖν,
654 1437 761 1473 ἀπόχρη
779 1436 884 1468 λοιπὸν,

96 1486 223 1522 καθάπερ
246 1483 364 1520 ἐγῷμαι,
381 1484 506 1511 τοσοῦτον
535 1484 632 1514 εἰπεῖν,
647 1483 688 1509 ὅτι
713 1482 747 1508 τὰ
775 1481 886 1518 ῥυπαρὰ

96 1532 233 1567 σύμϐολον
258 1532 290 1558 ἂν
314 1529 370 1557 εἷεν
393 1531 442 1557 οὐκ
468 1529 627 1564 ἀσυμφανὲς
648 1528 698 1563 τῆς
716 1526 886 1562 ἀκαθαρσίας

95 1578 144 1605 τοῦ
170 1577 246 1606 λαοῦ.
272 1577 514 1612 Κατημφιεσμένοι
538 1575 592 1610 γὰρ
616 1574 710 1609 ὥσπερ
724 1575 786 1605 ταῖς
812 1573 887 1607 σφῶν

96 1624 189 1651 αὐτῶν
211 1623 380 1659 ἁμαρτίαις,
405 1623 452 1649 καὶ
477 1621 676 1648 δυσαπόνιπτον
708 1619 815 1654 ἔχοντες
837 1620 887 1654 τῆς

973 1028 1053 1056 Vsus.
1065 1027 1123 1055 5-5.
1143 1025 1177 1053 Et
1193 1027 1271 1053 Iesus
1283 1032 1338 1053 erat
1350 1026 1457 1053 indutus
1474 1026 1585 1053 uestibus
1595 1026 1720 1058 sordidis,

934 1079 958 1100 et
973 1074 1057 1100 stabat
1072 1078 1131 1100 ante
1144 1073 1239 1108 facient
1264 1072 1349 1106 angeli
1386 1071 1502 1098 Domini.
1532 1070 1567 1097 Et
1592 1071 1723 1105 respondit

935 1119 1066 1155 (angelus)
1074 1124 1098 1146 et
1113 1119 1178 1146 dixit
1188 1120 1222 1145 ad
1236 1126 1279 1145 eos
1291 1117 1446 1152 quistabant
1460 1122 1519 1144 ante
1527 1117 1620 1152 faciem
1635 1125 1720 1149 suam,

934 1165 1022 1192 dicam
1035 1173 1044 1193 :
1058 1164 1164 1199 Auferte
1195 1163 1349 1190 uestimenta
1365 1162 1473 1189 sordida
1488 1162 1521 1189 ab
1545 1170 1586 1189 eo.
1608 1161 1642 1188 Et
1654 1162 1722 1189 dixit

935 1211 969 1237 ad
987 1218 1047 1237 eum
1061 1217 1071 1236 :
1085 1209 1152 1236 Ecce
1168 1209 1264 1236 abstuli
1295 1208 1450 1243 iniquitates
1470 1212 1540 1234 tuas.
1568 1207 1603 1235 Et
1622 1207 1723 1234 induite

935 1263 994 1282 eum
1019 1260 1085 1282 ueste
1099 1254 1187 1288 talari,
1205 1258 1229 1281 et
1244 1254 1366 1288 imponite
1377 1252 1487 1279 cidarim
1501 1253 1625 1279 mundam
1647 1259 1724 1286 super

935 1305 1011 1335 caput
1030 1299 1096 1334 ejus.
1707 1300 1710 1302 '

971 1388 1063 1416 XVIII.
1079 1388 1224 1421 Assumpto
1239 1386 1323 1414 semel
1333 1386 1474 1414 sacerdote
1486 1386 1518 1412 ad
1533 1385 1615 1413 totius
1633 1386 1723 1421 populi

936 1441 1078 1469 personam
1110 1432 1365 1467 repraesentandam,
1391 1431 1459 1458 satis
1478 1435 1529 1463 est,
1545 1432 1723 1465 utexistimo,

936 1481 1063 1515 deinceps
1088 1481 1139 1507 hoc
1168 1483 1271 1506 tantum
1302 1478 1401 1511 dicere,
1425 1477 1532 1505 sordida
1564 1479 1724 1506 vestimenta

937 1526 1087 1562 symbolum
1097 1526 1153 1552 sive
1167 1524 1295 1552 indicitun
1314 1531 1375 1551 esse
1390 1529 1468 1558 posse
1487 1523 1555 1550 haud
1571 1524 1724 1558 ambiguum

938 1571 1114 1600 immunditiae
1131 1570 1232 1606 populi.
1247 1569 1332 1603 Quasi
1346 1569 1418 1596 enim
1443 1568 1562 1604 peccatis
1581 1568 1637 1596 suis
1660 1576 1726 1596 con-

939 1617 1027 1646 vestiti
1043 1621 1070 1644 ct
1086 1615 1234 1651 impietatis
1248 1614 1368 1642 maculas
1381 1614 1424 1641 vix
1439 1613 1567 1641 eluendas
1584 1613 1725 1646 habentes,

97 1670 226 1701 ἀσεϐείας
244 1669 289 1695 τὸν
307 1669 412 1704 μῶμον,
426 1667 562 1694 διετέλουν
578 1667 607 1693 ὲν
629 1665 812 1701 αἰχμαλωσίᾳ,
829 1673 885 1691 ποι-

944 1663 1125 1699 captivitatem
1145 1661 1306 1693 tolerabant,
1320 1659 1436 1688 miseriis
1457 1659 1570 1694 subjecti
1582 1663 1610 1687 et
1624 1659 1726 1687 nefarie

97 1716 156 1747 ναῖς
173 1713 398 1749 ὑπενηνεγμένοι,
407 1713 455 1740 καὶ
468 1712 522 1739 τῶν
536 1711 648 1743 ἀνοσίως
661 1711 753 1742 αὐτοῖς
764 1710 891 1745 πεπλημ-

100 1761 264 1796 μελημὲνων
284 1759 474 1790 ἁποτιννύντες
496 1758 585 1790 δίκας.
594 1757 703 1792 Ἐπειδὴ
719 1757 747 1784 δὲ
761 1756 890 1793 κατηλέει

98 1807 185 1838 Θεὸς,
204 1805 424 1833 ἀπαλλάττεσθαι
448 1805 497 1840 τῆς
522 1804 658 1840 ἁμαρτίας
686 1803 888 1839 προστέταχεν,

99 1851 307 1887 ἐλευθεροῦσθαι
327 1851 381 1878 τῶν
403 1849 545 1886 ῥυπαρῶν,
569 1849 617 1876 καὶ
641 1849 889 1884 μεταμφιέννυσθαι

99 1899 199 1934 τρόπον
214 1897 277 1924 τινὰ
292 1897 342 1933 τὴν
356 1895 512 1923 δικαιοῦσαν
527 1895 617 1931 χάριν.
632 1894 785 1921 Κατανεύει
797 1894 825 1921 δὲ
842 1894 890 1920 αὑ-

98 1945 154 1974 τοῖς
170 1941 218 1968 τοῦ
233 1941 314 1968 πόνου
329 1941 359 1967 το
373 1940 468 1975 πέρας,
485 1940 531 1966 καὶ
547 1940 601 1966 τῶν
618 1939 829 1974 συμϐεϐηκότων
841 1938 889 1974 τὴν

99 1990 279 2017 λύσινῘΟπου
304 1988 358 2023 γὰρ
384 1988 520 2023 ἁμαρτίας
542 1987 649 2021 ἄφεσις,
665 1986 759 2021 ἕψεταί
780 1994 831 2012 που
844 1986 890 2012 καὶ

100 2035 129 2062 τὸ
141 2035 361 2062 ἀπαλλάττεσθαι
377 2034 430 2060 δεῖν
446 2033 501 2059 τῶν
517 2033 550 2059 δι’
559 2033 644 2068 αὐτὴν
655 2031 888 2066 ἐπενηνεγμένων.

100 2080 204 2108 Οὐκοῦν
227 2081 256 2107 ὲν
282 2080 399 2116 σχήματι
428 2078 494 2105 Θεοῦ
522 2079 578 2109 τοῖς
605 2077 732 2112 ἑστηκόσι
757 2076 805 2103 καὶ
832 2076 889 2102 λει-

100 2125 263 2161 τουργοῦσιν
286 2124 361 2159 αὐτῷ
382 2124 565 2160 προστέταχεν
586 2125 600 2150 ό
624 2123 759 2158 μακάριος
777 2121 888 2156 ἄγγελος

100 2172 210 2206 ἀφελεῖν
226 2171 274 2198 ἀπ’
290 2170 372 2198 αὑτοῦ
389 2171 438 2205 τὴν
454 2170 584 2205 ρυπῶσαν
596 2169 706 2205 ἐσθῆτα,
721 2168 766 2195 καὶ
787 2168 820 2202 δὴ
844 2167 889 2194 καί

100 2226 198 2253 φησιν·
219 2227 227 2243 ι
239 2217 303 2244 Ἰδοὺ
321 2217 450 2252 ἀφῄρηκα
467 2216 515 2248 τὰς
530 2215 643 2251 ἀνομίας
662 2223 719 2241 σου.
730 2223 739 2240 ι
758 2212 822 2241 Εἶτα
836 2213 890 2240 δεῖν

100 2264 152 2298 ἔφη
169 2264 276 2300 ποδήρη
299 2272 327 2290 τε
354 2262 429 2298 αὑτῷ
453 2261 500 2289 καὶ
514 2262 620 2298 κίδαριν
633 2260 679 2288 ἐπὶ
696 2262 744 2297 τὴν
768 2259 889 2296 κεφαλὴν

100 2311 211 2346 δοθῆναι
234 2310 368 2346 καθαρὰν,
388 2310 430 2337 ἵνα
451 2309 495 2337 διὰ
517 2309 613 2336 τούτου
630 2307 829 2342 νενομισμένως
845 2306 888 2332 ἀεί

102 2365 159 2388 πως
176 2357 311 2392 συντρέχη
325 2358 383 2388 ταῖς
400 2357 453 2382 τῶν
469 2355 541 2382 λαῶν
562 2354 754 2386 καταστάσεσι,
772 2353 817 2379 καὶ
839 2353 888 2387 τῆς

103 2402 252 2438 ἱερωσύνης
275 2402 349 2433 δόξα.
367 2401 503 2437 Καύχημα
518 2401 566 2436 μὲν
582 2400 637 2435 γὰρ
654 2401 709 2430 τοῖς
724 2398 884 2433 ἰερουργοῖς,

103 2450 118 2484 ἡ
131 2449 185 2475 τῶν
204 2447 258 2474 ὑπὸ
275 2449 354 2482 χεῖρα
368 2447 531 2482 καθαρότης,
545 2446 592 2472 καὶ
606 2446 634 2471 ὲν
649 2445 785 2479 λαμπροῖς
804 2443 888 2477 αὐχή-

104 2503 169 2529 μασι
184 2494 216 2520 τὸ
228 2494 277 2529 τῆς
294 2493 442 2528 ἱερωσύνης
457 2492 564 2527 ἔχουσιν
580 2491 697 2522 εὐκλεὲς,
715 2488 889 2524 εὐδοκιμοῦν-

102 2549 147 2571 τος
161 2539 210 2566 τοῦ
226 2539 302 2570 λαοῦ,
317 2539 365 2565 καὶ
380 2539 538 2574 ἀμωμήτως
556 2537 641 2567 ἰόντος
667 2535 714 2562 ἐπὶ
729 2534 760 2560 τὸ
776 2534 834 2568 Θεῴ
847 2533 888 2559 δο-

104 2585 177 2616 κοῦν,
187 2585 235 2611 καὶ
248 2584 383 2620 τρυφερὸν
398 2583 580 2618 ὑποφέροντος
587 2581 633 2607 τὸν
642 2580 741 2615 αὐχένα
754 2579 808 2610 τοῖς
820 2586 874 2613 παρ
883 2578 890 2588 '

104 2630 184 2657 αὑτοῦ
210 2630 387 2665 θεσπίσμασι,
401 2629 527 2664 ταύτῃτοι
551 2628 597 2654 καὶ
619 2625 721 2661 εὐμενῆ
745 2625 792 2651 καὶ
814 2624 889 2659 φίλον

104 2676 208 2711 ἔχοντος
225 2674 271 2701 τὸν
289 2675 400 2709 Πατέρα
415 2673 656 2708 Θεόν.Ἐπίκλημα
669 2672 698 2698 δὲ
717 2671 763 2698 καὶ
783 2670 888 2706 μῶμος,

105 2722 157 2747 τῶν
172 2720 385 2755 ὑπεζευγμένων
399 2721 415 2755 ἡ
434 2718 564 2756 ῥᾳθυμία,
580 2718 626 2745 καὶ
637 2718 667 2744 τὸ
682 2716 891 2751 ἀπερισκέπτως

105 2764 190 2792 [εσθαι
205 2765 274 2799 πρὸς
292 2764 321 2790 τὺ
336 2763 612 2799 πλημμελές.Ὤσπερ
630 2762 683 2798 γὰρ
698 2763 726 2788 ὲν
743 2760 890 2797 ἁμαρτίαις

137 2855 159 2871 ⁷³
172 2854 252 2882 Rom.
277 2861 337 2882 \‘III.
353 2853 397 2880 54.

941 1710 1146 1738 commissorum
1160 1715 1254 1744 pinnas
1269 1708 1382 1735 luentes.
1399 1706 1541 1741 Postquam
1563 1710 1653 1733 autem
1674 1705 1726 1733 nti-

941 1762 1031 1784 sertus
1044 1760 1086 1783 est
1101 1756 1206 1788 Deus,a
1223 1757 1334 1788 peccato
1349 1753 1448 1779 liberos
1458 1759 1518 1780 esse
1531 1752 1678 1784 mandavit,
1697 1755 1725 1779 et

940 1802 1003 1830 exui
1022 1800 1137 1829 sordidis
1151 1804 1178 1827 et
1190 1799 1264 1827 indui
1278 1798 1368 1833 aliquo
1386 1798 1464 1824 modo
1478 1797 1642 1831 justiiicaute
1663 1803 1724 1831 gra-

941 1848 989 1875 tia.
1010 1846 1099 1874 lunuit
1122 1849 1210 1872 autem
1228 1850 1308 1878 porro
1328 1842 1394 1876 ipsis
1420 1841 1542 1869 laborum
1562 1845 1590 1868 et
1613 1847 1722 1867 casuum

942 1895 1032 1921 ﬁnem.
1049 1892 1101 1920 Ubi
1116 1897 1232 1925 namque
1252 1888 1399 1916 remittitur
1412 1891 1562 1922 peccatum,
1579 1886 1632 1913 illic
1640 1886 1723 1913 etiam

941 1939 1062 1974 sequitur
1073 1936 1225 1965 necessario
1238 1935 1369 1962 malorum
1383 1937 1493 1968 propter
1513 1936 1650 1967 peccatum
1680 1931 1723 1958 in-

940 1984 1074 2012 ﬂictorum
1087 1981 1221 2017 depulsio.
1239 1980 1328 2013 Quare
1344 1979 1453 2006 nomine
1465 1978 1511 2005 Dei
1524 1977 1675 2004 astantibus
1696 1980 1725 2003 et

941 2028 1155 2058 ministrantibus
1169 2027 1218 2062 ipsi
1237 2026 1346 2053 mandat
1373 2024 1467 2051 beatus
1496 2021 1607 2056 angelus
1617 2021 1724 2048 auferre

941 2075 1108 2110 inquinatam
1124 2076 1237 2103 vestem,
1251 2070 1394 2104 additque:
1409 2078 1418 2094 ι
1432 2067 1501 2095 Ecce
1517 2066 1613 2094 abstuli
1625 2065 1724 2100 iniqui-

943 2109 1010 2147 tates
1028 2122 1098 2145 tuas.
1118 2126 1128 2142 ›
1145 2115 1246 2144 Deinde
1261 2115 1298 2141 ait
1312 2109 1517 2148 cooperiendum
1529 2115 1603 2138 veste
1631 2109 1722 2142 talari,

940 2169 967 2194 et
987 2163 1099 2193 cidarim
1115 2162 1240 2190 mundam
1254 2159 1443 2194 impuneudam
1456 2164 1536 2191 super
1548 2161 1627 2190 caput
1652 2155 1721 2189 ejus,

942 2209 1019 2236 utita
1034 2207 1154 2242 legitime
1173 2213 1237 2232 cum
1253 2209 1324 2231 statu
1352 2203 1440 2237 populi
1467 2201 1611 2229 sacerdotii
1640 2201 1725 2235 gloria

941 2261 1049 2288 semper
1064 2251 1212 2286 conspiret.
1228 2249 1361 2278 Gloriatio
1377 2248 1476 2282 quippe
1489 2246 1658 2273 sacrrdolum
1683 2250 1726 2272 est

941 2299 1121 2334 subiectorum
1137 2297 1283 2332 puritas,et
1296 2292 1546 2329 iuuoceutia,675
1556 2298 1581 2320 et
1595 2292 1724 2319 honorem

941 2344 1082 2373 sacerdotii
1099 2344 1139 2371 sui
1155 2341 1295 2378 splendido
1310 2340 1360 2368 sibi
1375 2343 1532 2367 ornamento
1543 2338 1724 2369 ducunt,cum

942 2391 1055 2426 populus
1081 2389 1168 2416 fertur
1181 2388 1314 2419 laudibus,
1330 2386 1452 2419 citraque
1481 2381 1723 2418 reprehensionem

941 2439 975 2465 ad
986 2437 1032 2464 Dei
1049 2436 1213 2463 voluntatem
1242 2439 1302 2461 sese
1328 2430 1524 2460 accommodat,
1538 2427 1725 2462 dcliratasque

942 2483 1062 2511 cervices
1076 2481 1133 2515 ejus
1148 2479 1264 2507 oraculis
1276 2476 1420 2508 submittit,
1435 2478 1516 2508 atque
1534 2472 1568 2499 ob
1583 2479 1642 2498 eam
1660 2479 1725 2498 cau-

941 2537 998 2556 sam
1010 2529 1091 2555 Deum
1103 2526 1209 2554 Patrem
1224 2524 1338 2552 amicum
1355 2521 1404 2549 sibi
1414 2527 1445 2548 ac
1459 2517 1616 2547 benevolum
1632 2517 1723 2543 habet.

942 2575 1041 2603 Contra
1057 2571 1218 2608 vituperatio
1232 2576 1259 2597 ct
1274 2567 1418 2604 ignominia
1434 2566 1538 2593 illorum
1563 2567 1604 2592 est
1631 2562 1724 2598 subje-

942 2626 1046 2648 ctorum
1059 2619 1225 2649 socordia,et
1238 2616 1303 2643 caeci
1319 2616 1435 2648 impetus
1448 2612 1479 2639 ad
1497 2610 1673 2646 peccandum.
1689 2608 1725 2637 Ut

943 2668 1014 2695 cnim
1027 2665 1123 2701 populo
1137 2663 1254 2699 peccatis
1267 2661 1398 2689 obstricto
1407 2659 1514 2687 sordida
1526 2655 1725 2691 quodammodo

943 2715 1021 2739 erant
1050 2715 1076 2738 et
1103 2708 1251 2737 sacerdotis
1279 2706 1450 2737 vestimenta,
1475 2704 1515 2731 sic
1533 2702 1581 2729 ubi
1617 2708 1723 2728 rursum

944 2756 1054 2793 probari
1066 2753 1248 2785 consueverit,
1263 2757 1359 2787 purum
1377 2749 1430 2778 erit
1444 2753 1471 2777 et
1484 2747 1657 2782 conspicuum
1679 2752 1725 2772 sa—
