  <div class='ocr_page' id='page_1' title='image "/cluster/home/n/w/nwhite01/storage/ocr_20150623/72/njp.32101077772752/041.png"; bbox 0 0 1910 3050; ppageno 0'>
   <div class='ocr_carea' id='block_1_1' title="bbox 210 147 1838 184">
    <p class='ocr_par' dir='ltr' id='par_1_1' title="bbox 210 147 1838 184">
     <span class='ocr_line' id='line_1_1' title="bbox 210 147 1838 184; baseline -0.007 0"><span class='ocrx_word' id='word_1_1' title='bbox 210 153 243 184; x_wconf 69' lang='grc'><strong>81</strong></span> <span class='ocrx_word' id='word_1_2' title='bbox 725 151 755 180; x_wconf 90' lang='lat' dir='ltr'><strong>S.</strong></span> <span class='ocrx_word' id='word_1_3' title='bbox 775 150 914 178; x_wconf 58' lang='lat' dir='ltr'><strong>CililLLl</strong></span> <span class='ocrx_word' id='word_1_4' title='bbox 935 148 1168 176; x_wconf 71' lang='lat' dir='ltr'><strong>ALEXANDRINI</strong></span> <span class='ocrx_word' id='word_1_5' title='bbox 1189 148 1347 176; x_wconf 76' lang='lat' dir='ltr'><strong>ARClllEP.</strong></span> <span class='ocrx_word' id='word_1_6' title='bbox 1805 147 1838 174; x_wconf 71' lang='grc'><strong>52</strong></span> 
     </span>
    </p>
   </div>
   <div class='ocr_carea' id='block_1_2' title="bbox 211 207 996 247">
    <p class='ocr_par' dir='ltr' id='par_1_2' title="bbox 211 209 992 247">
     <span class='ocr_line' id='line_1_2' title="bbox 211 209 992 247; baseline -0.005 -8"><span class='ocrx_word' id='word_1_7' title='bbox 211 211 337 247; x_wconf 77' lang='lat' dir='ltr'><strong>appellat.</strong></span> <span class='ocrx_word' id='word_1_8' title='bbox 350 212 400 239; x_wconf 88' lang='lat' dir='ltr'><strong>hoc</strong></span> <span class='ocrx_word' id='word_1_9' title='bbox 418 215 469 244; x_wconf 90' lang='lat' dir='ltr'><strong>est,</strong></span> <span class='ocrx_word' id='word_1_10' title='bbox 491 216 598 245; x_wconf 83' lang='lat' dir='ltr'><strong>semper</strong></span> <span class='ocrx_word' id='word_1_11' title='bbox 612 213 766 244; x_wconf 71' lang='lat' dir='ltr'><strong>qumrentes</strong></span> <span class='ocrx_word' id='word_1_12' title='bbox 784 209 860 245; x_wconf 72' lang='lat' dir='ltr'><strong>signa</strong></span> <span class='ocrx_word' id='word_1_13' title='bbox 887 209 992 241; x_wconf 82' lang='lat' dir='ltr'><strong>videre,</strong></span> 
     </span>
    </p>
   </div>
   <div class='ocr_carea' id='block_1_3' title="bbox 1045 207 1839 247">
    <p class='ocr_par' dir='ltr' id='par_1_3' title="bbox 1045 207 1839 244">
     <span class='ocr_line' id='line_1_3' title="bbox 1045 207 1839 244; baseline 0 -10"><span class='ocrx_word' id='word_1_14' title='bbox 1045 208 1160 244; x_wconf 84' lang='grc' dir='ltr'>ουργοῦν</span> <span class='ocrx_word' id='word_1_15' title='bbox 1190 209 1237 244; x_wconf 76' lang='grc' dir='ltr'>μὲν</span> <span class='ocrx_word' id='word_1_16' title='bbox 1258 208 1312 243; x_wconf 75' lang='grc' dir='ltr'><strong>γὰρ</strong></span> <span class='ocrx_word' id='word_1_17' title='bbox 1331 207 1369 243; x_wconf 81' lang='grc' dir='ltr'>τῷ</span> <span class='ocrx_word' id='word_1_18' title='bbox 1388 209 1510 243; x_wconf 77' lang='grc' dir='ltr'><strong>ἀρχιερεῖ</strong></span> <span class='ocrx_word' id='word_1_19' title='bbox 1529 207 1627 243; x_wconf 71' lang='grc' dir='ltr'>ἕστηκε</span> <span class='ocrx_word' id='word_1_20' title='bbox 1642 207 1671 234; x_wconf 78' lang='grc' dir='ltr'>τὸ</span> <span class='ocrx_word' id='word_1_21' title='bbox 1687 207 1783 243; x_wconf 52' lang='lat' dir='ltr'><strong>tanta.</strong></span> <span class='ocrx_word' id='word_1_22' title='bbox 1810 207 1839 234; x_wconf 71' lang='grc' dir='ltr'>τὸ</span> 
     </span>
    </p>
   </div>
   <div class='ocr_carea' id='block_1_4' title="bbox 210 256 997 293">
    <p class='ocr_par' dir='ltr' id='par_1_4' title="bbox 210 256 997 293">
     <span class='ocr_line' id='line_1_4' title="bbox 210 256 997 293; baseline -0.005 -7"><span class='ocrx_word' id='word_1_23' title='bbox 210 259 393 293; x_wconf 73' lang='lat' dir='ltr'><strong>prodigiorum</strong></span> <span class='ocrx_word' id='word_1_24' title='bbox 419 257 543 292; x_wconf 84' lang='lat' dir='ltr'><strong>cupidos.</strong></span> <span class='ocrx_word' id='word_1_25' title='bbox 561 256 657 284; x_wconf 82' lang='lat' dir='ltr'><strong>Nescio</strong></span> <span class='ocrx_word' id='word_1_26' title='bbox 671 257 742 283; x_wconf 92' lang='lat' dir='ltr'><strong>enim</strong></span> <span class='ocrx_word' id='word_1_27' title='bbox 770 256 905 291; x_wconf 86' lang='lat' dir='ltr'><strong>quomodo</strong></span> <span class='ocrx_word' id='word_1_28' title='bbox 932 263 997 290; x_wconf 78' lang='lat' dir='ltr'><strong>gens</strong></span> 
     </span>
    </p>
   </div>
   <div class='ocr_carea' id='block_1_5' title="bbox 208 300 996 336">
    <p class='ocr_par' dir='ltr' id='par_1_5' title="bbox 208 300 996 336">
     <span class='ocr_line' id='line_1_5' title="bbox 208 300 996 336; baseline -0.005 -6"><span class='ocrx_word' id='word_1_29' title='bbox 208 301 300 330; x_wconf 69' lang='lat' dir='ltr'><strong>Iudaea</strong></span> <span class='ocrx_word' id='word_1_30' title='bbox 309 302 342 330; x_wconf 82' lang='lat' dir='ltr'><strong>ad</strong></span> <span class='ocrx_word' id='word_1_31' title='bbox 352 302 409 329; x_wconf 70' lang='lat' dir='ltr'><strong>haec</strong></span> <span class='ocrx_word' id='word_1_32' title='bbox 421 307 516 330; x_wconf 85' lang='lat' dir='ltr'><strong>natura</strong></span> <span class='ocrx_word' id='word_1_33' title='bbox 532 301 626 329; x_wconf 91' lang='lat' dir='ltr'><strong>fertur.</strong></span> <span class='ocrx_word' id='word_1_34' title='bbox 635 301 729 336; x_wconf 82' lang='lat' dir='ltr'><strong>Itaque</strong></span> <span class='ocrx_word' id='word_1_35' title='bbox 747 309 807 329; x_wconf 84' lang='lat' dir='ltr'><strong>cum</strong></span> <span class='ocrx_word' id='word_1_36' title='bbox 821 301 943 328; x_wconf 89' lang='lat' dir='ltr'><strong>Christus</strong></span> <span class='ocrx_word' id='word_1_37' title='bbox 957 300 996 326; x_wconf 92' lang='lat' dir='ltr'><strong>fe-</strong></span> 
     </span>
    </p>
   </div>
   <div class='ocr_carea' id='block_1_6' title="bbox 208 347 997 383">
    <p class='ocr_par' dir='ltr' id='par_1_6' title="bbox 208 347 997 383">
     <span class='ocr_line' id='line_1_6' title="bbox 208 347 997 383; baseline -0.006 -7"><span class='ocrx_word' id='word_1_38' title='bbox 208 349 289 376; x_wconf 84' lang='lat' dir='ltr'><strong>cisset</strong></span> <span class='ocrx_word' id='word_1_39' title='bbox 305 348 382 383; x_wconf 87' lang='lat' dir='ltr'><strong>quasi</strong></span> <span class='ocrx_word' id='word_1_40' title='bbox 394 347 525 383; x_wconf 77' lang='lat' dir='ltr'><strong>ﬂagellum</strong></span> <span class='ocrx_word' id='word_1_41' title='bbox 542 347 575 374; x_wconf 92' lang='lat' dir='ltr'><strong>de</strong></span> <span class='ocrx_word' id='word_1_42' title='bbox 591 347 725 378; x_wconf 76' lang='lat' dir='ltr'><strong>funiculis,</strong></span> <span class='ocrx_word' id='word_1_43' title='bbox 741 353 890 381; x_wconf 88' lang='lat' dir='ltr'><strong>omnesque</strong></span> <span class='ocrx_word' id='word_1_44' title='bbox 905 352 920 371; x_wconf 85' lang='lat' dir='ltr'><strong>e</strong></span> <span class='ocrx_word' id='word_1_45' title='bbox 931 348 997 372; x_wconf 93' lang='lat' dir='ltr'><strong>lem-</strong></span> 
     </span>
    </p>
   </div>
   <div class='ocr_carea' id='block_1_7' title="bbox 208 393 997 432">
    <p class='ocr_par' dir='ltr' id='par_1_7' title="bbox 208 393 997 432">
     <span class='ocr_line' id='line_1_7' title="bbox 208 393 997 432; baseline -0.006 -8"><span class='ocrx_word' id='word_1_46' title='bbox 208 397 400 432; x_wconf 85' lang='lat' dir='ltr'><strong>ploejecisset,</strong></span> <span class='ocrx_word' id='word_1_47' title='bbox 419 396 586 430; x_wconf 77' lang='lat' dir='ltr'><strong>dixissetque</strong></span> <span class='ocrx_word' id='word_1_48' title='bbox 602 404 609 423; x_wconf 90' lang='lat'><strong>:</strong></span> <span class='ocrx_word' id='word_1_49' title='bbox 623 404 633 420; x_wconf 86' lang='grc'><strong>‹</strong></span> <span class='ocrx_word' id='word_1_50' title='bbox 659 394 771 422; x_wconf 82' lang='lat' dir='ltr'><strong>Auferte</strong></span> <span class='ocrx_word' id='word_1_51' title='bbox 800 394 851 422; x_wconf 88' lang='lat' dir='ltr'><strong>ista</strong></span> <span class='ocrx_word' id='word_1_52' title='bbox 875 393 948 425; x_wconf 87' lang='lat' dir='ltr'><strong>hinc,</strong></span> <span class='ocrx_word' id='word_1_53' title='bbox 970 397 997 420; x_wconf 86' lang='lat' dir='ltr'><strong>et</strong></span> 
     </span>
    </p>
   </div>
   <div class='ocr_carea' id='block_1_8' title="bbox 208 437 996 473">
    <p class='ocr_par' dir='ltr' id='par_1_8' title="bbox 208 437 996 473">
     <span class='ocr_line' id='line_1_8' title="bbox 208 437 996 473; baseline -0.006 -4"><span class='ocrx_word' id='word_1_54' title='bbox 208 441 292 469; x_wconf 88' lang='lat' dir='ltr'><strong>nolite</strong></span> <span class='ocrx_word' id='word_1_55' title='bbox 304 441 393 469; x_wconf 88' lang='lat' dir='ltr'><strong>facere</strong></span> <span class='ocrx_word' id='word_1_56' title='bbox 406 441 513 469; x_wconf 90' lang='lat' dir='ltr'><strong>domum</strong></span> <span class='ocrx_word' id='word_1_57' title='bbox 528 440 615 467; x_wconf 89' lang='lat' dir='ltr'><strong>Patris</strong></span> <span class='ocrx_word' id='word_1_58' title='bbox 632 440 696 472; x_wconf 88' lang='lat' dir='ltr'><strong>mei,</strong></span> <span class='ocrx_word' id='word_1_59' title='bbox 712 440 821 466; x_wconf 86' lang='lat' dir='ltr'><strong>domum</strong></span> <span class='ocrx_word' id='word_1_60' title='bbox 836 437 996 473; x_wconf 78' lang='lat' dir='ltr'><strong>negotiatio-</strong></span> 
     </span>
    </p>
   </div>
   <div class='ocr_carea' id='block_1_9' title="bbox 209 484 995 522">
    <p class='ocr_par' dir='ltr' id='par_1_9' title="bbox 209 484 995 522">
     <span class='ocr_line' id='line_1_9' title="bbox 209 484 995 522; baseline -0.008 -7"><span class='ocrx_word' id='word_1_61' title='bbox 209 489 260 522; x_wconf 86' lang='lat' dir='ltr'><strong>nis,</strong></span> <span class='ocrx_word' id='word_1_62' title='bbox 281 497 292 514; x_wconf 74' lang='grc' dir='ltr'><strong>ι</strong></span> <span class='ocrx_word' id='word_1_63' title='bbox 311 491 496 520; x_wconf 84' lang='lat' dir='ltr'><strong>accesserunt,</strong></span> <span class='ocrx_word' id='word_1_64' title='bbox 509 490 536 514; x_wconf 89' lang='lat' dir='ltr'><strong>et</strong></span> <span class='ocrx_word' id='word_1_65' title='bbox 549 486 714 521; x_wconf 68' lang='lat' dir='ltr'><strong>qumsiernnt</strong></span> <span class='ocrx_word' id='word_1_66' title='bbox 735 494 741 512; x_wconf 91' lang='lat'>:</span> <span class='ocrx_word' id='word_1_67' title='bbox 758 494 767 511; x_wconf 79' lang='grc' dir='ltr'><strong>ι</strong></span> <span class='ocrx_word' id='word_1_68' title='bbox 786 484 862 517; x_wconf 83' lang='lat' dir='ltr'><strong>Quod</strong></span> <span class='ocrx_word' id='word_1_69' title='bbox 888 484 995 518; x_wconf 77' lang='lat' dir='ltr'><strong>signum</strong></span> 
     </span>
    </p>
   </div>
   <div class='ocr_carea' id='block_1_10' title="bbox 207 530 996 569">
    <p class='ocr_par' dir='ltr' id='par_1_10' title="bbox 207 530 996 569">
     <span class='ocr_line' id='line_1_10' title="bbox 207 530 996 569; baseline -0.009 -7"><span class='ocrx_word' id='word_1_70' title='bbox 207 534 327 562; x_wconf 80' lang='lat' dir='ltr'><strong>ostendis</strong></span> <span class='ocrx_word' id='word_1_71' title='bbox 342 534 405 569; x_wconf 84' lang='lat' dir='ltr'><strong>quia</strong></span> <span class='ocrx_word' id='word_1_72' title='bbox 424 534 482 561; x_wconf 81' lang='lat' dir='ltr'><strong>haec</strong></span> <span class='ocrx_word' id='word_1_73' title='bbox 510 532 599 560; x_wconf 84' lang='lat' dir='ltr'><strong>facis?</strong></span> <span class='ocrx_word' id='word_1_74' title='bbox 621 536 648 558; x_wconf 87' lang='lat' dir='ltr'><strong>et</strong></span> <span class='ocrx_word' id='word_1_75' title='bbox 674 531 734 566; x_wconf 86' lang='lat' dir='ltr'><strong>quis</strong></span> <span class='ocrx_word' id='word_1_76' title='bbox 761 531 835 558; x_wconf 88' lang='lat' dir='ltr'><strong>dedit</strong></span> <span class='ocrx_word' id='word_1_77' title='bbox 853 530 898 557; x_wconf 85' lang='lat' dir='ltr'><strong>libi</strong></span> <span class='ocrx_word' id='word_1_78' title='bbox 928 530 996 556; x_wconf 87' lang='lat' dir='ltr'><strong>hanc</strong></span> 
     </span>
    </p>
   </div>
   <div class='ocr_carea' id='block_1_11' title="bbox 208 577 1029 620">
    <p class='ocr_par' dir='ltr' id='par_1_11' title="bbox 208 577 1029 620">
     <span class='ocr_line' id='line_1_11' title="bbox 208 577 1029 620; baseline -0.007 -12"><span class='ocrx_word' id='word_1_79' title='bbox 208 585 367 614; x_wconf 84' lang='lat' dir='ltr'><strong>potestatem</strong></span> <span class='ocrx_word' id='word_1_80' title='bbox 387 580 433 607; x_wconf 75' lang='grc'><strong>⁸³2</strong></span> <span class='ocrx_word' id='word_1_81' title='bbox 451 589 460 606; x_wconf 72' lang='grc' dir='ltr'><strong>ι</strong></span> <span class='ocrx_word' id='word_1_82' title='bbox 483 579 665 607; x_wconf 85' lang='lat' dir='ltr'><strong>Accesserunt</strong></span> <span class='ocrx_word' id='word_1_83' title='bbox 691 583 718 604; x_wconf 90' lang='lat' dir='ltr'><strong>ct</strong></span> <span class='ocrx_word' id='word_1_84' title='bbox 731 577 788 610; x_wconf 91' lang='lat' dir='ltr'><strong>alii,</strong></span> <span class='ocrx_word' id='word_1_85' title='bbox 803 585 863 604; x_wconf 89' lang='lat' dir='ltr'><strong>cum</strong></span> <span class='ocrx_word' id='word_1_86' title='bbox 884 577 936 604; x_wconf 85' lang='lat' dir='ltr'><strong>hac</strong></span> <span class='ocrx_word' id='word_1_87' title='bbox 955 584 997 610; x_wconf 90' lang='lat' dir='ltr'><strong>pe-</strong></span> <span class='ocrx_word' id='word_1_88' title='bbox 1013 613 1029 620; x_wconf 24' lang='grc' dir='ltr'><strong>ἡ</strong></span> 
     </span>
    </p>
   </div>
   <div class='ocr_carea' id='block_1_12' title="bbox 209 622 993 660">
    <p class='ocr_par' dir='ltr' id='par_1_12' title="bbox 209 622 993 660">
     <span class='ocr_line' id='line_1_12' title="bbox 209 622 993 660; baseline -0.006 -8"><span class='ocrx_word' id='word_1_89' title='bbox 209 625 302 653; x_wconf 86' lang='lat' dir='ltr'><strong>titione</strong></span> <span class='ocrx_word' id='word_1_90' title='bbox 314 635 320 653; x_wconf 88' lang='lat'><strong>:</strong></span> <span class='ocrx_word' id='word_1_91' title='bbox 340 635 350 651; x_wconf 78' lang='grc' dir='ltr'><strong>ι</strong></span> <span class='ocrx_word' id='word_1_92' title='bbox 369 625 505 660; x_wconf 74' lang='lat' dir='ltr'><strong>Magister,</strong></span> <span class='ocrx_word' id='word_1_93' title='bbox 519 624 664 651; x_wconf 87' lang='lat' dir='ltr'><strong>volumusa</strong></span> <span class='ocrx_word' id='word_1_94' title='bbox 678 628 702 650; x_wconf 86' lang='lat' dir='ltr'><strong>te</strong></span> <span class='ocrx_word' id='word_1_95' title='bbox 716 623 822 658; x_wconf 79' lang='lat' dir='ltr'><strong>signum</strong></span> <span class='ocrx_word' id='word_1_96' title='bbox 837 622 929 650; x_wconf 81' lang='lat' dir='ltr'><strong>videre</strong></span> <span class='ocrx_word' id='word_1_97' title='bbox 943 622 975 648; x_wconf 68' lang='grc'><strong>⁸⁸.</strong></span> <span class='ocrx_word' id='word_1_98' title='bbox 985 632 993 647; x_wconf 73' lang='grc' dir='ltr'><strong>ι</strong></span> 
     </span>
    </p>
   </div>
   <div class='ocr_carea' id='block_1_13' title="bbox 208 669 994 706">
    <p class='ocr_par' dir='ltr' id='par_1_13' title="bbox 208 669 994 706">
     <span class='ocr_line' id='line_1_13' title="bbox 208 669 994 706; baseline -0.006 -8"><span class='ocrx_word' id='word_1_99' title='bbox 208 670 321 704; x_wconf 84' lang='lat' dir='ltr'><strong>Idcirco,</strong></span> <span class='ocrx_word' id='word_1_100' title='bbox 332 671 471 706; x_wconf 89' lang='lat' dir='ltr'><strong>quoniam,</strong></span> <span class='ocrx_word' id='word_1_101' title='bbox 485 669 582 704; x_wconf 86' lang='lat' dir='ltr'><strong>inquit,</strong></span> <span class='ocrx_word' id='word_1_102' title='bbox 594 669 644 695; x_wconf 90' lang='lat' dir='ltr'><strong>viri</strong></span> <span class='ocrx_word' id='word_1_103' title='bbox 665 673 728 695; x_wconf 88' lang='lat' dir='ltr'><strong>sunt</strong></span> <span class='ocrx_word' id='word_1_104' title='bbox 740 671 936 703; x_wconf 72' lang='lat' dir='ltr'><strong>portentorum,</strong></span> <span class='ocrx_word' id='word_1_105' title='bbox 947 675 994 694; x_wconf 91' lang='lat' dir='ltr'><strong>seu</strong></span> 
     </span>
    </p>
   </div>
   <div class='ocr_carea' id='block_1_14' title="bbox 208 713 993 751">
    <p class='ocr_par' dir='ltr' id='par_1_14' title="bbox 208 713 993 751">
     <span class='ocr_line' id='line_1_14' title="bbox 208 713 993 751; baseline -0.006 -7"><span class='ocrx_word' id='word_1_106' title='bbox 208 716 399 744; x_wconf 83' lang='lat' dir='ltr'><strong>miraculorum</strong></span> <span class='ocrx_word' id='word_1_107' title='bbox 414 715 613 751; x_wconf 83' lang='lat' dir='ltr'><strong>speculatores,</strong></span> <span class='ocrx_word' id='word_1_108' title='bbox 631 714 736 741; x_wconf 82' lang='lat' dir='ltr'><strong>discant</strong></span> <span class='ocrx_word' id='word_1_109' title='bbox 752 718 838 741; x_wconf 82' lang='lat' dir='ltr'><strong>tecum</strong></span> <span class='ocrx_word' id='word_1_110' title='bbox 852 718 879 741; x_wconf 90' lang='lat' dir='ltr'><strong>et</strong></span> <span class='ocrx_word' id='word_1_111' title='bbox 891 713 993 745; x_wconf 81' lang='lat' dir='ltr'><strong>futura,</strong></span> 
     </span>
    </p>
   </div>
   <div class='ocr_carea' id='block_1_15' title="bbox 207 763 994 797">
    <p class='ocr_par' dir='ltr' id='par_1_15' title="bbox 207 763 994 797">
     <span class='ocr_line' id='line_1_15' title="bbox 207 763 994 797; baseline -0.005 -8"><span class='ocrx_word' id='word_1_112' title='bbox 207 763 345 797; x_wconf 73' lang='lat' dir='ltr'><strong>signorum</strong></span> <span class='ocrx_word' id='word_1_113' title='bbox 360 770 420 796; x_wconf 60' lang='lat' dir='ltr'><strong>qua</strong></span> <span class='ocrx_word' id='word_1_114' title='bbox 434 766 529 796; x_wconf 88' lang='lat' dir='ltr'><strong>petunt</strong></span> <span class='ocrx_word' id='word_1_115' title='bbox 544 764 756 795; x_wconf 82' lang='lat' dir='ltr'><strong>perpetratorem</strong></span> <span class='ocrx_word' id='word_1_116' title='bbox 770 767 878 794; x_wconf 78' lang='lat' dir='ltr'><strong>semper</strong></span> <span class='ocrx_word' id='word_1_117' title='bbox 899 763 994 793; x_wconf 73' lang='lat' dir='ltr'><strong>poten-</strong></span> 
     </span>
    </p>
   </div>
   <div class='ocr_carea' id='block_1_16' title="bbox 208 804 994 839">
    <p class='ocr_par' dir='ltr' id='par_1_16' title="bbox 208 804 994 839">
     <span class='ocr_line' id='line_1_16' title="bbox 208 804 994 839; baseline -0.003 -5"><span class='ocrx_word' id='word_1_118' title='bbox 208 807 353 834; x_wconf 89' lang='lat' dir='ltr'><strong>tissimum.</strong></span> <span class='ocrx_word' id='word_1_119' title='bbox 369 806 498 839; x_wconf 84' lang='lat' dir='ltr'><strong>Quisnam</strong></span> <span class='ocrx_word' id='word_1_120' title='bbox 522 809 611 832; x_wconf 88' lang='lat' dir='ltr'><strong>autem</strong></span> <span class='ocrx_word' id='word_1_121' title='bbox 627 804 692 831; x_wconf 87' lang='lat' dir='ltr'><strong>hic?</strong></span> <span class='ocrx_word' id='word_1_122' title='bbox 712 813 721 830; x_wconf 79' lang='grc' dir='ltr'><strong>ι</strong></span> <span class='ocrx_word' id='word_1_123' title='bbox 739 804 809 831; x_wconf 84' lang='lat' dir='ltr'><strong>Ecce</strong></span> <span class='ocrx_word' id='word_1_124' title='bbox 825 812 874 839; x_wconf 67' lang='lat' dir='ltr'><strong>ego</strong></span> <span class='ocrx_word' id='word_1_125' title='bbox 890 804 994 832; x_wconf 76' lang='lat' dir='ltr'><strong>adduco</strong></span> 
     </span>
    </p>
   </div>
   <div class='ocr_carea' id='block_1_17' title="bbox 206 849 994 885">
    <p class='ocr_par' dir='ltr' id='par_1_17' title="bbox 206 849 994 885">
     <span class='ocr_line' id='line_1_17' title="bbox 206 849 994 885; baseline -0.001 -8"><span class='ocrx_word' id='word_1_126' title='bbox 206 858 313 878; x_wconf 86' lang='lat' dir='ltr'><strong>servum</strong></span> <span class='ocrx_word' id='word_1_127' title='bbox 333 858 433 883; x_wconf 89' lang='lat' dir='ltr'><strong>meum,</strong></span> <span class='ocrx_word' id='word_1_128' title='bbox 449 849 546 878; x_wconf 88' lang='lat' dir='ltr'><strong>Oriens</strong></span> <span class='ocrx_word' id='word_1_129' title='bbox 557 857 654 877; x_wconf 90' lang='lat' dir='ltr'><strong>nomen</strong></span> <span class='ocrx_word' id='word_1_130' title='bbox 670 851 738 884; x_wconf 84' lang='lat' dir='ltr'><strong>ejus.</strong></span> <span class='ocrx_word' id='word_1_131' title='bbox 751 860 760 876; x_wconf 75' lang='grc' dir='ltr'><strong>ι</strong></span> <span class='ocrx_word' id='word_1_132' title='bbox 773 851 842 877; x_wconf 85' lang='lat' dir='ltr'><strong>Deus</strong></span> <span class='ocrx_word' id='word_1_133' title='bbox 858 850 939 885; x_wconf 81' lang='lat' dir='ltr'><strong>igitur</strong></span> <span class='ocrx_word' id='word_1_134' title='bbox 956 857 994 877; x_wconf 87' lang='lat' dir='ltr'><strong>se-</strong></span> 
     </span>
    </p>
   </div>
   <div class='ocr_carea' id='block_1_18' title="bbox 206 894 994 930">
    <p class='ocr_par' dir='ltr' id='par_1_18' title="bbox 206 894 994 930">
     <span class='ocr_line' id='line_1_18' title="bbox 206 894 994 930; baseline -0.001 -7"><span class='ocrx_word' id='word_1_135' title='bbox 206 897 321 924; x_wconf 74' lang='lat' dir='ltr'><strong>cundum</strong></span> <span class='ocrx_word' id='word_1_136' title='bbox 334 900 457 923; x_wconf 85' lang='lat' dir='ltr'><strong>naturam</strong></span> <span class='ocrx_word' id='word_1_137' title='bbox 465 900 492 923; x_wconf 90' lang='lat' dir='ltr'><strong>et</strong></span> <span class='ocrx_word' id='word_1_138' title='bbox 502 904 534 923; x_wconf 78' lang='lat' dir='ltr'><strong>ex</strong></span> <span class='ocrx_word' id='word_1_139' title='bbox 544 895 598 922; x_wconf 82' lang='lat' dir='ltr'><strong>Deo</strong></span> <span class='ocrx_word' id='word_1_140' title='bbox 607 894 686 922; x_wconf 86' lang='lat' dir='ltr'><strong>Patre</strong></span> <span class='ocrx_word' id='word_1_141' title='bbox 695 896 817 930; x_wconf 84' lang='lat' dir='ltr'><strong>apparuit</strong></span> <span class='ocrx_word' id='word_1_142' title='bbox 825 895 994 930; x_wconf 76' lang='lat' dir='ltr'><strong>Unigenitus,</strong></span> 
     </span>
    </p>
   </div>
   <div class='ocr_carea' id='block_1_19' title="bbox 205 941 998 978">
    <p class='ocr_par' dir='ltr' id='par_1_19' title="bbox 205 941 998 978">
     <span class='ocr_line' id='line_1_19' title="bbox 205 941 998 978; baseline -0.003 -8"><span class='ocrx_word' id='word_1_143' title='bbox 205 942 352 970; x_wconf 81' lang='lat' dir='ltr'><strong>secundum</strong></span> <span class='ocrx_word' id='word_1_144' title='bbox 372 942 423 970; x_wconf 91' lang='lat' dir='ltr'><strong>hoc</strong></span> <span class='ocrx_word' id='word_1_145' title='bbox 445 942 522 969; x_wconf 88' lang='lat' dir='ltr'><strong>liber.</strong></span> <span class='ocrx_word' id='word_1_146' title='bbox 547 942 632 978; x_wconf 76' lang='lat'><strong>678</strong></span> <span class='ocrx_word' id='word_1_147' title='bbox 651 941 831 969; x_wconf 86' lang='lat' dir='ltr'><strong>Nihilominus</strong></span> <span class='ocrx_word' id='word_1_148' title='bbox 849 941 998 969; x_wconf 77' lang='lat' dir='ltr'><strong>exinanivit</strong></span> 
     </span>
    </p>
   </div>
   <div class='ocr_carea' id='block_1_20' title="bbox 205 987 995 1024">
    <p class='ocr_par' dir='ltr' id='par_1_20' title="bbox 205 987 995 1024">
     <span class='ocr_line' id='line_1_20' title="bbox 205 987 995 1024; baseline -0.003 -8"><span class='ocrx_word' id='word_1_149' title='bbox 205 987 391 1023; x_wconf 73' lang='lat' dir='ltr'><strong>semetipsum,</strong></span> <span class='ocrx_word' id='word_1_150' title='bbox 402 989 548 1016; x_wconf 85' lang='lat' dir='ltr'><strong>secundum</strong></span> <span class='ocrx_word' id='word_1_151' title='bbox 562 988 757 1024; x_wconf 77' lang='lat' dir='ltr'><strong>Scriptores&quot;,</strong></span> <span class='ocrx_word' id='word_1_152' title='bbox 772 988 915 1016; x_wconf 87' lang='lat' dir='ltr'><strong>demittens</strong></span> <span class='ocrx_word' id='word_1_153' title='bbox 927 995 956 1015; x_wconf 88' lang='lat' dir='ltr'><strong>se</strong></span> <span class='ocrx_word' id='word_1_154' title='bbox 969 987 995 1014; x_wconf 94' lang='lat' dir='ltr'><strong>in</strong></span> 
     </span>
    </p>
   </div>
   <div class='ocr_carea' id='block_1_21' title="bbox 208 1035 996 1070">
    <p class='ocr_par' dir='ltr' id='par_1_21' title="bbox 208 1035 996 1070">
     <span class='ocr_line' id='line_1_21' title="bbox 208 1035 996 1070; baseline -0.005 -6"><span class='ocrx_word' id='word_1_155' title='bbox 208 1035 235 1065; x_wconf 78' lang='lat' dir='ltr'><strong>id</strong></span> <span class='ocrx_word' id='word_1_156' title='bbox 249 1035 322 1070; x_wconf 86' lang='lat' dir='ltr'><strong>quod</strong></span> <span class='ocrx_word' id='word_1_157' title='bbox 346 1043 399 1062; x_wconf 83' lang='lat' dir='ltr'><strong>non</strong></span> <span class='ocrx_word' id='word_1_158' title='bbox 410 1040 480 1068; x_wconf 87' lang='lat' dir='ltr'><strong>erat,</strong></span> <span class='ocrx_word' id='word_1_159' title='bbox 493 1040 519 1063; x_wconf 89' lang='lat' dir='ltr'><strong>et</strong></span> <span class='ocrx_word' id='word_1_160' title='bbox 533 1035 684 1070; x_wconf 81' lang='lat' dir='ltr'><strong>appellatus</strong></span> <span class='ocrx_word' id='word_1_161' title='bbox 696 1043 790 1062; x_wconf 85' lang='lat' dir='ltr'><strong>servus</strong></span> <span class='ocrx_word' id='word_1_162' title='bbox 809 1040 920 1069; x_wconf 84' lang='lat' dir='ltr'><strong>propter</strong></span> <span class='ocrx_word' id='word_1_163' title='bbox 948 1041 996 1060; x_wconf 85' lang='lat' dir='ltr'><strong>na-</strong></span> 
     </span>
    </p>
   </div>
   <div class='ocr_carea' id='block_1_22' title="bbox 206 1081 994 1116">
    <p class='ocr_par' dir='ltr' id='par_1_22' title="bbox 206 1081 994 1116">
     <span class='ocr_line' id='line_1_22' title="bbox 206 1081 994 1116; baseline -0.001 -8"><span class='ocrx_word' id='word_1_164' title='bbox 206 1086 293 1108; x_wconf 88' lang='lat' dir='ltr'><strong>turam</strong></span> <span class='ocrx_word' id='word_1_165' title='bbox 310 1081 468 1114; x_wconf 80' lang='lat' dir='ltr'><strong>humanam,</strong></span> <span class='ocrx_word' id='word_1_166' title='bbox 485 1081 607 1116; x_wconf 83' lang='lat' dir='ltr'><strong>quamvis</strong></span> <span class='ocrx_word' id='word_1_167' title='bbox 627 1081 746 1108; x_wconf 91' lang='lat' dir='ltr'><strong>omnium</strong></span> <span class='ocrx_word' id='word_1_168' title='bbox 759 1081 888 1108; x_wconf 85' lang='lat' dir='ltr'><strong>Dominus</strong></span> <span class='ocrx_word' id='word_1_169' title='bbox 912 1086 994 1113; x_wconf 84' lang='lat' dir='ltr'><strong>esset,</strong></span> 
     </span>
    </p>
   </div>
   <div class='ocr_carea' id='block_1_23' title="bbox 207 1125 995 1162">
    <p class='ocr_par' dir='ltr' id='par_1_23' title="bbox 207 1125 995 1162">
     <span class='ocr_line' id='line_1_23' title="bbox 207 1125 995 1162; baseline -0.003 -8"><span class='ocrx_word' id='word_1_170' title='bbox 207 1130 335 1162; x_wconf 82' lang='lat' dir='ltr'><strong>tanquam</strong></span> <span class='ocrx_word' id='word_1_171' title='bbox 356 1127 438 1155; x_wconf 83' lang='lat' dir='ltr'><strong>Deus.</strong></span> <span class='ocrx_word' id='word_1_172' title='bbox 454 1127 508 1154; x_wconf 86' lang='lat' dir='ltr'><strong>Sed</strong></span> <span class='ocrx_word' id='word_1_173' title='bbox 518 1127 588 1154; x_wconf 87' lang='lat' dir='ltr'><strong>idem</strong></span> <span class='ocrx_word' id='word_1_174' title='bbox 599 1131 627 1154; x_wconf 86' lang='lat' dir='ltr'><strong>et</strong></span> <span class='ocrx_word' id='word_1_175' title='bbox 638 1127 735 1155; x_wconf 78' lang='lat' dir='ltr'><strong>Oriens</strong></span> <span class='ocrx_word' id='word_1_176' title='bbox 748 1130 817 1158; x_wconf 88' lang='lat' dir='ltr'><strong>erat,</strong></span> <span class='ocrx_word' id='word_1_177' title='bbox 832 1126 857 1153; x_wconf 88' lang='lat' dir='ltr'><strong>id</strong></span> <span class='ocrx_word' id='word_1_178' title='bbox 877 1130 935 1158; x_wconf 90' lang='lat' dir='ltr'><strong>est,</strong></span> <span class='ocrx_word' id='word_1_179' title='bbox 949 1125 995 1153; x_wconf 91' lang='lat' dir='ltr'><strong>Sol</strong></span> 
     </span>
    </p>
   </div>
   <div class='ocr_carea' id='block_1_24' title="bbox 204 1172 996 1208">
    <p class='ocr_par' dir='ltr' id='par_1_24' title="bbox 204 1172 996 1208">
     <span class='ocr_line' id='line_1_24' title="bbox 204 1172 996 1208; baseline -0.003 -7"><span class='ocrx_word' id='word_1_180' title='bbox 204 1172 317 1208; x_wconf 66' lang='lat' dir='ltr'><strong>iustitiae</strong></span> <span class='ocrx_word' id='word_1_181' title='bbox 324 1174 359 1201; x_wconf 81' lang='grc'><strong>⁸⁸.</strong></span> <span class='ocrx_word' id='word_1_182' title='bbox 371 1173 488 1202; x_wconf 77' lang='lat' dir='ltr'><strong>Exortus</strong></span> <span class='ocrx_word' id='word_1_183' title='bbox 502 1177 544 1201; x_wconf 90' lang='lat' dir='ltr'><strong>est</strong></span> <span class='ocrx_word' id='word_1_184' title='bbox 559 1173 676 1205; x_wconf 88' lang='lat' dir='ltr'><strong>enim,et</strong></span> <span class='ocrx_word' id='word_1_185' title='bbox 689 1173 850 1201; x_wconf 81' lang='lat' dir='ltr'><strong>illuminavit</strong></span> <span class='ocrx_word' id='word_1_186' title='bbox 865 1179 914 1200; x_wconf 91' lang='lat' dir='ltr'><strong>nos</strong></span> <span class='ocrx_word' id='word_1_187' title='bbox 922 1172 996 1200; x_wconf 85' lang='lat' dir='ltr'><strong>velut</strong></span> 
     </span>
    </p>
   </div>
   <div class='ocr_carea' id='block_1_25' title="bbox 204 1219 994 1255">
    <p class='ocr_par' dir='ltr' id='par_1_25' title="bbox 204 1219 994 1255">
     <span class='ocr_line' id='line_1_25' title="bbox 204 1219 994 1255; baseline -0.001 -9"><span class='ocrx_word' id='word_1_188' title='bbox 204 1221 232 1247; x_wconf 75' lang='lat' dir='ltr'><strong>tu</strong></span> <span class='ocrx_word' id='word_1_189' title='bbox 249 1219 369 1248; x_wconf 83' lang='lat' dir='ltr'><strong>tenebris</strong></span> <span class='ocrx_word' id='word_1_190' title='bbox 382 1219 509 1255; x_wconf 74' lang='lat' dir='ltr'><strong>degentes</strong></span> <span class='ocrx_word' id='word_1_191' title='bbox 524 1219 558 1252; x_wconf 84' lang='grc'><strong>⁸⁷,</strong></span> <span class='ocrx_word' id='word_1_192' title='bbox 572 1223 600 1247; x_wconf 90' lang='lat' dir='ltr'><strong>et</strong></span> <span class='ocrx_word' id='word_1_193' title='bbox 616 1223 720 1246; x_wconf 87' lang='lat' dir='ltr'><strong>tantum</strong></span> <span class='ocrx_word' id='word_1_194' title='bbox 741 1226 796 1246; x_wconf 90' lang='lat' dir='ltr'><strong>non</strong></span> <span class='ocrx_word' id='word_1_195' title='bbox 817 1219 898 1246; x_wconf 86' lang='lat' dir='ltr'><strong>etiam</strong></span> <span class='ocrx_word' id='word_1_196' title='bbox 934 1222 994 1245; x_wconf 84' lang='lat' dir='ltr'><strong>tan-</strong></span> 
     </span>
    </p>
   </div>
   <div class='ocr_carea' id='block_1_26' title="bbox 204 1263 992 1299">
    <p class='ocr_par' dir='ltr' id='par_1_26' title="bbox 204 1263 992 1299">
     <span class='ocr_line' id='line_1_26' title="bbox 204 1263 992 1299; baseline -0.003 -7"><span class='ocrx_word' id='word_1_197' title='bbox 204 1271 287 1299; x_wconf 71' lang='lat' dir='ltr'><strong>quam</strong></span> <span class='ocrx_word' id='word_1_198' title='bbox 301 1269 380 1292; x_wconf 85' lang='lat' dir='ltr'><strong>nocte</strong></span> <span class='ocrx_word' id='word_1_199' title='bbox 399 1269 426 1292; x_wconf 91' lang='lat' dir='ltr'><strong>et</strong></span> <span class='ocrx_word' id='word_1_200' title='bbox 445 1270 557 1293; x_wconf 88' lang='lat' dir='ltr'><strong>veterno</strong></span> <span class='ocrx_word' id='word_1_201' title='bbox 571 1265 683 1292; x_wconf 83' lang='lat' dir='ltr'><strong>obrutos</strong></span> <span class='ocrx_word' id='word_1_202' title='bbox 706 1264 850 1292; x_wconf 87' lang='lat' dir='ltr'><strong>mundanis</strong></span> <span class='ocrx_word' id='word_1_203' title='bbox 869 1263 992 1298; x_wconf 87' lang='lat' dir='ltr'><strong>volupta-</strong></span> 
     </span>
    </p>
   </div>
   <div class='ocr_carea' id='block_1_27' title="bbox 206 1308 991 1345">
    <p class='ocr_par' dir='ltr' id='par_1_27' title="bbox 206 1308 991 1345">
     <span class='ocr_line' id='line_1_27' title="bbox 206 1308 991 1345; baseline -0.001 -8"><span class='ocrx_word' id='word_1_204' title='bbox 206 1310 449 1345; x_wconf 82' lang='lat' dir='ltr'><strong>tibus,mentisque</strong></span> <span class='ocrx_word' id='word_1_205' title='bbox 463 1310 571 1338; x_wconf 68' lang='lat' dir='ltr'><strong>oculum</strong></span> <span class='ocrx_word' id='word_1_206' title='bbox 585 1309 704 1337; x_wconf 86' lang='lat' dir='ltr'><strong>tenebris</strong></span> <span class='ocrx_word' id='word_1_207' title='bbox 719 1308 832 1337; x_wconf 75' lang='lat' dir='ltr'><strong>eﬂusum</strong></span> <span class='ocrx_word' id='word_1_208' title='bbox 851 1309 991 1340; x_wconf 84' lang='lat' dir='ltr'><strong>habentes.</strong></span> 
     </span>
    </p>
   </div>
   <div class='ocr_carea' id='block_1_28' title="bbox 203 1355 991 1391">
    <p class='ocr_par' dir='ltr' id='par_1_28' title="bbox 203 1355 991 1391">
     <span class='ocr_line' id='line_1_28' title="bbox 203 1355 991 1391; baseline -0.005 -6"><span class='ocrx_word' id='word_1_209' title='bbox 203 1356 333 1384; x_wconf 79' lang='lat' dir='ltr'><strong>excitavit</strong></span> <span class='ocrx_word' id='word_1_210' title='bbox 351 1356 384 1383; x_wconf 76' lang='lat' dir='ltr'><strong>ad</strong></span> <span class='ocrx_word' id='word_1_211' title='bbox 406 1356 573 1391; x_wconf 79' lang='lat' dir='ltr'><strong>vigiliam,et</strong></span> <span class='ocrx_word' id='word_1_212' title='bbox 584 1355 671 1390; x_wconf 73' lang='lat' dir='ltr'><strong>gratia</strong></span> <span class='ocrx_word' id='word_1_213' title='bbox 686 1362 734 1383; x_wconf 85' lang='lat' dir='ltr'><strong>sua</strong></span> <span class='ocrx_word' id='word_1_214' title='bbox 759 1362 809 1383; x_wconf 92' lang='lat' dir='ltr'><strong>nos</strong></span> <span class='ocrx_word' id='word_1_215' title='bbox 836 1355 991 1382; x_wconf 84' lang='lat' dir='ltr'><strong>illustravit.</strong></span> 
     </span>
    </p>
   </div>
   <div class='ocr_carea' id='block_1_29' title="bbox 203 1399 991 1434">
    <p class='ocr_par' dir='ltr' id='par_1_29' title="bbox 203 1399 991 1434">
     <span class='ocr_line' id='line_1_29' title="bbox 203 1399 991 1434; baseline -0.001 -8"><span class='ocrx_word' id='word_1_216' title='bbox 203 1399 273 1426; x_wconf 83' lang='lat' dir='ltr'><strong>llinc</strong></span> <span class='ocrx_word' id='word_1_217' title='bbox 292 1403 320 1426; x_wconf 90' lang='lat' dir='ltr'><strong>et</strong></span> <span class='ocrx_word' id='word_1_218' title='bbox 332 1399 440 1434; x_wconf 83' lang='lat' dir='ltr'><strong>sapiens</strong></span> <span class='ocrx_word' id='word_1_219' title='bbox 457 1399 555 1426; x_wconf 83' lang='lat' dir='ltr'><strong>Paulus</strong></span> <span class='ocrx_word' id='word_1_220' title='bbox 573 1399 650 1426; x_wconf 90' lang='lat' dir='ltr'><strong>nobis</strong></span> <span class='ocrx_word' id='word_1_221' title='bbox 666 1400 810 1434; x_wconf 71' lang='lat' dir='ltr'><strong>praecepit,</strong></span> <span class='ocrx_word' id='word_1_222' title='bbox 839 1399 889 1426; x_wconf 88' lang='lat' dir='ltr'><strong>hoc</strong></span> <span class='ocrx_word' id='word_1_223' title='bbox 907 1399 991 1433; x_wconf 87' lang='lat' dir='ltr'><strong>ipsum</strong></span> 
     </span>
    </p>
   </div>
   <div class='ocr_carea' id='block_1_30' title="bbox 203 1442 991 1479">
    <p class='ocr_par' dir='ltr' id='par_1_30' title="bbox 203 1442 991 1479">
     <span class='ocr_line' id='line_1_30' title="bbox 203 1442 991 1479; baseline -0.005 -8"><span class='ocrx_word' id='word_1_224' title='bbox 203 1443 377 1479; x_wconf 75' lang='lat' dir='ltr'><strong>significans:</strong></span> <span class='ocrx_word' id='word_1_225' title='bbox 397 1452 406 1469; x_wconf 79' lang='grc' dir='ltr'><strong>ι</strong></span> <span class='ocrx_word' id='word_1_226' title='bbox 428 1443 486 1470; x_wconf 85' lang='lat' dir='ltr'><strong>Nox</strong></span> <span class='ocrx_word' id='word_1_227' title='bbox 500 1443 647 1478; x_wconf 65' lang='lat' dir='ltr'><strong>praecessit,</strong></span> <span class='ocrx_word' id='word_1_228' title='bbox 662 1443 719 1470; x_wconf 90' lang='lat' dir='ltr'><strong>dies</strong></span> <span class='ocrx_word' id='word_1_229' title='bbox 739 1447 827 1469; x_wconf 88' lang='lat' dir='ltr'><strong>autem</strong></span> <span class='ocrx_word' id='word_1_230' title='bbox 848 1442 991 1476; x_wconf 82' lang='lat' dir='ltr'><strong>appropin-</strong></span> 
     </span>
    </p>
   </div>
   <div class='ocr_carea' id='block_1_31' title="bbox 202 1487 992 1524">
    <p class='ocr_par' dir='ltr' id='par_1_31' title="bbox 202 1487 992 1524">
     <span class='ocr_line' id='line_1_31' title="bbox 202 1487 992 1524; baseline -0.005 -8"><span class='ocrx_word' id='word_1_231' title='bbox 202 1490 306 1524; x_wconf 88' lang='lat' dir='ltr'><strong>quavit.</strong></span> <span class='ocrx_word' id='word_1_232' title='bbox 327 1489 492 1523; x_wconf 81' lang='lat' dir='ltr'><strong>Abjiciamus</strong></span> <span class='ocrx_word' id='word_1_233' title='bbox 525 1496 589 1523; x_wconf 80' lang='lat' dir='ltr'><strong>ergo</strong></span> <span class='ocrx_word' id='word_1_234' title='bbox 604 1495 684 1523; x_wconf 86' lang='lat' dir='ltr'><strong>opera</strong></span> <span class='ocrx_word' id='word_1_235' title='bbox 706 1487 891 1519; x_wconf 81' lang='lat' dir='ltr'><strong>tenebrarum,</strong></span> <span class='ocrx_word' id='word_1_236' title='bbox 910 1489 935 1514; x_wconf 86' lang='lat' dir='ltr'><strong>et</strong></span> <span class='ocrx_word' id='word_1_237' title='bbox 952 1487 992 1512; x_wconf 92' lang='lat' dir='ltr'><strong>in-</strong></span> 
     </span>
    </p>
   </div>
   <div class='ocr_carea' id='block_1_32' title="bbox 1048 253 1839 290">
    <p class='ocr_par' dir='ltr' id='par_1_32' title="bbox 1048 253 1839 290">
     <span class='ocr_line' id='line_1_32' title="bbox 1048 253 1839 290; baseline 0 -10"><span class='ocrx_word' id='word_1_238' title='bbox 1048 254 1190 280; x_wconf 77' lang='grc' dir='ltr'>Λευῖτικόν</span> <span class='ocrx_word' id='word_1_239' title='bbox 1201 262 1207 268; x_wconf 93' lang='grc'><strong>·</strong></span> <span class='ocrx_word' id='word_1_240' title='bbox 1225 255 1249 280; x_wconf 74' lang='lat' dir='ltr'><strong>ot</strong></span> <span class='ocrx_word' id='word_1_241' title='bbox 1263 254 1291 280; x_wconf 80' lang='grc' dir='ltr'><strong>δέ</strong></span> <span class='ocrx_word' id='word_1_242' title='bbox 1305 263 1336 288; x_wconf 90' lang='grc' dir='ltr'>γε</span> <span class='ocrx_word' id='word_1_243' title='bbox 1351 254 1532 290; x_wconf 81' lang='grc' dir='ltr'>πρεσϐύτεροι</span> <span class='ocrx_word' id='word_1_244' title='bbox 1547 254 1642 289; x_wconf 81' lang='grc' dir='ltr'>ἱερεῖς,</span> <span class='ocrx_word' id='word_1_245' title='bbox 1669 253 1706 286; x_wconf 81' lang='grc' dir='ltr'><strong>ὡς</strong></span> <span class='ocrx_word' id='word_1_246' title='bbox 1727 253 1839 280; x_wconf 81' lang='grc' dir='ltr'><strong>ἐκείνων</strong></span> 
     </span>
    </p>
   </div>
   <div class='ocr_carea' id='block_1_33' title="bbox 1048 299 1837 336">
    <p class='ocr_par' dir='ltr' id='par_1_33' title="bbox 1048 299 1837 336">
     <span class='ocr_line' id='line_1_33' title="bbox 1048 299 1837 336; baseline 0 -10"><span class='ocrx_word' id='word_1_247' title='bbox 1048 300 1176 336; x_wconf 84' lang='grc' dir='ltr'>ἀμείνους</span> <span class='ocrx_word' id='word_1_248' title='bbox 1194 301 1244 333; x_wconf 84' lang='grc' dir='ltr'>ἔτι,</span> <span class='ocrx_word' id='word_1_249' title='bbox 1258 301 1306 327; x_wconf 77' lang='grc' dir='ltr'>καὶ</span> <span class='ocrx_word' id='word_1_250' title='bbox 1326 300 1463 336; x_wconf 84' lang='grc' dir='ltr'>ίερώτεροι</span> <span class='ocrx_word' id='word_1_251' title='bbox 1480 299 1550 327; x_wconf 82' lang='grc' dir='ltr'>κατὰ</span> <span class='ocrx_word' id='word_1_252' title='bbox 1571 300 1616 327; x_wconf 87' lang='grc' dir='ltr'>τὸν</span> <span class='ocrx_word' id='word_1_253' title='bbox 1630 300 1723 335; x_wconf 86' lang='grc' dir='ltr'>νόμον.</span> <span class='ocrx_word' id='word_1_254' title='bbox 1738 300 1786 327; x_wconf 73' lang='grc' dir='ltr'><strong>καὶ</strong></span> <span class='ocrx_word' id='word_1_255' title='bbox 1805 301 1837 335; x_wconf 83' lang='grc' dir='ltr'><strong>τῇ</strong></span> 
     </span>
    </p>
   </div>
   <div class='ocr_carea' id='block_1_34' title="bbox 1048 346 1839 382">
    <p class='ocr_par' dir='ltr' id='par_1_34' title="bbox 1048 346 1839 382">
     <span class='ocr_line' id='line_1_34' title="bbox 1048 346 1839 382; baseline 0 -10"><span class='ocrx_word' id='word_1_256' title='bbox 1048 346 1174 382; x_wconf 85' lang='grc' dir='ltr'>συνεδρίᾳ</span> <span class='ocrx_word' id='word_1_257' title='bbox 1195 347 1350 382; x_wconf 82' lang='grc' dir='ltr'>τετίμηντο.</span> <span class='ocrx_word' id='word_1_258' title='bbox 1373 346 1599 382; x_wconf 86' lang='grc' dir='ltr'>Τερατοσκόπους</span> <span class='ocrx_word' id='word_1_259' title='bbox 1612 355 1644 380; x_wconf 79' lang='grc' dir='ltr'>γε</span> <span class='ocrx_word' id='word_1_260' title='bbox 1670 346 1722 381; x_wconf 89' lang='grc' dir='ltr'>μὴν</span> <span class='ocrx_word' id='word_1_261' title='bbox 1741 346 1839 376; x_wconf 79' lang='grc' dir='ltr'>αὐτοὺς</span> 
     </span>
    </p>
   </div>
   <div class='ocr_carea' id='block_1_35' title="bbox 1047 391 1837 428">
    <p class='ocr_par' dir='ltr' id='par_1_35' title="bbox 1047 391 1837 428">
     <span class='ocr_line' id='line_1_35' title="bbox 1047 391 1837 428; baseline -0.004 -9"><span class='ocrx_word' id='word_1_262' title='bbox 1047 393 1185 428; x_wconf 78' lang='grc' dir='ltr'><strong>ὀνομάζει,</strong></span> <span class='ocrx_word' id='word_1_263' title='bbox 1210 393 1357 425; x_wconf 77' lang='grc' dir='ltr'>τουτέστιν,</span> <span class='ocrx_word' id='word_1_264' title='bbox 1385 393 1430 421; x_wconf 72' lang='grc' dir='ltr'><strong>ἀεὶ</strong></span> <span class='ocrx_word' id='word_1_265' title='bbox 1455 394 1556 428; x_wconf 84' lang='grc' dir='ltr'>σημεῖα</span> <span class='ocrx_word' id='word_1_266' title='bbox 1584 391 1732 428; x_wconf 78' lang='grc' dir='ltr'><strong>ζητοῦντας</strong></span> <span class='ocrx_word' id='word_1_267' title='bbox 1760 392 1837 426; x_wconf 79' lang='grc' dir='ltr'>όρᾷν,</span> 
     </span>
    </p>
   </div>
   <div class='ocr_carea' id='block_1_36' title="bbox 1047 436 1838 474">
    <p class='ocr_par' dir='ltr' id='par_1_36' title="bbox 1047 436 1838 474">
     <span class='ocr_line' id='line_1_36' title="bbox 1047 436 1838 474; baseline -0.005 -8"><span class='ocrx_word' id='word_1_268' title='bbox 1047 438 1102 465; x_wconf 78' lang='grc' dir='ltr'>τῶν</span> <span class='ocrx_word' id='word_1_269' title='bbox 1113 439 1233 474; x_wconf 78' lang='grc' dir='ltr'><strong>τεράτων</strong></span> <span class='ocrx_word' id='word_1_270' title='bbox 1247 439 1418 474; x_wconf 79' lang='grc' dir='ltr'>ἐφιεμένους.</span> <span class='ocrx_word' id='word_1_271' title='bbox 1430 438 1512 464; x_wconf 81' lang='grc' dir='ltr'>Φύσει</span> <span class='ocrx_word' id='word_1_272' title='bbox 1526 438 1581 474; x_wconf 82' lang='grc' dir='ltr'><strong>γάρ</strong></span> <span class='ocrx_word' id='word_1_273' title='bbox 1593 446 1651 469; x_wconf 85' lang='grc' dir='ltr'><strong>πως</strong></span> <span class='ocrx_word' id='word_1_274' title='bbox 1664 437 1707 464; x_wconf 72' lang='grc' dir='ltr'><strong>ἀεὶ</strong></span> <span class='ocrx_word' id='word_1_275' title='bbox 1717 436 1838 463; x_wconf 83' lang='grc' dir='ltr'>τοιοῦτόν</span> 
     </span>
    </p>
   </div>
   <div class='ocr_carea' id='block_1_37' title="bbox 1047 483 1839 518">
    <p class='ocr_par' dir='ltr' id='par_1_37' title="bbox 1047 483 1839 518">
     <span class='ocr_line' id='line_1_37' title="bbox 1047 483 1839 518; baseline -0.003 -8"><span class='ocrx_word' id='word_1_276' title='bbox 1047 484 1104 510; x_wconf 82' lang='grc' dir='ltr'>ἐστι</span> <span class='ocrx_word' id='word_1_277' title='bbox 1119 484 1149 510; x_wconf 80' lang='grc' dir='ltr'>τὸ</span> <span class='ocrx_word' id='word_1_278' title='bbox 1167 484 1222 511; x_wconf 87' lang='grc' dir='ltr'>τῶν</span> <span class='ocrx_word' id='word_1_279' title='bbox 1233 484 1369 511; x_wconf 81' lang='grc' dir='ltr'>Ἰουδαίων</span> <span class='ocrx_word' id='word_1_280' title='bbox 1384 484 1468 516; x_wconf 71' lang='grc' dir='ltr'>ἔθνος.</span> <span class='ocrx_word' id='word_1_281' title='bbox 1486 484 1541 510; x_wconf 78' lang='grc' dir='ltr'><strong>Καὶ</strong></span> <span class='ocrx_word' id='word_1_282' title='bbox 1555 483 1630 518; x_wconf 84' lang='grc' dir='ltr'>γοῦν,</span> <span class='ocrx_word' id='word_1_283' title='bbox 1643 483 1686 509; x_wconf 83' lang='grc' dir='ltr'>ὅτε</span> <span class='ocrx_word' id='word_1_284' title='bbox 1697 483 1711 508; x_wconf 87' lang='grc' dir='ltr'><strong>ὁ</strong></span> <span class='ocrx_word' id='word_1_285' title='bbox 1721 483 1839 518; x_wconf 66' lang='grc' dir='ltr'>Χριστος</span> 
     </span>
    </p>
   </div>
   <div class='ocr_carea' id='block_1_38' title="bbox 1046 527 1838 566">
    <p class='ocr_par' dir='ltr' id='par_1_38' title="bbox 1046 527 1838 566">
     <span class='ocr_line' id='line_1_38' title="bbox 1046 527 1838 566; baseline -0.004 -9"><span class='ocrx_word' id='word_1_286' title='bbox 1046 531 1161 566; x_wconf 77' lang='grc' dir='ltr'><strong>ποιήσας</strong></span> <span class='ocrx_word' id='word_1_287' title='bbox 1177 530 1243 557; x_wconf 79' lang='grc' dir='ltr'>ὡσεὶ</span> <span class='ocrx_word' id='word_1_288' title='bbox 1267 530 1428 566; x_wconf 76' lang='grc' dir='ltr'>φραγέλλιον</span> <span class='ocrx_word' id='word_1_289' title='bbox 1454 531 1485 556; x_wconf 80' lang='grc' dir='ltr'>ὲκ</span> <span class='ocrx_word' id='word_1_290' title='bbox 1511 529 1647 565; x_wconf 77' lang='grc' dir='ltr'>σχοινίων,</span> <span class='ocrx_word' id='word_1_291' title='bbox 1671 529 1776 560; x_wconf 78' lang='grc' dir='ltr'>πάντας</span> <span class='ocrx_word' id='word_1_292' title='bbox 1795 527 1838 560; x_wconf 79' lang='grc' dir='ltr'><strong>ἐξ·</strong></span> 
     </span>
    </p>
   </div>
   <div class='ocr_carea' id='block_1_39' title="bbox 1045 574 1836 612">
    <p class='ocr_par' dir='ltr' id='par_1_39' title="bbox 1045 574 1836 612">
     <span class='ocr_line' id='line_1_39' title="bbox 1045 574 1836 612; baseline -0.004 -9"><span class='ocrx_word' id='word_1_293' title='bbox 1045 577 1140 603; x_wconf 75' lang='grc' dir='ltr'>ἐϐαλεν</span> <span class='ocrx_word' id='word_1_294' title='bbox 1163 578 1195 603; x_wconf 83' lang='grc' dir='ltr'><strong>ἐκ</strong></span> <span class='ocrx_word' id='word_1_295' title='bbox 1218 577 1265 603; x_wconf 84' lang='grc' dir='ltr'><strong>τοῦ</strong></span> <span class='ocrx_word' id='word_1_296' title='bbox 1284 576 1365 612; x_wconf 85' lang='grc' dir='ltr'>ἱεροῦ,</span> <span class='ocrx_word' id='word_1_297' title='bbox 1381 577 1469 610; x_wconf 82' lang='grc' dir='ltr'>λέγων</span> <span class='ocrx_word' id='word_1_298' title='bbox 1480 597 1488 608; x_wconf 93' lang='grc'><strong>,</strong></span> <span class='ocrx_word' id='word_1_299' title='bbox 1510 577 1628 611; x_wconf 70' lang='grc' dir='ltr'>(Ἄρατε</span> <span class='ocrx_word' id='word_1_300' title='bbox 1642 575 1729 602; x_wconf 86' lang='grc' dir='ltr'>ταῦτα</span> <span class='ocrx_word' id='word_1_301' title='bbox 1744 574 1836 601; x_wconf 85' lang='grc' dir='ltr'>ἐντεῦ-</span> 
     </span>
    </p>
   </div>
   <div class='ocr_carea' id='block_1_40' title="bbox 1046 617 1836 658">
    <p class='ocr_par' dir='ltr' id='par_1_40' title="bbox 1046 617 1836 658">
     <span class='ocr_line' id='line_1_40' title="bbox 1046 617 1836 658; baseline -0.004 -9"><span class='ocrx_word' id='word_1_302' title='bbox 1046 623 1100 656; x_wconf 89' lang='grc' dir='ltr'>θεν,</span> <span class='ocrx_word' id='word_1_303' title='bbox 1120 624 1167 650; x_wconf 75' lang='grc' dir='ltr'><strong>καὶ</strong></span> <span class='ocrx_word' id='word_1_304' title='bbox 1184 623 1220 658; x_wconf 83' lang='grc' dir='ltr'>μὴ</span> <span class='ocrx_word' id='word_1_305' title='bbox 1237 624 1337 649; x_wconf 77' lang='grc' dir='ltr'><strong>ποιεῖτε</strong></span> <span class='ocrx_word' id='word_1_306' title='bbox 1353 623 1398 649; x_wconf 83' lang='grc' dir='ltr'>τὸν</span> <span class='ocrx_word' id='word_1_307' title='bbox 1410 621 1483 649; x_wconf 77' lang='grc' dir='ltr'>οἷκον</span> <span class='ocrx_word' id='word_1_308' title='bbox 1499 622 1544 649; x_wconf 86' lang='grc' dir='ltr'><strong>τοῦ</strong></span> <span class='ocrx_word' id='word_1_309' title='bbox 1564 621 1669 658; x_wconf 85' lang='grc' dir='ltr'><strong>Πατρός</strong></span> <span class='ocrx_word' id='word_1_310' title='bbox 1683 630 1747 656; x_wconf 86' lang='grc' dir='ltr'>μου,</span> <span class='ocrx_word' id='word_1_311' title='bbox 1761 617 1836 647; x_wconf 82' lang='grc' dir='ltr'>οἶκον</span> 
     </span>
    </p>
   </div>
   <div class='ocr_carea' id='block_1_41' title="bbox 1045 667 1837 705">
    <p class='ocr_par' dir='ltr' id='par_1_41' title="bbox 1045 667 1837 705">
     <span class='ocr_line' id='line_1_41' title="bbox 1045 667 1837 705; baseline -0.005 -9"><span class='ocrx_word' id='word_1_312' title='bbox 1045 669 1188 705; x_wconf 80' lang='grc' dir='ltr'>ἐμπορίου,</span> <span class='ocrx_word' id='word_1_313' title='bbox 1206 678 1214 695; x_wconf 80' lang='grc' dir='ltr'><strong>ι</strong></span> <span class='ocrx_word' id='word_1_314' title='bbox 1235 668 1390 704; x_wconf 75' lang='grc' dir='ltr'>προσῄεσαν</span> <span class='ocrx_word' id='word_1_315' title='bbox 1406 668 1549 703; x_wconf 82' lang='grc' dir='ltr'>λέγοντες·</span> <span class='ocrx_word' id='word_1_316' title='bbox 1580 678 1588 693; x_wconf 84' lang='grc' dir='ltr'><strong>ι</strong></span> <span class='ocrx_word' id='word_1_317' title='bbox 1603 668 1636 694; x_wconf 84' lang='grc' dir='ltr'>Τί</span> <span class='ocrx_word' id='word_1_318' title='bbox 1650 668 1761 702; x_wconf 76' lang='grc' dir='ltr'>σημεῖον</span> <span class='ocrx_word' id='word_1_319' title='bbox 1785 667 1837 693; x_wconf 64' lang='grc' dir='ltr'><strong>δεμ</strong></span> 
     </span>
    </p>
   </div>
   <div class='ocr_carea' id='block_1_42' title="bbox 1045 712 1837 748">
    <p class='ocr_par' dir='ltr' id='par_1_42' title="bbox 1045 712 1837 748">
     <span class='ocr_line' id='line_1_42' title="bbox 1045 712 1837 748; baseline -0.004 -7"><span class='ocrx_word' id='word_1_320' title='bbox 1045 715 1145 746; x_wconf 81' lang='grc' dir='ltr'>κνύεις,</span> <span class='ocrx_word' id='word_1_321' title='bbox 1160 716 1201 742; x_wconf 79' lang='grc' dir='ltr'>ὅτι</span> <span class='ocrx_word' id='word_1_322' title='bbox 1217 715 1304 742; x_wconf 81' lang='grc' dir='ltr'>ταῦτα</span> <span class='ocrx_word' id='word_1_323' title='bbox 1329 715 1429 747; x_wconf 87' lang='grc' dir='ltr'>ποιεῖς;</span> <span class='ocrx_word' id='word_1_324' title='bbox 1449 714 1496 740; x_wconf 76' lang='grc' dir='ltr'><strong>καὶ</strong></span> <span class='ocrx_word' id='word_1_325' title='bbox 1510 713 1552 745; x_wconf 88' lang='grc' dir='ltr'><strong>τίς</strong></span> <span class='ocrx_word' id='word_1_326' title='bbox 1574 713 1658 740; x_wconf 79' lang='grc' dir='ltr'>ἔδωκέ</span> <span class='ocrx_word' id='word_1_327' title='bbox 1673 721 1713 739; x_wconf 71' lang='grc' dir='ltr'><strong>σοι</strong></span> <span class='ocrx_word' id='word_1_328' title='bbox 1731 712 1781 748; x_wconf 79' lang='grc' dir='ltr'>τὴν</span> <span class='ocrx_word' id='word_1_329' title='bbox 1796 712 1837 744; x_wconf 77' lang='grc' dir='ltr'><strong>ἐξ-</strong></span> 
     </span>
    </p>
   </div>
   <div class='ocr_carea' id='block_1_43' title="bbox 1044 759 1836 796">
    <p class='ocr_par' dir='ltr' id='par_1_43' title="bbox 1044 759 1836 796">
     <span class='ocr_line' id='line_1_43' title="bbox 1044 759 1836 796; baseline -0.005 -9"><span class='ocrx_word' id='word_1_330' title='bbox 1044 761 1137 787; x_wconf 83' lang='grc' dir='ltr'>ουσίαν</span> <span class='ocrx_word' id='word_1_331' title='bbox 1153 760 1270 796; x_wconf 84' lang='grc' dir='ltr'>ταύτην;</span> <span class='ocrx_word' id='word_1_332' title='bbox 1287 769 1297 786; x_wconf 73' lang='grc' dir='ltr'><strong>ι</strong></span> <span class='ocrx_word' id='word_1_333' title='bbox 1320 761 1479 796; x_wconf 78' lang='grc' dir='ltr'>Εὐρὴσομεν</span> <span class='ocrx_word' id='word_1_334' title='bbox 1497 759 1526 786; x_wconf 82' lang='grc' dir='ltr'>δὲ</span> <span class='ocrx_word' id='word_1_335' title='bbox 1545 759 1592 786; x_wconf 77' lang='grc' dir='ltr'><strong>καὶ</strong></span> <span class='ocrx_word' id='word_1_336' title='bbox 1619 759 1728 794; x_wconf 80' lang='grc' dir='ltr'>ἑτέρους</span> <span class='ocrx_word' id='word_1_337' title='bbox 1751 767 1836 794; x_wconf 83' lang='grc' dir='ltr'>προσ-</span> 
     </span>
    </p>
   </div>
   <div class='ocr_carea' id='block_1_44' title="bbox 1046 804 1836 840">
    <p class='ocr_par' dir='ltr' id='par_1_44' title="bbox 1046 804 1836 840">
     <span class='ocr_line' id='line_1_44' title="bbox 1046 804 1836 840; baseline -0.005 -7"><span class='ocrx_word' id='word_1_338' title='bbox 1046 808 1143 839; x_wconf 72' lang='grc' dir='ltr'>ιόντας,</span> <span class='ocrx_word' id='word_1_339' title='bbox 1167 807 1215 833; x_wconf 73' lang='grc' dir='ltr'><strong>καὶ</strong></span> <span class='ocrx_word' id='word_1_340' title='bbox 1237 807 1366 840; x_wconf 84' lang='grc' dir='ltr'>λέγοντας</span> <span class='ocrx_word' id='word_1_341' title='bbox 1390 806 1482 840; x_wconf 70' lang='grc' dir='ltr'>αὐτῷ’</span> <span class='ocrx_word' id='word_1_342' title='bbox 1510 815 1519 831; x_wconf 77' lang='grc' dir='ltr'><strong>ι</strong></span> <span class='ocrx_word' id='word_1_343' title='bbox 1535 805 1696 836; x_wconf 83' lang='grc' dir='ltr'>Διδάσκαλε,</span> <span class='ocrx_word' id='word_1_344' title='bbox 1723 804 1836 838; x_wconf 78' lang='grc' dir='ltr'><strong>θέλομεν</strong></span> 
     </span>
    </p>
   </div>
   <div class='ocr_carea' id='block_1_45' title="bbox 1046 843 1835 888">
    <p class='ocr_par' dir='ltr' id='par_1_45' title="bbox 1046 843 1835 888">
     <span class='ocr_line' id='line_1_45' title="bbox 1046 843 1835 888; baseline -0.005 -9"><span class='ocrx_word' id='word_1_345' title='bbox 1046 853 1099 879; x_wconf 74' lang='grc' dir='ltr'><strong>ἀπὸ</strong></span> <span class='ocrx_word' id='word_1_346' title='bbox 1118 852 1164 879; x_wconf 86' lang='grc' dir='ltr'><strong>σοῦ</strong></span> <span class='ocrx_word' id='word_1_347' title='bbox 1183 854 1294 888; x_wconf 84' lang='grc' dir='ltr'>σημεῖον</span> <span class='ocrx_word' id='word_1_348' title='bbox 1312 852 1386 880; x_wconf 75' lang='grc' dir='ltr'>ἰδεῖν.</span> <span class='ocrx_word' id='word_1_349' title='bbox 1402 861 1412 879; x_wconf 77' lang='grc' dir='ltr'><strong>ι</strong></span> <span class='ocrx_word' id='word_1_350' title='bbox 1429 843 1535 879; x_wconf 82' lang='grc' dir='ltr'>Οὐκοῦν</span> <span class='ocrx_word' id='word_1_351' title='bbox 1558 852 1716 887; x_wconf 82' lang='grc' dir='ltr'>ἐπειδήπερ,</span> <span class='ocrx_word' id='word_1_352' title='bbox 1744 850 1835 885; x_wconf 75' lang='grc' dir='ltr'>φησὶν,</span> 
     </span>
    </p>
   </div>
   <div class='ocr_carea' id='block_1_46' title="bbox 1047 897 1837 934">
    <p class='ocr_par' dir='ltr' id='par_1_46' title="bbox 1047 897 1837 934">
     <span class='ocr_line' id='line_1_46' title="bbox 1047 897 1837 934; baseline -0.004 -8"><span class='ocrx_word' id='word_1_353' title='bbox 1047 899 1142 934; x_wconf 77' lang='grc' dir='ltr'>ἄνδρες</span> <span class='ocrx_word' id='word_1_354' title='bbox 1156 899 1210 925; x_wconf 80' lang='grc' dir='ltr'>εἰσὶ</span> <span class='ocrx_word' id='word_1_355' title='bbox 1222 898 1429 934; x_wconf 65' lang='grc' dir='ltr'>τερατοσκόποι,</span> <span class='ocrx_word' id='word_1_356' title='bbox 1449 898 1658 933; x_wconf 75' lang='grc' dir='ltr'>μανθανέτωσαν</span> <span class='ocrx_word' id='word_1_357' title='bbox 1675 897 1732 932; x_wconf 82' lang='grc' dir='ltr'><strong>ἃμα</strong></span> <span class='ocrx_word' id='word_1_358' title='bbox 1749 897 1791 924; x_wconf 82' lang='grc' dir='ltr'>σοὶ</span> <span class='ocrx_word' id='word_1_359' title='bbox 1805 898 1837 923; x_wconf 77' lang='grc' dir='ltr'>τὰ</span> 
     </span>
    </p>
   </div>
   <div class='ocr_carea' id='block_1_47' title="bbox 1047 940 1838 980">
    <p class='ocr_par' dir='ltr' id='par_1_47' title="bbox 1047 940 1838 980">
     <span class='ocr_line' id='line_1_47' title="bbox 1047 940 1838 980; baseline -0.001 -10"><span class='ocrx_word' id='word_1_360' title='bbox 1047 944 1173 979; x_wconf 83' lang='grc' dir='ltr'><strong>ἐσόμενα,</strong></span> <span class='ocrx_word' id='word_1_361' title='bbox 1190 945 1237 971; x_wconf 78' lang='grc' dir='ltr'><strong>καὶ</strong></span> <span class='ocrx_word' id='word_1_362' title='bbox 1252 944 1373 980; x_wconf 79' lang='grc' dir='ltr'>σημείων</span> <span class='ocrx_word' id='word_1_363' title='bbox 1388 940 1426 971; x_wconf 86' lang='grc' dir='ltr'>ὧν</span> <span class='ocrx_word' id='word_1_364' title='bbox 1440 943 1563 972; x_wconf 84' lang='grc' dir='ltr'>αἰτοῦσιν</span> <span class='ocrx_word' id='word_1_365' title='bbox 1575 944 1618 970; x_wconf 69' lang='grc' dir='ltr'><strong>ἀεὶ</strong></span> <span class='ocrx_word' id='word_1_366' title='bbox 1639 943 1685 970; x_wconf 69' lang='grc' dir='ltr'><strong>τὸν</strong></span> <span class='ocrx_word' id='word_1_367' title='bbox 1704 942 1838 970; x_wconf 80' lang='grc' dir='ltr'>παναλκέ-</span> 
     </span>
    </p>
   </div>
   <div class='ocr_carea' id='block_1_48' title="bbox 1047 986 1836 1025">
    <p class='ocr_par' dir='ltr' id='par_1_48' title="bbox 1047 986 1836 1025">
     <span class='ocr_line' id='line_1_48' title="bbox 1047 986 1836 1025; baseline 0 -10"><span class='ocrx_word' id='word_1_368' title='bbox 1047 997 1143 1016; x_wconf 85' lang='grc' dir='ltr'>στατον</span> <span class='ocrx_word' id='word_1_369' title='bbox 1161 990 1356 1025; x_wconf 81' lang='grc' dir='ltr'>ἀποτελεστήν.</span> <span class='ocrx_word' id='word_1_370' title='bbox 1374 990 1429 1017; x_wconf 80' lang='grc' dir='ltr'><strong>Καὶ</strong></span> <span class='ocrx_word' id='word_1_371' title='bbox 1453 989 1495 1021; x_wconf 88' lang='grc' dir='ltr'><strong>τίς</strong></span> <span class='ocrx_word' id='word_1_372' title='bbox 1518 989 1550 1025; x_wconf 86' lang='grc' dir='ltr'>δὴ</span> <span class='ocrx_word' id='word_1_373' title='bbox 1574 987 1621 1016; x_wconf 73' lang='grc' dir='ltr'>οὖν</span> <span class='ocrx_word' id='word_1_374' title='bbox 1645 986 1722 1022; x_wconf 80' lang='grc' dir='ltr'>οὗτός</span> <span class='ocrx_word' id='word_1_375' title='bbox 1742 991 1836 1022; x_wconf 60' lang='lat' dir='ltr'><strong>tactv;</strong></span> 
     </span>
    </p>
   </div>
   <div class='ocr_carea' id='block_1_49' title="bbox 1049 1033 1837 1070">
    <p class='ocr_par' dir='ltr' id='par_1_49' title="bbox 1049 1033 1837 1070">
     <span class='ocr_line' id='line_1_49' title="bbox 1049 1033 1837 1070; baseline 0.003 -11"><span class='ocrx_word' id='word_1_376' title='bbox 1049 1043 1057 1058; x_wconf 89' lang='grc' dir='ltr'><strong>ι</strong></span> <span class='ocrx_word' id='word_1_377' title='bbox 1070 1034 1133 1060; x_wconf 77' lang='grc' dir='ltr'>Ἰδοὺ</span> <span class='ocrx_word' id='word_1_378' title='bbox 1147 1033 1203 1068; x_wconf 77' lang='grc' dir='ltr'><strong>ἐγὼ</strong></span> <span class='ocrx_word' id='word_1_379' title='bbox 1220 1034 1278 1068; x_wconf 84' lang='grc' dir='ltr'><strong>ἄγω</strong></span> <span class='ocrx_word' id='word_1_380' title='bbox 1293 1035 1338 1061; x_wconf 80' lang='grc' dir='ltr'>τὸν</span> <span class='ocrx_word' id='word_1_381' title='bbox 1350 1034 1442 1061; x_wconf 89' lang='grc' dir='ltr'>δοῦλόν</span> <span class='ocrx_word' id='word_1_382' title='bbox 1461 1043 1523 1070; x_wconf 89' lang='grc' dir='ltr'>μου,</span> <span class='ocrx_word' id='word_1_383' title='bbox 1533 1035 1660 1070; x_wconf 83' lang='grc' dir='ltr'>Ἀνατολὴ</span> <span class='ocrx_word' id='word_1_384' title='bbox 1683 1036 1769 1070; x_wconf 74' lang='grc' dir='ltr'>ὖνομα</span> <span class='ocrx_word' id='word_1_385' title='bbox 1790 1035 1837 1061; x_wconf 78' lang='grc' dir='ltr'><strong>αὑ-</strong></span> 
     </span>
    </p>
   </div>
   <div class='ocr_carea' id='block_1_50' title="bbox 1044 1079 1838 1116">
    <p class='ocr_par' dir='ltr' id='par_1_50' title="bbox 1044 1079 1838 1116">
     <span class='ocr_line' id='line_1_50' title="bbox 1044 1079 1838 1116; baseline 0 -10"><span class='ocrx_word' id='word_1_386' title='bbox 1044 1080 1094 1115; x_wconf 84' lang='grc' dir='ltr'><strong>τῷ.</strong></span> <span class='ocrx_word' id='word_1_387' title='bbox 1111 1089 1120 1106; x_wconf 79' lang='grc' dir='ltr'><strong>ι</strong></span> <span class='ocrx_word' id='word_1_388' title='bbox 1140 1080 1205 1112; x_wconf 78' lang='grc' dir='ltr'>Θεὸς</span> <span class='ocrx_word' id='word_1_389' title='bbox 1233 1080 1284 1116; x_wconf 82' lang='grc' dir='ltr'>μὲν</span> <span class='ocrx_word' id='word_1_390' title='bbox 1296 1079 1342 1107; x_wconf 82' lang='grc' dir='ltr'><strong>οῦν</strong></span> <span class='ocrx_word' id='word_1_391' title='bbox 1357 1080 1428 1107; x_wconf 82' lang='grc' dir='ltr'>κατὰ</span> <span class='ocrx_word' id='word_1_392' title='bbox 1443 1080 1524 1116; x_wconf 77' lang='grc' dir='ltr'>φύσιν</span> <span class='ocrx_word' id='word_1_393' title='bbox 1546 1080 1593 1106; x_wconf 71' lang='grc' dir='ltr'>καὶ</span> <span class='ocrx_word' id='word_1_394' title='bbox 1603 1081 1635 1107; x_wconf 80' lang='grc' dir='ltr'><strong>ἐκ</strong></span> <span class='ocrx_word' id='word_1_395' title='bbox 1649 1079 1718 1106; x_wconf 85' lang='grc' dir='ltr'>Θεοῦ</span> <span class='ocrx_word' id='word_1_396' title='bbox 1731 1080 1838 1114; x_wconf 73' lang='grc' dir='ltr'>[ἰατρὸς</span> 
     </span>
    </p>
   </div>
   <div class='ocr_carea' id='block_1_51' title="bbox 1045 1125 1837 1162">
    <p class='ocr_par' dir='ltr' id='par_1_51' title="bbox 1045 1125 1837 1162">
     <span class='ocr_line' id='line_1_51' title="bbox 1045 1125 1837 1162; baseline -0.001 -10"><span class='ocrx_word' id='word_1_397' title='bbox 1045 1127 1164 1161; x_wconf 77' lang='grc' dir='ltr'>πέφηνεν</span> <span class='ocrx_word' id='word_1_398' title='bbox 1180 1127 1194 1152; x_wconf 80' lang='grc' dir='ltr'>ὁ</span> <span class='ocrx_word' id='word_1_399' title='bbox 1210 1127 1375 1162; x_wconf 81' lang='grc' dir='ltr'>Μονογενὴς,</span> <span class='ocrx_word' id='word_1_400' title='bbox 1391 1127 1438 1154; x_wconf 77' lang='grc' dir='ltr'>καὶ</span> <span class='ocrx_word' id='word_1_401' title='bbox 1459 1126 1496 1158; x_wconf 86' lang='grc' dir='ltr'>ὡς</span> <span class='ocrx_word' id='word_1_402' title='bbox 1511 1126 1590 1152; x_wconf 90' lang='grc' dir='ltr'>τοῦτο</span> <span class='ocrx_word' id='word_1_403' title='bbox 1603 1126 1745 1161; x_wconf 85' lang='grc' dir='ltr'><strong>ὑπάρχων,</strong></span> <span class='ocrx_word' id='word_1_404' title='bbox 1761 1125 1837 1151; x_wconf 84' lang='grc' dir='ltr'>ἐλεύ-</span> 
     </span>
    </p>
   </div>
   <div class='ocr_carea' id='block_1_52' title="bbox 1045 1171 1836 1208">
    <p class='ocr_par' dir='ltr' id='par_1_52' title="bbox 1045 1171 1836 1208">
     <span class='ocr_line' id='line_1_52' title="bbox 1045 1171 1836 1208; baseline -0.001 -9"><span class='ocrx_word' id='word_1_405' title='bbox 1045 1172 1223 1208; x_wconf 81' lang='grc' dir='ltr'>θερος.“Δλλὰ</span> <span class='ocrx_word' id='word_1_406' title='bbox 1249 1172 1402 1200; x_wconf 88' lang='grc' dir='ltr'>κεκένωκεν</span> <span class='ocrx_word' id='word_1_407' title='bbox 1427 1172 1533 1205; x_wconf 69' lang='grc' dir='ltr'>ἑαυτὸν,</span> <span class='ocrx_word' id='word_1_408' title='bbox 1548 1171 1620 1199; x_wconf 79' lang='grc' dir='ltr'>κατὰ</span> <span class='ocrx_word' id='word_1_409' title='bbox 1639 1173 1689 1204; x_wconf 77' lang='grc' dir='ltr'>τὰς</span> <span class='ocrx_word' id='word_1_410' title='bbox 1714 1171 1836 1207; x_wconf 81' lang='grc' dir='ltr'>Γραφὰς,</span> 
     </span>
    </p>
   </div>
   <div class='ocr_carea' id='block_1_53' title="bbox 1044 1216 1836 1254">
    <p class='ocr_par' dir='ltr' id='par_1_53' title="bbox 1044 1216 1836 1254">
     <span class='ocr_line' id='line_1_53' title="bbox 1044 1216 1836 1254; baseline -0.001 -9"><span class='ocrx_word' id='word_1_411' title='bbox 1044 1219 1150 1250; x_wconf 70' lang='grc' dir='ltr'>καθιεὶς</span> <span class='ocrx_word' id='word_1_412' title='bbox 1175 1219 1214 1250; x_wconf 79' lang='grc' dir='ltr'>εἰς</span> <span class='ocrx_word' id='word_1_413' title='bbox 1236 1219 1305 1254; x_wconf 79' lang='grc' dir='ltr'>ὅπερ</span> <span class='ocrx_word' id='word_1_414' title='bbox 1332 1218 1382 1245; x_wconf 84' lang='grc' dir='ltr'>οὐκ</span> <span class='ocrx_word' id='word_1_415' title='bbox 1406 1216 1451 1253; x_wconf 85' lang='grc' dir='ltr'>ἦν,</span> <span class='ocrx_word' id='word_1_416' title='bbox 1465 1218 1512 1245; x_wconf 80' lang='grc' dir='ltr'>καὶ</span> <span class='ocrx_word' id='word_1_417' title='bbox 1528 1218 1715 1253; x_wconf 83' lang='grc' dir='ltr'>κεχρημάτικε</span> <span class='ocrx_word' id='word_1_418' title='bbox 1733 1217 1836 1250; x_wconf 77' lang='grc' dir='ltr'>δοῦλος,</span> 
     </span>
    </p>
   </div>
   <div class='ocr_carea' id='block_1_54' title="bbox 1043 1263 1836 1300">
    <p class='ocr_par' dir='ltr' id='par_1_54' title="bbox 1043 1263 1836 1300">
     <span class='ocr_line' id='line_1_54' title="bbox 1043 1263 1836 1300; baseline -0.001 -9"><span class='ocrx_word' id='word_1_419' title='bbox 1043 1265 1088 1292; x_wconf 78' lang='grc' dir='ltr'><strong>διὰ</strong></span> <span class='ocrx_word' id='word_1_420' title='bbox 1102 1265 1133 1291; x_wconf 78' lang='grc' dir='ltr'>τὸ</span> <span class='ocrx_word' id='word_1_421' title='bbox 1150 1263 1330 1299; x_wconf 84' lang='grc' dir='ltr'>ἀνθρώπινον,</span> <span class='ocrx_word' id='word_1_422' title='bbox 1346 1264 1436 1291; x_wconf 83' lang='grc' dir='ltr'>καίτοι</span> <span class='ocrx_word' id='word_1_423' title='bbox 1450 1263 1553 1300; x_wconf 79' lang='grc' dir='ltr'>Κύριος</span> <span class='ocrx_word' id='word_1_424' title='bbox 1567 1264 1676 1291; x_wconf 83' lang='grc' dir='ltr'>πάντων</span> <span class='ocrx_word' id='word_1_425' title='bbox 1695 1263 1836 1299; x_wconf 78' lang='grc' dir='ltr'>ὑπάρχων,</span> 
     </span>
    </p>
   </div>
   <div class='ocr_carea' id='block_1_55' title="bbox 1042 1307 1838 1345">
    <p class='ocr_par' dir='ltr' id='par_1_55' title="bbox 1042 1307 1838 1345">
     <span class='ocr_line' id='line_1_55' title="bbox 1042 1307 1838 1345; baseline -0.001 -9"><span class='ocrx_word' id='word_1_426' title='bbox 1042 1309 1080 1341; x_wconf 85' lang='grc' dir='ltr'>ὠς</span> <span class='ocrx_word' id='word_1_427' title='bbox 1101 1309 1257 1341; x_wconf 80' lang='grc' dir='ltr'>Θεός.Ἀλλ“</span> <span class='ocrx_word' id='word_1_428' title='bbox 1272 1307 1306 1345; x_wconf 81' lang='grc' dir='ltr'>ἦν</span> <span class='ocrx_word' id='word_1_429' title='bbox 1329 1310 1376 1336; x_wconf 76' lang='grc' dir='ltr'>καὶ</span> <span class='ocrx_word' id='word_1_430' title='bbox 1400 1307 1476 1341; x_wconf 71' lang='grc' dir='ltr'>οὗτος</span> <span class='ocrx_word' id='word_1_431' title='bbox 1489 1308 1626 1344; x_wconf 80' lang='grc' dir='ltr'>Ἀνατολὴ,</span> <span class='ocrx_word' id='word_1_432' title='bbox 1646 1308 1783 1340; x_wconf 81' lang='grc' dir='ltr'>τουτέστι,</span> <span class='ocrx_word' id='word_1_433' title='bbox 1800 1309 1838 1335; x_wconf 76' lang='grc' dir='ltr'>δι-</span> 
     </span>
    </p>
   </div>
   <div class='ocr_carea' id='block_1_56' title="bbox 1043 1353 1837 1391">
    <p class='ocr_par' dir='ltr' id='par_1_56' title="bbox 1043 1353 1837 1391">
     <span class='ocr_line' id='line_1_56' title="bbox 1043 1353 1837 1391; baseline -0.001 -9"><span class='ocrx_word' id='word_1_434' title='bbox 1043 1356 1190 1391; x_wconf 71' lang='grc' dir='ltr'>καιοσύνης</span> <span class='ocrx_word' id='word_1_435' title='bbox 1203 1356 1308 1388; x_wconf 82' lang='grc' dir='ltr'>”Ηλιος.</span> <span class='ocrx_word' id='word_1_436' title='bbox 1323 1355 1433 1390; x_wconf 78' lang='grc' dir='ltr'>Ἀνέσχε</span> <span class='ocrx_word' id='word_1_437' title='bbox 1456 1355 1511 1390; x_wconf 79' lang='grc' dir='ltr'><strong>γὰρ</strong></span> <span class='ocrx_word' id='word_1_438' title='bbox 1538 1357 1585 1383; x_wconf 81' lang='grc' dir='ltr'>καὶ</span> <span class='ocrx_word' id='word_1_439' title='bbox 1604 1355 1763 1390; x_wconf 71' lang='grc' dir='ltr'>ἐπέλαμψεν</span> <span class='ocrx_word' id='word_1_440' title='bbox 1779 1353 1837 1382; x_wconf 77' lang='grc' dir='ltr'><strong>οἷά-</strong></span> 
     </span>
    </p>
   </div>
   <div class='ocr_carea' id='block_1_57' title="bbox 1043 1400 1838 1436">
    <p class='ocr_par' dir='ltr' id='par_1_57' title="bbox 1043 1400 1838 1436">
     <span class='ocr_line' id='line_1_57' title="bbox 1043 1400 1838 1436; baseline -0.001 -9"><span class='ocrx_word' id='word_1_441' title='bbox 1043 1409 1097 1436; x_wconf 86' lang='grc' dir='ltr'><strong>περ</strong></span> <span class='ocrx_word' id='word_1_442' title='bbox 1120 1402 1149 1427; x_wconf 90' lang='grc' dir='ltr'><strong>ἐν</strong></span> <span class='ocrx_word' id='word_1_443' title='bbox 1176 1400 1266 1428; x_wconf 84' lang='grc' dir='ltr'>σκότει</span> <span class='ocrx_word' id='word_1_444' title='bbox 1293 1400 1459 1427; x_wconf 80' lang='grc' dir='ltr'>διατελοῦσιν</span> <span class='ocrx_word' id='word_1_445' title='bbox 1474 1401 1550 1435; x_wconf 84' lang='grc' dir='ltr'>ἡμῖν,</span> <span class='ocrx_word' id='word_1_446' title='bbox 1571 1400 1650 1435; x_wconf 80' lang='grc' dir='ltr'>μόνον</span> <span class='ocrx_word' id='word_1_447' title='bbox 1665 1400 1694 1426; x_wconf 83' lang='grc' dir='ltr'>δὲ</span> <span class='ocrx_word' id='word_1_448' title='bbox 1710 1400 1773 1435; x_wconf 77' lang='grc' dir='ltr'>οὐχὶ</span> <span class='ocrx_word' id='word_1_449' title='bbox 1791 1400 1838 1427; x_wconf 75' lang='grc' dir='ltr'>καὶ</span> 
     </span>
    </p>
   </div>
   <div class='ocr_carea' id='block_1_58' title="bbox 1043 1445 1838 1481">
    <p class='ocr_par' dir='ltr' id='par_1_58' title="bbox 1043 1445 1838 1481">
     <span class='ocr_line' id='line_1_58' title="bbox 1043 1445 1838 1481; baseline -0.004 -8"><span class='ocrx_word' id='word_1_450' title='bbox 1043 1446 1080 1478; x_wconf 79' lang='grc' dir='ltr'>ὡς</span> <span class='ocrx_word' id='word_1_451' title='bbox 1093 1447 1121 1472; x_wconf 81' lang='grc' dir='ltr'>ὲν</span> <span class='ocrx_word' id='word_1_452' title='bbox 1136 1446 1213 1473; x_wconf 76' lang='grc' dir='ltr'>νυκτὶ</span> <span class='ocrx_word' id='word_1_453' title='bbox 1241 1447 1287 1473; x_wconf 77' lang='grc' dir='ltr'>καὶ</span> <span class='ocrx_word' id='word_1_454' title='bbox 1302 1445 1378 1480; x_wconf 81' lang='grc' dir='ltr'>ὕπνῳ</span> <span class='ocrx_word' id='word_1_455' title='bbox 1394 1445 1603 1481; x_wconf 80' lang='grc' dir='ltr'>κεκαρωμένους</span> <span class='ocrx_word' id='word_1_456' title='bbox 1618 1446 1676 1476; x_wconf 83' lang='grc' dir='ltr'>ταῖς</span> <span class='ocrx_word' id='word_1_457' title='bbox 1691 1445 1838 1479; x_wconf 76' lang='grc' dir='ltr'>κοσμικαῖς</span> 
     </span>
    </p>
   </div>
   <div class='ocr_carea' id='block_1_59' title="bbox 1043 1491 1838 1527">
    <p class='ocr_par' dir='ltr' id='par_1_59' title="bbox 1043 1491 1838 1527">
     <span class='ocr_line' id='line_1_59' title="bbox 1043 1491 1838 1527; baseline -0.003 -9"><span class='ocrx_word' id='word_1_458' title='bbox 1043 1492 1161 1527; x_wconf 78' lang='grc' dir='ltr'>ἡδοναῖς,</span> <span class='ocrx_word' id='word_1_459' title='bbox 1178 1492 1225 1518; x_wconf 73' lang='grc' dir='ltr'>καὶ</span> <span class='ocrx_word' id='word_1_460' title='bbox 1249 1492 1298 1526; x_wconf 89' lang='grc' dir='ltr'>τῆς</span> <span class='ocrx_word' id='word_1_461' title='bbox 1315 1491 1435 1523; x_wconf 79' lang='grc' dir='ltr'>διανοίας</span> <span class='ocrx_word' id='word_1_462' title='bbox 1456 1491 1502 1518; x_wconf 75' lang='grc' dir='ltr'>τὸν</span> <span class='ocrx_word' id='word_1_463' title='bbox 1519 1491 1657 1526; x_wconf 74' lang='grc' dir='ltr'>ὀφθαλμὸν</span> <span class='ocrx_word' id='word_1_464' title='bbox 1679 1499 1838 1517; x_wconf 83' lang='grc' dir='ltr'>κατεσκοτι-</span> 
     </span>
    </p>
   </div>
   <div class='ocr_carea' id='block_1_60' title="bbox 203 1532 996 1578">
    <p class='ocr_par' dir='ltr' id='par_1_60' title="bbox 203 1532 992 1567">
     <span class='ocr_line' id='line_1_60' title="bbox 203 1532 992 1567; baseline -0.005 -5"><span class='ocrx_word' id='word_1_465' title='bbox 203 1536 318 1563; x_wconf 85' lang='lat' dir='ltr'><strong>duamur</strong></span> <span class='ocrx_word' id='word_1_466' title='bbox 332 1542 409 1562; x_wconf 87' lang='lat' dir='ltr'><strong>arma</strong></span> <span class='ocrx_word' id='word_1_467' title='bbox 427 1534 505 1567; x_wconf 84' lang='lat' dir='ltr'><strong>lucis,</strong></span> <span class='ocrx_word' id='word_1_468' title='bbox 531 1533 640 1561; x_wconf 87' lang='lat' dir='ltr'><strong>sicutin</strong></span> <span class='ocrx_word' id='word_1_469' title='bbox 656 1533 699 1560; x_wconf 90' lang='lat' dir='ltr'><strong>die</strong></span> <span class='ocrx_word' id='word_1_470' title='bbox 729 1533 843 1560; x_wconf 87' lang='lat' dir='ltr'><strong>honeste</strong></span> <span class='ocrx_word' id='word_1_471' title='bbox 873 1532 992 1559; x_wconf 82' lang='lat' dir='ltr'><strong>ambule—</strong></span> 
     </span>
    </p>
   </div>
   <div class='ocr_carea' id='block_1_61' title="bbox 1045 1532 1838 1578">
    <p class='ocr_par' dir='ltr' id='par_1_61' title="bbox 1047 1536 1838 1573">
     <span class='ocr_line' id='line_1_61' title="bbox 1047 1536 1838 1573; baseline -0.003 -9"><span class='ocrx_word' id='word_1_472' title='bbox 1047 1538 1171 1573; x_wconf 77' lang='grc' dir='ltr'>σμένους,</span> <span class='ocrx_word' id='word_1_473' title='bbox 1189 1538 1284 1573; x_wconf 77' lang='grc' dir='ltr'>ἠγειρέ</span> <span class='ocrx_word' id='word_1_474' title='bbox 1307 1546 1337 1564; x_wconf 88' lang='grc' dir='ltr'><strong>τε</strong></span> <span class='ocrx_word' id='word_1_475' title='bbox 1354 1537 1423 1572; x_wconf 82' lang='grc' dir='ltr'>πρὸς</span> <span class='ocrx_word' id='word_1_476' title='bbox 1436 1536 1527 1572; x_wconf 76' lang='grc' dir='ltr'>νῆψιν,</span> <span class='ocrx_word' id='word_1_477' title='bbox 1547 1537 1594 1564; x_wconf 79' lang='grc' dir='ltr'>καὶ</span> <span class='ocrx_word' id='word_1_478' title='bbox 1619 1536 1763 1572; x_wconf 73' lang='grc' dir='ltr'>λαμπροὺς</span> <span class='ocrx_word' id='word_1_479' title='bbox 1786 1537 1838 1562; x_wconf 78' lang='grc' dir='ltr'><strong>ἀπ-</strong></span> 
     </span>
    </p>
   </div>
   <div class='ocr_carea' id='block_1_62' title="bbox 204 1579 996 1619">
    <p class='ocr_par' dir='ltr' id='par_1_62' title="bbox 204 1579 995 1614">
     <span class='ocr_line' id='line_1_62' title="bbox 204 1579 995 1614; baseline -0.003 -6"><span class='ocrx_word' id='word_1_480' title='bbox 204 1588 264 1608; x_wconf 82' lang='lat' dir='ltr'><strong>mus</strong></span> <span class='ocrx_word' id='word_1_481' title='bbox 273 1579 323 1606; x_wconf 72' lang='grc'><strong>⁸⁸.»</strong></span> <span class='ocrx_word' id='word_1_482' title='bbox 336 1580 369 1607; x_wconf 82' lang='lat' dir='ltr'><strong>Et</strong></span> <span class='ocrx_word' id='word_1_483' title='bbox 386 1581 481 1608; x_wconf 85' lang='lat' dir='ltr'><strong>iterum</strong></span> <span class='ocrx_word' id='word_1_484' title='bbox 495 1589 502 1607; x_wconf 89' lang='lat'>:</span> <span class='ocrx_word' id='word_1_485' title='bbox 521 1588 531 1605; x_wconf 76' lang='grc' dir='ltr'><strong>ι</strong></span> <span class='ocrx_word' id='word_1_486' title='bbox 551 1579 648 1613; x_wconf 77' lang='lat' dir='ltr'><strong>Surge,</strong></span> <span class='ocrx_word' id='word_1_487' title='bbox 663 1579 707 1614; x_wconf 87' lang='lat' dir='ltr'><strong>qui</strong></span> <span class='ocrx_word' id='word_1_488' title='bbox 723 1579 833 1611; x_wconf 88' lang='lat' dir='ltr'><strong>dormis,</strong></span> <span class='ocrx_word' id='word_1_489' title='bbox 846 1583 995 1613; x_wconf 76' lang='lat' dir='ltr'><strong>etexsurge</strong></span> 
     </span>
    </p>
   </div>
   <div class='ocr_carea' id='block_1_63' title="bbox 1045 1579 1837 1619">
    <p class='ocr_par' dir='ltr' id='par_1_63' title="bbox 1046 1581 1837 1619">
     <span class='ocr_line' id='line_1_63' title="bbox 1046 1581 1837 1619; baseline -0.004 -9"><span class='ocrx_word' id='word_1_490' title='bbox 1046 1584 1129 1618; x_wconf 82' lang='grc' dir='ltr'>έφηνε</span> <span class='ocrx_word' id='word_1_491' title='bbox 1144 1585 1177 1619; x_wconf 82' lang='grc' dir='ltr'>τῇ</span> <span class='ocrx_word' id='word_1_492' title='bbox 1193 1584 1258 1619; x_wconf 70' lang='grc' dir='ltr'>παρ’</span> <span class='ocrx_word' id='word_1_493' title='bbox 1272 1583 1369 1610; x_wconf 83' lang='grc' dir='ltr'>ἐαυτοῦ</span> <span class='ocrx_word' id='word_1_494' title='bbox 1383 1584 1484 1619; x_wconf 84' lang='grc' dir='ltr'>χάριτι.</span> <span class='ocrx_word' id='word_1_495' title='bbox 1502 1582 1645 1618; x_wconf 82' lang='grc' dir='ltr'>Τοιγάρτοι</span> <span class='ocrx_word' id='word_1_496' title='bbox 1667 1582 1713 1609; x_wconf 73' lang='grc' dir='ltr'>καὶ</span> <span class='ocrx_word' id='word_1_497' title='bbox 1728 1582 1742 1608; x_wconf 83' lang='grc' dir='ltr'>ὁ</span> <span class='ocrx_word' id='word_1_498' title='bbox 1757 1581 1837 1616; x_wconf 79' lang='grc' dir='ltr'>σοφὸς</span> 
     </span>
    </p>
   </div>
   <div class='ocr_carea' id='block_1_64' title="bbox 204 1626 996 1664">
    <p class='ocr_par' dir='ltr' id='par_1_64' title="bbox 204 1626 994 1661">
     <span class='ocr_line' id='line_1_64' title="bbox 204 1626 994 1661; baseline 0 -7"><span class='ocrx_word' id='word_1_499' title='bbox 204 1634 218 1654; x_wconf 90' lang='lat' dir='ltr'><strong>a</strong></span> <span class='ocrx_word' id='word_1_500' title='bbox 234 1628 356 1660; x_wconf 82' lang='lat' dir='ltr'><strong>mortuis,</strong></span> <span class='ocrx_word' id='word_1_501' title='bbox 368 1633 394 1655; x_wconf 88' lang='lat' dir='ltr'><strong>et</strong></span> <span class='ocrx_word' id='word_1_502' title='bbox 409 1627 572 1655; x_wconf 88' lang='lat' dir='ltr'><strong>illuminabit</strong></span> <span class='ocrx_word' id='word_1_503' title='bbox 583 1632 609 1655; x_wconf 91' lang='lat' dir='ltr'><strong>te</strong></span> <span class='ocrx_word' id='word_1_504' title='bbox 620 1626 746 1655; x_wconf 85' lang='lat' dir='ltr'><strong>Christus</strong></span> <span class='ocrx_word' id='word_1_505' title='bbox 761 1626 796 1654; x_wconf 75' lang='lat'><strong>&quot;.</strong></span> <span class='ocrx_word' id='word_1_506' title='bbox 817 1635 826 1653; x_wconf 69' lang='grc' dir='ltr'><strong>ι</strong></span> <span class='ocrx_word' id='word_1_507' title='bbox 839 1626 994 1661; x_wconf 78' lang='lat' dir='ltr'><strong>Promulgnt</strong></span> 
     </span>
    </p>
   </div>
   <div class='ocr_carea' id='block_1_65' title="bbox 1045 1626 1836 1664">
    <p class='ocr_par' dir='ltr' id='par_1_65' title="bbox 1045 1628 1836 1664">
     <span class='ocr_line' id='line_1_65' title="bbox 1045 1628 1836 1664; baseline -0.004 -8"><span class='ocrx_word' id='word_1_508' title='bbox 1045 1630 1110 1664; x_wconf 79' lang='grc' dir='ltr'>ἡμῖν</span> <span class='ocrx_word' id='word_1_509' title='bbox 1121 1629 1273 1656; x_wconf 74' lang='grc' dir='ltr'>ἐπιστέλλει</span> <span class='ocrx_word' id='word_1_510' title='bbox 1288 1630 1403 1661; x_wconf 86' lang='grc' dir='ltr'>Παῦλος,</span> <span class='ocrx_word' id='word_1_511' title='bbox 1416 1630 1482 1656; x_wconf 81' lang='grc' dir='ltr'>αὐτὸ</span> <span class='ocrx_word' id='word_1_512' title='bbox 1495 1629 1526 1664; x_wconf 81' lang='grc' dir='ltr'>δὴ</span> <span class='ocrx_word' id='word_1_513' title='bbox 1541 1629 1620 1656; x_wconf 86' lang='grc' dir='ltr'>τοῦτο</span> <span class='ocrx_word' id='word_1_514' title='bbox 1634 1628 1820 1663; x_wconf 81' lang='grc' dir='ltr'>καταμηνύων</span> <span class='ocrx_word' id='word_1_515' title='bbox 1829 1635 1836 1642; x_wconf 91' lang='grc'><strong>·</strong></span> 
     </span>
    </p>
   </div>
   <div class='ocr_carea' id='block_1_66' title="bbox 205 1673 990 1708">
    <p class='ocr_par' dir='ltr' id='par_1_66' title="bbox 205 1673 990 1708">
     <span class='ocr_line' id='line_1_66' title="bbox 205 1673 990 1708; baseline 0 -8"><span class='ocrx_word' id='word_1_516' title='bbox 205 1673 285 1708; x_wconf 71' lang='lat' dir='ltr'><strong>igitur</strong></span> <span class='ocrx_word' id='word_1_517' title='bbox 297 1678 360 1700; x_wconf 83' lang='lat' dir='ltr'><strong>ante</strong></span> <span class='ocrx_word' id='word_1_518' title='bbox 384 1673 499 1708; x_wconf 77' lang='lat' dir='ltr'><strong>insignia</strong></span> <span class='ocrx_word' id='word_1_519' title='bbox 523 1673 593 1701; x_wconf 86' lang='lat' dir='ltr'><strong>facta</strong></span> <span class='ocrx_word' id='word_1_520' title='bbox 623 1673 771 1701; x_wconf 86' lang='lat' dir='ltr'><strong>Salvatoris</strong></span> <span class='ocrx_word' id='word_1_521' title='bbox 806 1673 902 1705; x_wconf 88' lang='lat' dir='ltr'><strong>nostri,</strong></span> <span class='ocrx_word' id='word_1_522' title='bbox 930 1680 990 1707; x_wconf 72' lang='lat' dir='ltr'><strong>qum</strong></span> 
     </span>
    </p>
   </div>
   <div class='ocr_carea' id='block_1_67' title="bbox 205 1718 990 1754">
    <p class='ocr_par' dir='ltr' id='par_1_67' title="bbox 205 1718 990 1754">
     <span class='ocr_line' id='line_1_67' title="bbox 205 1718 990 1754; baseline 0 -8"><span class='ocrx_word' id='word_1_523' title='bbox 205 1726 324 1752; x_wconf 51' lang='lat' dir='ltr'><strong>praesens</strong></span> <span class='ocrx_word' id='word_1_524' title='bbox 349 1719 472 1747; x_wconf 78' lang='lat' dir='ltr'><strong>editurus</strong></span> <span class='ocrx_word' id='word_1_525' title='bbox 495 1724 546 1747; x_wconf 90' lang='lat' dir='ltr'><strong>est.</strong></span> <span class='ocrx_word' id='word_1_526' title='bbox 563 1718 687 1747; x_wconf 79' lang='lat' dir='ltr'><strong>Nominat</strong></span> <span class='ocrx_word' id='word_1_527' title='bbox 721 1727 841 1751; x_wconf 84' lang='lat' dir='ltr'><strong>servum,</strong></span> <span class='ocrx_word' id='word_1_528' title='bbox 861 1720 990 1754; x_wconf 87' lang='lat' dir='ltr'><strong>quoniam</strong></span> 
     </span>
    </p>
   </div>
   <div class='ocr_carea' id='block_1_68' title="bbox 204 1765 994 1800">
    <p class='ocr_par' dir='ltr' id='par_1_68' title="bbox 204 1765 994 1800">
     <span class='ocr_line' id='line_1_68' title="bbox 204 1765 994 1800; baseline -0.001 -8"><span class='ocrx_word' id='word_1_529' title='bbox 204 1765 232 1792; x_wconf 90' lang='lat' dir='ltr'><strong>in</strong></span> <span class='ocrx_word' id='word_1_530' title='bbox 251 1765 323 1792; x_wconf 87' lang='lat' dir='ltr'><strong>servi</strong></span> <span class='ocrx_word' id='word_1_531' title='bbox 343 1765 429 1793; x_wconf 78' lang='lat' dir='ltr'><strong>forma</strong></span> <span class='ocrx_word' id='word_1_532' title='bbox 448 1766 540 1799; x_wconf 86' lang='lat' dir='ltr'><strong>venit;</strong></span> <span class='ocrx_word' id='word_1_533' title='bbox 553 1766 701 1798; x_wconf 88' lang='lat' dir='ltr'><strong>Orientem,</strong></span> <span class='ocrx_word' id='word_1_534' title='bbox 717 1765 779 1800; x_wconf 86' lang='lat' dir='ltr'><strong>quia</strong></span> <span class='ocrx_word' id='word_1_535' title='bbox 799 1765 887 1792; x_wconf 90' lang='lat' dir='ltr'><strong>lumen</strong></span> <span class='ocrx_word' id='word_1_536' title='bbox 901 1772 994 1792; x_wconf 80' lang='lat' dir='ltr'><strong>verum</strong></span> 
     </span>
    </p>
   </div>
   <div class='ocr_carea' id='block_1_69' title="bbox 205 1811 993 1845">
    <p class='ocr_par' dir='ltr' id='par_1_69' title="bbox 205 1811 993 1845">
     <span class='ocr_line' id='line_1_69' title="bbox 205 1811 993 1845; baseline -0.001 -7"><span class='ocrx_word' id='word_1_537' title='bbox 205 1816 257 1845; x_wconf 87' lang='lat' dir='ltr'><strong>est,</strong></span> <span class='ocrx_word' id='word_1_538' title='bbox 273 1812 344 1839; x_wconf 87' lang='lat' dir='ltr'><strong>idem</strong></span> <span class='ocrx_word' id='word_1_539' title='bbox 372 1817 399 1839; x_wconf 89' lang='lat' dir='ltr'><strong>et</strong></span> <span class='ocrx_word' id='word_1_540' title='bbox 414 1812 483 1844; x_wconf 88' lang='lat' dir='ltr'><strong>dics,</strong></span> <span class='ocrx_word' id='word_1_541' title='bbox 498 1817 525 1840; x_wconf 90' lang='lat' dir='ltr'><strong>et</strong></span> <span class='ocrx_word' id='word_1_542' title='bbox 537 1812 627 1839; x_wconf 83' lang='lat' dir='ltr'><strong>clarus</strong></span> <span class='ocrx_word' id='word_1_543' title='bbox 643 1811 737 1839; x_wconf 81' lang='lat' dir='ltr'><strong>lucifer</strong></span> <span class='ocrx_word' id='word_1_544' title='bbox 752 1811 777 1838; x_wconf 86' lang='lat' dir='ltr'><strong>in</strong></span> <span class='ocrx_word' id='word_1_545' title='bbox 796 1811 931 1838; x_wconf 79' lang='lat' dir='ltr'><strong>mentibus</strong></span> <span class='ocrx_word' id='word_1_546' title='bbox 945 1818 993 1838; x_wconf 80' lang='lat' dir='ltr'><strong>ex-</strong></span> 
     </span>
    </p>
   </div>
   <div class='ocr_carea' id='block_1_70' title="bbox 206 1857 991 1892">
    <p class='ocr_par' dir='ltr' id='par_1_70' title="bbox 206 1857 991 1892">
     <span class='ocr_line' id='line_1_70' title="bbox 206 1857 991 1892; baseline -0.004 -6"><span class='ocrx_word' id='word_1_547' title='bbox 206 1859 299 1886; x_wconf 86' lang='lat' dir='ltr'><strong>oriens</strong></span> <span class='ocrx_word' id='word_1_548' title='bbox 314 1864 340 1886; x_wconf 89' lang='lat' dir='ltr'><strong>et</strong></span> <span class='ocrx_word' id='word_1_549' title='bbox 360 1859 444 1886; x_wconf 86' lang='lat' dir='ltr'><strong>corda</strong></span> <span class='ocrx_word' id='word_1_550' title='bbox 467 1859 555 1886; x_wconf 90' lang='lat' dir='ltr'><strong>lucida</strong></span> <span class='ocrx_word' id='word_1_551' title='bbox 580 1858 708 1886; x_wconf 76' lang='lat' dir='ltr'><strong>eﬂicicns.</strong></span> <span class='ocrx_word' id='word_1_552' title='bbox 740 1858 851 1892; x_wconf 89' lang='lat' dir='ltr'><strong>Insuper</strong></span> <span class='ocrx_word' id='word_1_553' title='bbox 877 1857 991 1892; x_wconf 85' lang='lat' dir='ltr'><strong>lapidem</strong></span> 
     </span>
    </p>
   </div>
   <div class='ocr_carea' id='block_1_71' title="bbox 205 1903 992 1940">
    <p class='ocr_par' dir='ltr' id='par_1_71' title="bbox 205 1903 992 1940">
     <span class='ocr_line' id='line_1_71' title="bbox 205 1903 992 1940; baseline -0.003 -9"><span class='ocrx_word' id='word_1_554' title='bbox 205 1910 300 1933; x_wconf 83' lang='lat' dir='ltr'><strong>vocat:</strong></span> <span class='ocrx_word' id='word_1_555' title='bbox 315 1905 379 1940; x_wconf 90' lang='lat' dir='ltr'><strong>quin</strong></span> <span class='ocrx_word' id='word_1_556' title='bbox 394 1904 420 1932; x_wconf 83' lang='lat' dir='ltr'><strong>et</strong></span> <span class='ocrx_word' id='word_1_557' title='bbox 433 1905 525 1932; x_wconf 77' lang='lat' dir='ltr'><strong>datum</strong></span> <span class='ocrx_word' id='word_1_558' title='bbox 541 1909 604 1932; x_wconf 91' lang='lat' dir='ltr'><strong>ante</strong></span> <span class='ocrx_word' id='word_1_559' title='bbox 625 1904 720 1931; x_wconf 82' lang='lat' dir='ltr'><strong>faciem</strong></span> <span class='ocrx_word' id='word_1_560' title='bbox 741 1903 815 1937; x_wconf 80' lang='lat' dir='ltr'><strong>.lesu,</strong></span> <span class='ocrx_word' id='word_1_561' title='bbox 838 1907 866 1930; x_wconf 91' lang='lat' dir='ltr'><strong>et</strong></span> <span class='ocrx_word' id='word_1_562' title='bbox 890 1908 992 1936; x_wconf 84' lang='lat' dir='ltr'><strong>septem</strong></span> 
     </span>
    </p>
   </div>
   <div class='ocr_carea' id='block_1_72' title="bbox 205 1948 993 1984">
    <p class='ocr_par' dir='ltr' id='par_1_72' title="bbox 205 1948 993 1984">
     <span class='ocr_line' id='line_1_72' title="bbox 205 1948 993 1984; baseline -0.006 -5"><span class='ocrx_word' id='word_1_563' title='bbox 205 1951 307 1979; x_wconf 85' lang='lat' dir='ltr'><strong>habere</strong></span> <span class='ocrx_word' id='word_1_564' title='bbox 318 1950 410 1978; x_wconf 82' lang='lat' dir='ltr'><strong>oculos</strong></span> <span class='ocrx_word' id='word_1_565' title='bbox 429 1954 561 1978; x_wconf 74' lang='lat' dir='ltr'><strong>autumat.</strong></span> <span class='ocrx_word' id='word_1_566' title='bbox 585 1949 732 1984; x_wconf 85' lang='lat' dir='ltr'><strong>Oportebat</strong></span> <span class='ocrx_word' id='word_1_567' title='bbox 756 1949 828 1976; x_wconf 92' lang='lat' dir='ltr'><strong>enim</strong></span> <span class='ocrx_word' id='word_1_568' title='bbox 860 1948 993 1983; x_wconf 88' lang='lat' dir='ltr'><strong>imprimis</strong></span> 
     </span>
    </p>
   </div>
   <div class='ocr_carea' id='block_1_73' title="bbox 205 1994 990 2032">
    <p class='ocr_par' dir='ltr' id='par_1_73' title="bbox 205 1994 990 2032">
     <span class='ocr_line' id='line_1_73' title="bbox 205 1994 990 2032; baseline -0.006 -7"><span class='ocrx_word' id='word_1_569' title='bbox 205 1997 384 2025; x_wconf 83' lang='lat' dir='ltr'><strong>sacerdotium</strong></span> <span class='ocrx_word' id='word_1_570' title='bbox 399 1997 493 2032; x_wconf 80' lang='lat' dir='ltr'><strong>legale,</strong></span> <span class='ocrx_word' id='word_1_571' title='bbox 505 1997 583 2031; x_wconf 85' lang='lat' dir='ltr'><strong>cujus</strong></span> <span class='ocrx_word' id='word_1_572' title='bbox 599 2002 690 2032; x_wconf 80' lang='lat' dir='ltr'><strong>typum</strong></span> <span class='ocrx_word' id='word_1_573' title='bbox 714 1995 852 2031; x_wconf 90' lang='lat' dir='ltr'><strong>posuimus</strong></span> <span class='ocrx_word' id='word_1_574' title='bbox 875 1994 967 2022; x_wconf 73' lang='lat' dir='ltr'><strong>Iesum</strong></span> <span class='ocrx_word' id='word_1_575' title='bbox 983 2013 990 2026; x_wconf 88' lang='lat'><strong>,</strong></span> 
     </span>
    </p>
   </div>
   <div class='ocr_carea' id='block_1_74' title="bbox 205 2041 992 2078">
    <p class='ocr_par' dir='ltr' id='par_1_74' title="bbox 205 2041 992 2078">
     <span class='ocr_line' id='line_1_74' title="bbox 205 2041 992 2078; baseline -0.006 -7"><span class='ocrx_word' id='word_1_576' title='bbox 205 2044 282 2078; x_wconf 87' lang='lat' dir='ltr'><strong>quasi</strong></span> <span class='ocrx_word' id='word_1_577' title='bbox 299 2048 363 2071; x_wconf 83' lang='lat' dir='ltr'><strong>ante</strong></span> <span class='ocrx_word' id='word_1_578' title='bbox 387 2043 484 2070; x_wconf 84' lang='lat' dir='ltr'><strong>faciem</strong></span> <span class='ocrx_word' id='word_1_579' title='bbox 500 2047 527 2070; x_wconf 87' lang='lat' dir='ltr'><strong>et</strong></span> <span class='ocrx_word' id='word_1_580' title='bbox 545 2048 608 2070; x_wconf 90' lang='lat' dir='ltr'><strong>ante</strong></span> <span class='ocrx_word' id='word_1_581' title='bbox 635 2041 730 2069; x_wconf 84' lang='lat' dir='ltr'><strong>oculos</strong></span> <span class='ocrx_word' id='word_1_582' title='bbox 760 2042 861 2068; x_wconf 85' lang='lat' dir='ltr'><strong>habere</strong></span> <span class='ocrx_word' id='word_1_583' title='bbox 886 2047 992 2074; x_wconf 78' lang='lat' dir='ltr'><strong>semper</strong></span> 
     </span>
    </p>
   </div>
   <div class='ocr_carea' id='block_1_75' title="bbox 206 2085 990 2124">
    <p class='ocr_par' dir='ltr' id='par_1_75' title="bbox 206 2085 990 2124">
     <span class='ocr_line' id='line_1_75' title="bbox 206 2085 990 2124; baseline -0.008 -7"><span class='ocrx_word' id='word_1_584' title='bbox 206 2090 321 2124; x_wconf 86' lang='lat' dir='ltr'><strong>lapidem</strong></span> <span class='ocrx_word' id='word_1_585' title='bbox 334 2089 449 2116; x_wconf 77' lang='lat' dir='ltr'><strong>electum</strong></span> <span class='ocrx_word' id='word_1_586' title='bbox 461 2108 469 2121; x_wconf 87' lang='lat'><strong>,</strong></span> <span class='ocrx_word' id='word_1_587' title='bbox 484 2088 651 2123; x_wconf 78' lang='lat' dir='ltr'><strong>angularem,</strong></span> <span class='ocrx_word' id='word_1_588' title='bbox 664 2087 823 2121; x_wconf 89' lang='lat' dir='ltr'><strong>pretiosum,</strong></span> <span class='ocrx_word' id='word_1_589' title='bbox 841 2087 867 2113; x_wconf 94' lang='lat' dir='ltr'><strong>in</strong></span> <span class='ocrx_word' id='word_1_590' title='bbox 894 2085 990 2112; x_wconf 89' lang='lat' dir='ltr'><strong>funda-</strong></span> 
     </span>
    </p>
   </div>
   <div class='ocr_carea' id='block_1_76' title="bbox 205 2131 990 2164">
    <p class='ocr_par' dir='ltr' id='par_1_76' title="bbox 205 2131 990 2164">
     <span class='ocr_line' id='line_1_76' title="bbox 205 2131 990 2164; baseline -0.006 -2"><span class='ocrx_word' id='word_1_591' title='bbox 205 2139 326 2162; x_wconf 86' lang='lat' dir='ltr'><strong>mentum</strong></span> <span class='ocrx_word' id='word_1_592' title='bbox 345 2133 409 2162; x_wconf 90' lang='lat' dir='ltr'><strong>Sion</strong></span> <span class='ocrx_word' id='word_1_593' title='bbox 441 2134 597 2164; x_wconf 87' lang='lat' dir='ltr'><strong>decretum,</strong></span> <span class='ocrx_word' id='word_1_594' title='bbox 614 2132 704 2159; x_wconf 89' lang='lat' dir='ltr'><strong>multis</strong></span> <span class='ocrx_word' id='word_1_595' title='bbox 729 2131 815 2159; x_wconf 89' lang='lat' dir='ltr'><strong>oculis</strong></span> <span class='ocrx_word' id='word_1_596' title='bbox 841 2131 990 2158; x_wconf 78' lang='lat' dir='ltr'><strong>intuentem</strong></span> 
     </span>
    </p>
   </div>
   <div class='ocr_carea' id='block_1_77' title="bbox 204 2175 990 2213">
    <p class='ocr_par' dir='ltr' id='par_1_77' title="bbox 204 2175 990 2213">
     <span class='ocr_line' id='line_1_77' title="bbox 204 2175 990 2213; baseline -0.005 -7"><span class='ocrx_word' id='word_1_597' title='bbox 204 2179 295 2206; x_wconf 89' lang='lat' dir='ltr'><strong>omnia</strong></span> <span class='ocrx_word' id='word_1_598' title='bbox 310 2180 343 2207; x_wconf 72' lang='grc'><strong>³⁸.</strong></span> <span class='ocrx_word' id='word_1_599' title='bbox 360 2178 468 2213; x_wconf 84' lang='lat' dir='ltr'><strong>Septem</strong></span> <span class='ocrx_word' id='word_1_600' title='bbox 482 2178 579 2212; x_wconf 85' lang='lat' dir='ltr'><strong>quippe</strong></span> <span class='ocrx_word' id='word_1_601' title='bbox 592 2177 774 2212; x_wconf 75' lang='lat' dir='ltr'><strong>integritatem</strong></span> <span class='ocrx_word' id='word_1_602' title='bbox 785 2175 990 2211; x_wconf 83' lang='lat' dir='ltr'><strong>perfectionem-</strong></span> 
     </span>
    </p>
   </div>
   <div class='ocr_carea' id='block_1_78' title="bbox 204 2222 992 2259">
    <p class='ocr_par' dir='ltr' id='par_1_78' title="bbox 204 2222 992 2259">
     <span class='ocr_line' id='line_1_78' title="bbox 204 2222 992 2259; baseline -0.004 -8"><span class='ocrx_word' id='word_1_603' title='bbox 204 2232 257 2259; x_wconf 88' lang='lat' dir='ltr'><strong>que</strong></span> <span class='ocrx_word' id='word_1_604' title='bbox 270 2224 408 2252; x_wconf 87' lang='lat' dir='ltr'><strong>declarare</strong></span> <span class='ocrx_word' id='word_1_605' title='bbox 419 2224 515 2251; x_wconf 88' lang='lat' dir='ltr'><strong>solent.</strong></span> <span class='ocrx_word' id='word_1_606' title='bbox 534 2223 640 2250; x_wconf 88' lang='lat' dir='ltr'><strong>Sterilis</strong></span> <span class='ocrx_word' id='word_1_607' title='bbox 658 2223 739 2257; x_wconf 81' lang='lat' dir='ltr'><strong>igitur</strong></span> <span class='ocrx_word' id='word_1_608' title='bbox 766 2222 866 2250; x_wconf 82' lang='lat' dir='ltr'><strong>dicitur</strong></span> <span class='ocrx_word' id='word_1_609' title='bbox 897 2229 992 2257; x_wconf 81' lang='lat' dir='ltr'><strong>parere</strong></span> 
     </span>
    </p>
   </div>
   <div class='ocr_carea' id='block_1_79' title="bbox 204 2268 990 2304">
    <p class='ocr_par' dir='ltr' id='par_1_79' title="bbox 204 2268 990 2304">
     <span class='ocr_line' id='line_1_79' title="bbox 204 2268 990 2304; baseline -0.004 -7"><span class='ocrx_word' id='word_1_610' title='bbox 204 2276 308 2304; x_wconf 86' lang='lat' dir='ltr'><strong>septem</strong></span> <span class='ocrx_word' id='word_1_611' title='bbox 323 2271 356 2297; x_wconf 72' lang='lat'><strong>°‘.</strong></span> <span class='ocrx_word' id='word_1_612' title='bbox 375 2269 445 2298; x_wconf 79' lang='lat' dir='ltr'><strong>Mille</strong></span> <span class='ocrx_word' id='word_1_613' title='bbox 463 2274 552 2296; x_wconf 88' lang='lat' dir='ltr'><strong>autem</strong></span> <span class='ocrx_word' id='word_1_614' title='bbox 568 2268 654 2297; x_wconf 84' lang='lat' dir='ltr'><strong>oeulis</strong></span> <span class='ocrx_word' id='word_1_615' title='bbox 673 2268 764 2296; x_wconf 90' lang='lat' dir='ltr'><strong>omnia</strong></span> <span class='ocrx_word' id='word_1_616' title='bbox 781 2268 890 2300; x_wconf 88' lang='lat' dir='ltr'><strong>intueri,</strong></span> <span class='ocrx_word' id='word_1_617' title='bbox 907 2273 933 2295; x_wconf 88' lang='lat' dir='ltr'><strong>et</strong></span> <span class='ocrx_word' id='word_1_618' title='bbox 949 2268 990 2294; x_wconf 92' lang='lat' dir='ltr'><strong>in-</strong></span> 
     </span>
    </p>
   </div>
   <div class='ocr_carea' id='block_1_80' title="bbox 204 2313 990 2350">
    <p class='ocr_par' dir='ltr' id='par_1_80' title="bbox 204 2313 990 2350">
     <span class='ocr_line' id='line_1_80' title="bbox 204 2313 990 2350; baseline -0.003 -8"><span class='ocrx_word' id='word_1_619' title='bbox 204 2316 312 2350; x_wconf 86' lang='lat' dir='ltr'><strong>spicere</strong></span> <span class='ocrx_word' id='word_1_620' title='bbox 339 2323 383 2343; x_wconf 88' lang='lat' dir='ltr'><strong>res</strong></span> <span class='ocrx_word' id='word_1_621' title='bbox 400 2319 508 2342; x_wconf 89' lang='lat' dir='ltr'><strong>nostras</strong></span> <span class='ocrx_word' id='word_1_622' title='bbox 536 2315 653 2342; x_wconf 85' lang='lat' dir='ltr'><strong>divinam</strong></span> <span class='ocrx_word' id='word_1_623' title='bbox 682 2319 709 2341; x_wconf 84' lang='lat' dir='ltr'><strong>et.</strong></span> <span class='ocrx_word' id='word_1_624' title='bbox 739 2313 900 2341; x_wconf 80' lang='lat' dir='ltr'><strong>ineﬂ‘abilem</strong></span> <span class='ocrx_word' id='word_1_625' title='bbox 928 2313 990 2340; x_wconf 76' lang='grc' dir='ltr'><strong>Ειιὶὶ</strong></span> 
     </span>
    </p>
   </div>
   <div class='ocr_carea' id='block_1_81' title="bbox 205 2358 991 2395">
    <p class='ocr_par' dir='ltr' id='par_1_81' title="bbox 205 2358 991 2395">
     <span class='ocr_line' id='line_1_81' title="bbox 205 2358 991 2395; baseline -0.003 -7"><span class='ocrx_word' id='word_1_626' title='bbox 205 2366 329 2388; x_wconf 90' lang='lat' dir='ltr'><strong>naturam</strong></span> <span class='ocrx_word' id='word_1_627' title='bbox 348 2368 399 2387; x_wconf 93' lang='lat' dir='ltr'><strong>non</strong></span> <span class='ocrx_word' id='word_1_628' title='bbox 412 2364 499 2395; x_wconf 89' lang='lat' dir='ltr'><strong>potest</strong></span> <span class='ocrx_word' id='word_1_629' title='bbox 510 2360 645 2394; x_wconf 88' lang='lat' dir='ltr'><strong>quispiam</strong></span> <span class='ocrx_word' id='word_1_630' title='bbox 665 2359 788 2387; x_wconf 89' lang='lat' dir='ltr'><strong>dubitare</strong></span> <span class='ocrx_word' id='word_1_631' title='bbox 805 2369 813 2387; x_wconf 90' lang='lat'><strong>:</strong></span> <span class='ocrx_word' id='word_1_632' title='bbox 827 2369 837 2386; x_wconf 81' lang='grc' dir='ltr'><strong>ι</strong></span> <span class='ocrx_word' id='word_1_633' title='bbox 858 2358 940 2387; x_wconf 82' lang='lat' dir='ltr'><strong>Vivus</strong></span> <span class='ocrx_word' id='word_1_634' title='bbox 950 2364 991 2387; x_wconf 87' lang='lat' dir='ltr'><strong>est</strong></span> 
     </span>
    </p>
   </div>
   <div class='ocr_carea' id='block_1_82' title="bbox 205 2404 990 2441">
    <p class='ocr_par' dir='ltr' id='par_1_82' title="bbox 205 2404 990 2441">
     <span class='ocr_line' id='line_1_82' title="bbox 205 2404 990 2441; baseline -0.001 -8"><span class='ocrx_word' id='word_1_635' title='bbox 205 2407 276 2434; x_wconf 84' lang='lat' dir='ltr'><strong>enim</strong></span> <span class='ocrx_word' id='word_1_636' title='bbox 290 2414 381 2434; x_wconf 90' lang='lat' dir='ltr'><strong>sermo</strong></span> <span class='ocrx_word' id='word_1_637' title='bbox 393 2405 450 2438; x_wconf 80' lang='lat' dir='ltr'><strong>Dei,</strong></span> <span class='ocrx_word' id='word_1_638' title='bbox 461 2404 600 2438; x_wconf 76' lang='lat' dir='ltr'><strong>eteﬂieax,</strong></span> <span class='ocrx_word' id='word_1_639' title='bbox 614 2409 640 2432; x_wconf 88' lang='lat' dir='ltr'><strong>et</strong></span> <span class='ocrx_word' id='word_1_640' title='bbox 651 2405 841 2440; x_wconf 86' lang='lat' dir='ltr'><strong>penetrabilior</strong></span> <span class='ocrx_word' id='word_1_641' title='bbox 850 2406 923 2433; x_wconf 91' lang='lat' dir='ltr'><strong>omni</strong></span> <span class='ocrx_word' id='word_1_642' title='bbox 935 2406 990 2441; x_wconf 78' lang='lat' dir='ltr'><strong>gla-</strong></span> 
     </span>
    </p>
   </div>
   <div class='ocr_carea' id='block_1_83' title="bbox 204 2450 991 2486">
    <p class='ocr_par' dir='ltr' id='par_1_83' title="bbox 204 2450 991 2486">
     <span class='ocr_line' id='line_1_83' title="bbox 204 2450 991 2486; baseline 0 -7"><span class='ocrx_word' id='word_1_643' title='bbox 204 2452 248 2479; x_wconf 89' lang='lat' dir='ltr'><strong>dio</strong></span> <span class='ocrx_word' id='word_1_644' title='bbox 261 2451 380 2486; x_wconf 83' lang='lat' dir='ltr'><strong>ancipiti,</strong></span> <span class='ocrx_word' id='word_1_645' title='bbox 390 2455 417 2478; x_wconf 89' lang='lat' dir='ltr'><strong>et</strong></span> <span class='ocrx_word' id='word_1_646' title='bbox 427 2450 582 2486; x_wconf 78' lang='lat' dir='ltr'><strong>pertingens</strong></span> <span class='ocrx_word' id='word_1_647' title='bbox 590 2457 674 2484; x_wconf 84' lang='lat' dir='ltr'><strong>usque</strong></span> <span class='ocrx_word' id='word_1_648' title='bbox 681 2450 714 2477; x_wconf 90' lang='lat' dir='ltr'><strong>ad</strong></span> <span class='ocrx_word' id='word_1_649' title='bbox 725 2450 884 2478; x_wconf 89' lang='lat' dir='ltr'><strong>divisionem</strong></span> <span class='ocrx_word' id='word_1_650' title='bbox 894 2451 991 2479; x_wconf 75' lang='lat' dir='ltr'><strong>anima:</strong></span> 
     </span>
    </p>
   </div>
   <div class='ocr_carea' id='block_1_84' title="bbox 203 2496 992 2531">
    <p class='ocr_par' dir='ltr' id='par_1_84' title="bbox 203 2496 992 2531">
     <span class='ocr_line' id='line_1_84' title="bbox 203 2496 992 2531; baseline 0 -7"><span class='ocrx_word' id='word_1_651' title='bbox 203 2501 231 2524; x_wconf 88' lang='lat' dir='ltr'><strong>et</strong></span> <span class='ocrx_word' id='word_1_652' title='bbox 239 2497 526 2531; x_wconf 70' lang='lat' dir='ltr'><strong>spiritus,compagum</strong></span> <span class='ocrx_word' id='word_1_653' title='bbox 535 2503 640 2530; x_wconf 83' lang='lat' dir='ltr'><strong>quoque</strong></span> <span class='ocrx_word' id='word_1_654' title='bbox 655 2500 681 2524; x_wconf 92' lang='lat' dir='ltr'><strong>et</strong></span> <span class='ocrx_word' id='word_1_655' title='bbox 694 2496 884 2530; x_wconf 85' lang='lat' dir='ltr'><strong>medullarum,</strong></span> <span class='ocrx_word' id='word_1_656' title='bbox 896 2502 922 2525; x_wconf 87' lang='lat' dir='ltr'><strong>et</strong></span> <span class='ocrx_word' id='word_1_657' title='bbox 934 2497 992 2524; x_wconf 86' lang='lat' dir='ltr'><strong>dis-</strong></span> 
     </span>
    </p>
   </div>
   <div class='ocr_carea' id='block_1_85' title="bbox 203 2542 993 2577">
    <p class='ocr_par' dir='ltr' id='par_1_85' title="bbox 203 2542 993 2577">
     <span class='ocr_line' id='line_1_85' title="bbox 203 2542 993 2577; baseline 0.001 -7"><span class='ocrx_word' id='word_1_658' title='bbox 203 2548 293 2570; x_wconf 89' lang='lat' dir='ltr'><strong>cretor</strong></span> <span class='ocrx_word' id='word_1_659' title='bbox 305 2542 497 2577; x_wconf 80' lang='lat' dir='ltr'><strong>cogitationum</strong></span> <span class='ocrx_word' id='word_1_660' title='bbox 509 2546 536 2569; x_wconf 90' lang='lat' dir='ltr'><strong>et</strong></span> <span class='ocrx_word' id='word_1_661' title='bbox 549 2542 726 2570; x_wconf 86' lang='lat' dir='ltr'><strong>intentionum</strong></span> <span class='ocrx_word' id='word_1_662' title='bbox 742 2543 841 2577; x_wconf 89' lang='lat' dir='ltr'><strong>cordis,</strong></span> <span class='ocrx_word' id='word_1_663' title='bbox 853 2548 879 2570; x_wconf 87' lang='lat' dir='ltr'><strong>et</strong></span> <span class='ocrx_word' id='word_1_664' title='bbox 888 2552 940 2571; x_wconf 90' lang='lat' dir='ltr'><strong>non</strong></span> <span class='ocrx_word' id='word_1_665' title='bbox 951 2548 993 2571; x_wconf 88' lang='lat' dir='ltr'><strong>est</strong></span> 
     </span>
    </p>
   </div>
   <div class='ocr_carea' id='block_1_86' title="bbox 205 2587 992 2624">
    <p class='ocr_par' dir='ltr' id='par_1_86' title="bbox 205 2587 992 2624">
     <span class='ocr_line' id='line_1_86' title="bbox 205 2587 992 2624; baseline 0 -8"><span class='ocrx_word' id='word_1_666' title='bbox 205 2589 256 2616; x_wconf 84' lang='lat' dir='ltr'><strong>ulla</strong></span> <span class='ocrx_word' id='word_1_667' title='bbox 265 2592 388 2616; x_wconf 82' lang='lat' dir='ltr'><strong>creatura</strong></span> <span class='ocrx_word' id='word_1_668' title='bbox 395 2587 535 2615; x_wconf 86' lang='lat' dir='ltr'><strong>invisibilis</strong></span> <span class='ocrx_word' id='word_1_669' title='bbox 544 2588 569 2616; x_wconf 92' lang='lat' dir='ltr'><strong>in</strong></span> <span class='ocrx_word' id='word_1_670' title='bbox 578 2594 720 2623; x_wconf 75' lang='lat' dir='ltr'><strong>conspectu</strong></span> <span class='ocrx_word' id='word_1_671' title='bbox 727 2589 893 2624; x_wconf 84' lang='lat' dir='ltr'><strong>ejus.0mnia</strong></span> <span class='ocrx_word' id='word_1_672' title='bbox 903 2594 992 2617; x_wconf 88' lang='lat' dir='ltr'><strong>autem</strong></span> 
     </span>
    </p>
   </div>
   <div class='ocr_carea' id='block_1_87' title="bbox 205 2634 991 2670">
    <p class='ocr_par' dir='ltr' id='par_1_87' title="bbox 205 2634 991 2670">
     <span class='ocr_line' id='line_1_87' title="bbox 205 2634 991 2670; baseline 0.001 -9"><span class='ocrx_word' id='word_1_673' title='bbox 205 2635 273 2662; x_wconf 87' lang='lat' dir='ltr'><strong>nuda</strong></span> <span class='ocrx_word' id='word_1_674' title='bbox 283 2639 310 2661; x_wconf 88' lang='lat' dir='ltr'><strong>et</strong></span> <span class='ocrx_word' id='word_1_675' title='bbox 318 2638 410 2668; x_wconf 84' lang='lat' dir='ltr'><strong>aperta</strong></span> <span class='ocrx_word' id='word_1_676' title='bbox 424 2634 577 2662; x_wconf 86' lang='lat' dir='ltr'><strong>suntoculis</strong></span> <span class='ocrx_word' id='word_1_677' title='bbox 588 2636 655 2670; x_wconf 87' lang='lat' dir='ltr'><strong>ejus,</strong></span> <span class='ocrx_word' id='word_1_678' title='bbox 664 2647 672 2661; x_wconf 75' lang='grc' dir='ltr'><strong>ι</strong></span> <span class='ocrx_word' id='word_1_679' title='bbox 682 2635 751 2663; x_wconf 90' lang='lat' dir='ltr'><strong>sicut</strong></span> <span class='ocrx_word' id='word_1_680' title='bbox 764 2636 895 2670; x_wconf 84' lang='lat' dir='ltr'><strong>scriptum</strong></span> <span class='ocrx_word' id='word_1_681' title='bbox 908 2640 950 2663; x_wconf 88' lang='lat' dir='ltr'><strong>est</strong></span> <span class='ocrx_word' id='word_1_682' title='bbox 959 2636 991 2662; x_wconf 67' lang='grc' dir='ltr'><strong>δ’.</strong></span> 
     </span>
    </p>
   </div>
   <div class='ocr_carea' id='block_1_88' title="bbox 1048 1674 1837 1711">
    <p class='ocr_par' dir='ltr' id='par_1_88' title="bbox 1048 1674 1837 1711">
     <span class='ocr_line' id='line_1_88' title="bbox 1048 1674 1837 1711; baseline 0.001 -11"><span class='ocrx_word' id='word_1_683' title='bbox 1048 1683 1057 1700; x_wconf 76' lang='grc' dir='ltr'><strong>ι</strong></span> <span class='ocrx_word' id='word_1_684' title='bbox 1069 1675 1100 1701; x_wconf 88' lang='lat' dir='ltr'><strong>&#39;H</strong></span> <span class='ocrx_word' id='word_1_685' title='bbox 1113 1675 1160 1707; x_wconf 71' lang='grc' dir='ltr'><strong>νὺξ</strong></span> <span class='ocrx_word' id='word_1_686' title='bbox 1171 1675 1332 1710; x_wconf 77' lang='grc' dir='ltr'>προέκοψεν,</span> <span class='ocrx_word' id='word_1_687' title='bbox 1349 1677 1365 1711; x_wconf 89' lang='grc' dir='ltr'><strong>ή</strong></span> <span class='ocrx_word' id='word_1_688' title='bbox 1376 1675 1404 1701; x_wconf 83' lang='grc' dir='ltr'>δὲ</span> <span class='ocrx_word' id='word_1_689' title='bbox 1415 1675 1507 1711; x_wconf 85' lang='grc' dir='ltr'>ἡμέρα</span> <span class='ocrx_word' id='word_1_690' title='bbox 1522 1675 1647 1710; x_wconf 77' lang='grc' dir='ltr'>ἤγγισεν.</span> <span class='ocrx_word' id='word_1_691' title='bbox 1657 1674 1837 1709; x_wconf 81' lang='grc' dir='ltr'>Ἀποθώμεθα</span> 
     </span>
    </p>
   </div>
   <div class='ocr_carea' id='block_1_89' title="bbox 1044 1719 1837 1757">
    <p class='ocr_par' dir='ltr' id='par_1_89' title="bbox 1044 1719 1837 1757">
     <span class='ocr_line' id='line_1_89' title="bbox 1044 1719 1837 1757; baseline 0.001 -9"><span class='ocrx_word' id='word_1_692' title='bbox 1044 1719 1090 1748; x_wconf 77' lang='grc' dir='ltr'><strong>οῦν</strong></span> <span class='ocrx_word' id='word_1_693' title='bbox 1106 1722 1140 1748; x_wconf 79' lang='grc' dir='ltr'><strong>τὰ</strong></span> <span class='ocrx_word' id='word_1_694' title='bbox 1158 1722 1226 1757; x_wconf 74' lang='grc' dir='ltr'>ἔργα</span> <span class='ocrx_word' id='word_1_695' title='bbox 1245 1722 1292 1748; x_wconf 86' lang='grc' dir='ltr'><strong>τοῦ</strong></span> <span class='ocrx_word' id='word_1_696' title='bbox 1313 1722 1435 1756; x_wconf 78' lang='grc' dir='ltr'>σκότους,</span> <span class='ocrx_word' id='word_1_697' title='bbox 1451 1723 1499 1749; x_wconf 79' lang='grc' dir='ltr'>καὶ</span> <span class='ocrx_word' id='word_1_698' title='bbox 1519 1721 1693 1756; x_wconf 80' lang='grc' dir='ltr'>ἐνδυσώμεθα</span> <span class='ocrx_word' id='word_1_699' title='bbox 1711 1722 1746 1748; x_wconf 87' lang='grc' dir='ltr'><strong>τὰ</strong></span> <span class='ocrx_word' id='word_1_700' title='bbox 1770 1722 1837 1757; x_wconf 75' lang='grc' dir='ltr'>ἔργα</span> 
     </span>
    </p>
   </div>
   <div class='ocr_carea' id='block_1_90' title="bbox 1043 1767 1837 1803">
    <p class='ocr_par' dir='ltr' id='par_1_90' title="bbox 1043 1767 1837 1803">
     <span class='ocr_line' id='line_1_90' title="bbox 1043 1767 1837 1803; baseline 0.003 -11"><span class='ocrx_word' id='word_1_701' title='bbox 1043 1767 1089 1792; x_wconf 82' lang='grc' dir='ltr'><strong>τοῦ</strong></span> <span class='ocrx_word' id='word_1_702' title='bbox 1111 1767 1210 1801; x_wconf 82' lang='grc' dir='ltr'>φωτὸς,</span> <span class='ocrx_word' id='word_1_703' title='bbox 1224 1767 1261 1798; x_wconf 83' lang='grc' dir='ltr'>ὡς</span> <span class='ocrx_word' id='word_1_704' title='bbox 1284 1767 1313 1794; x_wconf 85' lang='grc' dir='ltr'><strong>ἐν</strong></span> <span class='ocrx_word' id='word_1_705' title='bbox 1334 1767 1426 1803; x_wconf 72' lang='grc' dir='ltr'>ἡμέρᾳ</span> <span class='ocrx_word' id='word_1_706' title='bbox 1443 1767 1619 1803; x_wconf 76' lang='grc' dir='ltr'>εὐσχημόνως</span> <span class='ocrx_word' id='word_1_707' title='bbox 1643 1767 1837 1802; x_wconf 79' lang='grc' dir='ltr'>περιπατήσω-</span> 
     </span>
    </p>
   </div>
   <div class='ocr_carea' id='block_1_91' title="bbox 1046 1813 1835 1849">
    <p class='ocr_par' dir='ltr' id='par_1_91' title="bbox 1046 1813 1835 1849">
     <span class='ocr_line' id='line_1_91' title="bbox 1046 1813 1835 1849; baseline 0.001 -10"><span class='ocrx_word' id='word_1_708' title='bbox 1046 1821 1104 1848; x_wconf 85' lang='grc' dir='ltr'>μεν.</span> <span class='ocrx_word' id='word_1_709' title='bbox 1124 1822 1133 1839; x_wconf 75' lang='grc' dir='ltr'><strong>ι</strong></span> <span class='ocrx_word' id='word_1_710' title='bbox 1152 1814 1205 1839; x_wconf 78' lang='grc' dir='ltr'>Καὶ</span> <span class='ocrx_word' id='word_1_711' title='bbox 1222 1813 1313 1840; x_wconf 81' lang='grc' dir='ltr'>πάλιν·</span> <span class='ocrx_word' id='word_1_712' title='bbox 1329 1815 1467 1849; x_wconf 80' lang='grc' dir='ltr'>«Ἔγειρε,</span> <span class='ocrx_word' id='word_1_713' title='bbox 1485 1815 1498 1840; x_wconf 80' lang='grc' dir='ltr'><strong>ὁ</strong></span> <span class='ocrx_word' id='word_1_714' title='bbox 1511 1814 1659 1846; x_wconf 81' lang='grc' dir='ltr'>καθεύδων,</span> <span class='ocrx_word' id='word_1_715' title='bbox 1673 1813 1720 1840; x_wconf 66' lang='grc' dir='ltr'>καὶ</span> <span class='ocrx_word' id='word_1_716' title='bbox 1732 1814 1835 1840; x_wconf 79' lang='grc' dir='ltr'>ἀνάστα</span> 
     </span>
    </p>
   </div>
   <div class='ocr_carea' id='block_1_92' title="bbox 1043 1858 1832 1896">
    <p class='ocr_par' dir='ltr' id='par_1_92' title="bbox 1043 1858 1832 1896">
     <span class='ocr_line' id='line_1_92' title="bbox 1043 1858 1832 1896; baseline -0.001 -10"><span class='ocrx_word' id='word_1_717' title='bbox 1043 1860 1075 1886; x_wconf 85' lang='grc' dir='ltr'><strong>ἐκ</strong></span> <span class='ocrx_word' id='word_1_718' title='bbox 1089 1858 1143 1885; x_wconf 88' lang='grc' dir='ltr'>τῶν</span> <span class='ocrx_word' id='word_1_719' title='bbox 1160 1859 1274 1894; x_wconf 83' lang='grc' dir='ltr'>νεκρῶν,</span> <span class='ocrx_word' id='word_1_720' title='bbox 1290 1859 1337 1886; x_wconf 78' lang='grc' dir='ltr'>καὶ</span> <span class='ocrx_word' id='word_1_721' title='bbox 1352 1859 1498 1894; x_wconf 78' lang='grc' dir='ltr'>ἐπιφαύσει</span> <span class='ocrx_word' id='word_1_722' title='bbox 1515 1868 1555 1886; x_wconf 89' lang='grc' dir='ltr'><strong>σοι</strong></span> <span class='ocrx_word' id='word_1_723' title='bbox 1569 1861 1583 1887; x_wconf 85' lang='grc' dir='ltr'>ὁ</span> <span class='ocrx_word' id='word_1_724' title='bbox 1597 1860 1724 1896; x_wconf 87' lang='grc' dir='ltr'>Χριστός.</span> <span class='ocrx_word' id='word_1_725' title='bbox 1740 1869 1750 1885; x_wconf 75' lang='grc' dir='ltr'><strong>ι</strong></span> <span class='ocrx_word' id='word_1_726' title='bbox 1765 1860 1832 1894; x_wconf 82' lang='grc' dir='ltr'>Προ-</span> 
     </span>
    </p>
   </div>
   <div class='ocr_carea' id='block_1_93' title="bbox 1044 1905 1836 1941">
    <p class='ocr_par' dir='ltr' id='par_1_93' title="bbox 1044 1905 1836 1941">
     <span class='ocr_line' id='line_1_93' title="bbox 1044 1905 1836 1941; baseline 0 -9"><span class='ocrx_word' id='word_1_727' title='bbox 1044 1905 1226 1940; x_wconf 80' lang='grc' dir='ltr'>ανακηρύττει</span> <span class='ocrx_word' id='word_1_728' title='bbox 1241 1905 1386 1940; x_wconf 83' lang='grc' dir='ltr'>τοιγαροῦν</span> <span class='ocrx_word' id='word_1_729' title='bbox 1401 1905 1452 1940; x_wconf 85' lang='grc' dir='ltr'>τῆς</span> <span class='ocrx_word' id='word_1_730' title='bbox 1474 1905 1520 1932; x_wconf 84' lang='grc' dir='ltr'><strong>τοῦ</strong></span> <span class='ocrx_word' id='word_1_731' title='bbox 1537 1906 1661 1941; x_wconf 81' lang='grc' dir='ltr'>Σωτῆρος</span> <span class='ocrx_word' id='word_1_732' title='bbox 1677 1905 1757 1940; x_wconf 78' lang='grc' dir='ltr'>ἡμῶν</span> <span class='ocrx_word' id='word_1_733' title='bbox 1778 1907 1836 1932; x_wconf 78' lang='grc' dir='ltr'>ἐπι‹</span> 
     </span>
    </p>
   </div>
   <div class='ocr_carea' id='block_1_94' title="bbox 1043 1949 1835 1986">
    <p class='ocr_par' dir='ltr' id='par_1_94' title="bbox 1043 1949 1835 1986">
     <span class='ocr_line' id='line_1_94' title="bbox 1043 1949 1835 1986; baseline -0.003 -9"><span class='ocrx_word' id='word_1_734' title='bbox 1043 1950 1143 1986; x_wconf 86' lang='grc' dir='ltr'>δημίας</span> <span class='ocrx_word' id='word_1_735' title='bbox 1167 1950 1202 1976; x_wconf 81' lang='grc' dir='ltr'><strong>τὰ</strong></span> <span class='ocrx_word' id='word_1_736' title='bbox 1226 1949 1341 1986; x_wconf 85' lang='grc' dir='ltr'>λαμπρὰ</span> <span class='ocrx_word' id='word_1_737' title='bbox 1357 1950 1566 1986; x_wconf 82' lang='grc' dir='ltr'>κατορθώματα.</span> <span class='ocrx_word' id='word_1_738' title='bbox 1582 1951 1680 1977; x_wconf 88' lang='grc' dir='ltr'>Δοῦλον</span> <span class='ocrx_word' id='word_1_739' title='bbox 1703 1951 1731 1977; x_wconf 87' lang='grc' dir='ltr'><strong>δέ</strong></span> <span class='ocrx_word' id='word_1_740' title='bbox 1753 1958 1835 1985; x_wconf 82' lang='grc' dir='ltr'>φησιν</span> 
     </span>
    </p>
   </div>
   <div class='ocr_carea' id='block_1_95' title="bbox 1042 1996 1835 2032">
    <p class='ocr_par' dir='ltr' id='par_1_95' title="bbox 1042 1996 1835 2032">
     <span class='ocr_line' id='line_1_95' title="bbox 1042 1996 1835 2032; baseline -0.001 -9"><span class='ocrx_word' id='word_1_741' title='bbox 1042 1996 1123 2023; x_wconf 71' lang='grc' dir='ltr'>αὐτὸν</span> <span class='ocrx_word' id='word_1_742' title='bbox 1133 1996 1178 2023; x_wconf 77' lang='grc' dir='ltr'>διὰ</span> <span class='ocrx_word' id='word_1_743' title='bbox 1184 2005 1236 2028; x_wconf 90' lang='grc' dir='ltr'>τοι,</span> <span class='ocrx_word' id='word_1_744' title='bbox 1248 1996 1277 2022; x_wconf 80' lang='grc' dir='ltr'>τὸ</span> <span class='ocrx_word' id='word_1_745' title='bbox 1288 1997 1316 2023; x_wconf 84' lang='grc' dir='ltr'>ὲν</span> <span class='ocrx_word' id='word_1_746' title='bbox 1323 1996 1416 2023; x_wconf 85' lang='grc' dir='ltr'>δούλου</span> <span class='ocrx_word' id='word_1_747' title='bbox 1428 1996 1587 2023; x_wconf 77' lang='grc' dir='ltr'>καθικέσθαι</span> <span class='ocrx_word' id='word_1_748' title='bbox 1600 1997 1689 2032; x_wconf 84' lang='grc' dir='ltr'>μορφῇ</span> <span class='ocrx_word' id='word_1_749' title='bbox 1702 2005 1708 2012; x_wconf 83' lang='grc'><em>’</em></span> <span class='ocrx_word' id='word_1_750' title='bbox 1727 1997 1835 2022; x_wconf 81' lang='grc' dir='ltr'>Ἀνατο-</span> 
     </span>
    </p>
   </div>
   <div class='ocr_carea' id='block_1_96' title="bbox 1042 2041 1833 2078">
    <p class='ocr_par' dir='ltr' id='par_1_96' title="bbox 1042 2041 1833 2078">
     <span class='ocr_line' id='line_1_96' title="bbox 1042 2041 1833 2078; baseline -0.001 -10"><span class='ocrx_word' id='word_1_751' title='bbox 1042 2042 1091 2077; x_wconf 84' lang='grc' dir='ltr'>λὴν</span> <span class='ocrx_word' id='word_1_752' title='bbox 1105 2042 1143 2074; x_wconf 83' lang='grc' dir='ltr'><strong>δέ,</strong></span> <span class='ocrx_word' id='word_1_753' title='bbox 1158 2042 1199 2068; x_wconf 84' lang='grc' dir='ltr'>ὅτι</span> <span class='ocrx_word' id='word_1_754' title='bbox 1215 2041 1272 2076; x_wconf 80' lang='grc' dir='ltr'><strong>φῶς</strong></span> <span class='ocrx_word' id='word_1_755' title='bbox 1289 2042 1346 2068; x_wconf 80' lang='grc' dir='ltr'>ἐστι</span> <span class='ocrx_word' id='word_1_756' title='bbox 1367 2041 1396 2068; x_wconf 78' lang='grc' dir='ltr'>τὸ</span> <span class='ocrx_word' id='word_1_757' title='bbox 1418 2041 1543 2077; x_wconf 81' lang='grc' dir='ltr'>ἀληθινὸν</span> <span class='ocrx_word' id='word_1_758' title='bbox 1561 2042 1652 2075; x_wconf 80' lang='grc' dir='ltr'>αὐτὸς,</span> <span class='ocrx_word' id='word_1_759' title='bbox 1669 2041 1716 2069; x_wconf 72' lang='grc' dir='ltr'>καὶ</span> <span class='ocrx_word' id='word_1_760' title='bbox 1730 2042 1833 2078; x_wconf 74' lang='grc' dir='ltr'>ἡμέρα,</span> 
     </span>
    </p>
   </div>
   <div class='ocr_carea' id='block_1_97' title="bbox 1043 2088 1833 2123">
    <p class='ocr_par' dir='ltr' id='par_1_97' title="bbox 1043 2088 1833 2123">
     <span class='ocr_line' id='line_1_97' title="bbox 1043 2088 1833 2123; baseline -0.001 -8"><span class='ocrx_word' id='word_1_761' title='bbox 1043 2089 1090 2115; x_wconf 73' lang='grc' dir='ltr'>καὶ</span> <span class='ocrx_word' id='word_1_762' title='bbox 1104 2088 1230 2123; x_wconf 84' lang='grc' dir='ltr'>λαμπρὸς</span> <span class='ocrx_word' id='word_1_763' title='bbox 1246 2088 1395 2123; x_wconf 72' lang='grc' dir='ltr'>ἑωσφόρος,</span> <span class='ocrx_word' id='word_1_764' title='bbox 1411 2088 1451 2120; x_wconf 82' lang='grc' dir='ltr'>εἰς</span> <span class='ocrx_word' id='word_1_765' title='bbox 1465 2088 1526 2115; x_wconf 85' lang='grc' dir='ltr'>νοῦν</span> <span class='ocrx_word' id='word_1_766' title='bbox 1539 2088 1703 2120; x_wconf 76' lang='grc' dir='ltr'>ἀνατέλλων,</span> <span class='ocrx_word' id='word_1_767' title='bbox 1721 2089 1770 2115; x_wconf 71' lang='grc' dir='ltr'>καὶ</span> <span class='ocrx_word' id='word_1_768' title='bbox 1787 2097 1833 2115; x_wconf 90' lang='grc' dir='ltr'>κα-</span> 
     </span>
    </p>
   </div>
   <div class='ocr_carea' id='block_1_98' title="bbox 1042 2134 1835 2170">
    <p class='ocr_par' dir='ltr' id='par_1_98' title="bbox 1042 2134 1835 2170">
     <span class='ocr_line' id='line_1_98' title="bbox 1042 2134 1835 2170; baseline -0.003 -8"><span class='ocrx_word' id='word_1_769' title='bbox 1042 2135 1230 2170; x_wconf 77' lang='grc' dir='ltr'>ταφαιδρύνων</span> <span class='ocrx_word' id='word_1_770' title='bbox 1246 2135 1370 2170; x_wconf 81' lang='grc' dir='ltr'>καρδίας.</span> <span class='ocrx_word' id='word_1_771' title='bbox 1394 2135 1538 2170; x_wconf 78' lang='grc' dir='ltr'>Ὀνομὰζει</span> <span class='ocrx_word' id='word_1_772' title='bbox 1557 2135 1585 2161; x_wconf 77' lang='grc' dir='ltr'>δὲ</span> <span class='ocrx_word' id='word_1_773' title='bbox 1602 2135 1670 2170; x_wconf 80' lang='grc' dir='ltr'>πρὸς</span> <span class='ocrx_word' id='word_1_774' title='bbox 1686 2134 1774 2169; x_wconf 81' lang='grc' dir='ltr'>τούτῳ</span> <span class='ocrx_word' id='word_1_775' title='bbox 1790 2135 1835 2161; x_wconf 82' lang='grc' dir='ltr'>καὶ</span> 
     </span>
    </p>
   </div>
   <div class='ocr_carea' id='block_1_99' title="bbox 1042 2179 1837 2216">
    <p class='ocr_par' dir='ltr' id='par_1_99' title="bbox 1042 2179 1837 2216">
     <span class='ocr_line' id='line_1_99' title="bbox 1042 2179 1837 2216; baseline 0 -10"><span class='ocrx_word' id='word_1_776' title='bbox 1042 2179 1122 2206; x_wconf 86' lang='grc' dir='ltr'>Λίθον</span> <span class='ocrx_word' id='word_1_777' title='bbox 1144 2180 1235 2211; x_wconf 71' lang='grc' dir='ltr'>αὑτὸν,</span> <span class='ocrx_word' id='word_1_778' title='bbox 1254 2180 1299 2206; x_wconf 77' lang='grc' dir='ltr'>καὶ</span> <span class='ocrx_word' id='word_1_779' title='bbox 1313 2179 1367 2215; x_wconf 82' lang='grc' dir='ltr'>μὴν</span> <span class='ocrx_word' id='word_1_780' title='bbox 1385 2180 1430 2206; x_wconf 81' lang='grc' dir='ltr'>καὶ</span> <span class='ocrx_word' id='word_1_781' title='bbox 1451 2179 1573 2206; x_wconf 82' lang='grc' dir='ltr'>δεδόσθαι</span> <span class='ocrx_word' id='word_1_782' title='bbox 1599 2181 1665 2216; x_wconf 76' lang='grc' dir='ltr'>φησὶ</span> <span class='ocrx_word' id='word_1_783' title='bbox 1682 2180 1734 2215; x_wconf 75' lang='grc' dir='ltr'><strong>πρὸ</strong></span> <span class='ocrx_word' id='word_1_784' title='bbox 1749 2188 1837 2214; x_wconf 79' lang='grc' dir='ltr'>προσ-</span> 
     </span>
    </p>
   </div>
   <div class='ocr_carea' id='block_1_100' title="bbox 1010 2217 1836 2262">
    <p class='ocr_par' dir='ltr' id='par_1_100' title="bbox 1010 2217 1836 2262">
     <span class='ocr_line' id='line_1_100' title="bbox 1010 2217 1836 2262; baseline 0 -10"><span class='ocrx_word' id='word_1_785' title='bbox 1010 2217 1030 2243; x_wconf 73' lang='lat' dir='ltr'>n</span> <span class='ocrx_word' id='word_1_786' title='bbox 1044 2226 1118 2252; x_wconf 88' lang='grc' dir='ltr'>ώπου</span> <span class='ocrx_word' id='word_1_787' title='bbox 1131 2226 1230 2261; x_wconf 83' lang='grc' dir='ltr'>Ἰησοῦ,</span> <span class='ocrx_word' id='word_1_788' title='bbox 1247 2226 1316 2253; x_wconf 79' lang='grc' dir='ltr'>ἑπτά</span> <span class='ocrx_word' id='word_1_789' title='bbox 1328 2235 1356 2253; x_wconf 85' lang='grc' dir='ltr'><strong>τε</strong></span> <span class='ocrx_word' id='word_1_790' title='bbox 1372 2226 1444 2262; x_wconf 71' lang='grc' dir='ltr'>ἔχειν</span> <span class='ocrx_word' id='word_1_791' title='bbox 1457 2227 1520 2258; x_wconf 82' lang='grc' dir='ltr'>τοὺς</span> <span class='ocrx_word' id='word_1_792' title='bbox 1535 2226 1690 2262; x_wconf 83' lang='grc' dir='ltr'>ὀφθαλμοὺς</span> <span class='ocrx_word' id='word_1_793' title='bbox 1703 2226 1836 2262; x_wconf 83' lang='grc' dir='ltr'>διισχυρί-</span> 
     </span>
    </p>
   </div>
   <div class='ocr_carea' id='block_1_101' title="bbox 1045 2271 1834 2308">
    <p class='ocr_par' dir='ltr' id='par_1_101' title="bbox 1045 2271 1834 2308">
     <span class='ocr_line' id='line_1_101' title="bbox 1045 2271 1834 2308; baseline 0.001 -10"><span class='ocrx_word' id='word_1_794' title='bbox 1045 2271 1207 2304; x_wconf 82' lang='grc' dir='ltr'>ζεται.¹Ἐδει</span> <span class='ocrx_word' id='word_1_795' title='bbox 1222 2271 1276 2307; x_wconf 80' lang='grc' dir='ltr'><strong>γὰρ</strong></span> <span class='ocrx_word' id='word_1_796' title='bbox 1295 2272 1410 2307; x_wconf 83' lang='grc' dir='ltr'>μάλιστα</span> <span class='ocrx_word' id='word_1_797' title='bbox 1430 2273 1479 2308; x_wconf 79' lang='grc' dir='ltr'>τὴν</span> <span class='ocrx_word' id='word_1_798' title='bbox 1495 2273 1564 2299; x_wconf 86' lang='grc' dir='ltr'>κατὰ</span> <span class='ocrx_word' id='word_1_799' title='bbox 1577 2272 1657 2307; x_wconf 86' lang='grc' dir='ltr'>νόμον</span> <span class='ocrx_word' id='word_1_800' title='bbox 1672 2273 1834 2308; x_wconf 78' lang='grc' dir='ltr'>ἱερωσύνην,</span> 
     </span>
    </p>
   </div>
   <div class='ocr_carea' id='block_1_102' title="bbox 1044 2314 1835 2353">
    <p class='ocr_par' dir='ltr' id='par_1_102' title="bbox 1044 2314 1835 2353">
     <span class='ocr_line' id='line_1_102' title="bbox 1044 2314 1835 2353; baseline 0 -10"><span class='ocrx_word' id='word_1_801' title='bbox 1044 2314 1078 2353; x_wconf 83' lang='grc' dir='ltr'>ἦς</span> <span class='ocrx_word' id='word_1_802' title='bbox 1091 2319 1131 2349; x_wconf 87' lang='grc' dir='ltr'>εις</span> <span class='ocrx_word' id='word_1_803' title='bbox 1145 2317 1230 2344; x_wconf 83' lang='grc' dir='ltr'>τύπον</span> <span class='ocrx_word' id='word_1_804' title='bbox 1245 2318 1385 2352; x_wconf 74' lang='grc' dir='ltr'>ἐθήκαμεν</span> <span class='ocrx_word' id='word_1_805' title='bbox 1401 2317 1447 2343; x_wconf 81' lang='grc' dir='ltr'>τὸν</span> <span class='ocrx_word' id='word_1_806' title='bbox 1461 2317 1573 2352; x_wconf 86' lang='grc' dir='ltr'>Ἰησοῦν,</span> <span class='ocrx_word' id='word_1_807' title='bbox 1588 2317 1668 2343; x_wconf 70' lang='grc' dir='ltr'>οἱονεὶ</span> <span class='ocrx_word' id='word_1_808' title='bbox 1682 2317 1735 2352; x_wconf 82' lang='grc' dir='ltr'>πρὸ</span> <span class='ocrx_word' id='word_1_809' title='bbox 1750 2325 1835 2353; x_wconf 88' lang='grc' dir='ltr'>προσ-</span> 
     </span>
    </p>
   </div>
   <div class='ocr_carea' id='block_1_103' title="bbox 1043 2362 1834 2398">
    <p class='ocr_par' dir='ltr' id='par_1_103' title="bbox 1043 2362 1834 2398">
     <span class='ocr_line' id='line_1_103' title="bbox 1043 2362 1834 2398; baseline 0 -9"><span class='ocrx_word' id='word_1_810' title='bbox 1043 2362 1118 2389; x_wconf 84' lang='grc' dir='ltr'>ώπου</span> <span class='ocrx_word' id='word_1_811' title='bbox 1144 2363 1189 2389; x_wconf 78' lang='grc' dir='ltr'>καὶ</span> <span class='ocrx_word' id='word_1_812' title='bbox 1212 2362 1264 2398; x_wconf 65' lang='grc' dir='ltr'><strong>πρὸ</strong></span> <span class='ocrx_word' id='word_1_813' title='bbox 1287 2362 1431 2398; x_wconf 78' lang='grc' dir='ltr'>ὀφθαλμῶν</span> <span class='ocrx_word' id='word_1_814' title='bbox 1447 2362 1518 2398; x_wconf 74' lang='grc' dir='ltr'>ἔχειν</span> <span class='ocrx_word' id='word_1_815' title='bbox 1531 2363 1574 2389; x_wconf 78' lang='grc' dir='ltr'><strong>διὰ</strong></span> <span class='ocrx_word' id='word_1_816' title='bbox 1587 2363 1687 2394; x_wconf 79' lang='grc' dir='ltr'>παντὸς</span> <span class='ocrx_word' id='word_1_817' title='bbox 1703 2363 1749 2389; x_wconf 81' lang='grc' dir='ltr'>τὸν</span> <span class='ocrx_word' id='word_1_818' title='bbox 1761 2362 1834 2389; x_wconf 81' lang='grc' dir='ltr'>λίθον</span> 
     </span>
    </p>
   </div>
   <div class='ocr_carea' id='block_1_104' title="bbox 1043 2409 1835 2444">
    <p class='ocr_par' dir='ltr' id='par_1_104' title="bbox 1043 2409 1835 2444">
     <span class='ocr_line' id='line_1_104' title="bbox 1043 2409 1835 2444; baseline -0.001 -8"><span class='ocrx_word' id='word_1_819' title='bbox 1043 2409 1088 2436; x_wconf 86' lang='grc' dir='ltr'>τὸν</span> <span class='ocrx_word' id='word_1_820' title='bbox 1102 2409 1238 2441; x_wconf 79' lang='grc' dir='ltr'>ἐκλεκτὸν,</span> <span class='ocrx_word' id='word_1_821' title='bbox 1256 2409 1302 2435; x_wconf 79' lang='grc' dir='ltr'>τὸν</span> <span class='ocrx_word' id='word_1_822' title='bbox 1319 2409 1525 2444; x_wconf 76' lang='grc' dir='ltr'>ἀκρογωνιαῖον,</span> <span class='ocrx_word' id='word_1_823' title='bbox 1539 2409 1584 2435; x_wconf 80' lang='grc' dir='ltr'>τὸν</span> <span class='ocrx_word' id='word_1_824' title='bbox 1600 2409 1718 2443; x_wconf 77' lang='grc' dir='ltr'>ἔντιμον,</span> <span class='ocrx_word' id='word_1_825' title='bbox 1736 2409 1782 2435; x_wconf 79' lang='grc' dir='ltr'>τὸν</span> <span class='ocrx_word' id='word_1_826' title='bbox 1796 2409 1835 2440; x_wconf 83' lang='grc' dir='ltr'><strong>εἰς</strong></span> 
     </span>
    </p>
   </div>
   <div class='ocr_carea' id='block_1_105' title="bbox 1046 2454 1836 2491">
    <p class='ocr_par' dir='ltr' id='par_1_105' title="bbox 1046 2454 1836 2491">
     <span class='ocr_line' id='line_1_105' title="bbox 1046 2454 1836 2491; baseline -0.001 -9"><span class='ocrx_word' id='word_1_827' title='bbox 1046 2456 1080 2483; x_wconf 79' lang='grc' dir='ltr'><strong>τὰ</strong></span> <span class='ocrx_word' id='word_1_828' title='bbox 1096 2456 1208 2491; x_wconf 80' lang='grc' dir='ltr'>θεμέλια</span> <span class='ocrx_word' id='word_1_829' title='bbox 1228 2454 1306 2487; x_wconf 88' lang='grc' dir='ltr'>Σιὼν,</span> <span class='ocrx_word' id='word_1_830' title='bbox 1325 2454 1369 2481; x_wconf 77' lang='grc' dir='ltr'>τὸν</span> <span class='ocrx_word' id='word_1_831' title='bbox 1391 2455 1497 2487; x_wconf 76' lang='grc' dir='ltr'>πολλοῖς</span> <span class='ocrx_word' id='word_1_832' title='bbox 1522 2455 1669 2490; x_wconf 72' lang='grc' dir='ltr'>ὀφθαλμοῖς</span> <span class='ocrx_word' id='word_1_833' title='bbox 1693 2455 1836 2490; x_wconf 73' lang='grc' dir='ltr'>ἐφορῶντα</span> 
     </span>
    </p>
   </div>
   <div class='ocr_carea' id='block_1_106' title="bbox 1045 2499 1836 2535">
    <p class='ocr_par' dir='ltr' id='par_1_106' title="bbox 1045 2499 1836 2535">
     <span class='ocr_line' id='line_1_106' title="bbox 1045 2499 1836 2535; baseline 0 -9"><span class='ocrx_word' id='word_1_834' title='bbox 1045 2499 1080 2526; x_wconf 76' lang='grc' dir='ltr'><strong>τὰ</strong></span> <span class='ocrx_word' id='word_1_835' title='bbox 1091 2499 1188 2526; x_wconf 77' lang='grc' dir='ltr'>πάντα.</span> <span class='ocrx_word' id='word_1_836' title='bbox 1200 2499 1236 2526; x_wconf 88' lang='grc' dir='ltr'>Τὺ</span> <span class='ocrx_word' id='word_1_837' title='bbox 1250 2499 1303 2535; x_wconf 80' lang='grc' dir='ltr'>γὰρ</span> <span class='ocrx_word' id='word_1_838' title='bbox 1316 2499 1397 2532; x_wconf 74' lang='grc' dir='ltr'>ἑπτὰ,</span> <span class='ocrx_word' id='word_1_839' title='bbox 1413 2499 1460 2526; x_wconf 87' lang='grc' dir='ltr'><strong>τοῦ</strong></span> <span class='ocrx_word' id='word_1_840' title='bbox 1475 2499 1585 2531; x_wconf 82' lang='grc' dir='ltr'>τελείως</span> <span class='ocrx_word' id='word_1_841' title='bbox 1599 2499 1705 2535; x_wconf 75' lang='grc' dir='ltr'>ἔχοντος</span> <span class='ocrx_word' id='word_1_842' title='bbox 1720 2500 1765 2525; x_wconf 82' lang='grc' dir='ltr'>ἀεί</span> <span class='ocrx_word' id='word_1_843' title='bbox 1778 2499 1836 2531; x_wconf 81' lang='grc' dir='ltr'><strong>πώς</strong></span> 
     </span>
    </p>
   </div>
   <div class='ocr_carea' id='block_1_107' title="bbox 1046 2544 1834 2580">
    <p class='ocr_par' dir='ltr' id='par_1_107' title="bbox 1046 2544 1834 2580">
     <span class='ocr_line' id='line_1_107' title="bbox 1046 2544 1834 2580; baseline 0.001 -9"><span class='ocrx_word' id='word_1_844' title='bbox 1046 2545 1104 2571; x_wconf 85' lang='grc' dir='ltr'>ἐστι</span> <span class='ocrx_word' id='word_1_845' title='bbox 1130 2545 1306 2580; x_wconf 84' lang='grc' dir='ltr'>σημαντικόν.</span> <span class='ocrx_word' id='word_1_846' title='bbox 1322 2546 1419 2579; x_wconf 81' lang='grc' dir='ltr'>Στεῖρα</span> <span class='ocrx_word' id='word_1_847' title='bbox 1435 2545 1500 2579; x_wconf 87' lang='grc' dir='ltr'>γοῦν</span> <span class='ocrx_word' id='word_1_848' title='bbox 1522 2544 1632 2579; x_wconf 78' lang='grc' dir='ltr'>λέγεται</span> <span class='ocrx_word' id='word_1_849' title='bbox 1646 2546 1736 2571; x_wconf 85' lang='grc' dir='ltr'>τεκεῖν</span> <span class='ocrx_word' id='word_1_850' title='bbox 1753 2545 1834 2572; x_wconf 72' lang='grc' dir='ltr'>ἑπτά.</span> 
     </span>
    </p>
   </div>
   <div class='ocr_carea' id='block_1_108' title="bbox 1047 2589 1836 2626">
    <p class='ocr_par' dir='ltr' id='par_1_108' title="bbox 1047 2589 1836 2626">
     <span class='ocr_line' id='line_1_108' title="bbox 1047 2589 1836 2626; baseline 0.001 -10"><span class='ocrx_word' id='word_1_851' title='bbox 1047 2590 1108 2617; x_wconf 86' lang='grc' dir='ltr'><strong>Ὅτι</strong></span> <span class='ocrx_word' id='word_1_852' title='bbox 1124 2590 1152 2616; x_wconf 86' lang='grc' dir='ltr'>δὲ</span> <span class='ocrx_word' id='word_1_853' title='bbox 1178 2590 1285 2626; x_wconf 85' lang='grc' dir='ltr'>μυρίοις</span> <span class='ocrx_word' id='word_1_854' title='bbox 1309 2589 1430 2625; x_wconf 76' lang='grc' dir='ltr'>ὄμμασιν</span> <span class='ocrx_word' id='word_1_855' title='bbox 1448 2590 1535 2625; x_wconf 75' lang='grc' dir='ltr'>ἐφορᾷ</span> <span class='ocrx_word' id='word_1_856' title='bbox 1556 2590 1646 2617; x_wconf 83' lang='grc' dir='ltr'>πάντα</span> <span class='ocrx_word' id='word_1_857' title='bbox 1664 2591 1711 2617; x_wconf 79' lang='grc' dir='ltr'>καὶ</span> <span class='ocrx_word' id='word_1_858' title='bbox 1723 2591 1836 2618; x_wconf 81' lang='grc' dir='ltr'>ἐπισκέ-</span> 
     </span>
    </p>
   </div>
   <div class='ocr_carea' id='block_1_109' title="bbox 1047 2634 1834 2671">
    <p class='ocr_par' dir='ltr' id='par_1_109' title="bbox 1047 2634 1834 2671">
     <span class='ocr_line' id='line_1_109' title="bbox 1047 2634 1834 2671; baseline 0 -9"><span class='ocrx_word' id='word_1_859' title='bbox 1047 2644 1143 2662; x_wconf 84' lang='grc' dir='ltr'>πτεται</span> <span class='ocrx_word' id='word_1_860' title='bbox 1166 2635 1200 2662; x_wconf 81' lang='grc' dir='ltr'><strong>τὰ</strong></span> <span class='ocrx_word' id='word_1_861' title='bbox 1216 2635 1276 2662; x_wconf 87' lang='grc' dir='ltr'>καθ’</span> <span class='ocrx_word' id='word_1_862' title='bbox 1290 2635 1363 2669; x_wconf 82' lang='grc' dir='ltr'>ἡμᾶς</span> <span class='ocrx_word' id='word_1_863' title='bbox 1387 2636 1403 2670; x_wconf 82' lang='grc' dir='ltr'>ἡ</span> <span class='ocrx_word' id='word_1_864' title='bbox 1425 2634 1485 2662; x_wconf 87' lang='grc' dir='ltr'>θεία</span> <span class='ocrx_word' id='word_1_865' title='bbox 1500 2644 1530 2662; x_wconf 87' lang='grc' dir='ltr'><strong>τε</strong></span> <span class='ocrx_word' id='word_1_866' title='bbox 1549 2635 1595 2662; x_wconf 75' lang='grc' dir='ltr'>καὶ</span> <span class='ocrx_word' id='word_1_867' title='bbox 1617 2635 1773 2671; x_wconf 75' lang='grc' dir='ltr'>ἀπόρρητος</span> <span class='ocrx_word' id='word_1_868' title='bbox 1788 2635 1834 2662; x_wconf 89' lang='grc' dir='ltr'><strong>τοῦ</strong></span> 
     </span>
    </p>
   </div>
   <div class='ocr_carea' id='block_1_110' title="bbox 204 2680 1834 2718">
    <p class='ocr_par' dir='ltr' id='par_1_110' title="bbox 204 2680 1834 2718">
     <span class='ocr_line' id='line_1_110' title="bbox 204 2680 1834 2718; baseline 0.002 -11"><span class='ocrx_word' id='word_1_869' title='bbox 204 2680 269 2707; x_wconf 81' lang='grc' dir='ltr'>Υῐοῦ</span> <span class='ocrx_word' id='word_1_870' title='bbox 284 2680 434 2716; x_wconf 79' lang='grc' dir='ltr'>φύσις,οὺκ</span> <span class='ocrx_word' id='word_1_871' title='bbox 449 2681 482 2709; x_wconf 79' lang='grc' dir='ltr'>ἂν</span> <span class='ocrx_word' id='word_1_872' title='bbox 493 2682 639 2710; x_wconf 83' lang='grc' dir='ltr'>ἑνδοιάσειέ</span> <span class='ocrx_word' id='word_1_873' title='bbox 655 2691 697 2714; x_wconf 85' lang='grc' dir='ltr'><strong>τις</strong></span> <span class='ocrx_word' id='word_1_874' title='bbox 709 2691 715 2697; x_wconf 94' lang='grc'><strong>·</strong></span> <span class='ocrx_word' id='word_1_875' title='bbox 732 2692 741 2709; x_wconf 81' lang='grc' dir='ltr'><strong>ι</strong></span> <span class='ocrx_word' id='word_1_876' title='bbox 755 2683 813 2710; x_wconf 89' lang='grc' dir='ltr'>Ζῶν</span> <span class='ocrx_word' id='word_1_877' title='bbox 839 2683 893 2718; x_wconf 87' lang='grc' dir='ltr'>γὰρ</span> <span class='ocrx_word' id='word_1_878' title='bbox 904 2684 918 2710; x_wconf 81' lang='grc' dir='ltr'>ὁ</span> <span class='ocrx_word' id='word_1_879' title='bbox 937 2683 1013 2717; x_wconf 84' lang='grc' dir='ltr'>λόγος</span> <span class='ocrx_word' id='word_1_880' title='bbox 1030 2683 1075 2710; x_wconf 85' lang='grc' dir='ltr'><strong>τοῦ</strong></span> <span class='ocrx_word' id='word_1_881' title='bbox 1093 2683 1171 2716; x_wconf 86' lang='grc' dir='ltr'>Θεοῦ,</span> <span class='ocrx_word' id='word_1_882' title='bbox 1213 2682 1257 2710; x_wconf 73' lang='grc' dir='ltr'>καὶ</span> <span class='ocrx_word' id='word_1_883' title='bbox 1281 2683 1404 2718; x_wconf 80' lang='grc' dir='ltr'>ἐνεργὴς,</span> <span class='ocrx_word' id='word_1_884' title='bbox 1421 2683 1466 2710; x_wconf 77' lang='grc' dir='ltr'>καὶ</span> <span class='ocrx_word' id='word_1_885' title='bbox 1480 2682 1634 2718; x_wconf 82' lang='grc' dir='ltr'>τομώτερος</span> <span class='ocrx_word' id='word_1_886' title='bbox 1650 2683 1721 2718; x_wconf 78' lang='grc' dir='ltr'>ὑπὲρ</span> <span class='ocrx_word' id='word_1_887' title='bbox 1744 2685 1834 2710; x_wconf 75' lang='grc' dir='ltr'>πᾶσαν</span> 
     </span>
    </p>
   </div>
   <div class='ocr_carea' id='block_1_111' title="bbox 205 2728 1834 2767">
    <p class='ocr_par' dir='ltr' id='par_1_111' title="bbox 205 2728 1834 2767">
     <span class='ocr_line' id='line_1_111' title="bbox 205 2728 1834 2767; baseline 0.001 -12"><span class='ocrx_word' id='word_1_888' title='bbox 205 2728 343 2765; x_wconf 81' lang='grc' dir='ltr'>μάχαιραν</span> <span class='ocrx_word' id='word_1_889' title='bbox 365 2730 501 2766; x_wconf 81' lang='grc' dir='ltr'>δίστομον,</span> <span class='ocrx_word' id='word_1_890' title='bbox 517 2731 563 2758; x_wconf 66' lang='grc' dir='ltr'>καὶ</span> <span class='ocrx_word' id='word_1_891' title='bbox 577 2730 761 2767; x_wconf 69' lang='grc' dir='ltr'>διικνούμενος</span> <span class='ocrx_word' id='word_1_892' title='bbox 776 2732 839 2766; x_wconf 80' lang='grc' dir='ltr'>ἄχρι</span> <span class='ocrx_word' id='word_1_893' title='bbox 872 2731 1006 2767; x_wconf 81' lang='grc' dir='ltr'>μερισμοῦ</span> <span class='ocrx_word' id='word_1_894' title='bbox 1024 2732 1113 2767; x_wconf 72' lang='grc' dir='ltr'>ψυχῆς</span> <span class='ocrx_word' id='word_1_895' title='bbox 1140 2731 1187 2758; x_wconf 80' lang='grc' dir='ltr'>καὶ</span> <span class='ocrx_word' id='word_1_896' title='bbox 1212 2729 1376 2765; x_wconf 76' lang='grc' dir='ltr'>πνεύματος,</span> <span class='ocrx_word' id='word_1_897' title='bbox 1389 2730 1491 2766; x_wconf 47' lang='grc' dir='ltr'><strong>⁵ιίιρμῶν</strong></span> <span class='ocrx_word' id='word_1_898' title='bbox 1514 2738 1542 2756; x_wconf 88' lang='grc' dir='ltr'><strong>τε</strong></span> <span class='ocrx_word' id='word_1_899' title='bbox 1564 2731 1611 2756; x_wconf 87' lang='grc' dir='ltr'>καὶ</span> <span class='ocrx_word' id='word_1_900' title='bbox 1650 2729 1770 2765; x_wconf 84' lang='grc' dir='ltr'>μυελῶν,</span> <span class='ocrx_word' id='word_1_901' title='bbox 1787 2729 1834 2757; x_wconf 85' lang='grc' dir='ltr'>καὶ</span> 
     </span>
    </p>
   </div>
   <div class='ocr_carea' id='block_1_112' title="bbox 173 2828 993 2868">
    <p class='ocr_par' dir='ltr' id='par_1_112' title="bbox 173 2828 993 2868">
     <span class='ocr_line' id='line_1_112' title="bbox 173 2828 993 2868; baseline 0.004 -13"><span class='ocrx_word' id='word_1_902' title='bbox 173 2859 178 2868; x_wconf 36' lang='grc' dir='ltr'>δ</span> <span class='ocrx_word' id='word_1_903' title='bbox 238 2828 260 2844; x_wconf 76' lang='grc'><strong>⁸³</strong></span> <span class='ocrx_word' id='word_1_904' title='bbox 276 2829 400 2868; x_wconf 17' lang='lat' dir='ltr'><strong>ienuit&quot;,</strong></span> <span class='ocrx_word' id='word_1_905' title='bbox 419 2832 511 2868; x_wconf 62' lang='grc' dir='ltr'>ιιτιο.</span> <span class='ocrx_word' id='word_1_906' title='bbox 552 2833 573 2849; x_wconf 72' lang='grc'><strong>⁸⁵</strong></span> <span class='ocrx_word' id='word_1_907' title='bbox 591 2832 684 2859; x_wconf 70' lang='lat' dir='ltr'><strong>Matth.</strong></span> <span class='ocrx_word' id='word_1_908' title='bbox 704 2840 751 2868; x_wconf 77' lang='lat' dir='ltr'><strong>xu.</strong></span> <span class='ocrx_word' id='word_1_909' title='bbox 767 2832 811 2859; x_wconf 81' lang='grc'><strong>58.</strong></span> <span class='ocrx_word' id='word_1_910' title='bbox 852 2832 873 2848; x_wconf 79' lang='grc'><strong><em>⁵⁵</em></strong></span> <span class='ocrx_word' id='word_1_911' title='bbox 888 2832 993 2868; x_wconf 79' lang='lat' dir='ltr'><strong>Philipp</strong></span> 
     </span>
    </p>
   </div>
   <div class='ocr_carea' id='block_1_113' title="bbox 205 2865 381 2898">
    <p class='ocr_par' dir='ltr' id='par_1_113' title="bbox 205 2865 381 2898">
     <span class='ocr_line' id='line_1_113' title="bbox 205 2865 381 2898; baseline 0.023 -8"><span class='ocrx_word' id='word_1_912' title='bbox 205 2870 263 2898; x_wconf 74' lang='grc' dir='ltr'>λιιι,</span> <span class='ocrx_word' id='word_1_913' title='bbox 281 2865 323 2898; x_wconf 65' lang='grc' dir='ltr'><strong>ιε,</strong></span> <span class='ocrx_word' id='word_1_914' title='bbox 339 2867 381 2894; x_wconf 79' lang='grc'><strong>15.</strong></span> 
     </span>
    </p>
   </div>
   <div class='ocr_carea' id='block_1_114' title="bbox 420 2867 1170 2902">
    <p class='ocr_par' dir='ltr' id='par_1_114' title="bbox 420 2867 1170 2902">
     <span class='ocr_line' id='line_1_114' title="bbox 420 2867 1170 2902; baseline 0.003 -8"><span class='ocrx_word' id='word_1_915' title='bbox 420 2867 442 2883; x_wconf 72' lang='grc'><strong>³⁸</strong></span> <span class='ocrx_word' id='word_1_916' title='bbox 458 2867 556 2902; x_wconf 78' lang='lat' dir='ltr'><strong>Epiros.</strong></span> <span class='ocrx_word' id='word_1_917' title='bbox 571 2875 595 2900; x_wconf 87' lang='grc' dir='ltr'><strong>ν,</strong></span> <span class='ocrx_word' id='word_1_918' title='bbox 614 2868 653 2894; x_wconf 76' lang='grc' dir='ltr'>Η.</span> <span class='ocrx_word' id='word_1_919' title='bbox 695 2868 716 2883; x_wconf 58' lang='grc' dir='ltr'>Ἠ</span> <span class='ocrx_word' id='word_1_920' title='bbox 733 2867 783 2893; x_wconf 54' lang='lat' dir='ltr'><strong>ina.</strong></span> <span class='ocrx_word' id='word_1_921' title='bbox 803 2875 897 2900; x_wconf 69' lang='lat' dir='ltr'><strong>nvm,</strong></span> <span class='ocrx_word' id='word_1_922' title='bbox 920 2867 968 2899; x_wconf 75' lang='lat' dir='ltr'><strong>l6;</strong></span> <span class='ocrx_word' id='word_1_923' title='bbox 986 2867 993 2893; x_wconf 94' lang='lat' dir='ltr'><strong>l</strong></span> <span class='ocrx_word' id='word_1_924' title='bbox 1009 2867 1079 2894; x_wconf 74' lang='lat' dir='ltr'><strong>l&#39;ctr.</strong></span> <span class='ocrx_word' id='word_1_925' title='bbox 1101 2876 1132 2901; x_wconf 88' lang='grc' dir='ltr'><strong>ιι,</strong></span> <span class='ocrx_word' id='word_1_926' title='bbox 1146 2869 1170 2896; x_wconf 75' lang='lat'><strong>6.</strong></span> 
     </span>
    </p>
   </div>
   <div class='ocr_carea' id='block_1_115' title="bbox 997 2830 1831 2865">
    <p class='ocr_par' dir='ltr' id='par_1_115' title="bbox 997 2830 1831 2865">
     <span class='ocr_line' id='line_1_115' title="bbox 997 2830 1831 2865; baseline -0.002 -7"><span class='ocrx_word' id='word_1_927' title='bbox 997 2853 1002 2858; x_wconf 90' lang='lat'><strong>.</strong></span> <span class='ocrx_word' id='word_1_928' title='bbox 1021 2840 1050 2863; x_wconf 81' lang='grc' dir='ltr'><strong>ιι,</strong></span> <span class='ocrx_word' id='word_1_929' title='bbox 1071 2832 1097 2865; x_wconf 81' lang='grc'>7,</span> <span class='ocrx_word' id='word_1_930' title='bbox 1114 2832 1141 2860; x_wconf 90' lang='lat'><strong>8.</strong></span> <span class='ocrx_word' id='word_1_931' title='bbox 1181 2833 1203 2848; x_wconf 74' lang='grc'><strong>⁸⁵</strong></span> <span class='ocrx_word' id='word_1_932' title='bbox 1221 2832 1334 2859; x_wconf 76' lang='lat' dir='ltr'><strong>Malm-lt.</strong></span> <span class='ocrx_word' id='word_1_933' title='bbox 1354 2839 1390 2862; x_wconf 83' lang='lat' dir='ltr'><strong>IV,</strong></span> <span class='ocrx_word' id='word_1_934' title='bbox 1410 2832 1438 2858; x_wconf 65' lang='grc' dir='ltr'><strong>ἓ.</strong></span> <span class='ocrx_word' id='word_1_935' title='bbox 1475 2832 1498 2848; x_wconf 69' lang='grc' dir='ltr'><strong>⁸τ</strong></span> <span class='ocrx_word' id='word_1_936' title='bbox 1514 2831 1578 2858; x_wconf 77' lang='lat' dir='ltr'><strong>Luc.</strong></span> <span class='ocrx_word' id='word_1_937' title='bbox 1595 2838 1614 2862; x_wconf 89' lang='grc'>1,</span> <span class='ocrx_word' id='word_1_938' title='bbox 1630 2830 1673 2856; x_wconf 88' lang='grc'><strong>79.</strong></span> <span class='ocrx_word' id='word_1_939' title='bbox 1713 2830 1736 2845; x_wconf 75' lang='grc'><strong>⁸⁸</strong></span> <span class='ocrx_word' id='word_1_940' title='bbox 1753 2830 1831 2857; x_wconf 76' lang='lat' dir='ltr'><strong>Rom.</strong></span> 
     </span>
    </p>
   </div>
   <div class='ocr_carea' id='block_1_116' title="bbox 1219 2865 1778 2902">
    <p class='ocr_par' dir='ltr' id='par_1_116' title="bbox 1219 2865 1778 2902">
     <span class='ocr_line' id='line_1_116' title="bbox 1219 2865 1778 2902; baseline 0 -9"><span class='ocrx_word' id='word_1_941' title='bbox 1219 2869 1238 2884; x_wconf 73' lang='grc'><strong>⁸³</strong></span> <span class='ocrx_word' id='word_1_942' title='bbox 1257 2868 1263 2893; x_wconf 94' lang='lat' dir='ltr'><strong>l</strong></span> <span class='ocrx_word' id='word_1_943' title='bbox 1282 2868 1347 2902; x_wconf 71' lang='lat' dir='ltr'><strong>ch.</strong></span> <span class='ocrx_word' id='word_1_944' title='bbox 1371 2875 1398 2899; x_wconf 86' lang='grc' dir='ltr'><strong>ιι,</strong></span> <span class='ocrx_word' id='word_1_945' title='bbox 1483 2868 1504 2884; x_wconf 77' lang='grc' dir='ltr'>η</span> <span class='ocrx_word' id='word_1_946' title='bbox 1521 2866 1602 2894; x_wconf 77' lang='lat' dir='ltr'><strong>ilcbr.</strong></span> <span class='ocrx_word' id='word_1_947' title='bbox 1619 2873 1656 2898; x_wconf 84' lang='lat' dir='ltr'><strong>Iv,</strong></span> <span class='ocrx_word' id='word_1_948' title='bbox 1673 2865 1714 2896; x_wconf 72' lang='lat'><strong>12,</strong></span> <span class='ocrx_word' id='word_1_949' title='bbox 1735 2865 1778 2893; x_wconf 71' lang='grc' dir='ltr'>ιε».</span> 
     </span>
    </p>
   </div>
  </div>
