  <div class='ocr_page' id='page_1' title='image "/cluster/home/n/w/nwhite01/storage/ocr_20150623/72/njp.32101077772752/043.png"; bbox 0 0 1910 3050; ppageno 0'>
   <div class='ocr_carea' id='block_1_1' title="bbox 223 171 1845 205">
    <p class='ocr_par' dir='ltr' id='par_1_1' title="bbox 223 171 1845 205">
     <span class='ocr_line' id='line_1_1' title="bbox 223 171 1845 205; baseline 0.006 -6"><span class='ocrx_word' id='word_1_1' title='bbox 223 171 258 200; x_wconf 75' lang='lat'><strong>55</strong></span> <span class='ocrx_word' id='word_1_2' title='bbox 734 173 762 201; x_wconf 89' lang='lat' dir='ltr'><strong>S.</strong></span> <span class='ocrx_word' id='word_1_3' title='bbox 782 173 1177 204; x_wconf 71' lang='lat' dir='ltr'><strong>CYRILIJ&#39;ALEXANDRINI</strong></span> <span class='ocrx_word' id='word_1_4' title='bbox 1198 175 1355 205; x_wconf 75' lang='lat' dir='ltr'><strong>AHCIllEP.</strong></span> <span class='ocrx_word' id='word_1_5' title='bbox 1813 172 1845 200; x_wconf 67' lang='lat'><strong>55</strong></span> 
     </span>
    </p>
   </div>
   <div class='ocr_carea' id='block_1_2' title="bbox 223 229 1011 268">
    <p class='ocr_par' dir='ltr' id='par_1_2' title="bbox 223 229 1009 266">
     <span class='ocr_line' id='line_1_2' title="bbox 223 229 1009 266; baseline 0.004 -10"><span class='ocrx_word' id='word_1_6' title='bbox 223 235 252 256; x_wconf 85' lang='lat' dir='ltr'><strong>ut</strong></span> <span class='ocrx_word' id='word_1_7' title='bbox 266 229 426 262; x_wconf 73' lang='lat' dir='ltr'><strong>memoravi,</strong></span> <span class='ocrx_word' id='word_1_8' title='bbox 442 229 536 258; x_wconf 83' lang='lat' dir='ltr'><strong>dili‘usa</strong></span> <span class='ocrx_word' id='word_1_9' title='bbox 551 230 694 265; x_wconf 78' lang='lat' dir='ltr'><strong>pernicies.</strong></span> <span class='ocrx_word' id='word_1_10' title='bbox 710 230 803 266; x_wconf 86' lang='lat' dir='ltr'><strong>itaque</strong></span> <span class='ocrx_word' id='word_1_11' title='bbox 823 232 956 260; x_wconf 80' lang='lat' dir='ltr'><strong>abductus</strong></span> <span class='ocrx_word' id='word_1_12' title='bbox 967 237 1009 259; x_wconf 83' lang='lat' dir='ltr'><strong>est</strong></span> 
     </span>
    </p>
   </div>
   <div class='ocr_carea' id='block_1_3' title="bbox 1064 229 1861 268">
    <p class='ocr_par' dir='ltr' id='par_1_3' title="bbox 1064 229 1861 268">
     <span class='ocr_line' id='line_1_3' title="bbox 1064 229 1861 268; baseline -0.006 -8"><span class='ocrx_word' id='word_1_13' title='bbox 1064 234 1232 268; x_wconf 69' lang='grc' dir='ltr'><strong>καταχέουσα</strong></span> <span class='ocrx_word' id='word_1_14' title='bbox 1245 233 1308 268; x_wconf 75' lang='grc' dir='ltr'><strong>γῆς.</strong></span> <span class='ocrx_word' id='word_1_15' title='bbox 1316 233 1369 260; x_wconf 74' lang='grc' dir='ltr'><strong>Καὶ</strong></span> <span class='ocrx_word' id='word_1_16' title='bbox 1380 232 1444 266; x_wconf 75' lang='grc' dir='ltr'>γοῦν</span> <span class='ocrx_word' id='word_1_17' title='bbox 1455 230 1637 267; x_wconf 75' lang='grc' dir='ltr'>ἁπεκομίζετο</span> <span class='ocrx_word' id='word_1_18' title='bbox 1651 230 1699 266; x_wconf 73' lang='grc' dir='ltr'><strong>μὲν</strong></span> <span class='ocrx_word' id='word_1_19' title='bbox 1709 231 1723 256; x_wconf 83' lang='grc' dir='ltr'><strong><em>ὸ</em></strong></span> <span class='ocrx_word' id='word_1_20' title='bbox 1731 229 1847 266; x_wconf 80' lang='grc' dir='ltr'>Χριστὸς</span> <span class='ocrx_word' id='word_1_21' title='bbox 1858 248 1861 249; x_wconf 51' lang='grc' dir='ltr'><strong>ν</strong></span> 
     </span>
    </p>
   </div>
   <div class='ocr_carea' id='block_1_4' title="bbox 222 274 1010 313">
    <p class='ocr_par' dir='ltr' id='par_1_4' title="bbox 222 274 1010 313">
     <span class='ocr_line' id='line_1_4' title="bbox 222 274 1010 313; baseline 0.006 -12"><span class='ocrx_word' id='word_1_22' title='bbox 222 274 330 309; x_wconf 84' lang='lat' dir='ltr'><strong>quidem</strong></span> <span class='ocrx_word' id='word_1_23' title='bbox 352 275 477 303; x_wconf 80' lang='lat' dir='ltr'><strong>Christus</strong></span> <span class='ocrx_word' id='word_1_24' title='bbox 500 276 534 304; x_wconf 86' lang='lat' dir='ltr'><strong>ad</strong></span> <span class='ocrx_word' id='word_1_25' title='bbox 555 284 675 310; x_wconf 87' lang='lat' dir='ltr'><strong>crucem,</strong></span> <span class='ocrx_word' id='word_1_26' title='bbox 703 278 878 313; x_wconf 89' lang='lat' dir='ltr'><strong>sequentibus</strong></span> <span class='ocrx_word' id='word_1_27' title='bbox 901 278 1010 306; x_wconf 73' lang='lat' dir='ltr'><strong>lettiinis</strong></span> 
     </span>
    </p>
   </div>
   <div class='ocr_carea' id='block_1_5' title="bbox 222 323 1010 361">
    <p class='ocr_par' dir='ltr' id='par_1_5' title="bbox 222 323 1010 361">
     <span class='ocr_line' id='line_1_5' title="bbox 222 323 1010 361; baseline 0.006 -13"><span class='ocrx_word' id='word_1_28' title='bbox 222 323 434 350; x_wconf 80' lang='lat' dir='ltr'><strong>lamentantihus</strong></span> <span class='ocrx_word' id='word_1_29' title='bbox 457 328 485 351; x_wconf 86' lang='lat' dir='ltr'><strong>et</strong></span> <span class='ocrx_word' id='word_1_30' title='bbox 510 324 691 359; x_wconf 77' lang='lat' dir='ltr'><strong>plorantibus,</strong></span> <span class='ocrx_word' id='word_1_31' title='bbox 717 327 749 353; x_wconf 86' lang='lat' dir='ltr'><strong>ad</strong></span> <span class='ocrx_word' id='word_1_32' title='bbox 773 334 841 361; x_wconf 88' lang='lat' dir='ltr'><strong>quas</strong></span> <span class='ocrx_word' id='word_1_33' title='bbox 862 334 1010 354; x_wconf 82' lang='lat' dir='ltr'><strong>conversus</strong></span> 
     </span>
    </p>
   </div>
   <div class='ocr_carea' id='block_1_6' title="bbox 221 367 1009 407">
    <p class='ocr_par' dir='ltr' id='par_1_6' title="bbox 221 367 1009 407">
     <span class='ocr_line' id='line_1_6' title="bbox 221 367 1009 407; baseline 0.006 -13"><span class='ocrx_word' id='word_1_34' title='bbox 221 368 280 395; x_wconf 79' lang='lat' dir='ltr'><strong>ait:</strong></span> <span class='ocrx_word' id='word_1_35' title='bbox 297 377 306 394; x_wconf 76' lang='grc' dir='ltr'><strong>ι</strong></span> <span class='ocrx_word' id='word_1_36' title='bbox 322 367 396 397; x_wconf 66' lang='lat' dir='ltr'><strong>Filiae</strong></span> <span class='ocrx_word' id='word_1_37' title='bbox 417 368 577 403; x_wconf 80' lang='lat' dir='ltr'><strong>Jerusalem,</strong></span> <span class='ocrx_word' id='word_1_38' title='bbox 599 371 682 399; x_wconf 91' lang='lat' dir='ltr'><strong>nolite</strong></span> <span class='ocrx_word' id='word_1_39' title='bbox 697 372 762 399; x_wconf 84' lang='lat' dir='ltr'><strong>ﬂere</strong></span> <span class='ocrx_word' id='word_1_40' title='bbox 783 380 867 407; x_wconf 87' lang='lat' dir='ltr'><strong>super</strong></span> <span class='ocrx_word' id='word_1_41' title='bbox 890 381 942 406; x_wconf 91' lang='lat' dir='ltr'><strong>me,</strong></span> <span class='ocrx_word' id='word_1_42' title='bbox 964 373 1009 400; x_wconf 88' lang='lat' dir='ltr'><strong>sed</strong></span> 
     </span>
    </p>
   </div>
   <div class='ocr_carea' id='block_1_7' title="bbox 222 416 1006 452">
    <p class='ocr_par' dir='ltr' id='par_1_7' title="bbox 222 416 1006 452">
     <span class='ocr_line' id='line_1_7' title="bbox 222 416 1006 452; baseline 0.006 -13"><span class='ocrx_word' id='word_1_43' title='bbox 222 420 303 447; x_wconf 86' lang='lat' dir='ltr'><strong>super</strong></span> <span class='ocrx_word' id='word_1_44' title='bbox 327 422 375 442; x_wconf 91' lang='lat' dir='ltr'><strong>vos</strong></span> <span class='ocrx_word' id='word_1_45' title='bbox 404 416 474 449; x_wconf 89' lang='lat' dir='ltr'><strong>ipsas</strong></span> <span class='ocrx_word' id='word_1_46' title='bbox 498 416 569 449; x_wconf 80' lang='lat' dir='ltr'><strong>ﬂete,</strong></span> <span class='ocrx_word' id='word_1_47' title='bbox 585 421 612 445; x_wconf 90' lang='lat' dir='ltr'><strong>et</strong></span> <span class='ocrx_word' id='word_1_48' title='bbox 634 425 716 452; x_wconf 87' lang='lat' dir='ltr'><strong>super</strong></span> <span class='ocrx_word' id='word_1_49' title='bbox 749 418 819 446; x_wconf 82' lang='lat' dir='ltr'><strong>ﬁlios</strong></span> <span class='ocrx_word' id='word_1_50' title='bbox 843 419 977 445; x_wconf 73' lang='lat' dir='ltr'><strong>vestros‘.</strong></span> <span class='ocrx_word' id='word_1_51' title='bbox 997 427 1006 444; x_wconf 76' lang='grc' dir='ltr'><strong>ι</strong></span> 
     </span>
    </p>
   </div>
   <div class='ocr_carea' id='block_1_8' title="bbox 222 458 1011 497">
    <p class='ocr_par' dir='ltr' id='par_1_8' title="bbox 222 458 1011 497">
     <span class='ocr_line' id='line_1_8' title="bbox 222 458 1011 497; baseline 0.008 -12"><span class='ocrx_word' id='word_1_52' title='bbox 222 458 325 487; x_wconf 81' lang='lat' dir='ltr'><strong>Trndili</strong></span> <span class='ocrx_word' id='word_1_53' title='bbox 343 466 406 489; x_wconf 90' lang='lat' dir='ltr'><strong>sunt</strong></span> <span class='ocrx_word' id='word_1_54' title='bbox 421 462 494 490; x_wconf 89' lang='lat' dir='ltr'><strong>enim</strong></span> <span class='ocrx_word' id='word_1_55' title='bbox 519 463 546 491; x_wconf 90' lang='lat' dir='ltr'><strong>in</strong></span> <span class='ocrx_word' id='word_1_56' title='bbox 567 464 680 491; x_wconf 79' lang='lat' dir='ltr'><strong>exitium</strong></span> <span class='ocrx_word' id='word_1_57' title='bbox 699 468 726 492; x_wconf 90' lang='lat' dir='ltr'><strong>et</strong></span> <span class='ocrx_word' id='word_1_58' title='bbox 742 464 853 497; x_wconf 57' lang='lat' dir='ltr'><strong>eaedem,</strong></span> <span class='ocrx_word' id='word_1_59' title='bbox 875 468 901 491; x_wconf 90' lang='lat' dir='ltr'><strong>et</strong></span> <span class='ocrx_word' id='word_1_60' title='bbox 922 465 1011 491; x_wconf 85' lang='lat' dir='ltr'><strong>evenit</strong></span> 
     </span>
    </p>
   </div>
   <div class='ocr_carea' id='block_1_9' title="bbox 223 505 1009 543">
    <p class='ocr_par' dir='ltr' id='par_1_9' title="bbox 223 505 1009 543">
     <span class='ocr_line' id='line_1_9' title="bbox 223 505 1009 543; baseline 0.009 -12"><span class='ocrx_word' id='word_1_61' title='bbox 223 505 276 533; x_wconf 82' lang='lat' dir='ltr'><strong>illis</strong></span> <span class='ocrx_word' id='word_1_62' title='bbox 292 507 363 541; x_wconf 90' lang='lat' dir='ltr'><strong>quod</strong></span> <span class='ocrx_word' id='word_1_63' title='bbox 382 512 425 535; x_wconf 89' lang='lat' dir='ltr'><strong>est</strong></span> <span class='ocrx_word' id='word_1_64' title='bbox 437 509 506 543; x_wconf 87' lang='lat' dir='ltr'><strong>apud</strong></span> <span class='ocrx_word' id='word_1_65' title='bbox 523 508 619 537; x_wconf 84' lang='lat' dir='ltr'><strong>Isaiam</strong></span> <span class='ocrx_word' id='word_1_66' title='bbox 636 519 644 538; x_wconf 90' lang='lat'><strong>:</strong></span> <span class='ocrx_word' id='word_1_67' title='bbox 663 520 672 536; x_wconf 76' lang='grc' dir='ltr'><strong>ι</strong></span> <span class='ocrx_word' id='word_1_68' title='bbox 690 509 774 538; x_wconf 87' lang='lat' dir='ltr'><strong>Terra</strong></span> <span class='ocrx_word' id='word_1_69' title='bbox 789 515 879 538; x_wconf 82' lang='lat' dir='ltr'><strong>vestra</strong></span> <span class='ocrx_word' id='word_1_70' title='bbox 891 511 1009 543; x_wconf 85' lang='lat' dir='ltr'><strong>deserta,</strong></span> 
     </span>
    </p>
   </div>
   <div class='ocr_carea' id='block_1_10' title="bbox 223 552 1009 593">
    <p class='ocr_par' dir='ltr' id='par_1_10' title="bbox 223 552 1009 593">
     <span class='ocr_line' id='line_1_10' title="bbox 223 552 1009 593; baseline 0.009 -15"><span class='ocrx_word' id='word_1_71' title='bbox 223 552 347 581; x_wconf 78' lang='lat' dir='ltr'><strong>civitates</strong></span> <span class='ocrx_word' id='word_1_72' title='bbox 368 559 465 582; x_wconf 60' lang='lat' dir='ltr'><strong>vestrae</strong></span> <span class='ocrx_word' id='word_1_73' title='bbox 482 563 620 584; x_wconf 54' lang='lat' dir='ltr'><strong>succensae</strong></span> <span class='ocrx_word' id='word_1_74' title='bbox 642 557 710 591; x_wconf 78' lang='lat' dir='ltr'><strong>igni,</strong></span> <span class='ocrx_word' id='word_1_75' title='bbox 734 558 871 593; x_wconf 76' lang='lat' dir='ltr'><strong>regionem</strong></span> <span class='ocrx_word' id='word_1_76' title='bbox 893 562 1009 585; x_wconf 80' lang='lat' dir='ltr'><strong>vestram</strong></span> 
     </span>
    </p>
   </div>
   <div class='ocr_carea' id='block_1_11' title="bbox 223 601 1010 638">
    <p class='ocr_par' dir='ltr' id='par_1_11' title="bbox 223 601 1010 638">
     <span class='ocr_line' id='line_1_11' title="bbox 223 601 1010 638; baseline 0.01 -15"><span class='ocrx_word' id='word_1_77' title='bbox 223 605 315 625; x_wconf 74' lang='lat' dir='ltr'><strong>coram</strong></span> <span class='ocrx_word' id='word_1_78' title='bbox 343 601 421 628; x_wconf 85' lang='lat' dir='ltr'><strong>vobis</strong></span> <span class='ocrx_word' id='word_1_79' title='bbox 443 601 525 629; x_wconf 79' lang='lat' dir='ltr'><strong>alieni</strong></span> <span class='ocrx_word' id='word_1_80' title='bbox 549 602 680 630; x_wconf 85' lang='lat' dir='ltr'><strong>devorant</strong></span> <span class='ocrx_word' id='word_1_81' title='bbox 706 604 804 638; x_wconf 83' lang='lat' dir='ltr'><strong>ipsam,</strong></span> <span class='ocrx_word' id='word_1_82' title='bbox 834 609 862 631; x_wconf 91' lang='lat' dir='ltr'><strong>et</strong></span> <span class='ocrx_word' id='word_1_83' title='bbox 887 604 1010 632; x_wconf 78' lang='lat' dir='ltr'><strong>desolata</strong></span> 
     </span>
    </p>
   </div>
   <div class='ocr_carea' id='block_1_12' title="bbox 224 646 745 683">
    <p class='ocr_par' dir='ltr' id='par_1_12' title="bbox 224 646 745 683">
     <span class='ocr_line' id='line_1_12' title="bbox 224 646 745 683; baseline 0.012 -12"><span class='ocrx_word' id='word_1_84' title='bbox 224 649 276 676; x_wconf 87' lang='lat' dir='ltr'><strong>est,</strong></span> <span class='ocrx_word' id='word_1_85' title='bbox 294 646 423 674; x_wconf 83' lang='lat' dir='ltr'><strong>subversa</strong></span> <span class='ocrx_word' id='word_1_86' title='bbox 439 655 453 674; x_wconf 80' lang='grc' dir='ltr'><strong>ιι</strong></span> <span class='ocrx_word' id='word_1_87' title='bbox 468 648 575 683; x_wconf 85' lang='lat' dir='ltr'><strong>populis</strong></span> <span class='ocrx_word' id='word_1_88' title='bbox 591 649 687 677; x_wconf 84' lang='lat' dir='ltr'><strong>alienis</strong></span> <span class='ocrx_word' id='word_1_89' title='bbox 697 650 718 676; x_wconf 89' lang='grc'><strong>¹.</strong></span> <span class='ocrx_word' id='word_1_90' title='bbox 735 659 745 676; x_wconf 80' lang='grc' dir='ltr'><strong>ι</strong></span> 
     </span>
    </p>
   </div>
   <div class='ocr_carea' id='block_1_13' title="bbox 261 689 1010 730">
    <p class='ocr_par' dir='ltr' id='par_1_13' title="bbox 261 689 1010 730">
     <span class='ocr_line' id='line_1_13' title="bbox 261 689 1010 730; baseline 0.007 -13"><span class='ocrx_word' id='word_1_91' title='bbox 261 689 342 718; x_wconf 65' lang='lat' dir='ltr'><strong>Vens.</strong></span> <span class='ocrx_word' id='word_1_92' title='bbox 358 692 401 720; x_wconf 85' lang='grc'><strong>10.</strong></span> <span class='ocrx_word' id='word_1_93' title='bbox 421 692 455 719; x_wconf 84' lang='lat' dir='ltr'><strong>In</strong></span> <span class='ocrx_word' id='word_1_94' title='bbox 473 693 516 721; x_wconf 82' lang='lat' dir='ltr'><strong>die</strong></span> <span class='ocrx_word' id='word_1_95' title='bbox 536 694 594 727; x_wconf 79' lang='lat' dir='ltr'><strong>illa,</strong></span> <span class='ocrx_word' id='word_1_96' title='bbox 618 695 679 721; x_wconf 75' lang='lat' dir='ltr'><strong>dicit</strong></span> <span class='ocrx_word' id='word_1_97' title='bbox 697 695 822 722; x_wconf 79' lang='lat' dir='ltr'><strong>Dominus</strong></span> <span class='ocrx_word' id='word_1_98' title='bbox 838 695 1010 730; x_wconf 69' lang='lat' dir='ltr'><strong>omnipotens,</strong></span> 
     </span>
    </p>
   </div>
   <div class='ocr_carea' id='block_1_14' title="bbox 223 740 1009 776">
    <p class='ocr_par' dir='ltr' id='par_1_14' title="bbox 223 740 1009 776">
     <span class='ocr_line' id='line_1_14' title="bbox 223 740 1009 776; baseline 0.006 -14"><span class='ocrx_word' id='word_1_99' title='bbox 223 742 361 764; x_wconf 74' lang='lat' dir='ltr'><strong>commeate</strong></span> <span class='ocrx_word' id='word_1_100' title='bbox 374 740 551 774; x_wconf 67' lang='lat' dir='ltr'><strong>unusquisque</strong></span> <span class='ocrx_word' id='word_1_101' title='bbox 564 741 714 776; x_wconf 67' lang='lat' dir='ltr'><strong>proximum</strong></span> <span class='ocrx_word' id='word_1_102' title='bbox 728 749 805 768; x_wconf 70' lang='lat' dir='ltr'><strong>suum</strong></span> <span class='ocrx_word' id='word_1_103' title='bbox 823 741 911 768; x_wconf 62' lang='lat' dir='ltr'><strong>subter</strong></span> <span class='ocrx_word' id='word_1_104' title='bbox 924 743 1009 774; x_wconf 75' lang='lat' dir='ltr'><strong>vitem,</strong></span> 
     </span>
    </p>
   </div>
   <div class='ocr_carea' id='block_1_15' title="bbox 223 783 544 817">
    <p class='ocr_par' dir='ltr' id='par_1_15' title="bbox 223 783 544 817">
     <span class='ocr_line' id='line_1_15' title="bbox 223 783 544 817; baseline 0.012 -9"><span class='ocrx_word' id='word_1_105' title='bbox 223 787 246 808; x_wconf 67' lang='lat' dir='ltr'><strong>et</strong></span> <span class='ocrx_word' id='word_1_106' title='bbox 262 783 351 810; x_wconf 71' lang='lat' dir='ltr'><strong>subter</strong></span> <span class='ocrx_word' id='word_1_107' title='bbox 364 783 443 817; x_wconf 77' lang='lat' dir='ltr'><strong>ﬁcum</strong></span> <span class='ocrx_word' id='word_1_108' title='bbox 457 793 544 813; x_wconf 71' lang='lat' dir='ltr'><strong>suam.</strong></span> 
     </span>
    </p>
   </div>
   <div class='ocr_carea' id='block_1_16' title="bbox 259 870 1012 912">
    <p class='ocr_par' dir='ltr' id='par_1_16' title="bbox 259 870 1012 912">
     <span class='ocr_line' id='line_1_16' title="bbox 259 870 1012 912; baseline 0.008 -14"><span class='ocrx_word' id='word_1_109' title='bbox 259 870 341 899; x_wconf 80' lang='lat' dir='ltr'><strong>XXII.</strong></span> <span class='ocrx_word' id='word_1_110' title='bbox 362 872 440 901; x_wconf 84' lang='lat' dir='ltr'><strong>Malis</strong></span> <span class='ocrx_word' id='word_1_111' title='bbox 459 874 583 902; x_wconf 84' lang='lat' dir='ltr'><strong>omnibus</strong></span> <span class='ocrx_word' id='word_1_112' title='bbox 598 875 735 910; x_wconf 70' lang='lat' dir='ltr'><strong>:obrutum</strong></span> <span class='ocrx_word' id='word_1_113' title='bbox 763 876 808 909; x_wconf 84' lang='lat' dir='ltr'><strong>iri,</strong></span> <span class='ocrx_word' id='word_1_114' title='bbox 836 881 947 912; x_wconf 84' lang='lat' dir='ltr'><strong>peccato</strong></span> <span class='ocrx_word' id='word_1_115' title='bbox 970 883 1012 904; x_wconf 89' lang='lat' dir='ltr'><strong>eo-</strong></span> 
     </span>
    </p>
   </div>
   <div class='ocr_carea' id='block_1_17' title="bbox 225 920 1010 955">
    <p class='ocr_par' dir='ltr' id='par_1_17' title="bbox 225 920 1010 955">
     <span class='ocr_line' id='line_1_17' title="bbox 225 920 1010 955; baseline 0.008 -13"><span class='ocrx_word' id='word_1_116' title='bbox 225 924 283 944; x_wconf 88' lang='lat' dir='ltr'><strong>rum</strong></span> <span class='ocrx_word' id='word_1_117' title='bbox 308 922 486 952; x_wconf 84' lang='lat' dir='ltr'><strong>contrectato,</strong></span> <span class='ocrx_word' id='word_1_118' title='bbox 513 920 557 954; x_wconf 85' lang='lat' dir='ltr'><strong>qui</strong></span> <span class='ocrx_word' id='word_1_119' title='bbox 574 921 651 955; x_wconf 87' lang='lat' dir='ltr'><strong>quasi</strong></span> <span class='ocrx_word' id='word_1_120' title='bbox 677 921 704 949; x_wconf 92' lang='lat' dir='ltr'><strong>in</strong></span> <span class='ocrx_word' id='word_1_121' title='bbox 726 922 830 950; x_wconf 79' lang='lat' dir='ltr'><strong>foveam</strong></span> <span class='ocrx_word' id='word_1_122' title='bbox 852 922 1010 955; x_wconf 84' lang='lat' dir='ltr'><strong>deciderim,</strong></span> 
     </span>
    </p>
   </div>
   <div class='ocr_carea' id='block_1_18' title="bbox 224 964 1012 1004">
    <p class='ocr_par' dir='ltr' id='par_1_18' title="bbox 224 964 1012 1004">
     <span class='ocr_line' id='line_1_18' title="bbox 224 964 1012 1004; baseline 0.008 -14"><span class='ocrx_word' id='word_1_123' title='bbox 224 967 334 998; x_wconf 79' lang='lat' dir='ltr'><strong>propter</strong></span> <span class='ocrx_word' id='word_1_124' title='bbox 353 964 491 993; x_wconf 87' lang='lat' dir='ltr'><strong>Christum</strong></span> <span class='ocrx_word' id='word_1_125' title='bbox 516 966 550 993; x_wconf 83' lang='lat' dir='ltr'><strong>ab</strong></span> <span class='ocrx_word' id='word_1_126' title='bbox 567 975 597 994; x_wconf 87' lang='lat' dir='ltr'><strong>se</strong></span> <span class='ocrx_word' id='word_1_127' title='bbox 619 967 645 994; x_wconf 92' lang='lat' dir='ltr'><strong>in</strong></span> <span class='ocrx_word' id='word_1_128' title='bbox 670 975 778 995; x_wconf 90' lang='lat' dir='ltr'><strong>crucem</strong></span> <span class='ocrx_word' id='word_1_129' title='bbox 796 973 897 1001; x_wconf 86' lang='lat' dir='ltr'><strong>aetum,</strong></span> <span class='ocrx_word' id='word_1_130' title='bbox 920 973 1012 1004; x_wconf 85' lang='lat' dir='ltr'><strong>aperte</strong></span> 
     </span>
    </p>
   </div>
   <div class='ocr_carea' id='block_1_19' title="bbox 224 1010 1011 1050">
    <p class='ocr_par' dir='ltr' id='par_1_19' title="bbox 224 1010 1011 1050">
     <span class='ocr_line' id='line_1_19' title="bbox 224 1010 1011 1050; baseline 0.008 -14"><span class='ocrx_word' id='word_1_131' title='bbox 224 1011 357 1045; x_wconf 68' lang='lat' dir='ltr'><strong>praedixit.</strong></span> <span class='ocrx_word' id='word_1_132' title='bbox 372 1010 552 1040; x_wconf 85' lang='lat' dir='ltr'><strong>Credentibus</strong></span> <span class='ocrx_word' id='word_1_133' title='bbox 568 1018 658 1040; x_wconf 87' lang='lat' dir='ltr'><strong>autem</strong></span> <span class='ocrx_word' id='word_1_134' title='bbox 676 1019 704 1041; x_wconf 90' lang='lat' dir='ltr'><strong>et</strong></span> <span class='ocrx_word' id='word_1_135' title='bbox 720 1015 893 1050; x_wconf 74' lang='lat' dir='ltr'><strong>diligentibus</strong></span> <span class='ocrx_word' id='word_1_136' title='bbox 908 1024 968 1042; x_wconf 90' lang='lat' dir='ltr'><strong>eum</strong></span> <span class='ocrx_word' id='word_1_137' title='bbox 986 1016 1011 1042; x_wconf 92' lang='lat' dir='ltr'><strong>id</strong></span> 
     </span>
    </p>
   </div>
   <div class='ocr_carea' id='block_1_20' title="bbox 224 1057 1011 1095">
    <p class='ocr_par' dir='ltr' id='par_1_20' title="bbox 224 1057 1011 1095">
     <span class='ocr_line' id='line_1_20' title="bbox 224 1057 1011 1095; baseline 0.009 -13"><span class='ocrx_word' id='word_1_138' title='bbox 224 1063 277 1083; x_wconf 81' lang='lat' dir='ltr'><strong>non</strong></span> <span class='ocrx_word' id='word_1_139' title='bbox 298 1057 468 1090; x_wconf 84' lang='lat' dir='ltr'><strong>damnosum,</strong></span> <span class='ocrx_word' id='word_1_140' title='bbox 484 1058 538 1086; x_wconf 92' lang='lat' dir='ltr'><strong>imo</strong></span> <span class='ocrx_word' id='word_1_141' title='bbox 563 1059 665 1087; x_wconf 61' lang='lat' dir='ltr'><strong>la‘titite</strong></span> <span class='ocrx_word' id='word_1_142' title='bbox 691 1061 855 1095; x_wconf 77' lang='lat' dir='ltr'><strong>etjucuudae</strong></span> <span class='ocrx_word' id='word_1_143' title='bbox 873 1061 1011 1095; x_wconf 78' lang='lat' dir='ltr'><strong>cujusdam</strong></span> 
     </span>
    </p>
   </div>
   <div class='ocr_carea' id='block_1_21' title="bbox 224 1102 1010 1140">
    <p class='ocr_par' dir='ltr' id='par_1_21' title="bbox 224 1102 1010 1140">
     <span class='ocr_line' id='line_1_21' title="bbox 224 1102 1010 1140; baseline 0.008 -12"><span class='ocrx_word' id='word_1_144' title='bbox 224 1102 415 1130; x_wconf 75' lang='lat' dir='ltr'><strong>delectationis</strong></span> <span class='ocrx_word' id='word_1_145' title='bbox 429 1105 570 1132; x_wconf 78' lang='lat' dir='ltr'><strong>materiam</strong></span> <span class='ocrx_word' id='word_1_146' title='bbox 582 1105 701 1133; x_wconf 79' lang='lat' dir='ltr'><strong>futurum</strong></span> <span class='ocrx_word' id='word_1_147' title='bbox 720 1107 823 1134; x_wconf 86' lang='lat' dir='ltr'><strong>utiliter</strong></span> <span class='ocrx_word' id='word_1_148' title='bbox 835 1108 1010 1140; x_wconf 65' lang='lat' dir='ltr'><strong>praenuntiat.</strong></span> 
     </span>
    </p>
   </div>
   <div class='ocr_carea' id='block_1_22' title="bbox 223 1147 1014 1184">
    <p class='ocr_par' dir='ltr' id='par_1_22' title="bbox 223 1147 1014 1184">
     <span class='ocr_line' id='line_1_22' title="bbox 223 1147 1014 1184; baseline 0.01 -11"><span class='ocrx_word' id='word_1_149' title='bbox 223 1147 374 1176; x_wconf 80' lang='lat' dir='ltr'><strong>Attestatur</strong></span> <span class='ocrx_word' id='word_1_150' title='bbox 390 1150 446 1176; x_wconf 66' lang='lat' dir='ltr'><strong>haec</strong></span> <span class='ocrx_word' id='word_1_151' title='bbox 467 1150 549 1177; x_wconf 90' lang='lat' dir='ltr'><strong>etiam</strong></span> <span class='ocrx_word' id='word_1_152' title='bbox 565 1150 657 1184; x_wconf 77' lang='lat' dir='ltr'><strong>justus</strong></span> <span class='ocrx_word' id='word_1_153' title='bbox 673 1151 793 1179; x_wconf 87' lang='lat' dir='ltr'><strong>Simeon.</strong></span> <span class='ocrx_word' id='word_1_154' title='bbox 815 1153 866 1180; x_wconf 86' lang='lat' dir='ltr'><strong>Ubi</strong></span> <span class='ocrx_word' id='word_1_155' title='bbox 886 1154 957 1180; x_wconf 89' lang='lat' dir='ltr'><strong>enim</strong></span> <span class='ocrx_word' id='word_1_156' title='bbox 972 1154 1014 1181; x_wconf 87' lang='lat' dir='ltr'><strong>di-</strong></span> 
     </span>
    </p>
   </div>
   <div class='ocr_carea' id='block_1_23' title="bbox 223 1194 1013 1233">
    <p class='ocr_par' dir='ltr' id='par_1_23' title="bbox 223 1194 1013 1233">
     <span class='ocr_line' id='line_1_23' title="bbox 223 1194 1013 1233; baseline 0.009 -13"><span class='ocrx_word' id='word_1_157' title='bbox 223 1194 315 1220; x_wconf 84' lang='lat' dir='ltr'><strong>vinum</strong></span> <span class='ocrx_word' id='word_1_158' title='bbox 343 1195 473 1223; x_wconf 79' lang='lat' dir='ltr'><strong>infantem</strong></span> <span class='ocrx_word' id='word_1_159' title='bbox 509 1198 670 1232; x_wconf 76' lang='lat' dir='ltr'><strong>conspexit,</strong></span> <span class='ocrx_word' id='word_1_160' title='bbox 700 1199 842 1233; x_wconf 86' lang='lat' dir='ltr'><strong>ipsumque</strong></span> <span class='ocrx_word' id='word_1_161' title='bbox 876 1200 902 1226; x_wconf 94' lang='lat' dir='ltr'><strong>in</strong></span> <span class='ocrx_word' id='word_1_162' title='bbox 935 1201 1013 1228; x_wconf 87' lang='lat' dir='ltr'><strong>ulnas</strong></span> 
     </span>
    </p>
   </div>
   <div class='ocr_carea' id='block_1_24' title="bbox 224 1240 1011 1279">
    <p class='ocr_par' dir='ltr' id='par_1_24' title="bbox 224 1240 1011 1279">
     <span class='ocr_line' id='line_1_24' title="bbox 224 1240 1011 1279; baseline 0.01 -14"><span class='ocrx_word' id='word_1_163' title='bbox 224 1240 339 1274; x_wconf 83' lang='lat' dir='ltr'><strong>accepit,</strong></span> <span class='ocrx_word' id='word_1_164' title='bbox 360 1241 400 1268; x_wconf 90' lang='lat' dir='ltr'><strong>sic</strong></span> <span class='ocrx_word' id='word_1_165' title='bbox 422 1243 592 1276; x_wconf 88' lang='lat' dir='ltr'><strong>prophetavit</strong></span> <span class='ocrx_word' id='word_1_166' title='bbox 608 1252 615 1270; x_wconf 86' lang='lat'><strong>:</strong></span> <span class='ocrx_word' id='word_1_167' title='bbox 635 1252 645 1269; x_wconf 86' lang='grc'><strong><em>‹</em></strong></span> <span class='ocrx_word' id='word_1_168' title='bbox 661 1243 730 1271; x_wconf 86' lang='lat' dir='ltr'><strong>Ecce</strong></span> <span class='ocrx_word' id='word_1_169' title='bbox 742 1244 846 1279; x_wconf 83' lang='lat' dir='ltr'><strong>positus</strong></span> <span class='ocrx_word' id='word_1_170' title='bbox 861 1249 903 1272; x_wconf 85' lang='lat' dir='ltr'><strong>est</strong></span> <span class='ocrx_word' id='word_1_171' title='bbox 919 1245 963 1272; x_wconf 90' lang='lat' dir='ltr'><strong>hic</strong></span> <span class='ocrx_word' id='word_1_172' title='bbox 986 1246 1011 1272; x_wconf 91' lang='lat' dir='ltr'><strong>in</strong></span> 
     </span>
    </p>
   </div>
   <div class='ocr_carea' id='block_1_25' title="bbox 226 1286 1012 1322">
    <p class='ocr_par' dir='ltr' id='par_1_25' title="bbox 226 1286 1012 1322">
     <span class='ocr_line' id='line_1_25' title="bbox 226 1286 1012 1322; baseline 0.008 -10"><span class='ocrx_word' id='word_1_173' title='bbox 226 1286 331 1313; x_wconf 90' lang='lat' dir='ltr'><strong>ruinam</strong></span> <span class='ocrx_word' id='word_1_174' title='bbox 350 1291 377 1314; x_wconf 92' lang='lat' dir='ltr'><strong>et</strong></span> <span class='ocrx_word' id='word_1_175' title='bbox 398 1287 424 1314; x_wconf 94' lang='lat' dir='ltr'><strong>in</strong></span> <span class='ocrx_word' id='word_1_176' title='bbox 446 1289 676 1316; x_wconf 82' lang='lat' dir='ltr'><strong>resurrectionem</strong></span> <span class='ocrx_word' id='word_1_177' title='bbox 702 1289 861 1322; x_wconf 86' lang='lat' dir='ltr'><strong>multorum,</strong></span> <span class='ocrx_word' id='word_1_178' title='bbox 877 1291 946 1318; x_wconf 84' lang='lat' dir='ltr'><strong>etin</strong></span> <span class='ocrx_word' id='word_1_179' title='bbox 973 1291 1012 1318; x_wconf 89' lang='lat' dir='ltr'><strong>si-</strong></span> 
     </span>
    </p>
   </div>
   <div class='ocr_carea' id='block_1_26' title="bbox 223 1333 1011 1372">
    <p class='ocr_par' dir='ltr' id='par_1_26' title="bbox 223 1333 1011 1372">
     <span class='ocr_line' id='line_1_26' title="bbox 223 1333 1011 1372; baseline 0.008 -14"><span class='ocrx_word' id='word_1_180' title='bbox 223 1340 305 1366; x_wconf 80' lang='lat' dir='ltr'><strong>gnum</strong></span> <span class='ocrx_word' id='word_1_181' title='bbox 326 1333 368 1359; x_wconf 89' lang='lat' dir='ltr'><strong>cui</strong></span> <span class='ocrx_word' id='word_1_182' title='bbox 391 1333 623 1362; x_wconf 80' lang='lat' dir='ltr'><strong>contradicetur’.</strong></span> <span class='ocrx_word' id='word_1_183' title='bbox 642 1344 652 1361; x_wconf 73' lang='grc' dir='ltr'><strong>ι</strong></span> <span class='ocrx_word' id='word_1_184' title='bbox 679 1335 843 1363; x_wconf 79' lang='lat' dir='ltr'><strong>Ceciderunt</strong></span> <span class='ocrx_word' id='word_1_185' title='bbox 863 1337 947 1369; x_wconf 90' lang='lat' dir='ltr'><strong>enim,</strong></span> <span class='ocrx_word' id='word_1_186' title='bbox 966 1337 1011 1372; x_wconf 89' lang='lat' dir='ltr'><strong>qui</strong></span> 
     </span>
    </p>
   </div>
   <div class='ocr_carea' id='block_1_27' title="bbox 224 1379 1011 1417">
    <p class='ocr_par' dir='ltr' id='par_1_27' title="bbox 224 1379 1011 1417">
     <span class='ocr_line' id='line_1_27' title="bbox 224 1379 1011 1417; baseline 0.009 -14"><span class='ocrx_word' id='word_1_187' title='bbox 224 1379 382 1412; x_wconf 72' lang='lat' dir='ltr'><strong>sanguinem</strong></span> <span class='ocrx_word' id='word_1_188' title='bbox 409 1379 512 1412; x_wconf 85' lang='lat' dir='ltr'><strong>justum</strong></span> <span class='ocrx_word' id='word_1_189' title='bbox 540 1388 622 1415; x_wconf 90' lang='lat' dir='ltr'><strong>super</strong></span> <span class='ocrx_word' id='word_1_190' title='bbox 647 1382 737 1417; x_wconf 89' lang='lat' dir='ltr'><strong>capita</strong></span> <span class='ocrx_word' id='word_1_191' title='bbox 765 1390 812 1410; x_wconf 83' lang='lat' dir='ltr'><strong>sua</strong></span> <span class='ocrx_word' id='word_1_192' title='bbox 845 1383 1011 1417; x_wconf 85' lang='lat' dir='ltr'><strong>hauserunt,</strong></span> 
     </span>
    </p>
   </div>
   <div class='ocr_carea' id='block_1_28' title="bbox 225 1424 1012 1464">
    <p class='ocr_par' dir='ltr' id='par_1_28' title="bbox 225 1424 1012 1464">
     <span class='ocr_line' id='line_1_28' title="bbox 225 1424 1012 1464; baseline 0.009 -15"><span class='ocrx_word' id='word_1_193' title='bbox 225 1424 301 1451; x_wconf 76' lang='lat' dir='ltr'><strong>\‘clut</strong></span> <span class='ocrx_word' id='word_1_194' title='bbox 328 1425 454 1460; x_wconf 85' lang='lat' dir='ltr'><strong>projeeti,</strong></span> <span class='ocrx_word' id='word_1_195' title='bbox 483 1430 509 1453; x_wconf 91' lang='lat' dir='ltr'><strong>ct</strong></span> <span class='ocrx_word' id='word_1_196' title='bbox 527 1426 664 1460; x_wconf 86' lang='lat' dir='ltr'><strong>jacentes,</strong></span> <span class='ocrx_word' id='word_1_197' title='bbox 687 1433 713 1455; x_wconf 91' lang='lat' dir='ltr'><strong>et</strong></span> <span class='ocrx_word' id='word_1_198' title='bbox 733 1429 852 1464; x_wconf 81' lang='lat' dir='ltr'><strong>pedibus</strong></span> <span class='ocrx_word' id='word_1_199' title='bbox 874 1429 1012 1456; x_wconf 75' lang='lat' dir='ltr'><strong>diaholieis</strong></span> 
     </span>
    </p>
   </div>
   <div class='ocr_carea' id='block_1_29' title="bbox 225 1469 1011 1508">
    <p class='ocr_par' dir='ltr' id='par_1_29' title="bbox 225 1469 1011 1508">
     <span class='ocr_line' id='line_1_29' title="bbox 225 1469 1011 1508; baseline 0.008 -13"><span class='ocrx_word' id='word_1_200' title='bbox 225 1469 478 1499; x_wconf 81' lang='lat' dir='ltr'><strong>substrati:erecti</strong></span> <span class='ocrx_word' id='word_1_201' title='bbox 506 1476 568 1499; x_wconf 92' lang='lat' dir='ltr'><strong>sunt</strong></span> <span class='ocrx_word' id='word_1_202' title='bbox 592 1473 637 1506; x_wconf 88' lang='lat' dir='ltr'><strong>qui</strong></span> <span class='ocrx_word' id='word_1_203' title='bbox 664 1481 697 1501; x_wconf 82' lang='lat' dir='ltr'><strong>ex</strong></span> <span class='ocrx_word' id='word_1_204' title='bbox 724 1475 848 1508; x_wconf 78' lang='lat' dir='ltr'><strong>gentibus</strong></span> <span class='ocrx_word' id='word_1_205' title='bbox 873 1475 906 1502; x_wconf 87' lang='lat' dir='ltr'><strong>a&#39;d</strong></span> <span class='ocrx_word' id='word_1_206' title='bbox 934 1475 1011 1501; x_wconf 79' lang='lat' dir='ltr'><strong>[idem</strong></span> 
     </span>
    </p>
   </div>
   <div class='ocr_carea' id='block_1_30' title="bbox 226 1517 1012 1554">
    <p class='ocr_par' dir='ltr' id='par_1_30' title="bbox 226 1517 1012 1554">
     <span class='ocr_line' id='line_1_30' title="bbox 226 1517 1012 1554; baseline 0.005 -11"><span class='ocrx_word' id='word_1_207' title='bbox 226 1522 368 1544; x_wconf 77' lang='lat' dir='ltr'><strong>venerunt.</strong></span> <span class='ocrx_word' id='word_1_208' title='bbox 387 1517 420 1544; x_wconf 85' lang='lat' dir='ltr'><strong>Et</strong></span> <span class='ocrx_word' id='word_1_209' title='bbox 433 1518 491 1552; x_wconf 85' lang='lat' dir='ltr'><strong>ipse</strong></span> <span class='ocrx_word' id='word_1_210' title='bbox 505 1518 631 1546; x_wconf 87' lang='lat' dir='ltr'><strong>Christus</strong></span> <span class='ocrx_word' id='word_1_211' title='bbox 643 1519 741 1546; x_wconf 84' lang='lat' dir='ltr'><strong>alicubi</strong></span> <span class='ocrx_word' id='word_1_212' title='bbox 754 1521 858 1547; x_wconf 85' lang='lat' dir='ltr'><strong>sanctis</strong></span> <span class='ocrx_word' id='word_1_213' title='bbox 871 1520 1012 1554; x_wconf 88' lang='lat' dir='ltr'><strong>discipulis</strong></span> 
     </span>
    </p>
   </div>
   <div class='ocr_carea' id='block_1_31' title="bbox 226 1563 1011 1599">
    <p class='ocr_par' dir='ltr' id='par_1_31' title="bbox 226 1563 1011 1599">
     <span class='ocr_line' id='line_1_31' title="bbox 226 1563 1011 1599; baseline 0.008 -13"><span class='ocrx_word' id='word_1_214' title='bbox 226 1567 339 1589; x_wconf 71' lang='lat' dir='ltr'><strong>mortem</strong></span> <span class='ocrx_word' id='word_1_215' title='bbox 365 1563 391 1589; x_wconf 95' lang='lat' dir='ltr'><strong>in</strong></span> <span class='ocrx_word' id='word_1_216' title='bbox 415 1571 496 1590; x_wconf 89' lang='lat' dir='ltr'><strong>cruce</strong></span> <span class='ocrx_word' id='word_1_217' title='bbox 517 1564 569 1591; x_wconf 86' lang='lat' dir='ltr'><strong>sibi</strong></span> <span class='ocrx_word' id='word_1_218' title='bbox 587 1565 772 1592; x_wconf 81' lang='lat' dir='ltr'><strong>sustinendam</strong></span> <span class='ocrx_word' id='word_1_219' title='bbox 790 1566 920 1599; x_wconf 65' lang='lat' dir='ltr'><strong>praedicit.</strong></span> <span class='ocrx_word' id='word_1_220' title='bbox 940 1566 1011 1598; x_wconf 89' lang='lat' dir='ltr'><strong>Quos</strong></span> 
     </span>
    </p>
   </div>
   <div class='ocr_carea' id='block_1_32' title="bbox 225 1600 1011 1645">
    <p class='ocr_par' dir='ltr' id='par_1_32' title="bbox 225 1600 1011 1645">
     <span class='ocr_line' id='line_1_32' title="bbox 225 1600 1011 1645; baseline 0.008 -14"><span class='ocrx_word' id='word_1_221' title='bbox 225 1611 254 1631; x_wconf 90' lang='lat' dir='ltr'><strong>ut</strong></span> <span class='ocrx_word' id='word_1_222' title='bbox 268 1607 360 1634; x_wconf 88' lang='lat' dir='ltr'><strong>tristes</strong></span> <span class='ocrx_word' id='word_1_223' title='bbox 375 1607 454 1640; x_wconf 81' lang='lat' dir='ltr'><strong>vidit,</strong></span> <span class='ocrx_word' id='word_1_224' title='bbox 467 1609 611 1636; x_wconf 88' lang='lat' dir='ltr'><strong>consolans</strong></span> <span class='ocrx_word' id='word_1_225' title='bbox 623 1600 726 1636; x_wconf 78' lang='lat' dir='ltr'><strong>addidit</strong></span> <span class='ocrx_word' id='word_1_226' title='bbox 742 1617 749 1636; x_wconf 89' lang='lat'>:</span> <span class='ocrx_word' id='word_1_227' title='bbox 768 1619 777 1635; x_wconf 76' lang='grc' dir='ltr'><strong>ι</strong></span> <span class='ocrx_word' id='word_1_228' title='bbox 795 1609 890 1637; x_wconf 78' lang='lat' dir='ltr'><strong>Mulier</strong></span> <span class='ocrx_word' id='word_1_229' title='bbox 903 1611 1011 1645; x_wconf 80' lang='lat' dir='ltr'><strong>quando</strong></span> 
     </span>
    </p>
   </div>
   <div class='ocr_carea' id='block_1_33' title="bbox 226 1651 1010 1690">
    <p class='ocr_par' dir='ltr' id='par_1_33' title="bbox 226 1651 1010 1690">
     <span class='ocr_line' id='line_1_33' title="bbox 226 1651 1010 1690; baseline 0.005 -12"><span class='ocrx_word' id='word_1_230' title='bbox 226 1651 308 1685; x_wconf 84' lang='lat' dir='ltr'><strong>parit,</strong></span> <span class='ocrx_word' id='word_1_231' title='bbox 327 1653 465 1680; x_wconf 82' lang='lat' dir='ltr'><strong>tristitiam</strong></span> <span class='ocrx_word' id='word_1_232' title='bbox 484 1655 576 1686; x_wconf 81' lang='lat' dir='ltr'><strong>habet,</strong></span> <span class='ocrx_word' id='word_1_233' title='bbox 594 1654 656 1688; x_wconf 83' lang='lat' dir='ltr'><strong>quia</strong></span> <span class='ocrx_word' id='word_1_234' title='bbox 673 1655 747 1681; x_wconf 87' lang='lat' dir='ltr'><strong>venit</strong></span> <span class='ocrx_word' id='word_1_235' title='bbox 767 1656 831 1682; x_wconf 90' lang='lat' dir='ltr'><strong>hora</strong></span> <span class='ocrx_word' id='word_1_236' title='bbox 848 1656 916 1690; x_wconf 82' lang='lat' dir='ltr'><strong>ejus.</strong></span> <span class='ocrx_word' id='word_1_237' title='bbox 934 1655 1010 1682; x_wconf 84' lang='lat' dir='ltr'><strong>Pust-</strong></span> 
     </span>
    </p>
   </div>
   <div class='ocr_carea' id='block_1_34' title="bbox 226 1698 1012 1733">
    <p class='ocr_par' dir='ltr' id='par_1_34' title="bbox 226 1698 1012 1733">
     <span class='ocr_line' id='line_1_34' title="bbox 226 1698 1012 1733; baseline 0.005 -11"><span class='ocrx_word' id='word_1_238' title='bbox 226 1704 307 1729; x_wconf 78' lang='lat' dir='ltr'><strong>quam</strong></span> <span class='ocrx_word' id='word_1_239' title='bbox 323 1702 415 1724; x_wconf 88' lang='lat' dir='ltr'><strong>autem</strong></span> <span class='ocrx_word' id='word_1_240' title='bbox 432 1699 546 1732; x_wconf 88' lang='lat' dir='ltr'><strong>peperit,</strong></span> <span class='ocrx_word' id='word_1_241' title='bbox 558 1699 656 1733; x_wconf 75' lang='lat' dir='ltr'><strong>gaudio</strong></span> <span class='ocrx_word' id='word_1_242' title='bbox 669 1698 778 1733; x_wconf 78' lang='lat' dir='ltr'><strong>gaudet,</strong></span> <span class='ocrx_word' id='word_1_243' title='bbox 795 1699 857 1733; x_wconf 86' lang='lat' dir='ltr'><strong>quia</strong></span> <span class='ocrx_word' id='word_1_244' title='bbox 878 1704 959 1726; x_wconf 88' lang='lat' dir='ltr'><strong>natus</strong></span> <span class='ocrx_word' id='word_1_245' title='bbox 970 1704 1012 1726; x_wconf 91' lang='lat' dir='ltr'><strong>est</strong></span> 
     </span>
    </p>
   </div>
   <div class='ocr_carea' id='block_1_35' title="bbox 228 1743 1012 1779">
    <p class='ocr_par' dir='ltr' id='par_1_35' title="bbox 228 1743 1012 1779">
     <span class='ocr_line' id='line_1_35' title="bbox 228 1743 1012 1779; baseline 0.005 -11"><span class='ocrx_word' id='word_1_246' title='bbox 228 1743 308 1769; x_wconf 93' lang='lat' dir='ltr'><strong>homo</strong></span> <span class='ocrx_word' id='word_1_247' title='bbox 325 1743 350 1769; x_wconf 96' lang='lat' dir='ltr'><strong>in</strong></span> <span class='ocrx_word' id='word_1_248' title='bbox 371 1744 509 1771; x_wconf 89' lang='lat' dir='ltr'><strong>mundum.</strong></span> <span class='ocrx_word' id='word_1_249' title='bbox 534 1744 566 1770; x_wconf 85' lang='lat' dir='ltr'><strong>Et</strong></span> <span class='ocrx_word' id='word_1_250' title='bbox 586 1751 634 1771; x_wconf 91' lang='lat' dir='ltr'><strong>vos</strong></span> <span class='ocrx_word' id='word_1_251' title='bbox 660 1752 730 1772; x_wconf 90' lang='lat' dir='ltr'><strong>nunc</strong></span> <span class='ocrx_word' id='word_1_252' title='bbox 747 1745 856 1779; x_wconf 86' lang='lat' dir='ltr'><strong>quidem</strong></span> <span class='ocrx_word' id='word_1_253' title='bbox 873 1745 1012 1773; x_wconf 88' lang='lat' dir='ltr'><strong>tristitiam</strong></span> 
     </span>
    </p>
   </div>
   <div class='ocr_carea' id='block_1_36' title="bbox 228 1788 1013 1825">
    <p class='ocr_par' dir='ltr' id='par_1_36' title="bbox 228 1788 1013 1825">
     <span class='ocr_line' id='line_1_36' title="bbox 228 1788 1013 1825; baseline 0.006 -11"><span class='ocrx_word' id='word_1_254' title='bbox 228 1788 345 1821; x_wconf 79' lang='lat' dir='ltr'><strong>habetis,</strong></span> <span class='ocrx_word' id='word_1_255' title='bbox 363 1789 460 1815; x_wconf 86' lang='lat' dir='ltr'><strong>iterum</strong></span> <span class='ocrx_word' id='word_1_256' title='bbox 476 1794 565 1817; x_wconf 88' lang='lat' dir='ltr'><strong>autem</strong></span> <span class='ocrx_word' id='word_1_257' title='bbox 577 1790 704 1818; x_wconf 85' lang='lat' dir='ltr'><strong>videbitis</strong></span> <span class='ocrx_word' id='word_1_258' title='bbox 721 1798 774 1823; x_wconf 92' lang='lat' dir='ltr'><strong>me,</strong></span> <span class='ocrx_word' id='word_1_259' title='bbox 787 1795 815 1817; x_wconf 90' lang='lat' dir='ltr'><strong>et</strong></span> <span class='ocrx_word' id='word_1_260' title='bbox 828 1791 954 1825; x_wconf 80' lang='lat' dir='ltr'><strong>gaudebit.</strong></span> <span class='ocrx_word' id='word_1_261' title='bbox 966 1799 1013 1819; x_wconf 89' lang='lat' dir='ltr'><strong>cor</strong></span> 
     </span>
    </p>
   </div>
   <div class='ocr_carea' id='block_1_37' title="bbox 226 1835 1012 1865">
    <p class='ocr_par' dir='ltr' id='par_1_37' title="bbox 226 1835 1012 1865">
     <span class='ocr_line' id='line_1_37' title="bbox 226 1835 1012 1865; baseline 0.004 -4"><span class='ocrx_word' id='word_1_262' title='bbox 226 1836 378 1862; x_wconf 63' lang='lat' dir='ltr'><strong>vcstrum‘.</strong></span> <span class='ocrx_word' id='word_1_263' title='bbox 395 1844 404 1861; x_wconf 77' lang='grc' dir='ltr'><strong>ι</strong></span> <span class='ocrx_word' id='word_1_264' title='bbox 432 1835 478 1863; x_wconf 90' lang='lat' dir='ltr'><strong>Sic</strong></span> <span class='ocrx_word' id='word_1_265' title='bbox 493 1841 521 1863; x_wconf 87' lang='lat' dir='ltr'><strong>et</strong></span> <span class='ocrx_word' id='word_1_266' title='bbox 544 1837 677 1864; x_wconf 82' lang='lat' dir='ltr'><strong>excitatus</strong></span> <span class='ocrx_word' id='word_1_267' title='bbox 695 1845 710 1864; x_wconf 87' lang='lat' dir='ltr'><strong>a</strong></span> <span class='ocrx_word' id='word_1_268' title='bbox 738 1837 851 1864; x_wconf 82' lang='lat' dir='ltr'><strong>mortuis</strong></span> <span class='ocrx_word' id='word_1_269' title='bbox 867 1837 962 1865; x_wconf 84' lang='lat' dir='ltr'><strong>ﬂentes</strong></span> <span class='ocrx_word' id='word_1_270' title='bbox 985 1838 1012 1864; x_wconf 93' lang='lat' dir='ltr'><strong>in</strong></span> 
     </span>
    </p>
   </div>
   <div class='ocr_carea' id='block_1_38' title="bbox 227 1881 1013 1911">
    <p class='ocr_par' dir='ltr' id='par_1_38' title="bbox 227 1881 1013 1911">
     <span class='ocr_line' id='line_1_38' title="bbox 227 1881 1013 1911; baseline 0.003 -4"><span class='ocrx_word' id='word_1_271' title='bbox 227 1882 307 1908; x_wconf 92' lang='lat' dir='ltr'><strong>horto</strong></span> <span class='ocrx_word' id='word_1_272' title='bbox 327 1881 455 1909; x_wconf 85' lang='lat' dir='ltr'><strong>mulieres</strong></span> <span class='ocrx_word' id='word_1_273' title='bbox 477 1882 621 1910; x_wconf 88' lang='lat' dir='ltr'><strong>salutando</strong></span> <span class='ocrx_word' id='word_1_274' title='bbox 636 1883 770 1910; x_wconf 87' lang='lat' dir='ltr'><strong>allocutus</strong></span> <span class='ocrx_word' id='word_1_275' title='bbox 789 1887 831 1911; x_wconf 85' lang='lat' dir='ltr'><strong>est</strong></span> <span class='ocrx_word' id='word_1_276' title='bbox 842 1884 862 1910; x_wconf 91' lang='lat'><strong>&#39;.</strong></span> <span class='ocrx_word' id='word_1_277' title='bbox 880 1893 890 1909; x_wconf 76' lang='grc' dir='ltr'><strong>ι</strong></span> <span class='ocrx_word' id='word_1_278' title='bbox 907 1884 1013 1911; x_wconf 87' lang='lat' dir='ltr'><strong>Conve-</strong></span> 
     </span>
    </p>
   </div>
   <div class='ocr_carea' id='block_1_39' title="bbox 227 1927 1012 1964">
    <p class='ocr_par' dir='ltr' id='par_1_39' title="bbox 227 1927 1012 1964">
     <span class='ocr_line' id='line_1_39' title="bbox 227 1927 1012 1964; baseline 0.004 -11"><span class='ocrx_word' id='word_1_279' title='bbox 227 1927 268 1953; x_wconf 88' lang='lat' dir='ltr'><strong>nit</strong></span> <span class='ocrx_word' id='word_1_280' title='bbox 283 1935 365 1962; x_wconf 92' lang='lat' dir='ltr'><strong>porro</strong></span> <span class='ocrx_word' id='word_1_281' title='bbox 383 1927 464 1955; x_wconf 85' lang='lat' dir='ltr'><strong>etiam</strong></span> <span class='ocrx_word' id='word_1_282' title='bbox 479 1929 627 1963; x_wconf 85' lang='lat' dir='ltr'><strong>quemlibet</strong></span> <span class='ocrx_word' id='word_1_283' title='bbox 649 1936 711 1956; x_wconf 92' lang='lat' dir='ltr'><strong>eum</strong></span> <span class='ocrx_word' id='word_1_284' title='bbox 734 1929 903 1964; x_wconf 77' lang='lat' dir='ltr'><strong>diligentium</strong></span> <span class='ocrx_word' id='word_1_285' title='bbox 929 1937 1012 1964; x_wconf 84' lang='lat' dir='ltr'><strong>super</strong></span> 
     </span>
    </p>
   </div>
   <div class='ocr_carea' id='block_1_40' title="bbox 226 1974 1014 2009">
    <p class='ocr_par' dir='ltr' id='par_1_40' title="bbox 226 1974 1014 2009">
     <span class='ocr_line' id='line_1_40' title="bbox 226 1974 1014 2009; baseline 0.003 -10"><span class='ocrx_word' id='word_1_286' title='bbox 226 1980 308 2000; x_wconf 88' lang='lat' dir='ltr'><strong>cruce</strong></span> <span class='ocrx_word' id='word_1_287' title='bbox 323 1977 351 2000; x_wconf 85' lang='lat' dir='ltr'><strong>et</strong></span> <span class='ocrx_word' id='word_1_288' title='bbox 371 1974 570 2001; x_wconf 83' lang='lat' dir='ltr'><strong>resurrectione</strong></span> <span class='ocrx_word' id='word_1_289' title='bbox 590 1975 692 2008; x_wconf 87' lang='lat' dir='ltr'><strong>dicere,</strong></span> <span class='ocrx_word' id='word_1_290' title='bbox 722 1983 732 2000; x_wconf 87' lang='grc'><strong><em>‹</em></strong></span> <span class='ocrx_word' id='word_1_291' title='bbox 752 1974 915 2002; x_wconf 81' lang='lat' dir='ltr'><strong>Convertisti</strong></span> <span class='ocrx_word' id='word_1_292' title='bbox 937 1976 1014 2009; x_wconf 85' lang='lat' dir='ltr'><strong>plan-</strong></span> 
     </span>
    </p>
   </div>
   <div class='ocr_carea' id='block_1_41' title="bbox 225 2018 1012 2054">
    <p class='ocr_par' dir='ltr' id='par_1_41' title="bbox 225 2018 1012 2054">
     <span class='ocr_line' id='line_1_41' title="bbox 225 2018 1012 2054; baseline 0.001 -9"><span class='ocrx_word' id='word_1_293' title='bbox 225 2023 299 2046; x_wconf 89' lang='lat' dir='ltr'><strong>ctum</strong></span> <span class='ocrx_word' id='word_1_294' title='bbox 318 2025 408 2046; x_wconf 90' lang='lat' dir='ltr'><strong>mcum</strong></span> <span class='ocrx_word' id='word_1_295' title='bbox 424 2018 450 2046; x_wconf 93' lang='lat' dir='ltr'><strong>in</strong></span> <span class='ocrx_word' id='word_1_296' title='bbox 474 2020 601 2054; x_wconf 78' lang='lat' dir='ltr'><strong>gaudium</strong></span> <span class='ocrx_word' id='word_1_297' title='bbox 617 2020 699 2054; x_wconf 89' lang='lat' dir='ltr'><strong>mihi;</strong></span> <span class='ocrx_word' id='word_1_298' title='bbox 724 2020 882 2048; x_wconf 81' lang='lat' dir='ltr'><strong>conscidisti</strong></span> <span class='ocrx_word' id='word_1_299' title='bbox 902 2027 1012 2048; x_wconf 87' lang='lat' dir='ltr'><strong>saccum</strong></span> 
     </span>
    </p>
   </div>
   <div class='ocr_carea' id='block_1_42' title="bbox 225 2064 1014 2098">
    <p class='ocr_par' dir='ltr' id='par_1_42' title="bbox 225 2064 1014 2098">
     <span class='ocr_line' id='line_1_42' title="bbox 225 2064 1014 2098; baseline 0.004 -8"><span class='ocrx_word' id='word_1_300' title='bbox 225 2072 326 2097; x_wconf 88' lang='lat' dir='ltr'><strong>memn,</strong></span> <span class='ocrx_word' id='word_1_301' title='bbox 352 2069 382 2092; x_wconf 91' lang='lat' dir='ltr'><strong>et</strong></span> <span class='ocrx_word' id='word_1_302' title='bbox 403 2064 607 2092; x_wconf 88' lang='lat' dir='ltr'><strong>circumdedisti</strong></span> <span class='ocrx_word' id='word_1_303' title='bbox 633 2073 676 2094; x_wconf 87' lang='lat' dir='ltr'><strong>me</strong></span> <span class='ocrx_word' id='word_1_304' title='bbox 699 2066 792 2094; x_wconf 69' lang='lat' dir='ltr'><strong>laetitia</strong></span> <span class='ocrx_word' id='word_1_305' title='bbox 804 2066 824 2093; x_wconf 91' lang='grc'><strong>⁶.</strong></span> <span class='ocrx_word' id='word_1_306' title='bbox 843 2075 853 2091; x_wconf 77' lang='grc' dir='ltr'><strong>ι</strong></span> <span class='ocrx_word' id='word_1_307' title='bbox 874 2066 1014 2098; x_wconf 84' lang='lat' dir='ltr'><strong>Quomodo</strong></span> 
     </span>
    </p>
   </div>
   <div class='ocr_carea' id='block_1_43' title="bbox 225 2109 1014 2144">
    <p class='ocr_par' dir='ltr' id='par_1_43' title="bbox 225 2109 1014 2144">
     <span class='ocr_line' id='line_1_43' title="bbox 225 2109 1014 2144; baseline 0.003 -8"><span class='ocrx_word' id='word_1_308' title='bbox 225 2109 298 2136; x_wconf 87' lang='lat' dir='ltr'><strong>enim</strong></span> <span class='ocrx_word' id='word_1_309' title='bbox 325 2117 378 2136; x_wconf 94' lang='lat' dir='ltr'><strong>non</strong></span> <span class='ocrx_word' id='word_1_310' title='bbox 405 2110 517 2137; x_wconf 83' lang='lat' dir='ltr'><strong>evanuit</strong></span> <span class='ocrx_word' id='word_1_311' title='bbox 543 2110 641 2144; x_wconf 84' lang='lat' dir='ltr'><strong>luctus,</strong></span> <span class='ocrx_word' id='word_1_312' title='bbox 665 2116 693 2138; x_wconf 89' lang='lat' dir='ltr'><strong>et</strong></span> <span class='ocrx_word' id='word_1_313' title='bbox 714 2111 811 2138; x_wconf 71' lang='lat' dir='ltr'><strong>ablata:</strong></span> <span class='ocrx_word' id='word_1_314' title='bbox 834 2115 897 2137; x_wconf 88' lang='lat' dir='ltr'><strong>sunt</strong></span> <span class='ocrx_word' id='word_1_315' title='bbox 920 2118 1014 2138; x_wconf 86' lang='lat' dir='ltr'><strong>omnes</strong></span> 
     </span>
    </p>
   </div>
   <div class='ocr_carea' id='block_1_44' title="bbox 226 2155 1013 2191">
    <p class='ocr_par' dir='ltr' id='par_1_44' title="bbox 226 2155 1013 2191">
     <span class='ocr_line' id='line_1_44' title="bbox 226 2155 1013 2191; baseline 0.003 -10"><span class='ocrx_word' id='word_1_316' title='bbox 226 2155 353 2190; x_wconf 75' lang='lat' dir='ltr'><strong>Iacrymre</strong></span> <span class='ocrx_word' id='word_1_317' title='bbox 378 2155 413 2182; x_wconf 88' lang='lat' dir='ltr'><strong>ab</strong></span> <span class='ocrx_word' id='word_1_318' title='bbox 437 2155 510 2183; x_wconf 90' lang='lat' dir='ltr'><strong>omni</strong></span> <span class='ocrx_word' id='word_1_319' title='bbox 527 2155 607 2188; x_wconf 75' lang='lat' dir='ltr'><strong>facie,</strong></span> <span class='ocrx_word' id='word_1_320' title='bbox 627 2161 658 2183; x_wconf 88' lang='lat' dir='ltr'><strong>ut</strong></span> <span class='ocrx_word' id='word_1_321' title='bbox 670 2157 734 2184; x_wconf 91' lang='lat' dir='ltr'><strong>dicit</strong></span> <span class='ocrx_word' id='word_1_322' title='bbox 752 2156 882 2191; x_wconf 88' lang='lat' dir='ltr'><strong>propheta</strong></span> <span class='ocrx_word' id='word_1_323' title='bbox 894 2157 916 2188; x_wconf 83' lang='grc'>⁷,</span> <span class='ocrx_word' id='word_1_324' title='bbox 931 2156 1013 2183; x_wconf 81' lang='lat' dir='ltr'><strong>Chri-</strong></span> 
     </span>
    </p>
   </div>
   <div class='ocr_carea' id='block_1_45' title="bbox 226 2202 1014 2238">
    <p class='ocr_par' dir='ltr' id='par_1_45' title="bbox 226 2202 1014 2238">
     <span class='ocr_line' id='line_1_45' title="bbox 226 2202 1014 2238; baseline 0.001 -11"><span class='ocrx_word' id='word_1_325' title='bbox 226 2206 269 2228; x_wconf 79' lang='lat' dir='ltr'><strong>sto</strong></span> <span class='ocrx_word' id='word_1_326' title='bbox 287 2202 313 2228; x_wconf 95' lang='lat' dir='ltr'><strong>in</strong></span> <span class='ocrx_word' id='word_1_327' title='bbox 329 2202 411 2229; x_wconf 88' lang='lat' dir='ltr'><strong>vitam</strong></span> <span class='ocrx_word' id='word_1_328' title='bbox 437 2207 574 2234; x_wconf 86' lang='lat' dir='ltr'><strong>revocato,</strong></span> <span class='ocrx_word' id='word_1_329' title='bbox 588 2202 668 2238; x_wconf 74' lang='lat'><strong>681</strong></span> <span class='ocrx_word' id='word_1_330' title='bbox 684 2207 710 2228; x_wconf 81' lang='lat' dir='ltr'><strong>et</strong></span> <span class='ocrx_word' id='word_1_331' title='bbox 731 2202 846 2236; x_wconf 85' lang='lat' dir='ltr'><strong>imperio</strong></span> <span class='ocrx_word' id='word_1_332' title='bbox 869 2202 965 2229; x_wconf 88' lang='lat' dir='ltr'><strong>mortis</strong></span> <span class='ocrx_word' id='word_1_333' title='bbox 980 2202 1014 2229; x_wconf 85' lang='lat' dir='ltr'><strong>ab</strong></span> 
     </span>
    </p>
   </div>
   <div class='ocr_carea' id='block_1_46' title="bbox 1061 275 1847 314">
    <p class='ocr_par' dir='ltr' id='par_1_46' title="bbox 1061 275 1847 314">
     <span class='ocr_line' id='line_1_46' title="bbox 1061 275 1847 314; baseline -0.008 -8"><span class='ocrx_word' id='word_1_334' title='bbox 1061 280 1107 306; x_wconf 73' lang='grc' dir='ltr'><strong>ἐπὶ</strong></span> <span class='ocrx_word' id='word_1_335' title='bbox 1123 280 1168 306; x_wconf 69' lang='grc' dir='ltr'>τὸν</span> <span class='ocrx_word' id='word_1_336' title='bbox 1180 279 1306 314; x_wconf 82' lang='grc' dir='ltr'>σταυρὸν,</span> <span class='ocrx_word' id='word_1_337' title='bbox 1322 278 1430 305; x_wconf 75' lang='grc' dir='ltr'>εἵποντο</span> <span class='ocrx_word' id='word_1_338' title='bbox 1444 278 1472 304; x_wconf 80' lang='grc' dir='ltr'><strong>δὲ</strong></span> <span class='ocrx_word' id='word_1_339' title='bbox 1486 277 1533 304; x_wconf 77' lang='grc' dir='ltr'>καὶ</span> <span class='ocrx_word' id='word_1_340' title='bbox 1555 279 1682 312; x_wconf 78' lang='grc' dir='ltr'>γυναῖκες</span> <span class='ocrx_word' id='word_1_341' title='bbox 1699 275 1847 311; x_wconf 77' lang='grc' dir='ltr'>θρηνοῦσαι</span> 
     </span>
    </p>
   </div>
   <div class='ocr_carea' id='block_1_47' title="bbox 1060 322 1848 359">
    <p class='ocr_par' dir='ltr' id='par_1_47' title="bbox 1060 322 1848 359">
     <span class='ocr_line' id='line_1_47' title="bbox 1060 322 1848 359; baseline -0.006 -8"><span class='ocrx_word' id='word_1_342' title='bbox 1060 334 1089 351; x_wconf 86' lang='grc' dir='ltr'><strong>τε</strong></span> <span class='ocrx_word' id='word_1_343' title='bbox 1105 325 1151 352; x_wconf 77' lang='grc' dir='ltr'><strong>καὶ</strong></span> <span class='ocrx_word' id='word_1_344' title='bbox 1161 325 1313 351; x_wconf 79' lang='grc' dir='ltr'>κλαίουσαι-</span> <span class='ocrx_word' id='word_1_345' title='bbox 1329 322 1387 351; x_wconf 73' lang='grc' dir='ltr'>εἶτα</span> <span class='ocrx_word' id='word_1_346' title='bbox 1401 324 1468 359; x_wconf 74' lang='grc' dir='ltr'>πρὸς</span> <span class='ocrx_word' id='word_1_347' title='bbox 1478 323 1579 355; x_wconf 85' lang='grc' dir='ltr'>ταύτας</span> <span class='ocrx_word' id='word_1_348' title='bbox 1593 322 1710 357; x_wconf 75' lang='grc' dir='ltr'><strong>ἔφασκεν</strong></span> <span class='ocrx_word' id='word_1_349' title='bbox 1722 322 1848 355; x_wconf 74' lang='grc' dir='ltr'>ἐπιστρα-</span> 
     </span>
    </p>
   </div>
   <div class='ocr_carea' id='block_1_48' title="bbox 1061 365 1847 406">
    <p class='ocr_par' dir='ltr' id='par_1_48' title="bbox 1061 365 1847 406">
     <span class='ocr_line' id='line_1_48' title="bbox 1061 365 1847 406; baseline -0.008 -9"><span class='ocrx_word' id='word_1_350' title='bbox 1061 372 1136 406; x_wconf 78' lang='grc' dir='ltr'>φείς·</span> <span class='ocrx_word' id='word_1_351' title='bbox 1159 381 1167 396; x_wconf 81' lang='grc' dir='ltr'><strong>ι</strong></span> <span class='ocrx_word' id='word_1_352' title='bbox 1184 370 1338 405; x_wconf 79' lang='grc' dir='ltr'><strong>Θυγατέρες</strong></span> <span class='ocrx_word' id='word_1_353' title='bbox 1355 369 1539 405; x_wconf 83' lang='grc' dir='ltr'>Ἰερουσαλὴμ,</span> <span class='ocrx_word' id='word_1_354' title='bbox 1556 368 1593 403; x_wconf 86' lang='grc' dir='ltr'>μὴ</span> <span class='ocrx_word' id='word_1_355' title='bbox 1603 367 1710 394; x_wconf 78' lang='grc' dir='ltr'><strong>κλαίετε</strong></span> <span class='ocrx_word' id='word_1_356' title='bbox 1721 365 1764 392; x_wconf 68' lang='grc' dir='ltr'><strong>ἐπ’</strong></span> <span class='ocrx_word' id='word_1_357' title='bbox 1776 365 1847 399; x_wconf 75' lang='grc' dir='ltr'>ἐμοὶ,</span> 
     </span>
    </p>
   </div>
   <div class='ocr_carea' id='block_1_49' title="bbox 1061 411 1846 454">
    <p class='ocr_par' dir='ltr' id='par_1_49' title="bbox 1061 411 1846 454">
     <span class='ocr_line' id='line_1_49' title="bbox 1061 411 1846 454; baseline -0.01 -9"><span class='ocrx_word' id='word_1_358' title='bbox 1061 419 1130 454; x_wconf 76' lang='grc' dir='ltr'>πλὴν</span> <span class='ocrx_word' id='word_1_359' title='bbox 1145 419 1187 453; x_wconf 78' lang='grc' dir='ltr'><strong>ἐφ’</strong></span> <span class='ocrx_word' id='word_1_360' title='bbox 1199 419 1308 448; x_wconf 76' lang='grc' dir='ltr'>ἑαυταῖς</span> <span class='ocrx_word' id='word_1_361' title='bbox 1322 416 1430 443; x_wconf 84' lang='grc' dir='ltr'>κλαίετε</span> <span class='ocrx_word' id='word_1_362' title='bbox 1448 416 1495 442; x_wconf 76' lang='grc' dir='ltr'><strong>καὶ</strong></span> <span class='ocrx_word' id='word_1_363' title='bbox 1505 415 1551 442; x_wconf 67' lang='grc' dir='ltr'>ἐπὶ</span> <span class='ocrx_word' id='word_1_364' title='bbox 1560 415 1614 446; x_wconf 88' lang='grc' dir='ltr'>τοῖς</span> <span class='ocrx_word' id='word_1_365' title='bbox 1624 413 1728 444; x_wconf 79' lang='grc' dir='ltr'>τέκνοις</span> <span class='ocrx_word' id='word_1_366' title='bbox 1739 411 1827 447; x_wconf 79' lang='grc' dir='ltr'>ὑμῶν.</span> <span class='ocrx_word' id='word_1_367' title='bbox 1838 421 1846 438; x_wconf 79' lang='grc' dir='ltr'><strong>ι</strong></span> 
     </span>
    </p>
   </div>
   <div class='ocr_carea' id='block_1_50' title="bbox 1062 455 1847 499">
    <p class='ocr_par' dir='ltr' id='par_1_50' title="bbox 1062 455 1847 499">
     <span class='ocr_line' id='line_1_50' title="bbox 1062 455 1847 499; baseline -0.014 -8"><span class='ocrx_word' id='word_1_368' title='bbox 1062 464 1258 499; x_wconf 77' lang='grc' dir='ltr'>Παραδὲὀονται</span> <span class='ocrx_word' id='word_1_369' title='bbox 1270 462 1324 497; x_wconf 80' lang='grc' dir='ltr'>γὰρ</span> <span class='ocrx_word' id='word_1_370' title='bbox 1337 462 1376 492; x_wconf 80' lang='grc' dir='ltr'>εἰς</span> <span class='ocrx_word' id='word_1_371' title='bbox 1388 460 1497 495; x_wconf 75' lang='grc' dir='ltr'>ὄλεθρον</span> <span class='ocrx_word' id='word_1_372' title='bbox 1527 459 1573 486; x_wconf 71' lang='grc' dir='ltr'>καὶ</span> <span class='ocrx_word' id='word_1_373' title='bbox 1587 457 1704 492; x_wconf 73' lang='grc' dir='ltr'>σφαγὴν,</span> <span class='ocrx_word' id='word_1_374' title='bbox 1722 455 1770 482; x_wconf 70' lang='grc' dir='ltr'>καὶ</span> <span class='ocrx_word' id='word_1_375' title='bbox 1783 463 1847 489; x_wconf 85' lang='grc' dir='ltr'>συμ-</span> 
     </span>
    </p>
   </div>
   <div class='ocr_carea' id='block_1_51' title="bbox 1061 500 1849 545">
    <p class='ocr_par' dir='ltr' id='par_1_51' title="bbox 1061 500 1849 545">
     <span class='ocr_line' id='line_1_51' title="bbox 1061 500 1849 545; baseline -0.013 -8"><span class='ocrx_word' id='word_1_376' title='bbox 1061 510 1179 545; x_wconf 72' lang='grc' dir='ltr'>ϐέϐηκεν</span> <span class='ocrx_word' id='word_1_377' title='bbox 1192 509 1282 539; x_wconf 73' lang='grc' dir='ltr'>αὐτοῖς</span> <span class='ocrx_word' id='word_1_378' title='bbox 1295 507 1330 534; x_wconf 81' lang='grc' dir='ltr'>τὰ</span> <span class='ocrx_word' id='word_1_379' title='bbox 1345 507 1389 534; x_wconf 86' lang='grc' dir='ltr'>διὰ</span> <span class='ocrx_word' id='word_1_380' title='bbox 1403 506 1494 542; x_wconf 79' lang='grc' dir='ltr'>φωνῆς</span> <span class='ocrx_word' id='word_1_381' title='bbox 1511 504 1622 531; x_wconf 74' lang='grc' dir='ltr'>Ἡσαΐου</span> <span class='ocrx_word' id='word_1_382' title='bbox 1633 512 1639 518; x_wconf 93' lang='grc'><strong>·</strong></span> <span class='ocrx_word' id='word_1_383' title='bbox 1656 513 1664 529; x_wconf 81' lang='grc' dir='ltr'><strong>ι</strong></span> <span class='ocrx_word' id='word_1_384' title='bbox 1676 502 1705 529; x_wconf 87' lang='lat' dir='ltr'><strong>&#39;H</strong></span> <span class='ocrx_word' id='word_1_385' title='bbox 1720 502 1757 536; x_wconf 79' lang='grc' dir='ltr'><strong>γῆ</strong></span> <span class='ocrx_word' id='word_1_386' title='bbox 1773 500 1849 536; x_wconf 76' lang='grc' dir='ltr'>ὑμῶν</span> 
     </span>
    </p>
   </div>
   <div class='ocr_carea' id='block_1_52' title="bbox 1061 548 1849 591">
    <p class='ocr_par' dir='ltr' id='par_1_52' title="bbox 1061 548 1849 591">
     <span class='ocr_line' id='line_1_52' title="bbox 1061 548 1849 591; baseline -0.01 -9"><span class='ocrx_word' id='word_1_387' title='bbox 1061 557 1174 591; x_wconf 77' lang='grc' dir='ltr'>ἔρημος,</span> <span class='ocrx_word' id='word_1_388' title='bbox 1199 555 1227 581; x_wconf 85' lang='grc' dir='ltr'>αἱ</span> <span class='ocrx_word' id='word_1_389' title='bbox 1255 553 1346 584; x_wconf 77' lang='grc' dir='ltr'>πόλεις</span> <span class='ocrx_word' id='word_1_390' title='bbox 1372 552 1449 588; x_wconf 80' lang='grc' dir='ltr'>ὑμῶν</span> <span class='ocrx_word' id='word_1_391' title='bbox 1469 551 1660 587; x_wconf 82' lang='grc' dir='ltr'>πυρίκαυστοι,</span> <span class='ocrx_word' id='word_1_392' title='bbox 1683 549 1734 585; x_wconf 81' lang='grc' dir='ltr'><strong>τὴν</strong></span> <span class='ocrx_word' id='word_1_393' title='bbox 1759 548 1849 584; x_wconf 86' lang='grc' dir='ltr'>χώραν</span> 
     </span>
    </p>
   </div>
   <div class='ocr_carea' id='block_1_53' title="bbox 1062 593 1848 637">
    <p class='ocr_par' dir='ltr' id='par_1_53' title="bbox 1062 593 1848 637">
     <span class='ocr_line' id='line_1_53' title="bbox 1062 593 1848 637; baseline -0.013 -8"><span class='ocrx_word' id='word_1_394' title='bbox 1062 602 1139 637; x_wconf 86' lang='grc' dir='ltr'>ὑμῶν</span> <span class='ocrx_word' id='word_1_395' title='bbox 1161 600 1275 628; x_wconf 74' lang='grc' dir='ltr'>ἐνώπιον</span> <span class='ocrx_word' id='word_1_396' title='bbox 1296 599 1373 635; x_wconf 81' lang='grc' dir='ltr'>ὑμῶν</span> <span class='ocrx_word' id='word_1_397' title='bbox 1397 598 1531 633; x_wconf 73' lang='grc' dir='ltr'><strong>ἀλλότριοι</strong></span> <span class='ocrx_word' id='word_1_398' title='bbox 1551 595 1740 622; x_wconf 78' lang='grc' dir='ltr'><strong>κατεσθίουσιν</strong></span> <span class='ocrx_word' id='word_1_399' title='bbox 1753 593 1848 628; x_wconf 77' lang='grc' dir='ltr'>αὐτὴν,</span> 
     </span>
    </p>
   </div>
   <div class='ocr_carea' id='block_1_54' title="bbox 1061 640 1846 683">
    <p class='ocr_par' dir='ltr' id='par_1_54' title="bbox 1061 640 1846 683">
     <span class='ocr_line' id='line_1_54' title="bbox 1061 640 1846 683; baseline -0.013 -8"><span class='ocrx_word' id='word_1_400' title='bbox 1061 649 1108 676; x_wconf 70' lang='grc' dir='ltr'>καὶ</span> <span class='ocrx_word' id='word_1_401' title='bbox 1121 648 1267 683; x_wconf 76' lang='grc' dir='ltr'>ἠρήμωται</span> <span class='ocrx_word' id='word_1_402' title='bbox 1280 643 1510 680; x_wconf 72' lang='grc' dir='ltr'><strong>κατεστραμμένη</strong></span> <span class='ocrx_word' id='word_1_403' title='bbox 1521 643 1573 669; x_wconf 76' lang='grc' dir='ltr'><strong>ὑπὸ</strong></span> <span class='ocrx_word' id='word_1_404' title='bbox 1583 641 1656 668; x_wconf 83' lang='grc' dir='ltr'>λαῶν</span> <span class='ocrx_word' id='word_1_405' title='bbox 1667 640 1825 676; x_wconf 81' lang='grc' dir='ltr'>ἀλλοτρίων.</span> <span class='ocrx_word' id='word_1_406' title='bbox 1837 649 1846 665; x_wconf 76' lang='grc' dir='ltr'><strong>ι</strong></span> 
     </span>
    </p>
   </div>
   <div class='ocr_carea' id='block_1_55' title="bbox 1103 688 1850 727">
    <p class='ocr_par' dir='ltr' id='par_1_55' title="bbox 1103 688 1850 727">
     <span class='ocr_line' id='line_1_55' title="bbox 1103 688 1850 727; baseline -0.013 -6"><span class='ocrx_word' id='word_1_407' title='bbox 1103 695 1152 721; x_wconf 75' lang='grc' dir='ltr'><strong>Ἐν</strong></span> <span class='ocrx_word' id='word_1_408' title='bbox 1185 692 1222 727; x_wconf 71' lang='grc' dir='ltr'>τῇ</span> <span class='ocrx_word' id='word_1_409' title='bbox 1244 692 1338 727; x_wconf 71' lang='grc' dir='ltr'>ἡμέρᾳ</span> <span class='ocrx_word' id='word_1_410' title='bbox 1360 691 1473 725; x_wconf 70' lang='grc' dir='ltr'>ἐκείνῃ,</span> <span class='ocrx_word' id='word_1_411' title='bbox 1498 689 1581 724; x_wconf 74' lang='grc' dir='ltr'>λέγει</span> <span class='ocrx_word' id='word_1_412' title='bbox 1607 688 1716 722; x_wconf 81' lang='grc' dir='ltr'>Κύριος</span> <span class='ocrx_word' id='word_1_413' title='bbox 1741 693 1850 712; x_wconf 78' lang='grc' dir='ltr'>παντο-</span> 
     </span>
    </p>
   </div>
   <div class='ocr_carea' id='block_1_56' title="bbox 1061 732 1850 777">
    <p class='ocr_par' dir='ltr' id='par_1_56' title="bbox 1061 732 1850 777">
     <span class='ocr_line' id='line_1_56' title="bbox 1061 732 1850 777; baseline -0.014 -8"><span class='ocrx_word' id='word_1_414' title='bbox 1061 741 1193 777; x_wconf 81' lang='grc' dir='ltr'>κράτωρ,</span> <span class='ocrx_word' id='word_1_415' title='bbox 1228 738 1438 774; x_wconf 76' lang='grc' dir='ltr'>συγκαλέσατε</span> <span class='ocrx_word' id='word_1_416' title='bbox 1472 736 1600 768; x_wconf 77' lang='grc' dir='ltr'>ἕκαστος</span> <span class='ocrx_word' id='word_1_417' title='bbox 1632 734 1687 761; x_wconf 75' lang='grc' dir='ltr'><strong>τὸν</strong></span> <span class='ocrx_word' id='word_1_418' title='bbox 1715 732 1850 766; x_wconf 75' lang='grc' dir='ltr'><em>πλησίον</em></span> 
     </span>
    </p>
   </div>
   <div class='ocr_carea' id='block_1_57' title="bbox 1060 778 1850 820">
    <p class='ocr_par' dir='ltr' id='par_1_57' title="bbox 1060 778 1850 820">
     <span class='ocr_line' id='line_1_57' title="bbox 1060 778 1850 820; baseline -0.013 -5"><span class='ocrx_word' id='word_1_419' title='bbox 1060 788 1153 816; x_wconf 79' lang='grc' dir='ltr'>αὑτοῦ</span> <span class='ocrx_word' id='word_1_420' title='bbox 1166 785 1306 814; x_wconf 79' lang='grc' dir='ltr'><strong>ὑποκάτω</strong></span> <span class='ocrx_word' id='word_1_421' title='bbox 1329 783 1464 820; x_wconf 73' lang='grc' dir='ltr'>ἀμπέλου</span> <span class='ocrx_word' id='word_1_422' title='bbox 1500 782 1549 810; x_wconf 79' lang='grc' dir='ltr'>καὶ</span> <span class='ocrx_word' id='word_1_423' title='bbox 1589 779 1727 809; x_wconf 73' lang='grc' dir='ltr'>ὑποκάτω</span> <span class='ocrx_word' id='word_1_424' title='bbox 1749 778 1850 812; x_wconf 80' lang='grc' dir='ltr'><em>συκῆς</em></span> 
     </span>
    </p>
   </div>
   <div class='ocr_carea' id='block_1_58' title="bbox 1061 833 1164 862">
    <p class='ocr_par' dir='ltr' id='par_1_58' title="bbox 1061 833 1164 862">
     <span class='ocr_line' id='line_1_58' title="bbox 1061 833 1164 862; baseline -0.029 0"><span class='ocrx_word' id='word_1_425' title='bbox 1061 833 1164 862; x_wconf 79' lang='grc' dir='ltr'>αὐτοῦ.</span> 
     </span>
    </p>
   </div>
   <div class='ocr_carea' id='block_1_59' title="bbox 1098 869 1850 913">
    <p class='ocr_par' dir='ltr' id='par_1_59' title="bbox 1098 869 1850 913">
     <span class='ocr_line' id='line_1_59' title="bbox 1098 869 1850 913; baseline -0.015 -7"><span class='ocrx_word' id='word_1_426' title='bbox 1098 880 1162 906; x_wconf 84' lang='lat' dir='ltr'><strong>KB’.</strong></span> <span class='ocrx_word' id='word_1_427' title='bbox 1179 879 1240 905; x_wconf 80' lang='grc' dir='ltr'>’Ότι</span> <span class='ocrx_word' id='word_1_428' title='bbox 1254 878 1300 913; x_wconf 75' lang='grc' dir='ltr'><strong>μὲν</strong></span> <span class='ocrx_word' id='word_1_429' title='bbox 1313 877 1342 904; x_wconf 80' lang='grc' dir='ltr'>ὲν</span> <span class='ocrx_word' id='word_1_430' title='bbox 1352 875 1434 902; x_wconf 71' lang='grc' dir='ltr'>παντὶ</span> <span class='ocrx_word' id='word_1_431' title='bbox 1445 875 1606 910; x_wconf 81' lang='grc' dir='ltr'>γενήσονται</span> <span class='ocrx_word' id='word_1_432' title='bbox 1622 871 1709 906; x_wconf 83' lang='grc' dir='ltr'>κακῷ,</span> <span class='ocrx_word' id='word_1_433' title='bbox 1720 869 1850 905; x_wconf 66' lang='grc' dir='ltr'>ψηλαφω.</span> 
     </span>
    </p>
   </div>
   <div class='ocr_carea' id='block_1_60' title="bbox 1065 915 1850 962">
    <p class='ocr_par' dir='ltr' id='par_1_60' title="bbox 1065 915 1850 962">
     <span class='ocr_line' id='line_1_60' title="bbox 1065 915 1850 962; baseline -0.014 -10"><span class='ocrx_word' id='word_1_434' title='bbox 1065 926 1147 962; x_wconf 84' lang='grc' dir='ltr'>μένης</span> <span class='ocrx_word' id='word_1_435' title='bbox 1163 924 1251 951; x_wconf 78' lang='grc' dir='ltr'>αὐτῶν</span> <span class='ocrx_word' id='word_1_436' title='bbox 1263 924 1314 958; x_wconf 84' lang='grc' dir='ltr'>τῆς</span> <span class='ocrx_word' id='word_1_437' title='bbox 1343 921 1489 958; x_wconf 77' lang='grc' dir='ltr'>ἁμαρτίας,</span> <span class='ocrx_word' id='word_1_438' title='bbox 1504 920 1528 947; x_wconf 80' lang='grc' dir='ltr'>οἱ</span> <span class='ocrx_word' id='word_1_439' title='bbox 1550 918 1675 952; x_wconf 84' lang='grc' dir='ltr'>καθάπερ</span> <span class='ocrx_word' id='word_1_440' title='bbox 1698 917 1738 948; x_wconf 77' lang='grc' dir='ltr'><strong>είς</strong></span> <span class='ocrx_word' id='word_1_441' title='bbox 1756 915 1850 950; x_wconf 73' lang='grc' dir='ltr'>βόθρον</span> 
     </span>
    </p>
   </div>
   <div class='ocr_carea' id='block_1_61' title="bbox 1062 963 1850 1008">
    <p class='ocr_par' dir='ltr' id='par_1_61' title="bbox 1062 963 1850 1008">
     <span class='ocr_line' id='line_1_61' title="bbox 1062 963 1850 1008; baseline -0.016 -8"><span class='ocrx_word' id='word_1_442' title='bbox 1062 971 1300 1008; x_wconf 79' lang='grc' dir='ltr'>κατενηνεγμένοι,</span> <span class='ocrx_word' id='word_1_443' title='bbox 1312 969 1357 996; x_wconf 81' lang='grc' dir='ltr'><strong>διά</strong></span> <span class='ocrx_word' id='word_1_444' title='bbox 1368 977 1400 1003; x_wconf 88' lang='grc' dir='ltr'><strong>γε</strong></span> <span class='ocrx_word' id='word_1_445' title='bbox 1416 968 1446 994; x_wconf 78' lang='grc' dir='ltr'><strong>τὸ</strong></span> <span class='ocrx_word' id='word_1_446' title='bbox 1469 965 1625 1002; x_wconf 81' lang='grc' dir='ltr'>σταυρῶσαι</span> <span class='ocrx_word' id='word_1_447' title='bbox 1641 963 1768 999; x_wconf 73' lang='grc' dir='ltr'>Χριοτον,</span> <span class='ocrx_word' id='word_1_448' title='bbox 1783 970 1850 998; x_wconf 87' lang='grc' dir='ltr'>προ-</span> 
     </span>
    </p>
   </div>
   <div class='ocr_carea' id='block_1_62' title="bbox 1064 1008 1850 1056">
    <p class='ocr_par' dir='ltr' id='par_1_62' title="bbox 1064 1008 1850 1056">
     <span class='ocr_line' id='line_1_62' title="bbox 1064 1008 1850 1056; baseline -0.017 -9"><span class='ocrx_word' id='word_1_449' title='bbox 1064 1020 1221 1056; x_wconf 78' lang='grc' dir='ltr'>μεμήνυκεν</span> <span class='ocrx_word' id='word_1_450' title='bbox 1236 1016 1367 1053; x_wconf 76' lang='grc' dir='ltr'>ἐναργῶς.</span> <span class='ocrx_word' id='word_1_451' title='bbox 1395 1015 1455 1042; x_wconf 86' lang='grc' dir='ltr'>Ὅτι</span> <span class='ocrx_word' id='word_1_452' title='bbox 1486 1013 1514 1040; x_wconf 75' lang='grc' dir='ltr'><strong>δὲ</strong></span> <span class='ocrx_word' id='word_1_453' title='bbox 1540 1014 1597 1044; x_wconf 82' lang='grc' dir='ltr'>τοῖς</span> <span class='ocrx_word' id='word_1_454' title='bbox 1617 1010 1784 1042; x_wconf 81' lang='grc' dir='ltr'>πιστεύουσι,</span> <span class='ocrx_word' id='word_1_455' title='bbox 1804 1008 1850 1056; x_wconf 73' lang='grc' dir='ltr'>καὶ</span> 
     </span>
    </p>
   </div>
   <div class='ocr_carea' id='block_1_63' title="bbox 1062 1053 1851 1102">
    <p class='ocr_par' dir='ltr' id='par_1_63' title="bbox 1062 1053 1851 1102">
     <span class='ocr_line' id='line_1_63' title="bbox 1062 1053 1851 1102; baseline -0.018 -9"><span class='ocrx_word' id='word_1_456' title='bbox 1062 1053 1233 1102; x_wconf 67' lang='grc' dir='ltr'>ηγαττηκόσιν</span> <span class='ocrx_word' id='word_1_457' title='bbox 1243 1063 1335 1095; x_wconf 81' lang='grc' dir='ltr'>αὑτὸν,</span> <span class='ocrx_word' id='word_1_458' title='bbox 1344 1063 1394 1089; x_wconf 74' lang='grc' dir='ltr'><strong>οὐκ</strong></span> <span class='ocrx_word' id='word_1_459' title='bbox 1405 1060 1518 1096; x_wconf 83' lang='grc' dir='ltr'>ἀκερδὲς</span> <span class='ocrx_word' id='word_1_460' title='bbox 1532 1059 1607 1085; x_wconf 75' lang='grc' dir='ltr'>ἔσται</span> <span class='ocrx_word' id='word_1_461' title='bbox 1620 1057 1650 1084; x_wconf 83' lang='grc' dir='ltr'>τδ</span> <span class='ocrx_word' id='word_1_462' title='bbox 1665 1056 1770 1091; x_wconf 78' lang='grc' dir='ltr'>χρῆμα,</span> <span class='ocrx_word' id='word_1_463' title='bbox 1785 1053 1851 1102; x_wconf 50' lang='grc' dir='ltr'>μαλ-</span> 
     </span>
    </p>
   </div>
   <div class='ocr_carea' id='block_1_64' title="bbox 1062 1099 1849 1145">
    <p class='ocr_par' dir='ltr' id='par_1_64' title="bbox 1062 1099 1849 1145">
     <span class='ocr_line' id='line_1_64' title="bbox 1062 1099 1849 1145; baseline -0.019 -6"><span class='ocrx_word' id='word_1_464' title='bbox 1062 1099 1107 1138; x_wconf 47' lang='grc' dir='ltr'>λον</span> <span class='ocrx_word' id='word_1_465' title='bbox 1121 1099 1155 1138; x_wconf 59' lang='lat' dir='ltr'><strong>Bs</strong></span> <span class='ocrx_word' id='word_1_466' title='bbox 1164 1112 1210 1138; x_wconf 79' lang='grc' dir='ltr'>καὶ</span> <span class='ocrx_word' id='word_1_467' title='bbox 1224 1109 1291 1145; x_wconf 81' lang='grc' dir='ltr'>πρὸς</span> <span class='ocrx_word' id='word_1_468' title='bbox 1302 1107 1471 1143; x_wconf 75' lang='grc' dir='ltr'>εὐφροσύνης</span> <span class='ocrx_word' id='word_1_469' title='bbox 1489 1105 1535 1131; x_wconf 74' lang='grc' dir='ltr'>καὶ</span> <span class='ocrx_word' id='word_1_470' title='bbox 1548 1102 1669 1138; x_wconf 75' lang='grc' dir='ltr'>τέρψεων</span> <span class='ocrx_word' id='word_1_471' title='bbox 1683 1099 1849 1135; x_wconf 74' lang='grc' dir='ltr'>ἐπιτερπῶν,</span> 
     </span>
    </p>
   </div>
   <div class='ocr_carea' id='block_1_65' title="bbox 1063 1144 1851 1192">
    <p class='ocr_par' dir='ltr' id='par_1_65' title="bbox 1063 1144 1851 1192">
     <span class='ocr_line' id='line_1_65' title="bbox 1063 1144 1851 1192; baseline -0.019 -9"><span class='ocrx_word' id='word_1_472' title='bbox 1063 1155 1243 1192; x_wconf 70' lang='grc' dir='ltr'><strong>προαγορεύει</strong></span> <span class='ocrx_word' id='word_1_473' title='bbox 1257 1153 1410 1189; x_wconf 83' lang='grc' dir='ltr'>χρησίμως.</span> <span class='ocrx_word' id='word_1_474' title='bbox 1432 1149 1610 1186; x_wconf 83' lang='grc' dir='ltr'>Μαρτυρήσει</span> <span class='ocrx_word' id='word_1_475' title='bbox 1633 1147 1662 1173; x_wconf 79' lang='grc' dir='ltr'><strong>δὲ</strong></span> <span class='ocrx_word' id='word_1_476' title='bbox 1680 1144 1851 1192; x_wconf 20' lang='grc' dir='ltr'>ντούτοιςᾼκαὶ</span> 
     </span>
    </p>
   </div>
   <div class='ocr_carea' id='block_1_66' title="bbox 1062 1189 1850 1235">
    <p class='ocr_par' dir='ltr' id='par_1_66' title="bbox 1062 1189 1850 1235">
     <span class='ocr_line' id='line_1_66' title="bbox 1062 1189 1850 1235; baseline -0.019 -6"><span class='ocrx_word' id='word_1_477' title='bbox 1062 1189 1191 1233; x_wconf 52' lang='lat' dir='ltr'><strong>beluata;</strong></span> <span class='ocrx_word' id='word_1_478' title='bbox 1209 1199 1332 1235; x_wconf 84' lang='grc' dir='ltr'>Συμεών.</span> <span class='ocrx_word' id='word_1_479' title='bbox 1349 1199 1413 1224; x_wconf 86' lang='grc' dir='ltr'><strong>Ὅτε</strong></span> <span class='ocrx_word' id='word_1_480' title='bbox 1433 1197 1488 1231; x_wconf 86' lang='grc' dir='ltr'>γὰρ</span> <span class='ocrx_word' id='word_1_481' title='bbox 1508 1194 1539 1221; x_wconf 67' lang='grc' dir='ltr'>τὺ</span> <span class='ocrx_word' id='word_1_482' title='bbox 1557 1194 1628 1220; x_wconf 84' lang='grc' dir='ltr'>θεῖον</span> <span class='ocrx_word' id='word_1_483' title='bbox 1643 1191 1770 1218; x_wconf 75' lang='grc' dir='ltr'>τεθέαται</span> <span class='ocrx_word' id='word_1_484' title='bbox 1788 1189 1850 1224; x_wconf 83' lang='grc' dir='ltr'><strong>βρέ-</strong></span> 
     </span>
    </p>
   </div>
   <div class='ocr_carea' id='block_1_67' title="bbox 1063 1235 1849 1282">
    <p class='ocr_par' dir='ltr' id='par_1_67' title="bbox 1063 1235 1849 1282">
     <span class='ocr_line' id='line_1_67' title="bbox 1063 1235 1849 1282; baseline -0.018 -9"><span class='ocrx_word' id='word_1_485' title='bbox 1063 1256 1122 1282; x_wconf 80' lang='grc' dir='ltr'>φος,</span> <span class='ocrx_word' id='word_1_486' title='bbox 1137 1246 1183 1272; x_wconf 73' lang='grc' dir='ltr'>καὶ</span> <span class='ocrx_word' id='word_1_487' title='bbox 1197 1246 1237 1276; x_wconf 84' lang='grc' dir='ltr'>εἰς</span> <span class='ocrx_word' id='word_1_488' title='bbox 1252 1243 1373 1278; x_wconf 84' lang='grc' dir='ltr'>ἀγκάλας</span> <span class='ocrx_word' id='word_1_489' title='bbox 1385 1241 1504 1274; x_wconf 71' lang='grc' dir='ltr'>ἐδέξατο,</span> <span class='ocrx_word' id='word_1_490' title='bbox 1527 1238 1725 1274; x_wconf 82' lang='grc' dir='ltr'>προεφήτευσε,</span> <span class='ocrx_word' id='word_1_491' title='bbox 1745 1235 1833 1282; x_wconf 71' lang='grc' dir='ltr'>λέγων</span> <span class='ocrx_word' id='word_1_492' title='bbox 1843 1241 1849 1247; x_wconf 70' lang='grc'><strong>⁸</strong></span> 
     </span>
    </p>
   </div>
   <div class='ocr_carea' id='block_1_68' title="bbox 1066 1279 1851 1322">
    <p class='ocr_par' dir='ltr' id='par_1_68' title="bbox 1066 1279 1851 1322">
     <span class='ocr_line' id='line_1_68' title="bbox 1066 1279 1851 1322; baseline -0.018 -3"><span class='ocrx_word' id='word_1_493' title='bbox 1066 1279 1075 1319; x_wconf 58' lang='grc' dir='ltr'><em>λ</em></span> <span class='ocrx_word' id='word_1_494' title='bbox 1103 1293 1167 1319; x_wconf 79' lang='grc' dir='ltr'>Ἰδοὺ</span> <span class='ocrx_word' id='word_1_495' title='bbox 1181 1287 1259 1322; x_wconf 70' lang='grc' dir='ltr'>οὗτος</span> <span class='ocrx_word' id='word_1_496' title='bbox 1280 1290 1369 1315; x_wconf 83' lang='grc' dir='ltr'>κεῖται</span> <span class='ocrx_word' id='word_1_497' title='bbox 1384 1288 1424 1318; x_wconf 77' lang='grc' dir='ltr'>εἰς</span> <span class='ocrx_word' id='word_1_498' title='bbox 1441 1285 1544 1312; x_wconf 82' lang='grc' dir='ltr'>πτῶσιν</span> <span class='ocrx_word' id='word_1_499' title='bbox 1557 1284 1603 1310; x_wconf 85' lang='grc' dir='ltr'>καὶ</span> <span class='ocrx_word' id='word_1_500' title='bbox 1623 1282 1771 1310; x_wconf 73' lang='grc' dir='ltr'><strong>ἀνάστασιν</strong></span> <span class='ocrx_word' id='word_1_501' title='bbox 1788 1279 1851 1306; x_wconf 79' lang='grc' dir='ltr'>πολ-</span> 
     </span>
    </p>
   </div>
   <div class='ocr_carea' id='block_1_69' title="bbox 1062 1324 1850 1368">
    <p class='ocr_par' dir='ltr' id='par_1_69' title="bbox 1062 1324 1850 1368">
     <span class='ocr_line' id='line_1_69' title="bbox 1062 1324 1850 1368; baseline -0.018 -5"><span class='ocrx_word' id='word_1_502' title='bbox 1062 1336 1127 1368; x_wconf 79' lang='grc' dir='ltr'>λῶν,</span> <span class='ocrx_word' id='word_1_503' title='bbox 1141 1335 1188 1362; x_wconf 74' lang='grc' dir='ltr'>καὶ</span> <span class='ocrx_word' id='word_1_504' title='bbox 1212 1335 1252 1365; x_wconf 82' lang='grc' dir='ltr'><strong>εἰς</strong></span> <span class='ocrx_word' id='word_1_505' title='bbox 1276 1333 1388 1367; x_wconf 81' lang='grc' dir='ltr'>σημεῖον</span> <span class='ocrx_word' id='word_1_506' title='bbox 1416 1329 1635 1364; x_wconf 81' lang='grc' dir='ltr'>ἀντιλεγόμενον.</span> <span class='ocrx_word' id='word_1_507' title='bbox 1653 1336 1662 1353; x_wconf 78' lang='grc' dir='ltr'><strong>ι</strong></span> <span class='ocrx_word' id='word_1_508' title='bbox 1686 1324 1850 1352; x_wconf 82' lang='grc' dir='ltr'>Πεπτώκασι</span> 
     </span>
    </p>
   </div>
   <div class='ocr_carea' id='block_1_70' title="bbox 1063 1369 1850 1416">
    <p class='ocr_par' dir='ltr' id='par_1_70' title="bbox 1063 1369 1850 1416">
     <span class='ocr_line' id='line_1_70' title="bbox 1063 1369 1850 1416; baseline -0.017 -7"><span class='ocrx_word' id='word_1_509' title='bbox 1063 1382 1116 1416; x_wconf 76' lang='grc' dir='ltr'><strong>γὰρ</strong></span> <span class='ocrx_word' id='word_1_510' title='bbox 1128 1381 1194 1408; x_wconf 84' lang='grc' dir='ltr'>οἱτὸ</span> <span class='ocrx_word' id='word_1_511' title='bbox 1206 1380 1310 1406; x_wconf 82' lang='grc' dir='ltr'>δίκαιον</span> <span class='ocrx_word' id='word_1_512' title='bbox 1337 1375 1407 1412; x_wconf 73' lang='grc' dir='ltr'>αἷμα</span> <span class='ocrx_word' id='word_1_513' title='bbox 1431 1378 1491 1407; x_wconf 84' lang='grc' dir='ltr'>ταῖς</span> <span class='ocrx_word' id='word_1_514' title='bbox 1504 1375 1578 1409; x_wconf 79' lang='grc' dir='ltr'>σφῶν</span> <span class='ocrx_word' id='word_1_515' title='bbox 1607 1372 1696 1400; x_wconf 80' lang='grc' dir='ltr'>αὐτῶν</span> <span class='ocrx_word' id='word_1_516' title='bbox 1721 1369 1850 1404; x_wconf 78' lang='grc' dir='ltr'>ἐπαντλή-</span> 
     </span>
    </p>
   </div>
   <div class='ocr_carea' id='block_1_71' title="bbox 1064 1417 1849 1459">
    <p class='ocr_par' dir='ltr' id='par_1_71' title="bbox 1064 1417 1849 1459">
     <span class='ocr_line' id='line_1_71' title="bbox 1064 1417 1849 1459; baseline -0.015 -6"><span class='ocrx_word' id='word_1_517' title='bbox 1064 1434 1158 1457; x_wconf 85' lang='grc' dir='ltr'>σαντες</span> <span class='ocrx_word' id='word_1_518' title='bbox 1175 1424 1318 1459; x_wconf 76' lang='grc' dir='ltr'>κεφαλαῖς,</span> <span class='ocrx_word' id='word_1_519' title='bbox 1335 1422 1429 1457; x_wconf 82' lang='grc' dir='ltr'>ὥσπερ</span> <span class='ocrx_word' id='word_1_520' title='bbox 1451 1420 1624 1456; x_wconf 72' lang='grc' dir='ltr'>ἐρριμμένοι,</span> <span class='ocrx_word' id='word_1_521' title='bbox 1642 1418 1689 1445; x_wconf 82' lang='grc' dir='ltr'><strong>καὶ</strong></span> <span class='ocrx_word' id='word_1_522' title='bbox 1707 1417 1830 1452; x_wconf 78' lang='grc' dir='ltr'>κείμενοι</span> <span class='ocrx_word' id='word_1_523' title='bbox 1842 1435 1849 1446; x_wconf 85' lang='grc'><strong>,</strong></span> 
     </span>
    </p>
   </div>
   <div class='ocr_carea' id='block_1_72' title="bbox 1063 1461 1850 1501">
    <p class='ocr_par' dir='ltr' id='par_1_72' title="bbox 1063 1461 1850 1501">
     <span class='ocr_line' id='line_1_72' title="bbox 1063 1461 1850 1501; baseline -0.015 -3"><span class='ocrx_word' id='word_1_524' title='bbox 1063 1472 1109 1498; x_wconf 67' lang='grc' dir='ltr'>καὶ</span> <span class='ocrx_word' id='word_1_525' title='bbox 1123 1471 1175 1497; x_wconf 75' lang='grc' dir='ltr'>ὑπὸ</span> <span class='ocrx_word' id='word_1_526' title='bbox 1187 1470 1268 1501; x_wconf 82' lang='grc' dir='ltr'>πόδας</span> <span class='ocrx_word' id='word_1_527' title='bbox 1295 1468 1372 1499; x_wconf 72' lang='grc' dir='ltr'>ὅντες</span> <span class='ocrx_word' id='word_1_528' title='bbox 1395 1465 1573 1496; x_wconf 73' lang='grc' dir='ltr'>διαϐολικούς·</span> <span class='ocrx_word' id='word_1_529' title='bbox 1596 1463 1764 1499; x_wconf 76' lang='grc' dir='ltr'>ὡρῡώθησαν</span> <span class='ocrx_word' id='word_1_530' title='bbox 1783 1461 1811 1488; x_wconf 79' lang='grc' dir='ltr'><strong>δὲ</strong></span> <span class='ocrx_word' id='word_1_531' title='bbox 1827 1461 1850 1487; x_wconf 82' lang='grc' dir='ltr'>οἱ</span> 
     </span>
    </p>
   </div>
   <div class='ocr_carea' id='block_1_73' title="bbox 1063 1506 1851 1550">
    <p class='ocr_par' dir='ltr' id='par_1_73' title="bbox 1063 1506 1851 1550">
     <span class='ocr_line' id='line_1_73' title="bbox 1063 1506 1851 1550; baseline -0.015 -6"><span class='ocrx_word' id='word_1_532' title='bbox 1063 1518 1091 1550; x_wconf 78' lang='grc' dir='ltr'><strong>ἐξ</strong></span> <span class='ocrx_word' id='word_1_533' title='bbox 1104 1516 1197 1543; x_wconf 75' lang='grc' dir='ltr'><strong>ὲονῶν.</strong></span> <span class='ocrx_word' id='word_1_534' title='bbox 1215 1515 1270 1542; x_wconf 73' lang='grc' dir='ltr'><strong>Καὶ</strong></span> <span class='ocrx_word' id='word_1_535' title='bbox 1284 1513 1363 1545; x_wconf 79' lang='grc' dir='ltr'>αὐτὸς</span> <span class='ocrx_word' id='word_1_536' title='bbox 1387 1512 1415 1538; x_wconf 80' lang='grc' dir='ltr'><strong>δέ</strong></span> <span class='ocrx_word' id='word_1_537' title='bbox 1442 1520 1493 1538; x_wconf 85' lang='grc' dir='ltr'><strong>που</strong></span> <span class='ocrx_word' id='word_1_538' title='bbox 1518 1510 1646 1546; x_wconf 71' lang='grc' dir='ltr'>Χριστὸς,</span> <span class='ocrx_word' id='word_1_539' title='bbox 1663 1506 1851 1543; x_wconf 70' lang='grc' dir='ltr'>προανεφώνει</span> 
     </span>
    </p>
   </div>
   <div class='ocr_carea' id='block_1_74' title="bbox 1026 1552 1850 1609">
    <p class='ocr_par' dir='ltr' id='par_1_74' title="bbox 1026 1552 1850 1609">
     <span class='ocr_line' id='line_1_74' title="bbox 1026 1552 1850 1609; baseline -0.015 -19"><span class='ocrx_word' id='word_1_540' title='bbox 1026 1581 1046 1609; x_wconf 80' lang='lat' dir='ltr'>c</span> <span class='ocrx_word' id='word_1_541' title='bbox 1066 1563 1114 1597; x_wconf 72' lang='grc' dir='ltr'><strong>μὲν</strong></span> <span class='ocrx_word' id='word_1_542' title='bbox 1128 1563 1183 1593; x_wconf 83' lang='grc' dir='ltr'>τοῖς</span> <span class='ocrx_word' id='word_1_543' title='bbox 1195 1561 1280 1594; x_wconf 81' lang='grc' dir='ltr'>ἁγίοις</span> <span class='ocrx_word' id='word_1_544' title='bbox 1297 1559 1430 1594; x_wconf 75' lang='grc' dir='ltr'>μαθηταῖς</span> <span class='ocrx_word' id='word_1_545' title='bbox 1451 1557 1480 1584; x_wconf 75' lang='grc' dir='ltr'>τὸ</span> <span class='ocrx_word' id='word_1_546' title='bbox 1505 1557 1552 1583; x_wconf 70' lang='grc' dir='ltr'>ἐπὶ</span> <span class='ocrx_word' id='word_1_547' title='bbox 1567 1555 1606 1591; x_wconf 84' lang='grc' dir='ltr'>τῷ</span> <span class='ocrx_word' id='word_1_548' title='bbox 1619 1553 1727 1589; x_wconf 78' lang='grc' dir='ltr'>σταυρῷ</span> <span class='ocrx_word' id='word_1_549' title='bbox 1748 1552 1833 1583; x_wconf 76' lang='grc' dir='ltr'>πάθος</span> <span class='ocrx_word' id='word_1_550' title='bbox 1843 1559 1850 1566; x_wconf 91' lang='grc'><strong>·</strong></span> 
     </span>
     <span class='ocr_line' id='line_1_75' title="bbox 1129 1600 1837 1609; baseline 0 0"><span class='ocrx_word' id='word_1_551' title='bbox 1129 1608 1132 1609; x_wconf 65' lang='lat'>,</span> <span class='ocrx_word' id='word_1_552' title='bbox 1176 1608 1179 1609; x_wconf 65' lang='lat'>,</span> <span class='ocrx_word' id='word_1_553' title='bbox 1312 1605 1317 1609; x_wconf 88' lang='lat'>.</span> <span class='ocrx_word' id='word_1_554' title='bbox 1391 1604 1397 1609; x_wconf 83' lang='lat'><em>.</em></span> <span class='ocrx_word' id='word_1_555' title='bbox 1552 1602 1558 1609; x_wconf 86' lang='lat'><strong><em>.</em></strong></span> <span class='ocrx_word' id='word_1_556' title='bbox 1660 1600 1686 1609; x_wconf 76' lang='lat' dir='ltr'><strong>nr</strong></span> <span class='ocrx_word' id='word_1_557' title='bbox 1711 1607 1723 1609; x_wconf 27' lang='grc' dir='ltr'><strong>ε</strong></span> <span class='ocrx_word' id='word_1_558' title='bbox 1737 1607 1752 1609; x_wconf 64' lang='lat'><strong>,_</strong></span> <span class='ocrx_word' id='word_1_559' title='bbox 1785 1605 1837 1609; x_wconf 77' lang='lat'><strong>-_-</strong></span> 
     </span>
    </p>
   </div>
   <div class='ocr_carea' id='block_1_75' title="bbox 1063 1600 1851 1643">
    <p class='ocr_par' dir='ltr' id='par_1_75' title="bbox 1063 1600 1851 1643">
     <span class='ocr_line' id='line_1_76' title="bbox 1063 1600 1851 1643; baseline -0.015 -8"><span class='ocrx_word' id='word_1_560' title='bbox 1063 1608 1200 1643; x_wconf 75' lang='grc' dir='ltr'>ἐπειδὴδὲ</span> <span class='ocrx_word' id='word_1_561' title='bbox 1222 1605 1369 1641; x_wconf 78' lang='grc' dir='ltr'>γεγονότας</span> <span class='ocrx_word' id='word_1_562' title='bbox 1390 1604 1418 1630; x_wconf 83' lang='grc' dir='ltr'>ὲν</span> <span class='ocrx_word' id='word_1_563' title='bbox 1441 1602 1603 1638; x_wconf 80' lang='grc' dir='ltr'>κατηφείαις</span> <span class='ocrx_word' id='word_1_564' title='bbox 1627 1600 1765 1629; x_wconf 79' lang='grc' dir='ltr'>τεθέαται,</span> <span class='ocrx_word' id='word_1_565' title='bbox 1783 1605 1851 1632; x_wconf 78' lang='grc' dir='ltr'>παρ-</span> 
     </span>
    </p>
   </div>
   <div class='ocr_carea' id='block_1_76' title="bbox 1063 1644 1852 1687">
    <p class='ocr_par' dir='ltr' id='par_1_76' title="bbox 1063 1644 1852 1687">
     <span class='ocr_line' id='line_1_77' title="bbox 1063 1644 1852 1687; baseline -0.015 -6"><span class='ocrx_word' id='word_1_566' title='bbox 1063 1654 1155 1681; x_wconf 79' lang='grc' dir='ltr'>εκάλει</span> <span class='ocrx_word' id='word_1_567' title='bbox 1169 1653 1265 1687; x_wconf 78' lang='grc' dir='ltr'>λέγων·</span> <span class='ocrx_word' id='word_1_568' title='bbox 1286 1661 1295 1678; x_wconf 80' lang='grc' dir='ltr'><strong>ι</strong></span> <span class='ocrx_word' id='word_1_569' title='bbox 1305 1651 1338 1678; x_wconf 76' lang='grc' dir='ltr'><strong>ἸΙ</strong></span> <span class='ocrx_word' id='word_1_570' title='bbox 1351 1650 1419 1685; x_wconf 78' lang='grc' dir='ltr'>γυνὴ</span> <span class='ocrx_word' id='word_1_571' title='bbox 1441 1650 1505 1676; x_wconf 77' lang='grc' dir='ltr'>ὅταν</span> <span class='ocrx_word' id='word_1_572' title='bbox 1522 1649 1613 1683; x_wconf 77' lang='grc' dir='ltr'>τίκτῃ,</span> <span class='ocrx_word' id='word_1_573' title='bbox 1629 1646 1718 1680; x_wconf 75' lang='grc' dir='ltr'>λύπην</span> <span class='ocrx_word' id='word_1_574' title='bbox 1733 1645 1801 1679; x_wconf 73' lang='grc' dir='ltr'>ἔχει,</span> <span class='ocrx_word' id='word_1_575' title='bbox 1813 1644 1852 1670; x_wconf 76' lang='grc' dir='ltr'>ὃτι</span> 
     </span>
    </p>
   </div>
   <div class='ocr_carea' id='block_1_77' title="bbox 1062 1689 1850 1736">
    <p class='ocr_par' dir='ltr' id='par_1_77' title="bbox 1062 1689 1850 1736">
     <span class='ocr_line' id='line_1_78' title="bbox 1062 1689 1850 1736; baseline -0.016 -9"><span class='ocrx_word' id='word_1_576' title='bbox 1062 1698 1143 1736; x_wconf 78' lang='grc' dir='ltr'>ἦλθεν</span> <span class='ocrx_word' id='word_1_577' title='bbox 1169 1700 1185 1734; x_wconf 88' lang='grc' dir='ltr'>ὴ</span> <span class='ocrx_word' id='word_1_578' title='bbox 1213 1698 1273 1734; x_wconf 82' lang='grc' dir='ltr'>ὥρα</span> <span class='ocrx_word' id='word_1_579' title='bbox 1286 1697 1380 1731; x_wconf 76' lang='grc' dir='ltr'>αὐτῆς.</span> <span class='ocrx_word' id='word_1_580' title='bbox 1395 1696 1479 1721; x_wconf 86' lang='grc' dir='ltr'>Ὅταν</span> <span class='ocrx_word' id='word_1_581' title='bbox 1493 1695 1521 1721; x_wconf 84' lang='grc' dir='ltr'><strong>δὲ</strong></span> <span class='ocrx_word' id='word_1_582' title='bbox 1535 1693 1613 1728; x_wconf 77' lang='grc' dir='ltr'>τέκῃ,</span> <span class='ocrx_word' id='word_1_583' title='bbox 1642 1691 1715 1727; x_wconf 77' lang='grc' dir='ltr'>χαρᾷ</span> <span class='ocrx_word' id='word_1_584' title='bbox 1742 1689 1833 1725; x_wconf 84' lang='grc' dir='ltr'>χαίρει</span> <span class='ocrx_word' id='word_1_585' title='bbox 1843 1708 1850 1719; x_wconf 85' lang='grc'><strong>,</strong></span> 
     </span>
    </p>
   </div>
   <div class='ocr_carea' id='block_1_78' title="bbox 1063 1736 1852 1781">
    <p class='ocr_par' dir='ltr' id='par_1_78' title="bbox 1063 1736 1852 1781">
     <span class='ocr_line' id='line_1_79' title="bbox 1063 1736 1852 1781; baseline -0.018 -7"><span class='ocrx_word' id='word_1_586' title='bbox 1063 1748 1103 1774; x_wconf 81' lang='grc' dir='ltr'>ὅτι</span> <span class='ocrx_word' id='word_1_587' title='bbox 1117 1745 1247 1781; x_wconf 72' lang='grc' dir='ltr'><strong>ἐγεννήθη</strong></span> <span class='ocrx_word' id='word_1_588' title='bbox 1259 1745 1402 1780; x_wconf 81' lang='grc' dir='ltr'>ἄνθρωπος</span> <span class='ocrx_word' id='word_1_589' title='bbox 1415 1743 1455 1773; x_wconf 77' lang='grc' dir='ltr'><strong>είς</strong></span> <span class='ocrx_word' id='word_1_590' title='bbox 1475 1741 1520 1768; x_wconf 62' lang='grc' dir='ltr'><strong>τον</strong></span> <span class='ocrx_word' id='word_1_591' title='bbox 1552 1740 1665 1774; x_wconf 80' lang='grc' dir='ltr'>κόσμον.</span> <span class='ocrx_word' id='word_1_592' title='bbox 1698 1737 1753 1764; x_wconf 79' lang='grc' dir='ltr'><strong>Καὶ</strong></span> <span class='ocrx_word' id='word_1_593' title='bbox 1773 1736 1852 1770; x_wconf 77' lang='grc' dir='ltr'>ὑμεῖς</span> 
     </span>
    </p>
   </div>
   <div class='ocr_carea' id='block_1_79' title="bbox 1063 1781 1852 1827">
    <p class='ocr_par' dir='ltr' id='par_1_79' title="bbox 1063 1781 1852 1827">
     <span class='ocr_line' id='line_1_80' title="bbox 1063 1781 1852 1827; baseline -0.016 -7"><span class='ocrx_word' id='word_1_594' title='bbox 1063 1793 1110 1820; x_wconf 75' lang='grc' dir='ltr'>νῦν</span> <span class='ocrx_word' id='word_1_595' title='bbox 1135 1793 1183 1827; x_wconf 81' lang='grc' dir='ltr'><strong>μὲν</strong></span> <span class='ocrx_word' id='word_1_596' title='bbox 1207 1791 1295 1826; x_wconf 74' lang='grc' dir='ltr'>λύπην</span> <span class='ocrx_word' id='word_1_597' title='bbox 1314 1789 1400 1824; x_wconf 75' lang='grc' dir='ltr'>ἔχετε,</span> <span class='ocrx_word' id='word_1_598' title='bbox 1429 1787 1542 1823; x_wconf 74' lang='grc' dir='ltr'>ὕστερον</span> <span class='ocrx_word' id='word_1_599' title='bbox 1556 1786 1584 1813; x_wconf 81' lang='grc' dir='ltr'><strong>δὲ</strong></span> <span class='ocrx_word' id='word_1_600' title='bbox 1616 1783 1714 1819; x_wconf 68' lang='grc' dir='ltr'>ὕψεσθέ</span> <span class='ocrx_word' id='word_1_601' title='bbox 1739 1791 1785 1818; x_wconf 83' lang='grc' dir='ltr'><strong>με,</strong></span> <span class='ocrx_word' id='word_1_602' title='bbox 1808 1781 1852 1808; x_wconf 77' lang='grc' dir='ltr'><strong>καὶ</strong></span> 
     </span>
    </p>
   </div>
   <div class='ocr_carea' id='block_1_80' title="bbox 1063 1828 1853 1874">
    <p class='ocr_par' dir='ltr' id='par_1_80' title="bbox 1063 1828 1853 1874">
     <span class='ocr_line' id='line_1_81' title="bbox 1063 1828 1853 1874; baseline -0.016 -9"><span class='ocrx_word' id='word_1_603' title='bbox 1063 1839 1212 1874; x_wconf 80' lang='grc' dir='ltr'>χαρήσεται</span> <span class='ocrx_word' id='word_1_604' title='bbox 1223 1837 1299 1872; x_wconf 82' lang='grc' dir='ltr'>ὑμῶν</span> <span class='ocrx_word' id='word_1_605' title='bbox 1323 1837 1340 1872; x_wconf 81' lang='grc' dir='ltr'><strong>ἡ</strong></span> <span class='ocrx_word' id='word_1_606' title='bbox 1353 1835 1460 1871; x_wconf 79' lang='grc' dir='ltr'>καρδία.</span> <span class='ocrx_word' id='word_1_607' title='bbox 1477 1844 1485 1860; x_wconf 76' lang='grc' dir='ltr'><strong>ι</strong></span> <span class='ocrx_word' id='word_1_608' title='bbox 1514 1832 1592 1859; x_wconf 72' lang='grc' dir='ltr'>Οὕτω</span> <span class='ocrx_word' id='word_1_609' title='bbox 1607 1831 1654 1858; x_wconf 78' lang='grc' dir='ltr'>καὶ</span> <span class='ocrx_word' id='word_1_610' title='bbox 1670 1828 1853 1864; x_wconf 76' lang='grc' dir='ltr'>ἐγηγερμένος</span> 
     </span>
    </p>
   </div>
   <div class='ocr_carea' id='block_1_81' title="bbox 1064 1874 1852 1919">
    <p class='ocr_par' dir='ltr' id='par_1_81' title="bbox 1064 1874 1852 1919">
     <span class='ocr_line' id='line_1_82' title="bbox 1064 1874 1852 1919; baseline -0.015 -8"><span class='ocrx_word' id='word_1_611' title='bbox 1064 1886 1096 1912; x_wconf 82' lang='grc' dir='ltr'><strong>ὲκ</strong></span> <span class='ocrx_word' id='word_1_612' title='bbox 1113 1883 1229 1919; x_wconf 81' lang='grc' dir='ltr'>νεκρῶν,</span> <span class='ocrx_word' id='word_1_613' title='bbox 1249 1884 1310 1914; x_wconf 87' lang='grc' dir='ltr'>ταῖς</span> <span class='ocrx_word' id='word_1_614' title='bbox 1330 1883 1358 1908; x_wconf 84' lang='grc' dir='ltr'>ὲν</span> <span class='ocrx_word' id='word_1_615' title='bbox 1387 1882 1425 1916; x_wconf 82' lang='grc' dir='ltr'>τῷ</span> <span class='ocrx_word' id='word_1_616' title='bbox 1457 1881 1537 1915; x_wconf 80' lang='grc' dir='ltr'>κήπῳ</span> <span class='ocrx_word' id='word_1_617' title='bbox 1565 1876 1722 1907; x_wconf 84' lang='grc' dir='ltr'>κλαιούσαις</span> <span class='ocrx_word' id='word_1_618' title='bbox 1746 1874 1852 1908; x_wconf 66' lang='grc' dir='ltr'>γυναιξὶ</span> 
     </span>
    </p>
   </div>
   <div class='ocr_carea' id='block_1_82' title="bbox 1066 1922 1853 1967">
    <p class='ocr_par' dir='ltr' id='par_1_82' title="bbox 1066 1922 1853 1967">
     <span class='ocr_line' id='line_1_83' title="bbox 1066 1922 1853 1967; baseline -0.017 -9"><span class='ocrx_word' id='word_1_619' title='bbox 1066 1929 1239 1967; x_wconf 72' lang='grc' dir='ltr'>προσεφώνει</span> <span class='ocrx_word' id='word_1_620' title='bbox 1251 1929 1291 1962; x_wconf 82' lang='grc' dir='ltr'>τὸ,</span> <span class='ocrx_word' id='word_1_621' title='bbox 1308 1928 1435 1963; x_wconf 85' lang='grc' dir='ltr'>Χαίρετε.</span> <span class='ocrx_word' id='word_1_622' title='bbox 1454 1926 1557 1962; x_wconf 78' lang='grc' dir='ltr'>Πρέποι</span> <span class='ocrx_word' id='word_1_623' title='bbox 1575 1924 1596 1950; x_wconf 84' lang='grc' dir='ltr'><strong>δ’</strong></span> <span class='ocrx_word' id='word_1_624' title='bbox 1616 1923 1660 1954; x_wconf 81' lang='grc' dir='ltr'><strong>ἂν,</strong></span> <span class='ocrx_word' id='word_1_625' title='bbox 1681 1922 1728 1948; x_wconf 75' lang='grc' dir='ltr'><strong>καὶ</strong></span> <span class='ocrx_word' id='word_1_626' title='bbox 1740 1922 1853 1947; x_wconf 70' lang='grc' dir='ltr'>ἕκαστον</span> 
     </span>
    </p>
   </div>
   <div class='ocr_carea' id='block_1_83' title="bbox 1064 1965 1852 2009">
    <p class='ocr_par' dir='ltr' id='par_1_83' title="bbox 1064 1965 1852 2009">
     <span class='ocr_line' id='line_1_84' title="bbox 1064 1965 1852 2009; baseline -0.011 -7"><span class='ocrx_word' id='word_1_627' title='bbox 1064 1965 1118 2002; x_wconf 69' lang='grc' dir='ltr'>τῶν</span> <span class='ocrx_word' id='word_1_628' title='bbox 1139 1974 1307 2009; x_wconf 79' lang='grc' dir='ltr'>ἀγαπώντων</span> <span class='ocrx_word' id='word_1_629' title='bbox 1328 1972 1409 1999; x_wconf 71' lang='grc' dir='ltr'>αὑτὸν</span> <span class='ocrx_word' id='word_1_630' title='bbox 1435 1971 1480 1997; x_wconf 80' lang='grc' dir='ltr'><strong>ἐπί</strong></span> <span class='ocrx_word' id='word_1_631' title='bbox 1501 1978 1532 2004; x_wconf 85' lang='grc' dir='ltr'><strong>γε</strong></span> <span class='ocrx_word' id='word_1_632' title='bbox 1553 1968 1592 2004; x_wconf 82' lang='grc' dir='ltr'>τῷ</span> <span class='ocrx_word' id='word_1_633' title='bbox 1620 1966 1729 2002; x_wconf 78' lang='grc' dir='ltr'>σταυρῷ</span> <span class='ocrx_word' id='word_1_634' title='bbox 1750 1966 1797 1991; x_wconf 69' lang='grc' dir='ltr'><strong>καὶ</strong></span> <span class='ocrx_word' id='word_1_635' title='bbox 1820 1965 1852 1998; x_wconf 76' lang='grc' dir='ltr'>τῇ</span> 
     </span>
    </p>
   </div>
   <div class='ocr_carea' id='block_1_84' title="bbox 1064 2009 1851 2052">
    <p class='ocr_par' dir='ltr' id='par_1_84' title="bbox 1064 2009 1851 2052">
     <span class='ocr_line' id='line_1_85' title="bbox 1064 2009 1851 2052; baseline -0.018 -4"><span class='ocrx_word' id='word_1_636' title='bbox 1064 2020 1210 2048; x_wconf 79' lang='grc' dir='ltr'>ἀναστάσει</span> <span class='ocrx_word' id='word_1_637' title='bbox 1224 2019 1324 2052; x_wconf 76' lang='grc' dir='ltr'>λέγειν·</span> <span class='ocrx_word' id='word_1_638' title='bbox 1345 2027 1354 2043; x_wconf 75' lang='grc' dir='ltr'><strong>ι</strong></span> <span class='ocrx_word' id='word_1_639' title='bbox 1373 2015 1527 2051; x_wconf 68' lang='grc' dir='ltr'>Ἔστρεψας</span> <span class='ocrx_word' id='word_1_640' title='bbox 1541 2013 1586 2040; x_wconf 68' lang='grc' dir='ltr'><strong>τὸν</strong></span> <span class='ocrx_word' id='word_1_641' title='bbox 1606 2011 1721 2039; x_wconf 78' lang='grc' dir='ltr'>κοπετόν</span> <span class='ocrx_word' id='word_1_642' title='bbox 1738 2019 1789 2046; x_wconf 85' lang='grc' dir='ltr'><strong>μου</strong></span> <span class='ocrx_word' id='word_1_643' title='bbox 1815 2009 1851 2038; x_wconf 80' lang='grc' dir='ltr'>εἰς</span> 
     </span>
    </p>
   </div>
   <div class='ocr_carea' id='block_1_85' title="bbox 1063 2054 1853 2102">
    <p class='ocr_par' dir='ltr' id='par_1_85' title="bbox 1063 2054 1853 2102">
     <span class='ocr_line' id='line_1_86' title="bbox 1063 2054 1853 2102; baseline -0.018 -8"><span class='ocrx_word' id='word_1_644' title='bbox 1063 2067 1149 2102; x_wconf 74' lang='grc' dir='ltr'>χαρὰν</span> <span class='ocrx_word' id='word_1_645' title='bbox 1161 2065 1232 2101; x_wconf 74' lang='grc' dir='ltr'>ἐμοὶ,</span> <span class='ocrx_word' id='word_1_646' title='bbox 1243 2063 1387 2099; x_wconf 77' lang='grc' dir='ltr'>διέρῤηξας</span> <span class='ocrx_word' id='word_1_647' title='bbox 1400 2062 1445 2088; x_wconf 76' lang='grc' dir='ltr'><strong>τὸν</strong></span> <span class='ocrx_word' id='word_1_648' title='bbox 1461 2061 1561 2086; x_wconf 79' lang='grc' dir='ltr'>σάκκον</span> <span class='ocrx_word' id='word_1_649' title='bbox 1581 2067 1642 2094; x_wconf 84' lang='grc' dir='ltr'>μου,</span> <span class='ocrx_word' id='word_1_650' title='bbox 1657 2057 1704 2084; x_wconf 65' lang='grc' dir='ltr'>καὶ</span> <span class='ocrx_word' id='word_1_651' title='bbox 1721 2054 1853 2102; x_wconf 65' lang='grc' dir='ltr'>περιέζω-</span> 
     </span>
    </p>
   </div>
   <div class='ocr_carea' id='block_1_86' title="bbox 1065 2100 1854 2145">
    <p class='ocr_par' dir='ltr' id='par_1_86' title="bbox 1065 2100 1854 2145">
     <span class='ocr_line' id='line_1_87' title="bbox 1065 2100 1854 2145; baseline -0.016 -7"><span class='ocrx_word' id='word_1_652' title='bbox 1065 2100 1114 2142; x_wconf 53' lang='lat' dir='ltr'><strong>sa;-</strong></span> <span class='ocrx_word' id='word_1_653' title='bbox 1130 2119 1163 2145; x_wconf 90' lang='grc' dir='ltr'><strong>με</strong></span> <span class='ocrx_word' id='word_1_654' title='bbox 1175 2108 1353 2145; x_wconf 79' lang='grc' dir='ltr'>εὐφροσύνην.</span> <span class='ocrx_word' id='word_1_655' title='bbox 1372 2117 1381 2132; x_wconf 81' lang='grc' dir='ltr'><strong>ι</strong></span> <span class='ocrx_word' id='word_1_656' title='bbox 1412 2105 1474 2136; x_wconf 76' lang='grc' dir='ltr'><strong>Πῶς</strong></span> <span class='ocrx_word' id='word_1_657' title='bbox 1502 2104 1555 2139; x_wconf 80' lang='grc' dir='ltr'>γὰρ</span> <span class='ocrx_word' id='word_1_658' title='bbox 1565 2104 1616 2129; x_wconf 82' lang='grc' dir='ltr'><strong>οὑκ</strong></span> <span class='ocrx_word' id='word_1_659' title='bbox 1631 2102 1733 2137; x_wconf 78' lang='grc' dir='ltr'>οἴχεται</span> <span class='ocrx_word' id='word_1_660' title='bbox 1753 2100 1803 2135; x_wconf 78' lang='grc' dir='ltr'><strong>μὲν</strong></span> <span class='ocrx_word' id='word_1_661' title='bbox 1823 2100 1854 2125; x_wconf 81' lang='grc' dir='ltr'><strong>ἐκ</strong></span> 
     </span>
    </p>
   </div>
   <div class='ocr_carea' id='block_1_87' title="bbox 1065 2144 1854 2187">
    <p class='ocr_par' dir='ltr' id='par_1_87' title="bbox 1065 2144 1854 2187">
     <span class='ocr_line' id='line_1_88' title="bbox 1065 2144 1854 2187; baseline -0.016 -4"><span class='ocrx_word' id='word_1_662' title='bbox 1065 2144 1153 2183; x_wconf 74' lang='grc' dir='ltr'>ποδῶν</span> <span class='ocrx_word' id='word_1_663' title='bbox 1175 2155 1205 2182; x_wconf 84' lang='grc' dir='ltr'><strong>τὸ</strong></span> <span class='ocrx_word' id='word_1_664' title='bbox 1233 2154 1352 2185; x_wconf 80' lang='grc' dir='ltr'>πενθεῖν,</span> <span class='ocrx_word' id='word_1_665' title='bbox 1374 2151 1514 2187; x_wconf 73' lang='grc' dir='ltr'>ἀφῄρηται</span> <span class='ocrx_word' id='word_1_666' title='bbox 1528 2150 1556 2176; x_wconf 78' lang='grc' dir='ltr'><strong>δὲ</strong></span> <span class='ocrx_word' id='word_1_667' title='bbox 1579 2150 1633 2176; x_wconf 74' lang='grc' dir='ltr'><strong>πᾶν</strong></span> <span class='ocrx_word' id='word_1_668' title='bbox 1659 2148 1776 2182; x_wconf 76' lang='grc' dir='ltr'>δάκρυον</span> <span class='ocrx_word' id='word_1_669' title='bbox 1801 2144 1854 2172; x_wconf 77' lang='grc' dir='ltr'><strong>ἀπὸ</strong></span> 
     </span>
    </p>
   </div>
   <div class='ocr_carea' id='block_1_88' title="bbox 1065 2193 1852 2238">
    <p class='ocr_par' dir='ltr' id='par_1_88' title="bbox 1065 2193 1852 2238">
     <span class='ocr_line' id='line_1_89' title="bbox 1065 2193 1852 2238; baseline -0.017 -8"><span class='ocrx_word' id='word_1_670' title='bbox 1065 2201 1222 2238; x_wconf 79' lang='grc' dir='ltr'>προσώπου,</span> <span class='ocrx_word' id='word_1_671' title='bbox 1243 2200 1313 2227; x_wconf 80' lang='grc' dir='ltr'>κατὰ</span> <span class='ocrx_word' id='word_1_672' title='bbox 1336 2199 1384 2234; x_wconf 85' lang='grc' dir='ltr'><strong>τὴν</strong></span> <span class='ocrx_word' id='word_1_673' title='bbox 1399 2197 1445 2224; x_wconf 77' lang='grc' dir='ltr'>τοῦ</span> <span class='ocrx_word' id='word_1_674' title='bbox 1463 2196 1601 2231; x_wconf 82' lang='grc' dir='ltr'>προφήτου</span> <span class='ocrx_word' id='word_1_675' title='bbox 1618 2194 1720 2229; x_wconf 66' lang='grc' dir='ltr'>φωνὴν,</span> <span class='ocrx_word' id='word_1_676' title='bbox 1735 2193 1852 2227; x_wconf 74' lang='grc' dir='ltr'>ἐγηγερ-</span> 
     </span>
    </p>
   </div>
   <div class='ocr_carea' id='block_1_89' title="bbox 225 2239 1011 2286">
    <p class='ocr_par' dir='ltr' id='par_1_89' title="bbox 225 2247 1011 2282">
     <span class='ocr_line' id='line_1_90' title="bbox 225 2247 1011 2282; baseline 0.003 -10"><span class='ocrx_word' id='word_1_677' title='bbox 225 2256 257 2273; x_wconf 53' lang='lat' dir='ltr'><strong>tu)</strong></span> <span class='ocrx_word' id='word_1_678' title='bbox 271 2247 436 2275; x_wconf 84' lang='lat' dir='ltr'><strong>destructo?</strong></span> <span class='ocrx_word' id='word_1_679' title='bbox 450 2248 511 2275; x_wconf 84' lang='lat' dir='ltr'><strong>Vita</strong></span> <span class='ocrx_word' id='word_1_680' title='bbox 526 2247 598 2275; x_wconf 89' lang='lat' dir='ltr'><strong>enim</strong></span> <span class='ocrx_word' id='word_1_681' title='bbox 615 2253 657 2274; x_wconf 90' lang='lat' dir='ltr'><strong>est</strong></span> <span class='ocrx_word' id='word_1_682' title='bbox 674 2252 771 2274; x_wconf 84' lang='lat' dir='ltr'><strong>natura</strong></span> <span class='ocrx_word' id='word_1_683' title='bbox 783 2255 831 2274; x_wconf 84' lang='lat' dir='ltr'><strong>sua</strong></span> <span class='ocrx_word' id='word_1_684' title='bbox 844 2247 866 2280; x_wconf 79' lang='lat'><strong>‘,</strong></span> <span class='ocrx_word' id='word_1_685' title='bbox 884 2252 1011 2282; x_wconf 82' lang='lat' dir='ltr'><strong>tanquam</strong></span> 
     </span>
    </p>
   </div>
   <div class='ocr_carea' id='block_1_90' title="bbox 1064 2239 1854 2286">
    <p class='ocr_par' dir='ltr' id='par_1_90' title="bbox 1066 2239 1854 2284">
     <span class='ocr_line' id='line_1_91' title="bbox 1066 2239 1854 2284; baseline -0.015 -9"><span class='ocrx_word' id='word_1_686' title='bbox 1066 2250 1149 2284; x_wconf 79' lang='grc' dir='ltr'>μένου</span> <span class='ocrx_word' id='word_1_687' title='bbox 1164 2246 1293 2283; x_wconf 81' lang='grc' dir='ltr'>Χριστοῦ,</span> <span class='ocrx_word' id='word_1_688' title='bbox 1315 2245 1362 2272; x_wconf 61' lang='grc' dir='ltr'>καὶ</span> <span class='ocrx_word' id='word_1_689' title='bbox 1380 2244 1432 2280; x_wconf 80' lang='grc' dir='ltr'><strong>[τὸ]</strong></span> <span class='ocrx_word' id='word_1_690' title='bbox 1444 2243 1490 2269; x_wconf 80' lang='grc' dir='ltr'>τοῦ</span> <span class='ocrx_word' id='word_1_691' title='bbox 1518 2241 1632 2268; x_wconf 80' lang='grc' dir='ltr'>Θανάτου</span> <span class='ocrx_word' id='word_1_692' title='bbox 1653 2239 1854 2268; x_wconf 76' lang='grc' dir='ltr'>καταλύσαντος</span> 
     </span>
    </p>
   </div>
   <div class='ocr_carea' id='block_1_91' title="bbox 226 2291 1008 2328">
    <p class='ocr_par' dir='ltr' id='par_1_91' title="bbox 226 2291 1008 2328">
     <span class='ocr_line' id='line_1_92' title="bbox 226 2291 1008 2328; baseline 0 -9"><span class='ocrx_word' id='word_1_693' title='bbox 226 2293 306 2326; x_wconf 82' lang='lat' dir='ltr'><strong>Deus,</strong></span> <span class='ocrx_word' id='word_1_694' title='bbox 322 2294 446 2328; x_wconf 82' lang='lat' dir='ltr'><strong>quamvis</strong></span> <span class='ocrx_word' id='word_1_695' title='bbox 469 2293 496 2320; x_wconf 89' lang='lat' dir='ltr'><strong>in</strong></span> <span class='ocrx_word' id='word_1_696' title='bbox 523 2299 605 2320; x_wconf 88' lang='lat' dir='ltr'><strong>carne</strong></span> <span class='ocrx_word' id='word_1_697' title='bbox 625 2292 758 2326; x_wconf 87' lang='lat' dir='ltr'><strong>apparuit.</strong></span> <span class='ocrx_word' id='word_1_698' title='bbox 780 2291 874 2326; x_wconf 85' lang='lat' dir='ltr'><strong>Itaque</strong></span> <span class='ocrx_word' id='word_1_699' title='bbox 892 2292 934 2318; x_wconf 78' lang='lat' dir='ltr'><strong>die</strong></span> <span class='ocrx_word' id='word_1_700' title='bbox 950 2292 1008 2325; x_wconf 80' lang='lat' dir='ltr'><strong>illa,</strong></span> 
     </span>
    </p>
   </div>
   <div class='ocr_carea' id='block_1_92' title="bbox 226 2339 1011 2374">
    <p class='ocr_par' dir='ltr' id='par_1_92' title="bbox 226 2339 1011 2374">
     <span class='ocr_line' id='line_1_93' title="bbox 226 2339 1011 2374; baseline 0.001 -9"><span class='ocrx_word' id='word_1_701' title='bbox 226 2340 274 2372; x_wconf 86' lang='lat' dir='ltr'><strong>ait,</strong></span> <span class='ocrx_word' id='word_1_702' title='bbox 289 2339 340 2368; x_wconf 89' lang='lat' dir='ltr'><strong>hoc</strong></span> <span class='ocrx_word' id='word_1_703' title='bbox 355 2344 396 2367; x_wconf 88' lang='lat' dir='ltr'><strong>cst</strong></span> <span class='ocrx_word' id='word_1_704' title='bbox 423 2339 469 2368; x_wconf 89' lang='lat' dir='ltr'><strong>illo</strong></span> <span class='ocrx_word' id='word_1_705' title='bbox 491 2345 611 2374; x_wconf 89' lang='lat' dir='ltr'><strong>tempore</strong></span> <span class='ocrx_word' id='word_1_706' title='bbox 625 2346 678 2373; x_wconf 90' lang='lat' dir='ltr'><strong>quo</strong></span> <span class='ocrx_word' id='word_1_707' title='bbox 694 2347 727 2366; x_wconf 83' lang='lat' dir='ltr'><strong>ex</strong></span> <span class='ocrx_word' id='word_1_708' title='bbox 752 2340 867 2366; x_wconf 89' lang='lat' dir='ltr'><strong>mortuis</strong></span> <span class='ocrx_word' id='word_1_709' title='bbox 882 2339 1011 2366; x_wconf 84' lang='lat' dir='ltr'><strong>revixerit</strong></span> 
     </span>
    </p>
   </div>
   <div class='ocr_carea' id='block_1_93' title="bbox 225 2385 1011 2420">
    <p class='ocr_par' dir='ltr' id='par_1_93' title="bbox 225 2385 1011 2420">
     <span class='ocr_line' id='line_1_94' title="bbox 225 2385 1011 2420; baseline 0.001 -8"><span class='ocrx_word' id='word_1_710' title='bbox 225 2390 252 2412; x_wconf 80' lang='lat' dir='ltr'><strong>et</strong></span> <span class='ocrx_word' id='word_1_711' title='bbox 271 2385 417 2413; x_wconf 80' lang='lat' dir='ltr'><strong>ceciderint</strong></span> <span class='ocrx_word' id='word_1_712' title='bbox 431 2385 619 2417; x_wconf 78' lang='lat' dir='ltr'><strong>cruciﬁxores,</strong></span> <span class='ocrx_word' id='word_1_713' title='bbox 638 2394 646 2410; x_wconf 80' lang='grc' dir='ltr'><strong>ι</strong></span> <span class='ocrx_word' id='word_1_714' title='bbox 662 2389 809 2413; x_wconf 76' lang='lat' dir='ltr'><strong>convocate</strong></span> <span class='ocrx_word' id='word_1_715' title='bbox 826 2386 1011 2420; x_wconf 84' lang='lat' dir='ltr'><strong>unusquisque</strong></span> 
     </span>
    </p>
   </div>
   <div class='ocr_carea' id='block_1_94' title="bbox 227 2431 1010 2466">
    <p class='ocr_par' dir='ltr' id='par_1_94' title="bbox 227 2431 1010 2466">
     <span class='ocr_line' id='line_1_95' title="bbox 227 2431 1010 2466; baseline 0 -8"><span class='ocrx_word' id='word_1_716' title='bbox 227 2432 377 2464; x_wconf 83' lang='lat' dir='ltr'><strong>proximum</strong></span> <span class='ocrx_word' id='word_1_717' title='bbox 396 2439 473 2458; x_wconf 87' lang='lat' dir='ltr'><strong>suum</strong></span> <span class='ocrx_word' id='word_1_718' title='bbox 489 2431 583 2458; x_wconf 84' lang='lat' dir='ltr'><strong>subter</strong></span> <span class='ocrx_word' id='word_1_719' title='bbox 599 2431 680 2458; x_wconf 72' lang='lat' dir='ltr'><strong>vitam</strong></span> <span class='ocrx_word' id='word_1_720' title='bbox 696 2435 723 2457; x_wconf 89' lang='lat' dir='ltr'><strong>et</strong></span> <span class='ocrx_word' id='word_1_721' title='bbox 740 2431 846 2458; x_wconf 65' lang='lat' dir='ltr'><strong>ticum.»</strong></span> <span class='ocrx_word' id='word_1_722' title='bbox 860 2431 900 2458; x_wconf 87' lang='lat' dir='ltr'><strong>Ac</strong></span> <span class='ocrx_word' id='word_1_723' title='bbox 914 2432 935 2458; x_wconf 90' lang='lat' dir='ltr'><strong>si</strong></span> <span class='ocrx_word' id='word_1_724' title='bbox 948 2432 1010 2466; x_wconf 89' lang='lat' dir='ltr'><strong>quis</strong></span> 
     </span>
    </p>
   </div>
   <div class='ocr_carea' id='block_1_95' title="bbox 227 2475 1009 2510">
    <p class='ocr_par' dir='ltr' id='par_1_95' title="bbox 227 2475 1009 2510">
     <span class='ocr_line' id='line_1_96' title="bbox 227 2475 1009 2510; baseline 0.004 -8"><span class='ocrx_word' id='word_1_725' title='bbox 227 2477 297 2504; x_wconf 81' lang='lat' dir='ltr'><strong>volet</strong></span> <span class='ocrx_word' id='word_1_726' title='bbox 312 2477 391 2504; x_wconf 83' lang='lat' dir='ltr'><strong>talem</strong></span> <span class='ocrx_word' id='word_1_727' title='bbox 403 2484 510 2504; x_wconf 87' lang='lat' dir='ltr'><strong>sensum</strong></span> <span class='ocrx_word' id='word_1_728' title='bbox 527 2475 675 2510; x_wconf 88' lang='lat' dir='ltr'><strong>simplicetn</strong></span> <span class='ocrx_word' id='word_1_729' title='bbox 693 2480 720 2504; x_wconf 87' lang='lat' dir='ltr'><strong>et</strong></span> <span class='ocrx_word' id='word_1_730' title='bbox 734 2476 842 2504; x_wconf 86' lang='lat' dir='ltr'><strong>obvium</strong></span> <span class='ocrx_word' id='word_1_731' title='bbox 856 2477 1009 2510; x_wconf 84' lang='lat' dir='ltr'><strong>admittere,</strong></span> 
     </span>
    </p>
   </div>
   <div class='ocr_carea' id='block_1_96' title="bbox 226 2522 1011 2557">
    <p class='ocr_par' dir='ltr' id='par_1_96' title="bbox 226 2522 1011 2557">
     <span class='ocr_line' id='line_1_97' title="bbox 226 2522 1011 2557; baseline 0.005 -11"><span class='ocrx_word' id='word_1_732' title='bbox 226 2530 305 2550; x_wconf 77' lang='lat' dir='ltr'><strong>voces</strong></span> <span class='ocrx_word' id='word_1_733' title='bbox 331 2523 379 2550; x_wconf 87' lang='lat' dir='ltr'><strong>has</strong></span> <span class='ocrx_word' id='word_1_734' title='bbox 399 2522 579 2556; x_wconf 86' lang='lat' dir='ltr'><strong>spiritualium</strong></span> <span class='ocrx_word' id='word_1_735' title='bbox 600 2522 758 2556; x_wconf 77' lang='lat' dir='ltr'><strong>gaudiorum</strong></span> <span class='ocrx_word' id='word_1_736' title='bbox 780 2523 931 2557; x_wconf 83' lang='lat' dir='ltr'><strong>symbolum</strong></span> <span class='ocrx_word' id='word_1_737' title='bbox 949 2530 1011 2550; x_wconf 82' lang='lat' dir='ltr'><strong>esse</strong></span> 
     </span>
    </p>
   </div>
   <div class='ocr_carea' id='block_1_97' title="bbox 227 2567 1011 2603">
    <p class='ocr_par' dir='ltr' id='par_1_97' title="bbox 227 2567 1011 2603">
     <span class='ocr_line' id='line_1_98' title="bbox 227 2567 1011 2603; baseline 0.001 -8"><span class='ocrx_word' id='word_1_738' title='bbox 227 2567 378 2595; x_wconf 68' lang='lat' dir='ltr'><strong>allirmahit.</strong></span> <span class='ocrx_word' id='word_1_739' title='bbox 395 2567 528 2594; x_wconf 66' lang='lat' dir='ltr'><strong>Prazterea</strong></span> <span class='ocrx_word' id='word_1_740' title='bbox 544 2572 571 2595; x_wconf 89' lang='lat' dir='ltr'><strong>et</strong></span> <span class='ocrx_word' id='word_1_741' title='bbox 585 2567 648 2594; x_wconf 93' lang='lat' dir='ltr'><strong>illud</strong></span> <span class='ocrx_word' id='word_1_742' title='bbox 671 2575 724 2595; x_wconf 92' lang='lat' dir='ltr'><strong>non</strong></span> <span class='ocrx_word' id='word_1_743' title='bbox 747 2568 805 2596; x_wconf 90' lang='lat' dir='ltr'><strong>sine</strong></span> <span class='ocrx_word' id='word_1_744' title='bbox 825 2569 1011 2603; x_wconf 87' lang='lat' dir='ltr'><strong>improbabili-</strong></span> 
     </span>
    </p>
   </div>
   <div class='ocr_carea' id='block_1_98' title="bbox 227 2614 1011 2650">
    <p class='ocr_par' dir='ltr' id='par_1_98' title="bbox 227 2614 1011 2650">
     <span class='ocr_line' id='line_1_99' title="bbox 227 2614 1011 2650; baseline 0.003 -10"><span class='ocrx_word' id='word_1_745' title='bbox 227 2619 281 2641; x_wconf 82' lang='lat' dir='ltr'><strong>tate</strong></span> <span class='ocrx_word' id='word_1_746' title='bbox 297 2614 349 2640; x_wconf 90' lang='lat' dir='ltr'><strong>dici</strong></span> <span class='ocrx_word' id='word_1_747' title='bbox 365 2620 443 2647; x_wconf 83' lang='lat' dir='ltr'><strong>posse</strong></span> <span class='ocrx_word' id='word_1_748' title='bbox 462 2621 534 2645; x_wconf 87' lang='lat' dir='ltr'><strong>reor,</strong></span> <span class='ocrx_word' id='word_1_749' title='bbox 552 2614 630 2641; x_wconf 85' lang='lat' dir='ltr'><strong>ﬁcum</strong></span> <span class='ocrx_word' id='word_1_750' title='bbox 645 2619 672 2641; x_wconf 90' lang='lat' dir='ltr'><strong>et</strong></span> <span class='ocrx_word' id='word_1_751' title='bbox 691 2615 771 2642; x_wconf 85' lang='lat' dir='ltr'><strong>vitem</strong></span> <span class='ocrx_word' id='word_1_752' title='bbox 792 2616 876 2643; x_wconf 88' lang='lat' dir='ltr'><strong>videri</strong></span> <span class='ocrx_word' id='word_1_753' title='bbox 894 2615 1011 2650; x_wconf 86' lang='lat' dir='ltr'><strong>appella-</strong></span> 
     </span>
    </p>
   </div>
   <div class='ocr_carea' id='block_1_99' title="bbox 227 2659 1008 2694">
    <p class='ocr_par' dir='ltr' id='par_1_99' title="bbox 227 2659 1008 2694">
     <span class='ocr_line' id='line_1_100' title="bbox 227 2659 1008 2694; baseline 0.004 -9"><span class='ocrx_word' id='word_1_754' title='bbox 227 2665 279 2686; x_wconf 86' lang='lat' dir='ltr'><strong>tam</strong></span> <span class='ocrx_word' id='word_1_755' title='bbox 295 2659 455 2692; x_wconf 74' lang='lat' dir='ltr'><strong>Ecclesium,</strong></span> <span class='ocrx_word' id='word_1_756' title='bbox 471 2659 549 2693; x_wconf 86' lang='lat' dir='ltr'><strong>cujus</strong></span> <span class='ocrx_word' id='word_1_757' title='bbox 564 2661 626 2687; x_wconf 85' lang='lat' dir='ltr'><strong>item</strong></span> <span class='ocrx_word' id='word_1_758' title='bbox 642 2661 748 2688; x_wconf 88' lang='lat' dir='ltr'><strong>divinus</strong></span> <span class='ocrx_word' id='word_1_759' title='bbox 762 2661 864 2688; x_wconf 88' lang='lat' dir='ltr'><strong>Cantor</strong></span> <span class='ocrx_word' id='word_1_760' title='bbox 877 2661 1008 2694; x_wconf 87' lang='lat' dir='ltr'><strong>metninit,</strong></span> 
     </span>
    </p>
   </div>
   <div class='ocr_carea' id='block_1_100' title="bbox 225 2705 1008 2741">
    <p class='ocr_par' dir='ltr' id='par_1_100' title="bbox 225 2705 1008 2741">
     <span class='ocr_line' id='line_1_101' title="bbox 225 2705 1008 2741; baseline 0.001 -9"><span class='ocrx_word' id='word_1_761' title='bbox 225 2713 370 2739; x_wconf 67' lang='lat' dir='ltr'><strong>supernum</strong></span> <span class='ocrx_word' id='word_1_762' title='bbox 385 2713 416 2732; x_wconf 90' lang='lat' dir='ltr'><strong>ac</strong></span> <span class='ocrx_word' id='word_1_763' title='bbox 432 2705 569 2733; x_wconf 75' lang='lat' dir='ltr'><strong>cmlcstem</strong></span> <span class='ocrx_word' id='word_1_764' title='bbox 587 2714 728 2741; x_wconf 85' lang='lat' dir='ltr'><strong>sponsum,</strong></span> <span class='ocrx_word' id='word_1_765' title='bbox 744 2707 878 2735; x_wconf 84' lang='lat' dir='ltr'><strong>Christum</strong></span> <span class='ocrx_word' id='word_1_766' title='bbox 894 2707 1008 2740; x_wconf 82' lang='lat' dir='ltr'><strong>scilicet,</strong></span> 
     </span>
    </p>
   </div>
   <div class='ocr_carea' id='block_1_101' title="bbox 225 2751 1010 2787">
    <p class='ocr_par' dir='ltr' id='par_1_101' title="bbox 225 2751 1010 2787">
     <span class='ocr_line' id='line_1_102' title="bbox 225 2751 1010 2787; baseline 0.003 -9"><span class='ocrx_word' id='word_1_767' title='bbox 225 2759 273 2786; x_wconf 83' lang='lat' dir='ltr'><strong>per</strong></span> <span class='ocrx_word' id='word_1_768' title='bbox 298 2752 437 2785; x_wconf 81' lang='lat' dir='ltr'><strong>ambagem</strong></span> <span class='ocrx_word' id='word_1_769' title='bbox 462 2751 647 2787; x_wconf 86' lang='lat' dir='ltr'><strong>compellans:</strong></span> <span class='ocrx_word' id='word_1_770' title='bbox 665 2761 674 2778; x_wconf 86' lang='grc'><strong>‹</strong></span> <span class='ocrx_word' id='word_1_771' title='bbox 695 2752 768 2780; x_wconf 82' lang='lat' dir='ltr'><strong>Uxor</strong></span> <span class='ocrx_word' id='word_1_772' title='bbox 784 2756 828 2780; x_wconf 91' lang='lat' dir='ltr'><strong>tua</strong></span> <span class='ocrx_word' id='word_1_773' title='bbox 854 2753 925 2780; x_wconf 86' lang='lat' dir='ltr'><strong>sicut</strong></span> <span class='ocrx_word' id='word_1_774' title='bbox 945 2753 1010 2780; x_wconf 85' lang='lat' dir='ltr'><strong>vitis</strong></span> 
     </span>
    </p>
   </div>
   <div class='ocr_carea' id='block_1_102' title="bbox 261 2853 692 2884">
    <p class='ocr_par' dir='ltr' id='par_1_102' title="bbox 261 2853 692 2884">
     <span class='ocr_line' id='line_1_103' title="bbox 261 2853 692 2884; baseline -0.005 -4"><span class='ocrx_word' id='word_1_775' title='bbox 261 2853 268 2868; x_wconf 87' lang='lat'><strong><em>‘</em></strong></span> <span class='ocrx_word' id='word_1_776' title='bbox 287 2853 351 2880; x_wconf 75' lang='lat' dir='ltr'><strong>ch.</strong></span> <span class='ocrx_word' id='word_1_777' title='bbox 364 2861 441 2884; x_wconf 77' lang='lat' dir='ltr'><strong>xxtn,</strong></span> <span class='ocrx_word' id='word_1_778' title='bbox 455 2853 499 2879; x_wconf 68' lang='lat'><strong>98.</strong></span> <span class='ocrx_word' id='word_1_779' title='bbox 539 2854 547 2868; x_wconf 81' lang='grc'>³</span> <span class='ocrx_word' id='word_1_780' title='bbox 563 2853 614 2879; x_wconf 82' lang='lat' dir='ltr'><strong>lsa.</strong></span> <span class='ocrx_word' id='word_1_781' title='bbox 630 2860 648 2881; x_wconf 82' lang='grc' dir='ltr'><strong>ι,</strong></span> <span class='ocrx_word' id='word_1_782' title='bbox 667 2853 692 2878; x_wconf 93' lang='grc'><strong>7.</strong></span> 
     </span>
    </p>
   </div>
   <div class='ocr_carea' id='block_1_103' title="bbox 225 2887 669 2921">
    <p class='ocr_par' dir='ltr' id='par_1_103' title="bbox 225 2887 669 2921">
     <span class='ocr_line' id='line_1_104' title="bbox 225 2887 669 2921; baseline -0.005 -6"><span class='ocrx_word' id='word_1_783' title='bbox 225 2887 235 2904; x_wconf 88' lang='grc'><strong>⁷</strong></span> <span class='ocrx_word' id='word_1_784' title='bbox 248 2887 298 2917; x_wconf 76' lang='lat' dir='ltr'><strong>lsa.</strong></span> <span class='ocrx_word' id='word_1_785' title='bbox 317 2895 378 2921; x_wconf 81' lang='lat' dir='ltr'><strong>xxv,</strong></span> <span class='ocrx_word' id='word_1_786' title='bbox 393 2888 419 2916; x_wconf 88' lang='lat'><strong>8.</strong></span> <span class='ocrx_word' id='word_1_787' title='bbox 458 2888 468 2903; x_wconf 80' lang='grc'><strong><em>⁸</em></strong></span> <span class='ocrx_word' id='word_1_788' title='bbox 482 2887 560 2914; x_wconf 75' lang='lat' dir='ltr'><strong>Joan.</strong></span> <span class='ocrx_word' id='word_1_789' title='bbox 578 2895 630 2914; x_wconf 77' lang='lat' dir='ltr'><strong>xn&#39;.</strong></span> <span class='ocrx_word' id='word_1_790' title='bbox 644 2888 669 2913; x_wconf 85' lang='lat'><strong>6.</strong></span> 
     </span>
    </p>
   </div>
   <div class='ocr_carea' id='block_1_104' title="bbox 733 2851 931 2884">
    <p class='ocr_par' dir='ltr' id='par_1_104' title="bbox 733 2851 931 2884">
     <span class='ocr_line' id='line_1_105' title="bbox 733 2851 931 2884; baseline 0 -5"><span class='ocrx_word' id='word_1_791' title='bbox 733 2853 743 2868; x_wconf 83' lang='grc'><em>³</em></span> <span class='ocrx_word' id='word_1_792' title='bbox 761 2851 825 2880; x_wconf 88' lang='lat' dir='ltr'><strong>Luc.</strong></span> <span class='ocrx_word' id='word_1_793' title='bbox 840 2860 870 2884; x_wconf 91' lang='lat' dir='ltr'><strong>ll,</strong></span> <span class='ocrx_word' id='word_1_794' title='bbox 888 2853 931 2879; x_wconf 74' lang='grc' dir='ltr'>δι.</span> 
     </span>
    </p>
   </div>
   <div class='ocr_carea' id='block_1_105' title="bbox 971 2849 1563 2883">
    <p class='ocr_par' dir='ltr' id='par_1_105' title="bbox 971 2849 1563 2883">
     <span class='ocr_line' id='line_1_106' title="bbox 971 2849 1563 2883; baseline -0.007 -4"><span class='ocrx_word' id='word_1_795' title='bbox 971 2851 1070 2880; x_wconf 64' lang='lat' dir='ltr'><strong>‘Joan.</strong></span> <span class='ocrx_word' id='word_1_796' title='bbox 1087 2859 1140 2882; x_wconf 76' lang='lat' dir='ltr'><strong>xu,</strong></span> <span class='ocrx_word' id='word_1_797' title='bbox 1154 2851 1197 2883; x_wconf 68' lang='lat' dir='ltr'><strong>‘ll,</strong></span> <span class='ocrx_word' id='word_1_798' title='bbox 1217 2851 1261 2878; x_wconf 61' lang='grc' dir='ltr'><strong>Ἡ.</strong></span> <span class='ocrx_word' id='word_1_799' title='bbox 1301 2851 1310 2866; x_wconf 79' lang='grc'><strong><em>⁸</em></strong></span> <span class='ocrx_word' id='word_1_800' title='bbox 1323 2850 1398 2877; x_wconf 75' lang='lat' dir='ltr'><strong>Jnan.</strong></span> <span class='ocrx_word' id='word_1_801' title='bbox 1415 2859 1459 2881; x_wconf 70' lang='lat' dir='ltr'><strong>xx,</strong></span> <span class='ocrx_word' id='word_1_802' title='bbox 1472 2849 1505 2876; x_wconf 74' lang='grc'><strong>15</strong></span> <span class='ocrx_word' id='word_1_803' title='bbox 1524 2849 1563 2875; x_wconf 83' lang='lat' dir='ltr'><strong>l7.</strong></span> 
     </span>
    </p>
   </div>
   <div class='ocr_carea' id='block_1_106' title="bbox 1063 2283 1854 2330">
    <p class='ocr_par' dir='ltr' id='par_1_106' title="bbox 1063 2283 1854 2330">
     <span class='ocr_line' id='line_1_107' title="bbox 1063 2283 1854 2330; baseline -0.015 -9"><span class='ocrx_word' id='word_1_804' title='bbox 1063 2283 1180 2330; x_wconf 47' lang='lat' dir='ltr'><strong>29am;</strong></span> <span class='ocrx_word' id='word_1_805' title='bbox 1201 2292 1261 2327; x_wconf 82' lang='grc' dir='ltr'><strong>Ζωὴ</strong></span> <span class='ocrx_word' id='word_1_806' title='bbox 1278 2291 1331 2327; x_wconf 81' lang='grc' dir='ltr'>γάρ</span> <span class='ocrx_word' id='word_1_807' title='bbox 1356 2291 1414 2316; x_wconf 79' lang='grc' dir='ltr'>ἐστι</span> <span class='ocrx_word' id='word_1_808' title='bbox 1432 2287 1503 2315; x_wconf 77' lang='grc' dir='ltr'>κατὰ</span> <span class='ocrx_word' id='word_1_809' title='bbox 1522 2287 1601 2322; x_wconf 83' lang='grc' dir='ltr'>φύσιν</span> <span class='ocrx_word' id='word_1_810' title='bbox 1614 2287 1652 2318; x_wconf 83' lang='grc' dir='ltr'><strong>ὡς</strong></span> <span class='ocrx_word' id='word_1_811' title='bbox 1667 2285 1743 2318; x_wconf 70' lang='grc' dir='ltr'>Θεὸς,</span> <span class='ocrx_word' id='word_1_812' title='bbox 1764 2283 1816 2310; x_wconf 78' lang='grc' dir='ltr'><strong>κᾶν</strong></span> <span class='ocrx_word' id='word_1_813' title='bbox 1831 2284 1854 2309; x_wconf 76' lang='grc' dir='ltr'>εἰ</span> 
     </span>
    </p>
   </div>
   <div class='ocr_carea' id='block_1_107' title="bbox 1064 2331 1853 2374">
    <p class='ocr_par' dir='ltr' id='par_1_107' title="bbox 1064 2331 1853 2374">
     <span class='ocr_line' id='line_1_108' title="bbox 1064 2331 1853 2374; baseline -0.013 -8"><span class='ocrx_word' id='word_1_814' title='bbox 1064 2339 1184 2374; x_wconf 69' lang='grc' dir='ltr'>πέφηνεν</span> <span class='ocrx_word' id='word_1_815' title='bbox 1210 2339 1239 2364; x_wconf 83' lang='grc' dir='ltr'>ἐν</span> <span class='ocrx_word' id='word_1_816' title='bbox 1259 2337 1350 2371; x_wconf 79' lang='grc' dir='ltr'>σαρκί.</span> <span class='ocrx_word' id='word_1_817' title='bbox 1365 2333 1619 2369; x_wconf 72' lang='grc' dir='ltr'>(ὶύκοῦντῇἠμέρᾳ</span> <span class='ocrx_word' id='word_1_818' title='bbox 1632 2332 1744 2364; x_wconf 70' lang='grc' dir='ltr'>ἐκείνῃ,</span> <span class='ocrx_word' id='word_1_819' title='bbox 1769 2331 1853 2365; x_wconf 80' lang='grc' dir='ltr'>φησὶ,</span> 
     </span>
    </p>
   </div>
   <div class='ocr_carea' id='block_1_108' title="bbox 1063 2377 1854 2417">
    <p class='ocr_par' dir='ltr' id='par_1_108' title="bbox 1063 2377 1854 2417">
     <span class='ocr_line' id='line_1_109' title="bbox 1063 2377 1854 2417; baseline -0.011 -5"><span class='ocrx_word' id='word_1_820' title='bbox 1063 2385 1195 2417; x_wconf 72' lang='grc' dir='ltr'>τουτέστι,</span> <span class='ocrx_word' id='word_1_821' title='bbox 1212 2384 1272 2410; x_wconf 83' lang='grc' dir='ltr'>κατ’</span> <span class='ocrx_word' id='word_1_822' title='bbox 1292 2384 1380 2409; x_wconf 78' lang='grc' dir='ltr'>ἐκεῖνο</span> <span class='ocrx_word' id='word_1_823' title='bbox 1396 2380 1504 2416; x_wconf 83' lang='grc' dir='ltr'>καιροῦ,</span> <span class='ocrx_word' id='word_1_824' title='bbox 1524 2380 1585 2407; x_wconf 78' lang='grc' dir='ltr'>καθ’</span> <span class='ocrx_word' id='word_1_825' title='bbox 1611 2379 1640 2405; x_wconf 87' lang='grc' dir='ltr'>ὂν</span> <span class='ocrx_word' id='word_1_826' title='bbox 1669 2377 1792 2413; x_wconf 77' lang='grc' dir='ltr'>ὰναϐιῲη</span> <span class='ocrx_word' id='word_1_827' title='bbox 1822 2379 1854 2404; x_wconf 81' lang='grc' dir='ltr'>ὲκ</span> 
     </span>
    </p>
   </div>
   <div class='ocr_carea' id='block_1_109' title="bbox 1063 2423 1855 2466">
    <p class='ocr_par' dir='ltr' id='par_1_109' title="bbox 1063 2423 1855 2466">
     <span class='ocr_line' id='line_1_110' title="bbox 1063 2423 1855 2466; baseline -0.011 -8"><span class='ocrx_word' id='word_1_828' title='bbox 1063 2431 1178 2466; x_wconf 81' lang='grc' dir='ltr'>νεκρῶν,</span> <span class='ocrx_word' id='word_1_829' title='bbox 1197 2429 1379 2456; x_wconf 82' lang='grc' dir='ltr'>πεπτωκότων</span> <span class='ocrx_word' id='word_1_830' title='bbox 1391 2428 1445 2454; x_wconf 84' lang='grc' dir='ltr'>τῶν</span> <span class='ocrx_word' id='word_1_831' title='bbox 1471 2425 1701 2461; x_wconf 75' lang='grc' dir='ltr'>ὲσταυρωκότων.</span> <span class='ocrx_word' id='word_1_832' title='bbox 1721 2423 1855 2457; x_wconf 74' lang='grc' dir='ltr'>συγκαλέο</span> 
     </span>
    </p>
   </div>
   <div class='ocr_carea' id='block_1_110' title="bbox 1065 2470 1853 2509">
    <p class='ocr_par' dir='ltr' id='par_1_110' title="bbox 1065 2470 1853 2509">
     <span class='ocr_line' id='line_1_111' title="bbox 1065 2470 1853 2509; baseline -0.01 -5"><span class='ocrx_word' id='word_1_833' title='bbox 1065 2486 1130 2504; x_wconf 85' lang='grc' dir='ltr'>σατε</span> <span class='ocrx_word' id='word_1_834' title='bbox 1139 2477 1252 2507; x_wconf 68' lang='grc' dir='ltr'>ἕκαστος</span> <span class='ocrx_word' id='word_1_835' title='bbox 1268 2475 1312 2502; x_wconf 78' lang='grc' dir='ltr'><strong>τὸν</strong></span> <span class='ocrx_word' id='word_1_836' title='bbox 1324 2474 1436 2509; x_wconf 74' lang='grc' dir='ltr'>πλησίον</span> <span class='ocrx_word' id='word_1_837' title='bbox 1466 2472 1549 2499; x_wconf 68' lang='grc' dir='ltr'>αὑτοῦ</span> <span class='ocrx_word' id='word_1_838' title='bbox 1565 2471 1694 2498; x_wconf 78' lang='grc' dir='ltr'>ὑποκάτω</span> <span class='ocrx_word' id='word_1_839' title='bbox 1713 2470 1853 2505; x_wconf 79' lang='grc' dir='ltr'>ἀμπέλου,</span> 
     </span>
    </p>
   </div>
   <div class='ocr_carea' id='block_1_111' title="bbox 1065 2515 1855 2556">
    <p class='ocr_par' dir='ltr' id='par_1_111' title="bbox 1065 2515 1855 2556">
     <span class='ocr_line' id='line_1_112' title="bbox 1065 2515 1855 2556; baseline -0.011 -6"><span class='ocrx_word' id='word_1_840' title='bbox 1065 2523 1111 2550; x_wconf 75' lang='grc' dir='ltr'><strong>καὶ</strong></span> <span class='ocrx_word' id='word_1_841' title='bbox 1123 2523 1251 2549; x_wconf 78' lang='grc' dir='ltr'>ὑποκάτω</span> <span class='ocrx_word' id='word_1_842' title='bbox 1273 2521 1367 2556; x_wconf 83' lang='grc' dir='ltr'>συκῆς.</span> <span class='ocrx_word' id='word_1_843' title='bbox 1385 2520 1438 2546; x_wconf 78' lang='grc' dir='ltr'><strong>Καὶ</strong></span> <span class='ocrx_word' id='word_1_844' title='bbox 1454 2520 1478 2545; x_wconf 82' lang='grc' dir='ltr'>εἰ</span> <span class='ocrx_word' id='word_1_845' title='bbox 1493 2519 1541 2554; x_wconf 82' lang='grc' dir='ltr'>μὲν</span> <span class='ocrx_word' id='word_1_846' title='bbox 1564 2516 1684 2553; x_wconf 82' lang='grc' dir='ltr'>βούλοιτό</span> <span class='ocrx_word' id='word_1_847' title='bbox 1695 2525 1736 2547; x_wconf 85' lang='grc' dir='ltr'><strong>τις</strong></span> <span class='ocrx_word' id='word_1_848' title='bbox 1751 2515 1855 2542; x_wconf 77' lang='grc' dir='ltr'>ἁπλοῦν</span> 
     </span>
    </p>
   </div>
   <div class='ocr_carea' id='block_1_112' title="bbox 1065 2562 1855 2604">
    <p class='ocr_par' dir='ltr' id='par_1_112' title="bbox 1065 2562 1855 2604">
     <span class='ocr_line' id='line_1_113' title="bbox 1065 2562 1855 2604; baseline -0.011 -8"><span class='ocrx_word' id='word_1_849' title='bbox 1065 2569 1112 2596; x_wconf 76' lang='grc' dir='ltr'><strong>καὶ</strong></span> <span class='ocrx_word' id='word_1_850' title='bbox 1139 2569 1282 2604; x_wconf 83' lang='grc' dir='ltr'>πρόχειρον</span> <span class='ocrx_word' id='word_1_851' title='bbox 1299 2567 1345 2593; x_wconf 83' lang='grc' dir='ltr'><strong>τὸν</strong></span> <span class='ocrx_word' id='word_1_852' title='bbox 1365 2565 1484 2592; x_wconf 77' lang='grc' dir='ltr'>τοιοῦτον</span> <span class='ocrx_word' id='word_1_853' title='bbox 1515 2564 1680 2598; x_wconf 75' lang='grc' dir='ltr'>εἰσδέχεσθαι</span> <span class='ocrx_word' id='word_1_854' title='bbox 1702 2562 1775 2591; x_wconf 74' lang='grc' dir='ltr'>νοῦν,</span> <span class='ocrx_word' id='word_1_855' title='bbox 1793 2562 1855 2597; x_wconf 84' lang='grc' dir='ltr'>τέρ-</span> 
     </span>
    </p>
   </div>
   <div class='ocr_carea' id='block_1_113' title="bbox 1064 2606 1855 2648">
    <p class='ocr_par' dir='ltr' id='par_1_113' title="bbox 1064 2606 1855 2648">
     <span class='ocr_line' id='line_1_114' title="bbox 1064 2606 1855 2648; baseline -0.01 -8"><span class='ocrx_word' id='word_1_856' title='bbox 1064 2614 1136 2648; x_wconf 70' lang='grc' dir='ltr'>ψεων</span> <span class='ocrx_word' id='word_1_857' title='bbox 1151 2611 1220 2640; x_wconf 77' lang='grc' dir='ltr'>εἶναι</span> <span class='ocrx_word' id='word_1_858' title='bbox 1235 2612 1289 2638; x_wconf 84' lang='grc' dir='ltr'><strong>τῶν</strong></span> <span class='ocrx_word' id='word_1_859' title='bbox 1303 2610 1494 2645; x_wconf 84' lang='grc' dir='ltr'>πνευματικῶν</span> <span class='ocrx_word' id='word_1_860' title='bbox 1508 2609 1641 2644; x_wconf 76' lang='grc' dir='ltr'>σὺμόολον</span> <span class='ocrx_word' id='word_1_861' title='bbox 1663 2606 1855 2634; x_wconf 77' lang='grc' dir='ltr'>διαὸεόαιώσε-</span> 
     </span>
    </p>
   </div>
   <div class='ocr_carea' id='block_1_114' title="bbox 1063 2651 1855 2693">
    <p class='ocr_par' dir='ltr' id='par_1_114' title="bbox 1063 2651 1855 2693">
     <span class='ocr_line' id='line_1_115' title="bbox 1063 2651 1855 2693; baseline -0.01 -7"><span class='ocrx_word' id='word_1_862' title='bbox 1063 2668 1107 2687; x_wconf 87' lang='grc' dir='ltr'><strong>ται</strong></span> <span class='ocrx_word' id='word_1_863' title='bbox 1122 2659 1156 2685; x_wconf 82' lang='grc' dir='ltr'>τὰ</span> <span class='ocrx_word' id='word_1_864' title='bbox 1168 2657 1358 2693; x_wconf 76' lang='grc' dir='ltr'>ὠνομασμένοι.</span> <span class='ocrx_word' id='word_1_865' title='bbox 1373 2656 1430 2682; x_wconf 83' lang='grc' dir='ltr'>Οὐκ</span> <span class='ocrx_word' id='word_1_866' title='bbox 1441 2655 1570 2682; x_wconf 75' lang='grc' dir='ltr'>ἀπίθανον</span> <span class='ocrx_word' id='word_1_867' title='bbox 1580 2654 1608 2681; x_wconf 78' lang='grc' dir='ltr'>δὲ</span> <span class='ocrx_word' id='word_1_868' title='bbox 1622 2651 1690 2680; x_wconf 82' lang='grc' dir='ltr'>εἷναί</span> <span class='ocrx_word' id='word_1_869' title='bbox 1703 2661 1776 2688; x_wconf 85' lang='grc' dir='ltr'>φημι</span> <span class='ocrx_word' id='word_1_870' title='bbox 1788 2652 1855 2688; x_wconf 63' lang='grc' dir='ltr'>πρὶς</span> 
     </span>
    </p>
   </div>
   <div class='ocr_carea' id='block_1_115' title="bbox 1063 2698 1854 2739">
    <p class='ocr_par' dir='ltr' id='par_1_115' title="bbox 1063 2698 1854 2739">
     <span class='ocr_line' id='line_1_116' title="bbox 1063 2698 1854 2739; baseline -0.01 -8"><span class='ocrx_word' id='word_1_871' title='bbox 1063 2705 1150 2739; x_wconf 77' lang='grc' dir='ltr'>τούτῳ</span> <span class='ocrx_word' id='word_1_872' title='bbox 1167 2705 1275 2730; x_wconf 78' lang='grc' dir='ltr'>κάκεῖνο</span> <span class='ocrx_word' id='word_1_873' title='bbox 1293 2703 1390 2733; x_wconf 76' lang='grc' dir='ltr'>εἰπεῖν,</span> <span class='ocrx_word' id='word_1_874' title='bbox 1405 2703 1446 2728; x_wconf 80' lang='grc' dir='ltr'>ὅτι</span> <span class='ocrx_word' id='word_1_875' title='bbox 1469 2701 1555 2736; x_wconf 79' lang='grc' dir='ltr'>συκῆν</span> <span class='ocrx_word' id='word_1_876' title='bbox 1568 2701 1614 2726; x_wconf 71' lang='grc' dir='ltr'><strong>καὶ</strong></span> <span class='ocrx_word' id='word_1_877' title='bbox 1629 2699 1752 2734; x_wconf 76' lang='grc' dir='ltr'>ἄμπελον</span> <span class='ocrx_word' id='word_1_878' title='bbox 1767 2698 1854 2724; x_wconf 75' lang='grc' dir='ltr'>ἔοικεν</span> 
     </span>
    </p>
   </div>
   <div class='ocr_carea' id='block_1_116' title="bbox 1063 2743 1854 2784">
    <p class='ocr_par' dir='ltr' id='par_1_116' title="bbox 1063 2743 1854 2784">
     <span class='ocr_line' id='line_1_117' title="bbox 1063 2743 1854 2784; baseline -0.011 -6"><span class='ocrx_word' id='word_1_879' title='bbox 1063 2750 1209 2778; x_wconf 77' lang='grc' dir='ltr'>ἀποκαλεῖν</span> <span class='ocrx_word' id='word_1_880' title='bbox 1224 2749 1272 2784; x_wconf 82' lang='grc' dir='ltr'><strong>τὴν</strong></span> <span class='ocrx_word' id='word_1_881' title='bbox 1293 2747 1466 2784; x_wconf 83' lang='grc' dir='ltr'>Ἐκκλησίαν,</span> <span class='ocrx_word' id='word_1_882' title='bbox 1480 2745 1514 2783; x_wconf 82' lang='grc' dir='ltr'>ἧς</span> <span class='ocrx_word' id='word_1_883' title='bbox 1528 2747 1573 2773; x_wconf 72' lang='grc' dir='ltr'><strong>καὶ</strong></span> <span class='ocrx_word' id='word_1_884' title='bbox 1594 2746 1608 2772; x_wconf 81' lang='grc' dir='ltr'>ὁ</span> <span class='ocrx_word' id='word_1_885' title='bbox 1621 2745 1763 2776; x_wconf 73' lang='grc' dir='ltr'>θεσπέσιος</span> <span class='ocrx_word' id='word_1_886' title='bbox 1782 2743 1854 2771; x_wconf 82' lang='grc' dir='ltr'>Μελ-</span> 
     </span>
    </p>
   </div>
   <div class='ocr_carea' id='block_1_117' title="bbox 1603 2846 1851 2880">
    <p class='ocr_par' dir='ltr' id='par_1_117' title="bbox 1603 2846 1851 2880">
     <span class='ocr_line' id='line_1_118' title="bbox 1603 2846 1851 2880; baseline -0.004 -5"><span class='ocrx_word' id='word_1_887' title='bbox 1603 2849 1612 2861; x_wconf 70' lang='grc'><strong><em>⁵</em></strong></span> <span class='ocrx_word' id='word_1_888' title='bbox 1626 2847 1695 2875; x_wconf 69' lang='grc' dir='ltr'><strong>Ρε.ι1.</strong></span> <span class='ocrx_word' id='word_1_889' title='bbox 1715 2855 1790 2880; x_wconf 69' lang='lat' dir='ltr'><strong>xxxx,</strong></span> <span class='ocrx_word' id='word_1_890' title='bbox 1809 2846 1851 2874; x_wconf 75' lang='grc'><strong>12.</strong></span> 
     </span>
    </p>
   </div>
  </div>
