1910 3050
57 170 85 199 57
466 171 742 201 COMllENTARlES
762 172 793 198 IN
815 172 1014 199 ZACIIAIIIAM
1037 170 1262 200 PROPIIETAM.
1655 166 1689 194 58

55 227 120 263 om;
146 227 349 264 διαμέμνηται,
372 230 460 264 λέγων
486 231 692 266 αἰνιγματωδῶς
719 231 786 266 πρὶς
804 231 849 257 τὸν

921 232 1054 263 humlans,
1075 233 1099 258 in
1126 232 1255 259 lateribus
1274 231 1368 258 domus
1391 230 1474 257 lum'.
1492 238 1500 255 ι
1521 228 1565 255 Ait
1593 231 1619 254 et
1634 227 1691 262 Ipse

56 274 156 301 ἄνωθεν
173 274 219 301 καὶ
236 274 266 307 ἐξ
281 275 401 311 οὐρανοῦ
425 277 550 312 νυμφίον,
571 278 705 305 τουτέστι.
721 277 848 312 Χριστόν-

59 331 67 345 ι
89 321 120 347 Ἦ
131 321 198 356 γυνή
213 330 260 347 σου
275 321 314 353 ὡς
326 322 448 358 ἄμπελος
463 323 623 358 εὺοηνοῦσα,
636 325 664 350 ἐν
682 325 737 355 τοῖς
749 322 852 350 κλίτεσι

55 366 104 400 τῆς
117 366 206 397 οἰκίας
226 374 283 393 σου.
305 376 313 392 ι
327 367 401 403 Ἔφη
413 367 442 393 δέ
461 376 512 394 που
532 367 579 394 καὶ
590 368 670 399 αὐτὸς
684 368 697 394 ὁ
713 367 767 394 τῶν
783 367 852 394 ὅλων

55 412 131 443 Θεός·
152 421 162 437 ι
179 412 213 438 Δί
226 412 346 447 ἄμπελοι
373 413 562 449 κυπρίξουσιν,
588 413 691 440 ἔδωκαν
718 413 815 449 ὀσμὴν,
836 413 853 448 ἡ

57 458 128 492 συκῆ
142 458 289 493 ἐξήνεγκεν
311 458 439 490 ὀλύνθους
466 459 559 495 αὐτῆς.
578 469 587 485 ι
609 460 652 491 Ὧς
666 459 719 495 γὰρ
730 459 780 495 ήδη
798 459 853 485 τῶν

63 503 233 538 Ἐκκλησιῶν
248 504 410 540 ἀρξαμένων
427 506 455 532 ἐν
472 505 566 541 κόσμῳ
579 506 622 532 διὰ
638 507 687 541 τῆς
712 507 752 537 εἰς
773 507 854 532 αὐτὸν

58 548 215 581 εὺωδιάζειν
227 549 358 583 πίστεως,
369 550 418 582 τὰς
428 551 566 585 ἀμπέλους
575 551 626 587 ἔφη
641 551 795 586 κυπρίζειν,
808 551 855 577 καὶ

60 595 114 629 μὴν
130 595 178 620 καὶ
195 594 371 628 ἐκφαίνεσθαι
383 596 445 626 τοὺς
464 595 603 628 ὀλύνθους·
628 595 748 627 νοηθεῐεν
764 595 796 622 ἂν
810 596 856 622 καὶ

58 637 142 671 οὗτοι,
159 639 215 666 τῶν
225 640 288 675 ἄρτι
305 641 525 668 πεπιστευκότων
540 642 557 676 ὴ
573 640 649 667 οὒπω
665 641 713 676 μὲν
727 641 856 676 πέπειρος

60 685 231 719 utﬁt)th
248 685 369 721 πληθὺς,
399 686 515 721 ἐσομένη
545 686 574 712 δὲ
602 686 672 712 κατὰ
693 686 791 722 βραχὺ,
811 686 857 712 καὶ

60 733 120 763 ταῖς
135 733 176 763 εἰς
195 732 226 758 τὸ
256 732 367 766 ἄμεινον
396 732 547 759 ὲπιὸὁσεσιν
572 732 648 759 ίοῦσα
677 732 744 767 πρὸς
768 732 855 759 τοῦτο.

67 776 260 811 ’.ἱδρυνθέντες
275 776 339 811 γὰρ,
355 777 402 803 καὶ
417 777 456 808 είς
472 777 557 812 ἄνδρα
575 777 678 804 τέλειον
693 776 858 812 ἁναὸεὸηκό-

61 831 106 854 τες
120 821 168 848 τοῦ
183 821 367 858 πληρώματος
392 822 439 848 τοῦ
465 821 594 857 Χριστοῦ,
622 822 731 856 γλυκεῖς
760 819 858 858 οἷάπερ

62 868 183 903 ἐσόμεθα
199 868 300 903 καρποὶ
322 867 361 902 τῷ
378 867 448 903 Θεῷ,
474 867 600 903 καθάπερ
630 868 716 903 μητρί
746 876 799 894 τινι
825 869 858 903 τῇ

69 912 222 947 Ἑέκλησίᾳ
251 912 485 948 προσπεφυκότες.
513 911 618 938 Οὐκοῦν
645 912 690 938 διὰ
714 921 744 939 τε
773 913 856 947 συκῆς
873 904 894 932 Β

63 959 111 984 καὶ
130 959 258 993 ἀμπέλου
287 958 443 993 νοουμένων
464 958 517 985 τῶν
540 958 719 993 Ἑκκλησιῶν,
745 959 791 985 ὑπ’
811 959 859 985 αὺ-

63 1005 124 1036 ταῖς
145 1005 273 1038 ἐσόμεθα,
287 1004 335 1030 καὶ
364 1005 393 1030 ὲν
409 1005 503 1036 αὐταῖς
527 1004 726 1039 καταλύσομεν,
743 1013 861 1039 προτρο-

65 1050 154 1084 πάδην
187 1050 314 1084 ἀλλήλοις
342 1050 430 1076 ἐκεῖνο
456 1049 582 1084 λέγοντες
611 1050 642 1076 τὸ
675 1050 860 1085 προφητικύν·

67 1105 76 1120 ι
89 1095 185 1126 Δεῦτε,
200 1095 345 1130 ἀναδῶμεν
357 1096 398 1127 είς
408 1096 437 1122 τὸ
449 1096 511 1130 ὅρος
527 1095 640 1131 Κυρίου,
655 1096 701 1122 καὶ
712 1097 752 1127 εἰς
764 1096 810 1122 τὸν
824 1094 863 1122 οἵ-

66 1148 113 1166 κον
128 1139 177 1166 τοῦ
208 1139 275 1166 θεοῦ
293 1139 400 1173 Ἰακὼϐ,
418 1140 465 1166 καὶ
483 1140 628 1174 ἀναγγελεῖ
652 1141 717 1175 ἡμῖν
738 1141 787 1176 τὴν
801 1141 860 1168 ὁδὸν

66 1185 163 1216 αὑτοῦ,
184 1186 232 1212 καὶ
251 1185 441 1221 πορευσόμεθα
457 1187 486 1213 ὲν
499 1187 580 1221 αὐτῇ.
598 1196 607 1212 ι
626 1186 694 1212 Εἱδὲ
707 1186 739 1221 δὴ
754 1187 861 1221 γένοιτο

66 1231 162 1257 τούτου
176 1233 278 1265 τυχεῖν,
298 1231 409 1258 ἐπαίνου
437 1231 536 1262 παντὸς
561 1231 716 1266 ἀξιώσομεν
732 1231 795 1263 τοὺς
823 1233 862 1263 είς

66 1276 147 1303 τοῦτο
158 1276 338 1311 κεκληκότας,
354 1276 433 1304 πάλιν
452 1277 540 1304 ἐκεῖνο
553 1276 686 1310 λέγοντες*
706 1286 716 1303 ι
736 1277 862 1312 Εὐφράν-

68 1323 118 1357 θην
133 1323 181 1348 ἐπὶ
196 1324 250 1353 τοίς
263 1322 386 1358 εὶρηκόσι
403 1331 465 1358 μοι·
485 1323 532 1353 Εἰς
559 1320 633 1349 οἷκον
648 1323 749 1358 Κυρίου
765 1331 863 1357 πορευ-

69 1368 183 1403 σόμεθα.
203 1378 212 1394 ι
231 1368 361 1403 Τέρψεως
376 1369 429 1404 γὰρ
441 1369 506 1403 ἡμῖν
520 1368 567 1403 τῆς
582 1368 712 1395 ἀνωτάτω
727 1369 758 1395 τὸ
769 1369 864 1404 χρῆμα

69 1413 175 1449 καρπὸς
187 1414 313 1440 νοοῖτ’ἆν
336 1415 460 1445 εἰκότως.
480 1414 625 1449 Τοιγάρτοι
648 1414 730 1440 πάλιν
748 1415 864 1449 ἐροῦμεν

904 278 1089 304 univcrsornm
1107 278 1177 304 Deus
1196 277 1312 311 quodam
1328 276 1387 302 loco
1405 283 1411 302 :
1432 284 1442 300 ι
1461 275 1550 301 νῑιιεῖε
1567 272 1693 299 ﬂorentes

904 323 1036 350 dederunt
1062 323 1171 349 odorem
1197 329 1287 353 suum,
1311 326 1337 347 et
1363 321 1428 346 licus
1446 318 1559 353 protulit.
1584 323 1692 351 grossos

904 376 969 396 suos
982 368 1013 395 ¹⁰.
1030 378 1038 394 ι
1057 368 1094 395 Ut
1110 367 1181 394 enim
1196 366 1262 400 jam,
1281 366 1408 392 Ecclesiis
1426 366 1451 391 in
1473 364 1573 390 mundo
1589 363 1640 389 title
1665 362 1692 388 in

905 414 991 448 ipsum
1013 413 1157 445 inchoatis,
1173 413 1265 439 vineas
1279 419 1389 438 suavem
1404 411 1508 445 spirare
1521 409 1640 440 odorem,
1657 415 1690 434 ac

904 459 1001 486 florere
1016 463 1095 493 atque
1111 459 1221 492 insuper
1245 464 1354 492 grossos
1368 463 1463 490 parcre
1477 455 1543 481 dicit
1558 462 1564 480 :
1577 460 1691 487 quorum

907 506 1015 531 nomine
1031 512 1116 539 nuper
1133 505 1184 531 Iide
1208 503 1376 530 initiatornnt
1400 500 1517 527 nondum
1539 504 1642 525 matura
1666 502 1694 525 et

906 551 991 578 dulcis
1013 551 1167 581 multitudo,
1198 549 1287 576 futura
1307 552 1396 574 autem
1414 545 1541 580 paulatim
1566 549 1591 570 et
1610 545 1695 570 incre-

908 596 1007 622 mentis
1023 597 1054 621 ad
1077 595 1187 621 meliora
1209 594 1262 620 huc
1275 592 1450 628 progrediens
1464 589 1576 623 intelligi
1595 592 1692 622 potest.

907 641 1003 675 Aulepti
1027 640 1099 667 enim
1125 639 1352 674 magnitudinem,
1382 647 1391 663 (
1406 641 1433 664 et
1457 637 1482 663 in
1501 636 1586 662 virum
1606 634 1694 669 pi-rl'o-

908 692 981 713 etum
1005 685 1179 720 plenitudinis
1201 684 1302 711 Christi
1317 684 1338 702 ¹¹
1358 694 1366 709 ι
1383 682 1479 714 evecti,
1504 681 1596 708 dulces
1619 679 1695 713 quasi

910 732 1012 758 fructus
1029 731 1130 758 erimus
1156 731 1220 761 Deo,
1243 729 1372 756 Ecclesia)
1394 728 1467 754 velut
1491 727 1568 753 matri
1595 725 1696 759 agnati.

909 778 1078 813 Quapropter
1098 783 1145 811 per
1162 776 1241 803 ticum
1258 779 1284 802 et
1299 777 1381 801 vitem
1403 771 1545 800 intellectis
1559 769 1696 799 Ecclesiis,

910 824 959 851 Sub
979 823 1044 858 ipsis
1060 823 1170 854 erimus,
1190 826 1217 849 et
1242 822 1267 847 in
1284 821 1349 855 ipsis
1371 818 1581 849 iliversabimur,
1600 818 1697 843 cohor-

913 868 1047 903 tandnque
1073 868 1143 894 inter
1170 874 1218 894 nos
1245 866 1367 893 dicemus
1393 864 1457 891 illud
1481 862 1668 896 propheticum
1689 868 1696 886 :

911 923 920 940 ι
938 914 1044 945 Venite,
1066 913 1246 940 ascendamus
1273 912 1306 938 ad
1332 914 1449 937 montem
1477 907 1598 939 Domini,
1616 910 1642 933 et
1664 905 1697 932 all

909 961 1017 987 domum
1051 960 1095 986 Dei
1121 958 1221 990 Jacol).
1261 961 1288 985 et
1317 955 1487 983 annuntiabit
1515 954 1591 981 nobis
1626 953 1697 978 viam

911 1014 997 1037 suam,
1012 1010 1039 1032 et
1057 1004 1253 1032 antlmlabimus
1277 1004 1303 1030 in
1323 1009 1354 1029 ea
1367 1002 1400 1027 ".
1418 1011 1427 1027 ›
1444 1001 1519 1033 Quod
1537 1000 1559 1026 si
1582 997 1698 1025 assecuti

913 1051 1055 1083 fuerimus,
1068 1050 1234 1078 omnimodis
1249 1048 1458 1084 prmdicabimus
1473 1046 1518 1081 qui
1534 1052 1582 1072 nos
1603 1045 1635 1070 ad
1649 1043 1700 1069 hoc

916 1101 1057 1128 vocarunt,
1081 1097 1253 1130 (licemusque
1270 1103 1277 1121 ε
1293 1105 1301 1120 ι
1318 1095 1435 1121 luctatus
1458 1101 1516 1120 sum
1538 1092 1564 1118 in
1589 1090 1629 1116 his
1654 1089 1699 1122 qui

913 1143 1038 1170 dixerunt
1068 1142 1157 1169 mihi:
1176 1144 1206 1170 In
1241 1142 1350 1168 domum
1381 1139 1487 1167 Domini
1524 1137 1621 1164 ibimus
1636 1135 1668 1161 ".
1687 1142 1697 1160 ι

914 1188 1025 1216 Summa
1050 1187 1121 1214 cnim
1148 1187 1238 1214 laetitia
1266 1186 1369 1212 fructus
1395 1189 1488 1211 noster
1510 1181 1623 1215 intelligi
1641 1180 1702 1214 jure

913 1238 1002 1269 queat.
1024 1233 1141 1260 Proinde
1154 1240 1247 1259 rursus
1265 1231 1330 1258 illud
1350 1228 1553 1263 Psalmographi
1567 1226 1702 1253 exclama-

914 1280 1003 1306 bitnus
1020 1289 1026 1306 :
1045 1287 1053 1304 α
1070 1278 1157 1306 Unam
1175 1277 1256 1312 petivi
1280 1284 1293 1303 a
1311 1276 1434 1307 Domino,
1460 1275 1529 1301 hanc
1553 1271 1701 1306 requiram,

915 1328 943 1350 ut
961 1324 1106 1350 inhabilem
1126 1324 1155 1352 in
1175 1323 1257 1356 domo
1272 1321 1378 1349 Domini
1394 1320 1520 1347 omnibus
1534 1318 1630 1345 diebus
1641 1317 1703 1342 vitae

914 1374 1050 1396 meanut
1072 1370 1178 1396 videam
1207 1368 1371 1400 voluptatem
1403 1364 1518 1396 Domini,
1545 1368 1573 1390 ct
1598 1361 1702 1388 visitem

917 1415 1045 1450 templum
1064 1419 1186 1442 sanctum
1198 1414 1256 1449 eius
1270 1413 1300 1440 “.
1318 1423 1327 1438 ι

70 1459 140 1486 κατὰ
155 1459 202 1485 τὸν
215 1459 377 1494 Ψαλμῳδόν·
390 1469 398 1485 ι
411 1460 483 1487 Μίαν
497 1460 641 1496 ᾐτησάμην
656 1460 732 1495 παρὰ
744 1461 857 1496 Κυρίου,
878 1461 980 1496 ταύτην
1017 1454 1135 1497 ζητήσω,
1167 1461 1212 1487 τοῦ
1243 1460 1379 1486 κατοικεῖν
1412 1466 1445 1493 με
1465 1457 1494 1483 ἐν
1519 1455 1586 1490 οἷ’κῳ
1601 1452 1703 1487 κυρίου

71 1506 159 1537 πάσας
170 1506 220 1538 τὰς
235 1506 342 1542 ἡμέρας
371 1506 417 1541 τῆς
439 1506 511 1541 ζωῆς
542 1514 603 1540 μου,
634 1506 680 1533 τοῦ
705 1506 817 1542 θεωρεῖν
831 1516 865 1543 με
885 1508 933 1544 τὴν
945 1509 1114 1544 τερπνότητα
1140 1506 1311 1544 Κυρίου,καὶ
1344 1503 1555 1531 ἐπισκέπτεσθαι
1568 1501 1613 1527 τὸν
1628 1499 1704 1533 ἅγιον

71 1553 164 1580 αὐτοῦ.
185 1562 195 1580 ι

203 1624 398 1668 ΤΟΜΟΣ.
436 1623 732 1668 ΔΕΥΤΕΡΟΣ.

379 1703 505 1730 ΚΕΦΛΛ.
528 1705 565 1731 Δ’.

108 1773 161 1800 Καὶ
173 1772 366 1806 ἐπέστρεψεν
383 1773 399 1798 ὀ
419 1771 546 1806 ἅγγελος
573 1773 589 1798 ὁ
613 1771 718 1799 λαλῶν
737 1771 771 1798 ἐν
782 1770 847 1805 ἐμοὶ
859 1790 866 1802 ,

74 1819 121 1846 καὶ
141 1818 280 1853 ἐξήγειρέ
288 1825 338 1852 με,
361 1816 397 1844 ὃν
416 1818 536 1851 τρόπον,
562 1817 634 1844 ὅταν
650 1817 793 1852 ἐξεγερθῇ
817 1817 869 1843 dir-

74 1867 190 1900 apwxoc
207 1864 242 1896 ἐξ
261 1864 359 1890 ὕπνου
383 1864 487 1895 αὐτοῦ,
507 1863 556 1890 καὶ
578 1864 643 1890 εἷπε
670 1864 744 1897 πρός
771 1872 819 1897 με·
839 1863 870 1890 Τί

74 1910 114 1936 σὺ
128 1909 260 1942 ,βλέπεις
268 1918 278 1941 ;
290 1908 344 1935 Καὶ
360 1906 428 1936 εἶπα
438 1917 444 1924 '
465 1908 605 1943 Ἑώρακα,
617 1909 665 1936 καὶ
679 1909 743 1936 ἰδοὺ
759 1909 871 1944 λυχνία

75 1955 176 1989 χρυσῆ
193 1955 262 1988 ὅλη,
278 1954 327 1981 καί
342 1953 375 1980 τὸ
386 1953 557 1987 λαμπάδιον
570 1954 671 1981 ἐπάνω
699 1954 803 1988 αὐτῆς,
821 1953 870 1980 καί

75 1998 150 2024 ἑπτὰ
163 1999 274 2033 λύχνοι
289 1997 389 2024 ἐπάνω
407 1997 511 2031 αὐτῆς,
530 1998 580 2024 καί
598 1998 672 2025 ἑπτὰ
694 1998 872 2032 ἐπαρυστρὶ-

76 2045 126 2076 δες
148 2043 213 2076 τοῖς
240 2044 368 2078 λύχνοις
391 2043 453 2076 τοῖς
475 2044 575 2070 ἐπάνω
604 2044 718 2079 αὐτῆς,
741 2045 790 2071 καὶ
816 2045 871 2072 δύο

77 2090 175 2116 ἐλαῖαι
186 2089 288 2116 ἐπάνω
295 2089 402 2123 αὐτῆς,
412 2090 463 2124 μιά
475 2090 509 2117 ἐκ
517 2089 624 2122 δεξιῶν
638 2090 691 2117 τοῦ
702 2090 873 2125 λαμπαδίου

79 2135 184 2170 αὐτῆς,
200 2136 249 2163 καὶ
260 2136 315 2170 μία
325 2135 359 2167 ἐξ
378 2136 548 2170 εὐωνύμων.

114 2193 178 2219 Kl".
191 2193 239 2224 Τὸ,
259 2192 453 2228 Ἐπέστρεψεν,
469 2194 498 2219 ἐν
512 2193 617 2224 τούτοις
626 2194 675 2228 οὐχ
690 2193 727 2224 ὼς
739 2194 770 2220 ἐκ
786 2193 869 2220 τόπου

82 2238 220 2272 νοήσομεν
237 2237 345 2272 (εὔηθες
358 2238 411 2274 γὰρ
425 2238 546 2274 κομιδῇ),
558 2238 706 2274 νομιοῦμεν
719 2238 747 2264 δὲ
757 2238 868 2274 μᾶλλον,

1022 1628 1144 1674 TOM
1159 1628 1234 1671 US'
1271 1622 1596 1670 SECUNDUS.

1193 1701 1276 1738 632
1290 1700 1366 1728 cap.
1388 1698 1431 1726 tv.

956 1772 1036 1800 Vens.
1056 1771 1114 1798 1-5.
1140 1770 1172 1797 Ει
1197 1777 1314 1796 reversus
1335 1772 1372 1795 est
1391 1766 1498 1801 angelus
1521 1765 1565 1800 qui
1584 1763 1706 1798 loqueba~

921 1827 964 1848 tur
989 1821 1016 1847 in
1037 1827 1096 1852 me,
1120 1823 1143 1844 et
1167 1816 1304 1844 suscitari!
1328 1823 1367 1841 me
1391 1814 1458 1840 sicut
1479 1820 1537 1839 cum
1566 1811 1709 1837 suscitatur

921 1867 996 1892 homo
1008 1865 1038 1890 de
1054 1871 1145 1890 somno
1165 1870 1223 1893 suo.
1237 1867 1260 1888 et
1275 1860 1340 1887 dixit
1358 1860 1391 1886 ait
1406 1867 1446 1885 me
1460 1866 1469 1885 :
1487 1857 1556 1890 Quid
1577 1863 1604 1883 tu
1618 1856 1709 1883 video?

922 1911 954 1938 Et
967 1911 1046 1937 dixi:
1062 1909 1133 1942 Vidi,
1150 1913 1174 1936 et
1198 1916 1256 1934 ecce
1271 1906 1458 1933 candelabrum
1482 1913 1592 1931 aureum
1614 1909 1708 1935 totum,

921 1963 946 1985 et
971 1957 1071 1989 lampas
1099 1962 1176 1989 super
1205 1955 1298 1988 ipsum,
1325 1958 1347 1979 et
1373 1956 1467 1985 septem
1491 1950 1605 1976 lucerme
1631 1955 1710 1982 super

923 2000 1001 2031 illud,
1024 2004 1048 2025 et
1068 2003 1163 2032 septem
1182 1997 1312 2031 inlusoria
1335 1995 1447 2022 lucernis
1471 2001 1546 2028 Iuper
1566 1994 1670 2027 ipsum;
1685 1998 1709 2018 et

924 2046 982 2073 dua:
996 2045 1070 2072 oliva:
1083 2053 1161 2078 super
1176 2044 1252 2076 illud,
1269 2051 1322 2070 una
1344 2051 1360 2069 α
1375 2041 1475 2069 dextri:
1493 2040 1621 2074 lumpudis
1641 2039 1708 2073 ejus,

924 2098 946 2119 et
964 2100 1017 2119 una
1033 2100 1048 2118 a
1065 2090 1190 2118 sinistris.

962 2191 1056 2219 XXIII.
1078 2191 1226 2218 Reversutn
1241 2195 1301 2216 esse
1317 2188 1360 2215 hic
1376 2195 1427 2214 non
1443 2192 1473 2213 ut
1489 2193 1522 2214 ex
1539 2185 1597 2212 loco
1612 2185 1713 2219 accipi-

927 2244 997 2269 mus,
1017 2237 1041 2263 id
1062 2236 1133 2262 enim
1159 2241 1289 2269 perquam
1313 2233 1433 2266 ineptum
1450 2237 1520 2259 esset
1538 2241 1544 2258 :
1560 2236 1713 2258 statuemus

80 2283 130 2318 τὴν
147 2284 185 2315 ὼς
199 2283 229 2314 ἐξ
242 2282 363 2318 ὁράσεως
378 2284 428 2318 τῆς
443 2284 472 2316 ἐξ
491 2285 593 2319 ἀμφοῖν
610 2285 652 2318 ἐφ’
677 2284 773 2319 ἑτέραν
795 2283 866 2310 εὐθὺς

928 2287 1016 2310 autent
1029 2282 1117 2317 potius
1136 2288 1169 2307 ex
1186 2280 1315 2307 ambabus
1330 2278 1480 2304 visionibus
1502 2278 1534 2304 ad
1558 2277 1637 2304 aliam
1657 2281 1713 2303 sta-

83 2330 130 2356 :ta‘t
146 2329 257 2363 γείτονα
282 2330 486 2364 μεταφοίτησιν,
509 2330 589 2364 δῆλον
620 2329 647 2356 δὲ
670 2330 710 2357 ὅτι
730 2337 879 2365 πνευματι-

83 2376 144 2410 κήν.
164 2375 276 2410 Ἐπειδὴ
303 2374 331 2401 δὲ
362 2375 469 2410 νήψεως
505 2376 626 2410 ἀκράτου
654 2376 734 2410 χρεία
762 2376 807 2402 καὶ
830 2375 880 2410 τῆς

85 2421 155 2454 ὑπὲρ
171 2420 236 2447 νοῦν
250 2420 294 2446 τὸν
311 2420 491 2456 ἀνθρώπινον,
505 2421 533 2447 ἐν
548 2429 579 2455 γε
594 2421 625 2456 δὴ
643 2421 758 2456 μάλιστα
775 2422 880 2453 τούτοις

84 2466 187 2500 λεπτὴν
220 2466 334 2492 ἐνετίθει
362 2467 560 2502 ὲπιγρήγορσιν
586 2466 625 2501 τῷ
656 2467 781 2502 προφήτῃ
804 2466 881 2499 Θεὸς,

87 2511 287 2546 μαθητεύοντος
319 2513 436 2546 ἀγγέλου
453 2513 499 2539 τοῦ
524 2512 667 2543 λαλοῦντος
693 2513 721 2539 ὲν
742 2512 825 2547 αὐτῷ,
842 2512 881 2543 ὡς

85 2559 174 2585 δοκεῖν
189 2558 221 2590 ἐξ
237 2558 324 2585 ὖπνου
336 2558 519 2593 διεγερθῆναι.
545 2559 662 2594 Τοιαύτη
680 2559 734 2593 γάρ
747 2561 805 2590 πώς
822 2559 880 2584 ἐστι

87 2604 135 2638 τῆς
150 2605 180 2631 ὲν
207 2605 273 2639 ἡμῖν
292 2604 410 2637 διανοίας
434 2606 451 2640 ἡ
472 2605 658 2638 κατάστασις,
686 2605 734 2632 καὶ
765 2604 832 2630 πολὺ
848 2604 880 2639 δὴ

90 2649 171 2683 μείων
202 2649 279 2685 παρὰ
300 2649 354 2684 τὴν
377 2647 458 2676 οὖσαν
486 2651 515 2676 ἐν
541 2651 597 2681 τοῖς
625 2650 714 2684 ἁγίοις
742 2648 878 2682 ἀγγέλοις,

89 2694 157 2721 ὥστε
171 2695 238 2730 φαίη
267 2704 311 2726 τις
337 2695 369 2721 ἂν
400 2696 563 2731 ἐγρήγορσιν
588 2695 637 2731 μὲν
653 2695 686 2722 τὰ
713 2695 835 2726 ἐκείνων,
851 2695 880 2720 ἐν

89 2739 164 2775 ὕπνῳ
175 2740 205 2767 δὲ
219 2741 316 2776 ὥσπερ
331 2740 365 2767 τὰ
378 2741 439 2767 καθ’
453 2742 538 2776 ἡμᾶς.
553 2741 660 2777 Ἐπειδὴ
672 2741 699 2767 δὲ
714 2742 727 2768 ὁ
740 2740 882 2770 θεσπέσιος

89 2786 202 2821 ἄγγελος
216 2786 333 2822 γνώμην
357 2795 386 2813 τε
409 2788 455 2814 καὶ
479 2787 539 2814 νοῦν
558 2787 625 2822 πρὸς
642 2787 728 2821 τούτῳ
750 2786 781 2820 δὴ
811 2793 881 2820 παρ-

127 2873 136 2887 ’
150 2875 221 2903 Psul.
238 2883 345 2906 cum.
362 2875 387 2902 5.
430 2876 448 2890 ¹⁰
463 2875 539 2904 Cant.
556 2883 584 2908 ιι,
601 2875 639 2902 I3.

680 2875 698 2890 ”
719 2874 814 2908 ιλιι».
834 2880 868 2903 tv,
889 2872 927 2899 l5.

930 2329 977 2356 tim
1006 2332 1033 2355 et
1049 2328 1165 2355 vicinam
1182 2325 1348 2361 spiritualem
1373 2325 1465 2359 utique
1497 2324 1616 2350 transiri.
1642 2323 1716 2356 Quo-

930 2376 1002 2402 niam
1019 2382 1083 2401 vero
1101 2374 1127 2400 in
1152 2373 1193 2400 his
1211 2373 1327 2399 niaxinte
1347 2371 1477 2406 singulari
1494 2369 1633 2404 vigilantia
1649 2377 1717 2402 opus

931 2426 982 2452 est,
1010 2424 1036 2447 et
1055 2420 1157 2453 majore
1189 2426 1271 2452 quam
1294 2425 1342 2452 pro
1359 2421 1437 2450 captu
1467 2416 1596 2447 lmntano,
1622 2421 1715 2440 acrem

934 2466 1050 2501 vigiliam
1074 2465 1195 2492 immittit
1214 2466 1349 2498 propheta:
1374 2462 1453 2492 Deus,
1483 2461 1596 2487 docente
1620 2460 1716 2494 angelo

931 2513 975 2545 qui
990 2512 1015 2538 in
1033 2512 1090 2545 ipso
1109 2510 1275 2544 loquebatur,
1296 2513 1324 2535 ut
1337 2515 1366 2534 se
1386 2515 1401 2534 e
1416 2514 1511 2533 somno
1526 2510 1633 2540 putaret
1649 2505 1717 2531 esci-

932 2561 1028 2584 tatum.
1050 2556 1122 2582 Talis
1142 2561 1183 2582 est
1200 2555 1270 2581 enim
1292 2554 1372 2580 animi
1396 2552 1483 2579 nostri
1501 2551 1629 2581 conditio,
1649 2550 1717 2576 nml-

932 2607 1014 2636 loque
1034 2601 1147 2628 inl'orior
1171 2608 1251 2634 quant
1270 2600 1296 2626 in
1318 2599 1419 2626 sanctis
1436 2598 1548 2633 angelis,
1563 2602 1592 2623 ut
1609 2604 1718 2623 asseve—

933 2655 994 2674 rare
1012 2647 1098 2681 possit
1125 2647 1258 2680 quispiam
1279 2646 1339 2672 illos
1355 2652 1414 2672 esse
1431 2645 1455 2671 in
1473 2649 1601 2678 perpetua
1616 2642 1717 2676 vigilia,

933 2701 982 2720 nos
1008 2693 1083 2727 quasi
1113 2693 1138 2718 iu
1166 2695 1295 2725 perpetuo
1325 2698 1429 2717 somno.
1457 2691 1601 2723 l’ostquam
1629 2692 1718 2714 autem

933 2738 1039 2765 divinus
1054 2737 1165 2771 angelus
1183 2736 1357 2767 voluntatem.
1376 2742 1402 2762 et
1429 2740 1545 2762 mentem
1564 2740 1670 2768 quoque
1687 2740 1720 2758 eo

935 2783 1089 2810 inclinatam
1117 2782 1200 2814 vidit,
1228 2786 1257 2808 ut
1283 2781 1354 2816 quod
1383 2781 1465 2808 {iebat
1493 2779 1627 2807 subtiliter
1654 2776 1719 2805 satis

968 2871 988 2886 ”
1003 2869 1054 2897 lea.
1075 2877 1101 2902 II,
1123 2870 1149 2895 ι,

1190 2870 1212 2885 ’³
1227 2869 1299 2896 Psal.
1321 2876 1394 2900 om,
1414 2868 1438 2894 I.
1478 2867 1500 2883 “
1514 2865 1586 2894 Psal.
1601 2871 1672 2896 xui,
1687 2863 1715 2889 .5.
