1910 3050
233 132 267 160 59
730 131 760 158 S.
779 130 918 158 CYlilLLl
937 130 1172 159 ALEXANDIHNI
1192 132 1348 160 ARCIIIEP.
1829 137 1863 165 σο

234 189 387 224 perspicere
400 193 500 223 posset.
518 195 692 224 percontatur
715 189 843 224 quidnam
874 194 944 223 putet
959 197 1012 216 οδε(

1070 191 1248 226 ενηνεγμένον
1275 192 1410 223 τεθέαται,
1425 192 1494 218 ὥστε
1519 192 1564 219 καὶ
1585 193 1769 229 ἀποχρώντως
1789 194 1862 230 ἔχειν

232 244 292 270 quin
309 235 541 263 mouslrabautur.
559 236 624 263 Tum
646 236 777 270 propheta
796 243 900 261 rursum
922 236 1018 262 certis-

234 283 329 308 simam
348 281 462 309 visionis
477 281 761 308 commemorationem
791 281 905 311 inducit,
926 281 1018 308 dicens

233 335 262 354 se
281 327 380 354 vidisse
396 327 598 359 candelabrum,
623 331 708 352 totum
728 333 838 352 aureum
855 333 904 360 per
921 330 1016 358 totum,

234 381 265 398 ac
286 380 368 406 super
392 373 478 406 ipsum
505 372 669 406 |amp.nlem;
690 373 754 406 quin
777 376 803 398 et
829 372 952 398 lucernas
975 379 1018 398 se-

234 424 317 451 ptem,
348 423 374 444 et
395 420 489 444 eodem
511 425 623 444 numero
655 417 796 450 inlusoria,
827 417 912 444 olivas
939 418 1016 450 duas,

233 471 312 489 uuam
326 471 340 489 a
354 463 456 489 dextris
471 463 612 496 lampadis,
627 463 739 489 alteram
752 471 764 489 a
779 463 905 489 sinistris.
920 463 952 489 Et
966 463 1017 490 ista

240 509 348 543 quidem
369 513 477 535 Ostensa
495 508 620 542 liquidius
637 508 748 535 forsitan
766 508 946 543 explauabuut
958 516 1017 544 quas

232 554 302 580 dit-ta
315 558 390 580 sunt.
408 553 523 584 Necesse
536 559 577 580 est
593 559 680 580 tamen
698 554 808 580 visionis
830 553 909 588 hujus
923 554 1016 580 iulium

231 599 365 626 curiosius
388 600 557 634 indagantes,
584 600 742 634 signiﬁcatis
766 604 867 626 attente
893 600 1017 627 conside-

233 642 325 669 nudis
336 643 541 676 diligentissime
554 643 720 675 incumbere,
733 649 759 671 et
770 652 800 670 ea
813 652 872 670 cum
883 644 938 678 jam
953 653 1018 678 prie-

231 688 310 715 dictis
323 689 391 715 scite
411 689 546 723 copulare.
562 689 700 724 Aitigitur
719 690 908 717 universorum
932 691 1014 722 Deus.

231 741 260 761 se
289 733 392 761 foveam
424 735 568 766 l'ossurum,
601 741 628 762 et
649 740 880 762 eontrectaturum
906 743 1014 762 omnem

231 779 400 814 iniquitatem
419 785 497 807 terrae
513 781 584 807 illius
602 781 629 807 in
645 781 688 808 die
705 789 768 810 una.
787 781 916 809 Hortatur
932 783 1014 810 etiam

209 856 215 863 χ
230 826 309 858 alios,
334 830 364 853 ut
385 827 455 853 inter
479 834 508 854 se
532 827 582 854 sub
597 827 679 854 vitem
704 833 731 854 et
749 827 828 854 licunt
853 833 1011 856 converrat.

232 871 284 898 Nos
297 879 406 906 scopum
420 872 567 906 prophetia:
583 873 747 906 aperientes,
758 874 912 901 dicebamus
925 875 1013 902 iucre-
1030 864 1051 892 Β

231 916 301 943 dulis
326 922 352 944 et
365 918 515 952 agrestibus
526 919 758 953 contemptoribus
771 919 866 946 salutis
879 928 925 954 per
937 921 1015 948 Chri-

232 966 302 988 stum
327 967 410 995 parur.
424 963 567 997 quamdam
593 964 697 991 foveam
721 965 857 993 exitialem
881 973 941 994 esse
960 966 1014 994 los-

229 1015 296 1039 sam,
311 1008 393 1043 683
406 1009 595 1036 contumeliam
621 1010 724 1037 scilicet
748 1012 849 1044 crucis,
871 1018 899 1039 et
926 1013 1014 1040 scelus

228 1058 345 1080 crueutze
358 1054 439 1080 cwdis
453 1054 565 1082 Christi.
590 1053 734 1082 Perierunt
752 1057 824 1083 enim
842 1057 945 1089 miseri,
967 1058 1013 1092 qui

234 1099 375 1126 Dominum
397 1100 478 1134 impie
493 1106 670 1129 necaverunt.
691 1101 725 1129 lis
745 1107 835 1130 autem
852 1103 896 1137 qui
913 1104 1015 1131 dilexe-

229 1149 290 1172 runt
308 1145 451 1172 adventum
475 1146 534 1181 ejus
557 1147 774 1179 delectationem,
799 1153 826 1176 et
841 1149 964 1182 delicias.
984 1154 1012 1177 et

228 1191 293 1225 quid
306 1199 358 1218 non
371 1191 478 1218 tandem
493 1191 572 1227 hujus
587 1194 694 1227 generis
710 1195 877 1229 contigisse?
893 1195 1015 1223 Fuerunt

227 1236 298 1263 enim
313 1236 339 1262 in
359 1236 486 1264 Ecclesiis
505 1238 578 1265 velut
592 1240 641 1265 sub
657 1239 760 1267 lir'ubus
785 1245 811 1267 et
829 1241 940 1269 vitibus.
960 1242 1013 1269 Sed

227 1289 291 1309 ecce
301 1282 353 1309 alio
367 1283 430 1308 item
449 1284 529 1310 modo
544 1284 674 1319 propheta
689 1287 845 1321 mysterium
866 1287 943 1314 vidit.
959 1288 1015 1315 Au-

229 1335 302 1354 reum
323 1329 420 1362 quippe
432 1329 625 1357 candelabrum
648 1339 741 1359 rursus
763 1332 910 1360 Ecclesium
928 1334 1013 1361 inter-

229 1378 378 1408 pretamur.
407 1379 500 1408 utpote
533 1376 718 1404 honorabilem
750 1379 858 1412 mundo,
887 1384 1013 1415 tanquam

229 1419 371 1446 virtutibus
404 1419 614 1448 iliustrissimatn
646 1430 678 1450 ac
699 1422 958 1458 splendidissimum,
983 1429 1013 1453 ut

228 1462 341 1488 sublime
353 1463 496 1490 admodum
514 1465 644 1492 elevatam
657 1470 727 1494 veru:
741 1469 903 1503 cognitionis
915 1469 1013 1498 divina

228 1506 371 1538 dogmatis,
388 1515 470 1542 super
488 1515 540 1542 qua
559 1509 660 1544 lampas
685 1517 736 1543 est,
762 1520 857 1548 nempe
875 1513 1011 1547 Christus,

227 1552 260 1579 de
277 1560 330 1587 quo
344 1553 413 1580 Deus
432 1558 457 1580 et
477 1554 576 1582 Pater:
596 1565 605 1581 ι
622 1556 735 1592 Propter
755 1558 819 1586 Sion
836 1567 887 1587 nou
907 1562 1013 1594 tacebo,

226 1603 254 1624 et
268 1603 376 1633 propter
391 1598 538 1628 Jerusalem
557 1610 611 1629 non
625 1602 775 1637 quiescam,
790 1605 878 1633 donec
892 1607 1014 1641 egredia-

228 1649 271 1669 tur
291 1649 319 1670 ut
340 1644 428 1672 lumen
445 1646 548 1680 justitia
577 1655 647 1680 mea,
673 1654 700 1675 et
726 1649 844 1678 Salutare
872 1658 960 1679 meum
985 1656 1015 1679 ut

227 1689 329 1722 lampas
347 1691 507 1718 accendatur
520 1692 552 1718 ¹⁸.
568 1703 577 1719 ι
602 1693 676 1720 lianc
690 1694 840 1729 lampadem
858 1697 1013 1725 universum

225 1735 320 1762 urbem
346 1736 542 1765 illuminantr-m
573 1747 655 1774 super
677 1741 870 1769 candelabrum
894 1743 964 1771 Deus
987 1749 1014 1772 et

227 1781 306 1808 Pater
322 1783 433 1816 posuit:
453 1793 461 1809 ι
480 1783 514 1811 Ut
529 1792 623 1812 omnes
645 1787 690 1820 qui
717 1787 903 1821 ingrediuntur
924 1789 1012 1817 lumen

225 1827 345 1859 videant,
369 1834 395 1855 et
416 1829 504 1856 luceat
528 1832 652 1858 omnibus
669 1833 714 1866 qui
737 1833 762 1859 in
781 1833 861 1861 domo
875 1840 937 1862 sunt
950 1836 981 1862 ".
1001 1845 1010 1862 ι

224 1873 336 1906 Septem
355 1879 446 1903 autem
462 1881 525 1902 sunt
548 1876 674 1910 lacerum,
693 1885 744 1904 non
770 1878 899 1906 habentes
922 1879 1011 1908 lutucu

226 1920 386 1952 proprium,
415 1922 463 1947 sed
493 1921 629 1949 inductum
667 1928 694 1950 et
718 1929 870 1957 externum,
907 1930 933 1952 et
960 1926 1011 1953 olei

226 1963 359 1992 allitsioue
385 1967 527 1999 nutritum,
545 1975 604 2002 qu
620 1974 647 1996 et
667 1970 732 2004 ipsa;
747 1976 855 1997 sanctos
876 1972 1012 2006 apostolos

225 2011 357 2044 referunt,
383 2018 409 2039 et
430 2014 609 2048 evangelistas
637 2015 756 2049 insuper,
779 2020 805 2043 et
829 2016 873 2050 qui
900 2017 1011 2052 singulis

229 2057 395 2090 temporilms
412 2059 573 2085 exstiterunt
591 2059 769 2088 Ecclesiarum
796 2062 947 2096 magistros,
965 2064 1010 2098 qui

227 2101 451 2129 illuininatioucm
479 2112 492 2129 a
516 2104 625 2131 Christo
650 2105 731 2132 veluti
752 2108 879 2140 quosdaut
901 2108 1011 2143 lychnus

225 2147 252 2174 in
271 2149 368 2175 animis
400 2153 427 2175 et
444 2150 570 2177 cordibus
592 2151 649 2178 suis
661 2159 848 2187 susceperunt,
867 2155 910 2180 cui
926 2154 1011 2189 Spiri-

225 2197 269 2219 tus
294 2200 402 2221 sauctus
425 2195 553 2222 alimenta
575 2198 764 2231 suppeditavit,
786 2200 831 2233 qui
854 2200 1008 2227 domesticis
1027 2202 1047 2228 D

225 2240 315 2266 lumen
349 2241 470 2272 praebent
496 2246 522 2268 et
549 2242 693 2270 credentes
722 2251 773 2270 uua
799 2253 860 2271 cum
887 2245 1010 2279 lampade

226 2284 389 2311 illuminant.
405 2285 524 2312 Observa
543 2292 684 2320 prteterea,
709 2295 813 2323 septem
835 2289 952 2316 lucernis
970 2289 1010 2316 iu-

225 2329 325 2356 l'usoria
341 2330 468 2364 adfuisse,
492 2340 538 2366 per
555 2340 614 2366 qua:
631 2333 682 2360 illis
699 2335 787 2361 oleum
811 2335 1008 2367 inl'uuderelur,

224 2375 339 2409 lampadi
370 2385 422 2403 non
446 2377 574 2405 adfuisse.
594 2378 662 2412 Quid
687 2381 744 2407 ita?
761 2385 803 2407 est
827 2380 897 2407 enim
921 2380 1008 2406 lumen

225 2429 318 2449 verum
336 2422 428 2454 Filius,
444 2432 496 2451 non
521 2430 672 2457 externum,
688 2434 775 2460 neque
792 2426 939 2457 inductum,
961 2433 1010 2451 uec

224 2468 258 2494 ab
272 2469 325 2496 alio
345 2469 449 2503 datum,
470 2471 512 2498 cui
535 2470 649 2499 facultas
666 2471 834 2498 illumiuaudi
856 2471 1008 2504 contigerit,

225 2513 272 2540 sed
295 2514 353 2547 ipse
370 2520 412 2542 cst
429 2517 575 2544 secundum
593 2522 716 2544 naturam
743 2517 831 2543 lumen
846 2526 852 2543 :
869 2518 938 2550 quod
958 2525 1008 2544 au-

226 2565 277 2586 tent
307 2562 332 2588 in
359 2564 461 2591 sanctis
485 2569 535 2597 est,
558 2565 592 2592 ab
619 2565 677 2599 ipso
701 2566 929 2592 communicatum
952 2571 1004 2594 est.

224 2606 396 2635 'l‘estilicatur
419 2609 445 2636 id
466 2610 575 2644 sapiens
595 2609 712 2637 Joannes
732 2617 740 2636 :
758 2619 767 2635 ι
783 2610 820 2638 De
842 2611 1008 2645 plenitudine

223 2651 295 2684 ejus,
325 2654 421 2688 inquit,
453 2663 548 2683 omnes
575 2656 772 2690 accepimus”.
791 2667 800 2683 ι
828 2657 888 2692 Ipse
918 2663 1006 2686 autem

225 2697 309 2725 Filius
323 2708 415 2728 verum
440 2701 529 2728 lumen
544 2701 679 2730 claritatis
694 2711 750 2731 sua:
765 2705 909 2739 participes
923 2705 1008 2734 factos

225 2745 315 2772 mutuli
335 2746 424 2774 lumen
441 2747 605 2781 appellabat.
632 2749 675 2776 Ait
699 2751 799 2778 etenim
820 2752 923 2780 sanctis
939 2759 1006 2787 apo-

260 2833 282 2850 "
298 2832 350 2859 lsa.
366 2840 432 2864 uti,
456 2834 478 2860 l.

519 2836 539 2850 ’⁵
555 2835 619 2864 Luc.
636 2845 672 2871 τι,
689 2838 723 2865 33
774 2840 794 2855 '-'
810 2839 887 2867 Joau.
905 2848 925 2874 ι,
939 2840 980 2868 l6.

1072 237 1188 263 συνιέναι
1204 238 1308 269 λεπτῶς
1324 238 1373 272 τὴν
1391 239 1496 273 ὅρασιν,
1512 239 1703 266 διεπυνθάνετο
1720 240 1820 274 λέγων,
1837 240 1862 267 τί

1071 281 1103 307 ἂν
1116 282 1197 308 οἴοιτο
1223 283 1356 317 ὑπάρχειν
1380 283 1414 310 τά
1437 283 1605 318 δεδειγμένα.
1638 285 1862 319 Ἀπλανεστάτην

1069 335 1101 360 γε
1132 327 1185 362 μὴν
1212 328 1225 354 ὁ
1246 329 1389 364 προφήτης
1417 329 1466 363 τῆς
1497 330 1618 365 ὁράσεως
1642 331 1692 366 τὴν
1719 331 1861 365 ἀφήγησιν

1069 374 1185 400 ἐποιεῖτο
1201 373 1291 406 πάλιν,
1324 374 1434 409 λυχνίαν
1456 375 1606 410 ἑωρακέναι
1631 376 1716 409 λέγων
1739 377 1806 412 ὅλην
1828 378 1858 403 δι’

1068 419 1129 446 ὅλου
1146 421 1259 455 χρυσῆν·
1278 420 1369 447 ἐπάνω
1385 420 1413 447 δὲ
1427 421 1512 455 αὐτῆς
1526 421 1555 448 τὸ
1571 422 1733 457 λαμπάδιον,
1743 423 1792 449 καὶ
1808 426 1860 458 μὴν

1069 466 1115 492 καὶ
1133 466 1245 501 λύχνους
1258 467 1337 499 ἑπτά,
1354 467 1400 493 καὶ
1431 467 1591 502 ἰσαρίθμους
1609 469 1700 500 αὐτοῖς
1731 470 1782 501 τὰς
1811 470 1858 495 ἐπ-

1069 513 1248 547 αρυστρίόας,
1262 513 1355 544 ὲλαίας
1364 513 1420 546 δύο,
1440 513 1503 549 μίαν
1515 514 1563 549 μὲν
1574 515 1606 540 ἐκ
1618 514 1712 548 δεξιῶν
1726 515 1774 542 τοῦ
1790 515 1859 550 λαμ-

1069 557 1174 588 παόίου,
1197 557 1313 593 θατέραν
1328 567 1358 592 γε
1378 559 1430 594 μὴν
1445 559 1573 595 κειμένην
1586 560 1616 592 ἐξ
1630 561 1790 596 εὐωνύμων.
1804 562 1858 588 Καὶ

1067 604 1150 638 ἡμὲν
1173 604 1362 638 ἐμφανεστέρα
1378 604 1430 631 τῶν
1455 604 1634 640 δεδειγμένων
1658 607 1786 639 ἀπόδοσις
1815 608 1855 643 εἴη

1067 649 1099 676 ἂν
1112 649 1161 684 οὐχ
1174 650 1256 685 ἑτέρα
1271 651 1346 685 παρὰ
1361 651 1456 680 ταῦτα,
1472 653 1532 688 Χρὴ
1547 652 1575 678 δὲ
1589 653 1651 684 τοὺς
1664 653 1713 688 τῆς
1729 654 1858 680 ἐσωτάτω

1066 694 1111 721 τὸν
1123 695 1184 721 νοῦν
1199 696 1319 728 ἐνιέντας
1335 698 1554 733 περιεργότερον,
1566 698 1722 734 περιαθρεῑν
1738 696 1767 725 εὖ
1783 699 1855 734 μάλα

1067 742 1213 777 πειρᾶσθαι
1229 742 1264 769 τὰ
1278 742 1441 778 δηλούμενα,
1470 745 1516 771 καὶ
1542 745 1645 771 συνδεῖν
1669 745 1785 776 ἀστείως
1802 746 1857 776 τοῖς

1066 786 1115 822 ἤδη
1132 788 1341 823 προειρημένοις
1352 790 1399 815 καὶ
1410 791 1481 816 τάδε.
1500 791 1570 825 Ἔφη
1584 791 1674 817 τοίνυν
1696 791 1710 816 ό
1725 792 1778 818 τῶν
1789 791 1856 818 ὅλων

1066 833 1142 866 Θεὸς,
1155 834 1195 860 ὅτι
1218 834 1262 860 καὶ
1278 834 1373 869 βόθρον
1395 836 1497 871 ὀρύξει,
1523 837 1569 863 καὶ
1593 838 1748 873 ψηλαφήσει
1767 839 1856 864 πᾶσαν

1065 880 1114 915 τὴν
1128 879 1234 906 ἀδικίαν
1251 881 1300 914 τῆς
1321 881 1371 916 γῆς
1384 881 1493 917 ἐκείνης
1507 883 1535 909 ὲν
1554 884 1646 919 ἡμέρᾳ
1658 885 1716 919 μιᾷ.
1738 884 1857 919 Προτρὲ-

1065 934 1111 952 πει
1139 925 1167 952 δὲ
1193 927 1241 952 καὶ⁴
1261 926 1366 961 ὲτέροις
1392 928 1538 961 συγκαλεῖν
1568 929 1698 965 ἀλλήλους
1727 930 1856 956 ὑποκάτω

1065 967 1189 1007 ἀμπέλου
1215 973 1261 999 καὶ
1279 973 1406 999 ὑποκάτω
1423 974 1518 1009 συκῆς.
1541 974 1634 1009 Ἡμεῖς
1647 975 1675 1002 δὲ
1691 975 1763 1010 σαφῆ
1790 975 1855 1000 καο-

1066 1017 1188 1049 ιστάντες
1205 1017 1253 1052 τῆς
1271 1019 1440 1054 προφητείας
1465 1019 1510 1046 τὸν
1524 1020 1635 1051 σκοπὸν,
1661 1020 1792 1055 ἐλέγομεν
1817 1021 1857 1046 ὅτι

1064 1065 1121 1096 τοῖς
1128 1064 1177 1099 μὲν
1188 1064 1310 1090 ἀπειθεῖν
1321 1065 1481 1100 ᾑρημένοις,
1490 1065 1538 1092 καὶ
1551 1065 1730 1100 ἀτιμάζουσιν
1742 1067 1856 1101 ἀμαθῶς

1064 1109 1114 1144 τὴν
1129 1109 1174 1136 διὰ
1191 1109 1309 1145 Χριστοῦ
1325 1110 1472 1146 σωτηρίαν,
1484 1111 1579 1146 βόθρος
1593 1110 1638 1138 οἷά
1650 1120 1691 1144 τις
1702 1112 1856 1148 ὀρώρυκται

1064 1156 1257 1191 κατακομίζων
1271 1157 1311 1188 εἰς
1321 1156 1441 1192 ὄλεθρον,
1456 1158 1473 1193 ἡ
1486 1158 1531 1185 ὲπὶ
1545 1158 1584 1193 τῷ
1598 1158 1706 1194 σταυρῷ
1717 1160 1854 1194 παροινία,

1065 1202 1173 1237 καὶτῆς
1194 1202 1265 1229 κατὰ
1289 1203 1408 1239 Χριστοῦ
1439 1204 1594 1239 μιαιφονίας
1620 1204 1653 1231 τὰ
1682 1205 1855 1240 ἐγκλήματα.

1070 1247 1238 1274 ’Λπολὼλασι
1277 1249 1332 1285 γὰρ
1372 1250 1398 1276 οἱ
1435 1248 1546 1276 δείλαιοι
1586 1251 1855 1286 Κυριοκτονήσαντες

1064 1293 1188 1326 ἀνοσίως.
1201 1294 1263 1326 Τοῖς
1273 1303 1305 1328 γε
1323 1294 1375 1330 μὴν
1389 1294 1546 1330 ἠγαπηκόσι
1570 1295 1619 1330 τὴν
1631 1296 1792 1330 ἐπιφάνειαν

1063 1338 1111 1366 τοῦ
1123 1339 1216 1374 τέρψις
1232 1348 1261 1366 τε
1278 1340 1325 1366 καὶ
1341 1340 1440 1375 τρυφὴ,
1452 1340 1498 1367 καὶ
1516 1341 1542 1367 τί
1558 1340 1612 1375 γὰρ
1626 1341 1686 1376 οὔχὶ
1702 1340 1756 1367 τῶν
1768 1341 1855 1367 τοιοὺ-

1063 1395 1116 1414 των
1131 1387 1251 1421 ὑπῆρξες
1267 1387 1397 1422 Γεγόνασι
1409 1387 1463 1423 γὰρ
1482 1387 1521 1419 ὡς
1536 1388 1588 1414 ὑπὸ
1602 1389 1700 1419 συκαῖς
1733 1388 1781 1414 καὶ
1799 1389 1852 1422 ἀμ-

1065 1432 1158 1463 πέλοις
1175 1433 1236 1464 ταῖς
1258 1432 1443 1469 Ἐκκλησίαις.
1464 1433 1534 1460 Ἀλλ’
1553 1433 1605 1460 ἰδοὺ
1624 1434 1669 1460 καὶ
1691 1433 1751 1460 καθ’
1763 1434 1854 1469 ἕτερον

1063 1476 1164 1510 τρόπον
1177 1476 1223 1503 τοῦ
1249 1477 1400 1512 μυστηρίου
1416 1477 1465 1513 τὴν
1489 1477 1602 1512 δύναμιν
1620 1478 1634 1504 ὁ
1652 1479 1796 1512 προφήτης
1813 1487 1855 1504 τε-

1027 1532 1048 1561 c
1065 1521 1170 1549 θέαται.
1197 1522 1253 1557 Τὴν
1282 1522 1337 1557 γάρ
1364 1531 1405 1549 τοι
1421 1523 1524 1558 χρυσῆν
1549 1523 1658 1558 λυχνίαν
1679 1524 1768 1558 φαμὲν
1785 1521 1854 1550 εἶναι

1066 1566 1146 1593 πάλιν
1166 1566 1215 1602 τὴν
1245 1567 1420 1602 Ἐκκλησίαν,
1447 1568 1484 1599 ὡς
1507 1568 1691 1603 τετιμημένην
1705 1569 1734 1594 ὲν
1747 1569 1852 1603 κόσμῳ,

1064 1612 1278 1648 διαφανεστάτην
1291 1614 1321 1640 ὲν
1333 1614 1455 1649 ἀρεταῖς,
1470 1614 1507 1645 ὡς
1522 1613 1590 1648 ὑψοῦ
1602 1614 1633 1649 δὴ
1647 1614 1707 1641 λίαν
1731 1615 1855 1649 ἠρμένην

1063 1659 1120 1690 τοῖς
1136 1658 1186 1693 τῆς
1218 1658 1347 1694 ἀληθινῆς
1373 1659 1537 1693 θεογνωσίας
1559 1659 1702 1694 δόγμασιν,
1826 1660 1855 1686 τδ

1063 1704 1225 1739 λαμπάδιον,
1242 1705 1374 1735 τουτέστι.
1391 1705 1517 1741 Χριστὸς,
1535 1706 1599 1740 περὶ
1610 1702 1640 1731 οὗ
1658 1715 1741 1740 φησιν
1764 1707 1778 1732 ὁ
1790 1706 1855 1737 Θεὸς

1064 1750 1111 1776 καὶ
1123 1751 1227 1786 Πατήρ·
1246 1760 1255 1776 ι
1270 1751 1319 1777 Διὰ
1338 1750 1408 1777 Σιὼν
1433 1751 1463 1778 οὐ
1479 1752 1665 1787 σιωπήσομαι,
1678 1752 1725 1778 καὶ
1740 1751 1784 1778 διὰ
1805 1753 1853 1778 ἰε-

1065 1798 1206 1833 ρουσαλὴμ
1231 1798 1281 1825 οὐκ
1304 1798 1406 1834 ἀνήσω,
1433 1798 1484 1829 ἓως
1497 1797 1530 1824 ἂν
1547 1798 1643 1834 ἐξέλθῃ
1654 1799 1691 1829 ὡς
1715 1797 1772 1832 φῶς
1787 1799 1803 1833 ἡ
1818 1797 1855 1824 δι-

1063 1845 1192 1879 καιοσύνη
1209 1852 1271 1879 μου,
1286 1844 1316 1871 τὸ
1329 1845 1356 1871 δὲ
1371 1844 1504 1879 σωτήριόν
1517 1853 1567 1879 μου
1578 1845 1615 1876 ὡς
1628 1844 1737 1879 λαμπὰς
1752 1845 1854 1878 καυοήσ

1064 1897 1149 1917 σεται.
1163 1899 1172 1915 ι
1190 1889 1275 1916 Τοῦτο
1287 1891 1340 1926 γάρ
1353 1889 1505 1924 λαμπάδιον
1516 1890 1545 1917 τὸ
1562 1891 1650 1917 πᾶσαν
1664 1891 1854 1924 καταφωτὶξον

1061 1935 1111 1970 τὴν
1128 1935 1172 1961 ὑπ’
1187 1935 1309 1970 οὐρανὸν,
1336 1936 1383 1962 ἐπὶ
1399 1937 1430 1971 τῇ
1447 1935 1542 1971 λυχνίᾳ
1557 1936 1677 1962 τέθεικεν
1689 1937 1702 1962 ὁ
1720 1936 1786 1967 Θεὸς
1808 1937 1853 1963 καὶ

1062 1982 1167 2016 Πατὴρ,
1182 1991 1191 2006 ‹
1206 1982 1263 2008 ’Ίνα
1276 1982 1375 2013 πάντες
1391 1982 1415 2008 οἱ
1429 1982 1662 2018 εἰσπορευόμενοι,
1672 1982 1703 2008 τὸ
1718 1982 1776 2016 φῶς
1793 1982 1852 2017 βλέ-

1063 2036 1146 2059 πωσι,
1162 2028 1209 2054 καὶ
1221 2027 1316 2064 λάμπῃ
1330 2029 1395 2054 πᾶσι
1408 2029 1463 2060 τοῖς
1480 2029 1508 2054 ἐν
1536 2030 1568 2063 τῇ
1591 2029 1675 2063 οἰκίᾳ.
1693 2037 1703 2054 ν
1725 2029 1810 2055 Ἐπτὰ
1826 2029 1854 2054 δὲ

1061 2073 1085 2099 oi
1109 2072 1210 2107 λύχνοι,
1224 2073 1279 2108 φῶς
1298 2074 1346 2100 οὐκ
1364 2074 1472 2109 ἔχοντες
1497 2074 1573 2104 ἴδιον,
1588 2074 1646 2100 ἀλλ’
1658 2074 1787 2104 ἐπακτὸν,
1807 2074 1854 2100 καὶ

1061 2119 1169 2152 ἔξωθεν,
1186 2120 1232 2146 καὶ
1254 2121 1314 2151 ταῖς
1330 2120 1362 2146 δι’
1379 2120 1469 2146 ἐλαίου
1494 2120 1638 2155 χορηγίαις
1663 2120 1831 2155 τρεφόμενον
1845 2128 1851 2134 ·

1061 2165 1221 2200 σημαίνουσι
1234 2166 1262 2192 δὲ
1275 2167 1322 2193 καὶ
1333 2166 1409 2193 αὐτοὶ
1420 2166 1482 2198 τοὺς
1501 2167 1594 2200 ἁγίους
1608 2166 1787 2198 ἀποστόλους,
1808 2167 1853 2192 καὶ

1063 2211 1153 2245 μέντοι
1184 2211 1231 2237 καὶ
1243 2212 1450 2246 εὐαγγελιστάς,
1466 2212 1513 2239 καὶ
1529 2212 1592 2242 τοὺς
1607 2212 1679 2238 κατὰ
1692 2213 1788 2246 καιρὸν
1799 2212 1853 2239 τῶν

1068 2255 1234 2290 Ἐκκλησιῶν
1251 2256 1438 2289 διδασκάλους,
1464 2257 1625 2292 δεχομένους
1650 2258 1698 2292 μὲν
1717 2254 1762 2284 οἶά
1777 2266 1852 2289 τινας

1061 2300 1173 2335 λύχνους
1203 2302 1243 2333 εἰς
1267 2301 1328 2328 νοῦν
1353 2303 1398 2329 καὶ
1420 2302 1532 2337 καρδίαν
1562 2302 1608 2329 τὸν
1629 2303 1705 2338 παρὰ
1732 2303 1851 2338 Χριστοῦ

1061 2346 1211 2381 φωτισμὸν,
1233 2347 1280 2374 καὶ
1292 2349 1352 2379 ταῖς
1381 2348 1427 2374 τοῦ
1452 2348 1610 2383 Πνεύματος
1634 2349 1777 2384 χορηγίαις
1792 2358 1851 2384 τρε-

1061 2392 1178 2426 φόμενον
1194 2392 1316 2428 ἔχοντας,
1331 2394 1420 2426 ἱέντας
1431 2403 1463 2428 γε
1479 2395 1531 2429 μὴν
1554 2396 1610 2426 τοῖς
1628 2395 1657 2421 ἐν
1675 2396 1708 2430 τῇ
1733 2395 1807 2430 οἰκία
1822 2396 1851 2421 τὺ

1061 2437 1127 2471 φῶς,
1143 2439 1188 2464 καὶ
1202 2438 1240 2473 τῷ
1250 2438 1394 2473 λαμπαδίῳ
1409 2438 1684 2473 συγκαταυγάζοντας
1711 2440 1775 2470 τοὺς
1805 2448 1851 2465 πε-

1060 2484 1250 2515 πιστευκότας.
1270 2485 1410 2520 Ἐπιτὴρει
1434 2485 1472 2516 δὲ,
1486 2486 1528 2512 ὃτι
1548 2487 1605 2516 τοῖς
1626 2486 1674 2520 μὲν
1699 2486 1772 2512 ἑπτὰ
1798 2486 1845 2512 λύ-

1066 2537 1140 2564 χνοις
1153 2530 1349 2564 ἐπαρυστρίδες
1361 2528 1441 2566 ἦσαν,
1459 2530 1491 2557 δι’
1514 2527 1552 2557 ὧν
1568 2531 1660 2562 αὐτοῖς
1677 2531 1811 2566 εζσεχεῖτο
1822 2531 1851 2558 τὸ

1062 2574 1354 2611 ἕλαιον,ὲπαρυστρίδα
1378 2584 1410 2610 γε
1435 2577 1488 2612 μὴν
1507 2577 1537 2603 τὸ
1549 2577 1701 2610 λαμπάδιον
1715 2577 1765 2602 οὐκ
1783 2576 1848 2611 ἔχει.

1061 2619 1110 2645 Διὰ
1126 2620 1205 2646 ποίαν
1221 2620 1320 2652 αἰτίαν;
1336 2621 1396 2652 Φῶς
1413 2621 1460 2655 μὲν
1479 2621 1532 2656 γάρ
1557 2623 1615 2648 ἐστι
1635 2622 1666 2648 τὸ
1681 2621 1814 2656 ἀληθινὸν
1836 2623 1850 2648 ὁ

1061 2663 1135 2704 Υἱὸς,
1150 2665 1201 2690 οὐκ
1213 2664 1321 2697 ἔξωθεν,
1333 2665 1386 2691 οὐδ’
1398 2666 1525 2697 ἐπακτὸν,
1543 2666 1604 2692 οὔτε
1625 2666 1678 2701 μὴν
1705 2667 1770 2702 παρ’
1791 2667 1848 2693 ἑτέ-

1063 2717 1109 2744 ρου
1122 2709 1196 2736 δοτὸν
1207 2710 1237 2736 τὸ
1249 2711 1448 2744 καταςρωτίςειν
1467 2712 1596 2739 δύνασθαι
1613 2712 1713 2747 λαχών·
1730 2713 1790 2739 ἀλλ’
1801 2713 1848 2740 αὔ-

1060 2754 1106 2786 τὸς
1122 2755 1191 2782 κατὰ
1207 2755 1287 2789 φύσιν
1300 2757 1429 2792 ὑπάρχων
1449 2757 1514 2792 φῶς·
1539 2758 1670 2792 μεθεκτῆν
1685 2766 1716 2792 γε
1735 2758 1789 2794 μὴν
1819 2759 1848 2784 ἐν
