1910 3050
45 163 70 191 ει

455 159 731 190 COMMENTARIUS
751 161 784 189 IN
807 162 1009 190 ZACIIARIAM
1031 163 1253 193 PROPHETAM.

1628 165 1663 193 εἰ

44 225 90 255 τοῖς
103 223 187 257 ἁγίοις
209 222 257 249 καὶ
277 222 344 257 παρ’
359 221 452 248 αὑτοῦ.
477 222 533 248 Καὶ
551 221 754 257 πληροφορήσει
777 222 820 248 λέ-

881 223 949 250 :tolis
968 233 974 250 :
991 234 1000 248 ‹
1017 223 1069 250 Vos
1085 224 1153 251 estis
1168 225 1214 252 lux
1233 225 1324 252 mundi
1339 225 1372 251 ¹⁵.
1390 233 1399 251 ι
1417 223 1478 251 Jam
1494 224 1553 252 duze
1573 224 1662 258 σιμ-ω,

45 271 117 305 γωνὸ
137 268 217 303 σοφὸς
238 268 376 302 Ἰωάννης,
402 267 443 293 ὅτι
468 276 477 293 t
500 267 547 294 Ἐκ
570 267 616 293 τοῦ
639 267 820 302 πληρώματος

46 314 117 344 αὑτοῦ
132 316 211 350 ἡμεῖς
223 313 324 345 πάντες
338 312 478 348 ἐλάϐομεν.
497 321 507 338 ι
528 313 588 345 Φῶς
607 313 635 340 δὲ
649 313 779 349 ὑπάρχων
792 314 822 340 τδ

47 362 158 398 ἀληθινὸν
177 361 191 387 ὁ
208 359 283 392 Υίδς,
298 360 356 394 φῶς
370 359 494 394 ὠνόμαζε
509 358 556 386 τοῦ
576 359 678 394 κόσμου
693 360 755 391 τοὺς
773 359 822 392 τῆς

46 406 193 443 παρ“αὺτοῦ
221 405 414 440 λαμπρότητος
428 405 456 431 ἐν
475 404 583 440 μεθέξει
610 405 820 441 γεγενημένους.

48 453 109 487 Ἔφη
122 451 174 487 γὰρ
187 452 243 482 τοῖς
260 450 350 485 ἁγίοις
366 450 535 482 ἀποστόλοις
554 460 563 476 ε
587 450 682 485 Ὑμεῖς
705 452 767 477 ἐστε
792 451 823 477 τὸ

46 499 96 533 cf»;
107 497 150 524 τοῦ
176 497 291 531 κόσμου.
314 506 322 521 ι
345 496 378 522 At
401 495 447 522 δύο
471 504 503 530 γε
532 496 585 531 μὴν
611 496 710 528 ἐλαῖαι,
728 496 776 532 μία
791 497 823 523 ἐκ

47 543 138 578 δεξιῶν,
149 543 194 570 καὶ
211 541 261 577 μία
276 542 306 574 ἐξ
321 541 468 577 εὐωνύμων
486 541 533 568 τοῦ
559 541 712 576 λαμπαδίου
728 542 823 577 κείμε-

47 598 93 622 ναι,
104 590 162 619 τοὺς
175 587 221 614 δύο
231 587 316 619 λαοὺς
331 587 558 622 ὑποσημαίνουσι,
581 587 722 622 μονονουχὶ
737 587 783 614 καὶ
795 589 824 614 ὲν

47 634 127 668 κύκλῳ
150 632 336 668 περιεστῶτας
357 632 485 667 Χριστόν.
514 632 678 667 Τετίμηνται
703 633 756 667 γὰρ
785 632 824 664 ὡς

47 678 174 714 ἠλεημένοι
187 679 219 713 τῇ
233 678 324 713 τοιᾷδε
345 677 449 704 στάσει.
465 677 520 704 Καὶ
532 678 556 704 οἱ
573 677 623 712 μὲν
635 675 705 713 ἦσαν
722 678 754 704 ἐκ
773 677 823 713 τῆς

48 723 212 755 καλλιελαίου,
227 723 362 754 τουτέστι,
379 723 429 758 τῆς
453 723 589 750 Ἰουδαίων
608 723 783 758 Συναγωγῆς·
799 724 823 750 οι

48 770 71 796 δὲ
83 769 125 804 τῆς
138 768 233 804 ἀγρίου
249 769 299 803 μὲν
324 767 470 802 ὲξέφυσαν,
485 768 618 800 τουτέστι,
632 768 682 803 τῆς
698 767 728 801 ἐξ
739 767 824 795 ἐθνῶν

49 814 161 850 πληθύος.
177 813 250 849 Πλὴν
262 814 500 850 ὲγκεντρισθέντες
513 815 553 846 είς
572 814 623 850 τὴν
638 814 820 847 καλλιέλαιον,

49 861 155 888 κοινωνοὶ
178 860 309 894 γεγόνασι
335 860 385 894 τῆς
410 861 538 895 πιότητος
567 861 616 896 τῆς
646 861 734 896 ῥίζης,
753 860 824 887 κατὰ

48 907 90 943 τὴν
104 906 146 933 τοῦ
162 906 298 941 μακαρίου
323 906 429 932 Παύλου
461 907 565 942 φωνήν.
581 907 676 943 Ἀθρει
706 907 734 933 δὲ
749 907 824 938 ὅπως
840 900 860 928 Β

49 955 87 981 ἐπὶ
97 954 141 989 τὴν
155 953 266 988 λυχνίαν
279 952 348 988 ὁμοῦ
363 952 403 988 τῷ
421 952 568 988 λαμπαδίῳ
597 953 645 980 καὶ
671 953 697 979 οἱ
720 952 822 987 λύχνοι,

49 1000 87 1026 καὶ
102 1001 128 1025 αἱ
145 999 190 1025 δύο
212 998 315 1026 ἐλαῖαι.
330 998 441 1025 Σύνεστι
469 998 524 1033 γὰρ
541 999 607 1034 ἡμῖν
623 999 652 1025 ὲν
675 998 825 1034 Ἐκκλησία

50 1044 160 1079 Χριστὸς,
174 1043 222 1070 καὶ
235 1043 293 1070 τῶν
306 1043 526 1070 πεπιστευκότων
536 1044 553 1079 ἡ
568 1043 705 1078 ἠλεημένη
720 1042 824 1078 πληθὺς

50 1089 241 1124 καταλάμπεται
255 1090 306 1124 μὲν
331 1089 370 1124 τῷ
395 1090 460 1124 παρ’
476 1088 559 1115 αὐτοῦ
576 1089 656 1123 φωτὶ,
676 1088 824 1123 φωτίζεται

48 1135 126 1163 δὲκαὶ
140 1135 182 1162 διὰ
208 1135 326 1170 λύχνων,
351 1135 376 1162 οἳ
407 1135 539 1170 μεθεκτὺν
562 1134 655 1170 ἔχουσι
682 1135 729 1161 καὶ
757 1134 825 1170 παρ’

48 1181 118 1209 αὐτοῦ
130 1182 159 1208 τὸ
171 1181 239 1215 φῶς.
263 1181 364 1208 Ἰστέον
383 1180 423 1214 δὲ,
439 1181 479 1207 ὅτι
507 1181 555 1207 καὶ
567 1181 596 1207 ὲν
608 1181 641 1216 τῇ
667 1182 824 1216 κατασκευῇ

49 1228 90 1263 τῆς
101 1227 174 1262 ἁγίας
189 1227 294 1263 σκηνῆς
313 1227 401 1254 ἔκειτο
415 1227 465 1263 μὲν
483 1227 523 1259 είς
535 1227 570 1254 τὰ
580 1227 664 1261 Ἅγια
673 1227 727 1254 τῶν
740 1227 825 1261 ἁγίων

50 1274 107 1302 ἑπτὰ
123 1274 232 1309 λύχνους
248 1274 350 1310 ἔχουσα
372 1273 468 1309 λυχνία
495 1273 593 1309 χρυσῆ.
613 1273 783 1309 Προσέταττε
797 1273 827 1300 δὲ

53 1318 105 1352 θεὸς
117 1320 154 1356 τῷ
171 1319 288 1356 Ἀαρὼν,
302 1320 400 1354 λέγων,
423 1319 464 1346 ὅτι
490 1328 499 1345 ‹
518 1318 595 1345 Κατὰ
613 1319 760 1354 πρόσωπον
773 1319 826 1354 τῆς

50 1368 144 1403 λυχνίας
169 1369 200 1394 ὲκ
223 1367 272 1394 τοῦ
302 1367 389 1394 νοτίου
422 1366 523 1402 μέρους
557 1366 689 1401 φανοῦσιν
709 1367 734 1393 οί
755 1366 825 1393 ἑπτὰ

50 1411 137 1446 λύχνοι.
154 1421 163 1438 ι
181 1412 219 1438 Οὔ
250 1411 308 1447 γὰρ
337 1412 394 1443 τοῖς
415 1411 529 1438 κατόπιν
557 1411 642 1447 αὐτῆς
667 1413 681 1438 ὁ
699 1411 744 1438 διὰ
771 1411 826 1438 τῶν

50 1457 139 1492 λύχνων
151 1457 251 1484 δέδοται
266 1457 418 1492 φωτισμδς,
432 1457 500 1484 ἀλλὰ
525 1458 582 1489 τοῖς
596 1457 634 1490 ὡς
648 1458 677 1484 ὲν
687 1457 826 1493 προσώπῳ

52 1503 154 1539 Χριστοῦ
183 1503 228 1530 διὰ
248 1504 300 1538 τῆς
320 1503 438 1535 πίστεως
467 1504 670 1539 ὲνηνεγμένοις.
689 1503 744 1530 Καὶ
761 1503 826 1537 γοῦν

56 1549 162 1575 Ἰουδαῖοι
183 1549 299 1576 κατόπιν
311 1549 406 1586 ὥσπερ
420 1549 503 1576 αὑτοῦ
519 1550 566 1576 καὶ
582 1551 623 1581 εἰς
643 1549 717 1577 νῶτα
733 1550 826 1585 κείμε-

873 277 926 295 una
941 276 955 295 ιι
970 269 1085 300 dextris,
1102 274 1129 297 et
1142 270 1228 296 altera
1244 278 1258 296 a
1272 270 1392 298 sinistris
1408 270 1541 305 lampadis
1555 272 1661 304 positae,

873 314 940 341 duos
958 314 1071 348 populos
1090 314 1239 346 insinuant,
1255 315 1332 349 quasi
1354 315 1380 342 in
1405 315 1498 342 orbem
1522 313 1661 342 Christum

873 359 1092 387 circumstantes.
1112 358 1180 386 Nam
1197 364 1225 386 ut
1252 360 1467 387 misericordiam
1484 360 1584 395 adepti,
1604 365 1661 388 sta-

873 404 946 431 ti0ue
959 404 1113 438 hujusmodi
1129 404 1230 438 dignati
1250 408 1323 431 sunt.
1342 404 1374 431 Et
1399 404 1437 430 illi
1451 405 1560 439 quidem
1581 410 1662 431 erant

874 457 907 477 ex
924 450 992 476 bona
1017 449 1098 480 oliva.
1120 450 1247 476 nimirum
1269 457 1301 476 ex
1325 449 1467 484 Synagoga
1483 449 1660 476 Iudaeorum:

875 496 901 522 hi
917 504 948 521 ex
967 495 1083 521 oleastro
1100 495 1194 529 geniti,
1214 495 1264 522 hoc
1283 499 1325 521 est
1349 501 1381 521 ex
1403 495 1523 528 gentium
1540 495 1661 521 multitu-

874 541 1076 576 diue".685
1091 541 1284 568 Verumtamen
1312 541 1407 568 inserti
1432 541 1458 566 in
1486 540 1584 566 bonam
1610 540 1663 566 oli-

874 595 946 620 vam,
965 587 1152 622 pinguedinem
1179 587 1280 614 radicis
1308 590 1491 617 attraxeruut,
1516 590 1545 612 ut
1568 586 1663 612 scribit

874 633 971 661 beatus
995 633 1093 660 Paulus
1104 633 1137 660 '°.
1167 633 1306 667 Perpende
1331 632 1387 666 jam
1421 631 1558 666 quomodo
1583 638 1663 664 super

874 679 1066 706 candelabrum
1084 678 1163 706 simul
1176 686 1237 705 cum
1254 678 1378 712 lampade
1394 678 1475 704 etiam
1491 677 1608 703 lucerna:
1637 681 1663 702 et

875 725 934 752 dum
956 725 1034 752 olivae
1051 729 1125 751 sunt.
1148 723 1196 751 Est
1222 724 1295 750 enim
1319 723 1459 749 nobiscum
1486 722 1513 748 in
1544 721 1664 748 Ecclesia

874 769 1009 803 Christus,
1033 775 1060 797 et
1084 769 1255 797 credentium
1281 768 1425 795 multitudo
1450 766 1663 793 misericordiam

875 822 1029 848 consecuta,
1043 823 1101 851 eius
1115 815 1217 842 lumine
1227 814 1413 846 illuminatut';
1429 812 1581 839 illustratur
1594 817 1664 845 prte-

876 868 948 889 terea
964 870 1011 897 per
1033 862 1169 894 lucernas,
1187 869 1246 895 quae
1264 860 1297 887 ab
1317 860 1376 894 ipso
1398 858 1526 885 similiter
1540 864 1664 884 commu-

876 909 994 935 nicatum
1010 909 1100 934 lumen
1124 907 1274 934 continent.
1293 905 1332 933 Ne
1352 906 1462 939 ignores
1477 910 1568 938 porro,
1584 902 1664 929 etiam

877 955 901 982 in
924 960 1060 981 structura
1086 953 1174 980 sancti
1198 952 1364 980 tabernaculi
1392 953 1509 987 positum
1533 951 1617 978 fuisse
1637 951 1664 977 in

876 1000 976 1028 Sancta
1001 1004 1158 1027 sanctorum
1185 999 1379 1026 candelabrum
1408 1006 1535 1030 aureum,
1560 1002 1664 1033 septem

877 1046 1001 1074 lucernas
1017 1046 1164 1073 sustinens.
1185 1045 1322 1072 Maudavit
1345 1045 1418 1072 enim
1439 1045 1509 1072 Deus
1525 1044 1614 1071 Aaron
1637 1043 1664 1070 in

876 1093 947 1120 hunc
961 1093 1068 1119 modutn
1083 1101 1090 1120 :
1107 1101 1116 1118 t
1130 1091 1232 1119 Versus
1248 1091 1344 1118 faciem
1362 1090 1517 1118 candelabri
1534 1097 1566 1117 ex
1587 1093 1666 1124 parte

876 1138 988 1166 australi
1011 1137 1135 1165 lucebunt
1161 1142 1264 1172 septem
1288 1137 1406 1164 lucerna:
1417 1137 1452 1165 “.
1469 1145 1479 1162 ι
1507 1135 1567 1162 Non
1594 1134 1667 1162 enim

876 1184 909 1211 iis
938 1183 983 1219 qui
1007 1191 1022 1211 a
1049 1188 1126 1219 tergo
1150 1183 1305 1211 candelabri
1332 1188 1405 1215 sunt,
1435 1181 1595 1209 illuminatio
1621 1187 1669 1214 per

876 1230 1002 1258 lucernas
1018 1231 1082 1258 data
1095 1234 1147 1263 est,
1168 1230 1215 1258 sed
1232 1230 1266 1257 iis
1295 1229 1340 1264 qui
1357 1229 1435 1264 quasi
1453 1228 1549 1256 faciem
1566 1226 1668 1255 Christi

876 1283 925 1311 per
948 1276 1028 1304 ﬁdem
1049 1276 1196 1310 respiciunt
1206 1277 1241 1303 “.
1268 1275 1360 1309 Quare
1384 1274 1469 1302 Judaei
1492 1274 1569 1309 quasi
1597 1278 1669 1301 retro

877 1322 976 1356 ipsum,
994 1326 1022 1348 et
1039 1321 1067 1348 in
1093 1326 1169 1355 tergo
1182 1321 1277 1355 positi,
1295 1320 1416 1347 tenebris
1430 1319 1605 1346 obscuratum
1621 1317 1670 1344 ha—

877 1368 942 1395 bent
964 1375 1021 1395 cor.
1043 1367 1093 1400 Qui
1115 1371 1204 1394 autem
1228 1375 1260 1394 ex
1286 1366 1412 1401 gentibus
1433 1364 1620 1395 crediderunt,
1641 1362 1668 1389 iit

879 1413 947 1441 facie
967 1413 1066 1439 habent
1091 1412 1228 1445 lucernas,
1253 1412 1350 1446 quibus
1376 1411 1460 1438 libera
1491 1415 1518 1437 et
1540 1409 1598 1436 sine
1618 1408 1670 1436 ullo

878 1459 1070 1493 impedimento
1085 1466 1133 1493 per
1153 1463 1247 1485 saneta
1263 1458 1377 1490 contigit
1395 1455 1566 1483 illuminatio.
1585 1454 1671 1482 Arde-

879 1505 926 1532 bat
951 1509 1040 1531 autem
1068 1508 1093 1531 et
1119 1504 1228 1531 lucerna
1251 1511 1303 1530 una
1333 1503 1359 1530 in
1380 1503 1454 1529 aditu
1478 1500 1668 1528 tabernaculi:

879 1557 930 1585 qua
955 1557 984 1577 re
1008 1548 1215 1583 signiﬁcabatur
1244 1548 1357 1582 legalem
1375 1547 1572 1574 institutionem
1588 1552 1672 1572 evan-

51 1603 93 1626 νοι.
108 1595 348 1631 κατεσκοτισμένον
365 1596 456 1632 ἔχουσι
470 1596 516 1623 τὸν
528 1596 600 1624 νοῦν.
616 1597 648 1623 Οί
664 1597 692 1623 δὲ
703 1596 732 1628 ἐξ
743 1596 827 1623 ἐθνῶν

881 1595 972 1631 gelicm
986 1603 1001 1622 a
1018 1590 1095 1630 tergo
1110 1595 1159 1622 ire.
1174 1594 1241 1622 Vide
1258 1594 1330 1621 enim
1357 1601 1411 1628 quo
1427 1597 1516 1627 pacto,
1532 1591 1631 1626 quibus
1645 1591 1672 1616 in

53 1641 238 1673 πιστεύσαντες,
254 1642 296 1674 είς
313 1642 460 1677 πρόσωπον
485 1642 578 1677 ἔχουσι
608 1643 673 1674 τοὺς
694 1642 826 1677 λύχνουςο

881 1641 1014 1676 principio
1027 1640 1196 1668 tabernaculi
1211 1647 1263 1666 una
1279 1639 1393 1666 lucerna
1411 1639 1515 1670 ardeat,
1530 1637 1556 1664 in
1573 1636 1673 1663 Sancta

52 1687 174 1724 ἐλεύθερος
189 1687 242 1723 γὰρ
270 1687 364 1719 αὐτοῖς
383 1688 431 1714 καὶ
451 1687 671 1723 ἁπαραπόδιστος
690 1687 827 1720 παντελῶς

881 1691 1036 1715 sanctorum
1065 1686 1200 1722 ingressos
1230 1690 1333 1719 septem
1368 1684 1485 1711 lucernte
1518 1687 1545 1710 et
1572 1681 1674 1716 lampas

53 1733 114 1760 ὁδιὰ
125 1733 175 1759 τῶν
188 1734 272 1767 ἁγίων
289 1733 385 1768 γέγονε
401 1734 550 1769 φωτισμός.
576 1735 698 1761 Ἐκαίετο
722 1734 752 1761 δὲ
779 1736 827 1761 καὶ

881 1734 957 1769 quasi
975 1733 1130 1768 largissimo
1144 1731 1291 1766 splendore
1308 1729 1518 1764 perl‘uudebant.

53 1777 134 1813 λύχνος
156 1775 195 1809 εἷς
220 1779 250 1805 ὲν
280 1780 315 1814 τῇ
343 1778 438 1815 πρώτῃ
451 1781 548 1815 σκηνῇ·
569 1780 619 1814 τῆς
642 1780 824 1815 εὐαγγελικῆς
844 1780 1010 1811 παιδεύσεως
1025 1779 1140 1806 κατόπιν
1170 1777 1262 1804 ἰοῦσαν
1292 1776 1341 1812 τὴν
1356 1775 1471 1811 νομικὴν
1485 1773 1532 1802 τοῦ
1546 1773 1675 1809 πράγμα-

54 1832 91 1856 τος
101 1825 160 1859 ἡμῖν
178 1825 438 1860 κατασημαίνοντος.
453 1826 506 1852 Θέα
521 1826 574 1861 γὰρ
593 1826 682 1858 ὅπως,
697 1824 737 1858 οἷς
752 1827 782 1853 ὲν
796 1827 845 1862 μὲν
864 1828 896 1862 τῇ
914 1826 1010 1862 πρώτῃ
1029 1827 1115 1861 σκηνῇ
1132 1822 1172 1856 εἷς
1186 1824 1293 1851 ἐκαίετο
1320 1822 1427 1858 λύχνος,
1444 1823 1501 1853 τοῖς
1517 1830 1550 1856 γε
1569 1821 1622 1856 μὴν
1635 1820 1675 1851 εἰς

54 1870 82 1897 τὰ
95 1871 170 1905 Ἅγια
183 1871 237 1898 τῶν
255 1871 343 1906 ἁγίων
365 1871 435 1898 ἑπτὰ
443 1871 534 1907 λύχνοι
553 1873 599 1899 καὶ
614 1873 644 1899 τὺ
659 1873 813 1908 λαμπάδιον
830 1872 1073 1910 ἀμφιλαφεστὰτην
1088 1872 1181 1907 ὥσπερ
1199 1871 1306 1903 ἐνίεσαν
1323 1869 1372 1904 τὴν
1387 1869 1483 1904 αὑγήν.

85 1920 131 1946 Καὶ
144 1920 334 1954 ἐπηρώτησα,
361 1919 410 1947 καὶ
436 1918 505 1947 εἴπα
524 1921 599 1954 πρὸς
621 1921 674 1948 τὸν
701 1921 827 1957 ἄγγελον

918 1921 1001 1949 Vsus.
1022 1920 1082 1948 4-6.
1109 1920 1143 1947 Et
1158 1919 1327 1953 interrogavi,
1343 1922 1366 1944 et
1380 1918 1436 1944 dixi
1453 1916 1487 1943 ad
1499 1915 1620 1950 angelum
1632 1913 1677 1949 qui

55 1964 100 1991 τὸν
112 1965 260 1992 λαλοῦντα
284 1965 320 1992 ἐν
349 1965 424 2000 ἐμοὶ,
450 1965 558 2000 λέγων’
578 1966 609 1992 Τί
636 1966 702 1993 ἐστι
719 1967 827 2000 ταῦτα,

882 1967 1035 2002 loquebatur
1051 1967 1077 1993 in
1098 1975 1148 1998 me,
1165 1966 1256 1993 dicens
1272 1973 1280 1992 :
1296 1963 1366 1997 Quid
1385 1967 1444 1990 sunt
1463 1962 1530 1993 lucc,
1545 1959 1677 1987 Domine!

57 2011 149 2045 Κύριε;
172 2013 226 2038 Καὶ
244 2012 392 2045 ἀπεκρίθη
425 2013 441 2038 ό
469 2012 597 2047 ἅγγελος
618 2013 635 2039 ὁ
669 2012 774 2039 λαλῶν
798 2012 827 2040 ἐν

883 2014 916 2040 Et
932 2013 1064 2047 respondit
1081 2011 1188 2047 angelus
1207 2012 1252 2045 qui
1285 2009 1441 2045 loquebatur
1456 2008 1483 2034 in
1506 2015 1556 2038 me,
1570 2011 1593 2033 et
1609 2005 1676 2032 dixit

56 2056 120 2090 ἐμοὶ,
136 2058 182 2084 καὶ
200 2058 266 2084 εἷπε
282 2058 358 2092 πρός
369 2066 417 2092 με,
435 2057 543 2092 λέγων·
558 2059 599 2085 Οὐ
618 2059 776 2093 γινώσκεις
804 2068 827 2087 τι

882 2057 916 2086 ad
940 2066 990 2090 me,
1012 2057 1121 2084 dicens:
1135 2055 1197 2083 Non
1217 2055 1352 2090 cognoscis
1377 2053 1439 2088 quid
1466 2057 1525 2079 sunt
1546 2050 1625 2077 lusa?
1643 2048 1677 2076 Et

57 2103 229 2136 ἑστηῶτας
258 2105 315 2132 Kal
341 2102 420 2131 εἶπαο
453 2104 536 2138 Οὐχὶ,
564 2105 662 2138 Κύριε.
691 2105 746 2132 Kal
771 2106 827 2132 ἀπ-

885 2104 942 2131 dixi
956 2112 964 2131 :
981 2103 1053 2136 Non,
1069 2103 1188 2130 Domine.
1216 2101 1250 2128 Et
1266 2100 1410 2135 respondit,
1437 2103 1472 2134 et.
1486 2097 1552 2124 dixit
1579 2098 1612 2122 ad
1626 2104 1676 2128 me,

58 2149 154 2182 εκρίθη,
174 2149 221 2176 καὶ
235 2147 304 2175 εἶπε
319 2149 393 2182 πρός
408 2157 453 2182 με,
477 2147 583 2182 λέγων’
599 2146 694 2180 Οὗτος
710 2150 725 2175 ό
740 2150 827 2183 λόγος

886 2152 995 2178 dicens:
1011 2149 1063 2176 Iste
1090 2157 1175 2177 sermo
1195 2148 1299 2175 Domini
1324 2147 1358 2174 ad
1384 2144 1540 2176 Zorobubel,
1567 2143 1677 2170 dicem:

58 2194 155 2227 Κυρίου
168 2195 241 2228 πρὸς
261 2193 439 2228 Ζοροϐάϐελ,
458 2193 563 2228 λέγων’
583 2194 644 2220 Οὐκ
659 2194 693 2220 ἐν
707 2194 827 2229 δυνάμει

888 2197 949 2224 Non
968 2198 996 2224 in
1013 2196 1170 2231 fortitudine
1193 2203 1300 2229 magna,
1323 2201 1405 2227 neque
1420 2192 1448 2218 in
1466 2191 1568 2223 robore,
1592 2189 1636 2216 sed
1650 2188 1678 2214 in

57 2238 169 2274 μεγάλῃ,
182 2240 252 2267 οὐδὲ
271 2241 307 2267 ἐν
333 2240 425 2274 ίσχύΐ,
445 2239 526 2266 ἀλλὰ
546 2239 581 2266 ἐν
593 2240 743 2275 Πνεῦματί
762 2249 827 2275 μου1

887 2241 989 2277 Spiritu
1007 2250 1074 2273 meo,
1093 2241 1157 2267 dicit
1171 2239 1301 2267 Dominus
1318 2238 1492 2272 omnipotens.

59 2284 126 2319 λέγει
135 2286 237 2320 Κύριος
253 2285 476 2321 παντοκράτωρ.

89 2331 144 2358 ΚΔ’.
157 2331 216 2358 Ὅτι
231 2332 280 2358 καὶ
299 2332 419 2367 ἀμείνων
439 2334 484 2360 καὶ
505 2333 649 2369 ἱερώτερος
662 2333 711 2368 τῆς
728 2333 757 2359 ὲν
767 2334 835 2368 ἡμῖν

60 2375 163 2409 διανοίας
176 2379 190 2404 ό
203 2377 257 2404 τῶν
270 2379 375 2413 νοητῶν
387 2379 528 2414 δυνάμεων
542 2380 614 2413 νοῦς,
645 2380 692 2406 καὶ
713 2379 742 2405 ὲν
755 2380 837 2413 ἀσυγ-

61 2421 150 2456 κρίτοις
168 2423 318 2458 ὑπεροχαῖς
332 2424 365 2450 τὰ
395 2424 454 2451 καθ’
467 2426 540 2460 ἡμᾶς
559 2426 769 2460 ὑπερκείμενος,
789 2426 837 2452 καὶ

63 2466 171 2494 ἐντεῦθεν
184 2467 216 2495 ἂν
233 2468 341 2504 μάθοις.
359 2469 524 2504 Έπὲστρεψε
544 2470 592 2504 μὲν
607 2469 661 2505 γὰρ
676 2470 689 2496 ὁ
710 2469 835 2504 ἄγγελος,

62 2512 93 2543 ὡς
115 2514 128 2539 δ
154 2515 295 2550 προφήτης
320 2515 398 2549 φησὶ,
426 2516 473 2542 καὶ
500 2515 642 2551 ἐξήγειρεν
661 2515 753 2547 αὑτὸν,
780 2525 789 2541 t
808 2515 837 2542 ὂν

62 2559 148 2593 τρόπον
161 2559 223 2586 ὅταν
237 2560 369 2595 ὲξεγερθῇ
385 2559 526 2596 ἅνθρωπος
556 2562 588 2587 ἐκ
611 2561 658 2587 τοῦ
678 2561 762 2587 ὕπνου
790 2561 839 2587 αὺο

64 2605 112 2631 τοῦ.
130 2615 138 2631 ι
156 2607 185 2633 Εἰ
198 2606 252 2642 γὰρ
264 2606 296 2642 δὴ
311 2606 467 2642 συγκρίνειν
481 2607 567 2634 ἓλοιτό
590 2616 631 2639 τις
658 2608 694 2639 ὡς
718 2607 786 2643 πρός
807 2615 839 2642 γε

63 2650 101 2677 τὸν
111 2653 166 2684 ταῖς
180 2652 235 2679 ἄνω
247 2653 396 2688 δυνάμεσιν
408 2653 501 2680 ἐνόντα
517 2653 590 2685 νοῦν,
603 2654 652 2689 τῆς
662 2654 839 2688 ἀνθρωπίνης

63 2695 167 2729 διανοίας
184 2698 214 2724 τδ
229 2699 339 2734 μέτρον,
360 2699 597 2734 μειονεκτούμενον
623 2700 733 2735 εὑρήσει
745 2699 839 2726 τοσοῦ-

64 2748 111 2773 Vw,
134 2743 193 2770 ὅσον
221 2744 255 2770 ἂν
274 2745 360 2770 νοοῖτο
391 2745 505 2771 κατόπιν
533 2745 620 2771 ἐλθεῖν
651 2745 697 2770 καὶ
712 2744 762 2780 τῆς
786 2744 840 2771 τῶν

66 2786 190 2820 νηψόντων
217 2788 337 2821 διανοίας
364 2789 397 2816 τὰ
415 2790 442 2816 ὲν
456 2792 511 2822 τοῖς
539 2790 634 2822 ὕπνοις
650 2790 753 2826 ἀδρανῆ
771 2798 840 2824 φαν-

97 2844 116 2859 ⁸⁸
128 2845 206 2874 Matth
236 2854 261 2879 ν,
279 2846 319 2874 H.

71 2847 116 2904 i0“
128 2847 206 2874 Matth
236 2854 261 2879 ν,
279 2847 319 2874 Η.
371 2848 392 2864 ¹¹
407 2847 483 2876 llom.
503 2856 540 2881 xt,
557 2848 587 2875 l7
599 2856 674 2883 scqq.
715 2848 737 2864 ‘°
750 2848 816 2876 Ibid.
831 2848 873 2875 l7.

921 2329 1016 2358 XXIV.
1038 2329 1174 2356 Virtutum
1196 2335 1265 2364 quas
1284 2327 1375 2354 animo
1400 2326 1533 2358 videmus,
1559 2328 1677 2351 mentem

889 2382 981 2404 nostra
996 2381 1085 2403 tuente
1095 2375 1321 2410 prmstanliorem,
1334 2377 1361 2400 et
1374 2373 1551 2403 sanctiorem,
1565 2371 1677 2397 nostris-

889 2431 942 2458 que
958 2423 1038 2450 rebus
1052 2421 1312 2457 incomparabilibus
1323 2419 1493 2447 excellentiis
1508 2418 1677 2452 superiorem

890 2477 960 2501 esse,
981 2469 1063 2496 etiam
1080 2468 1143 2494 hinc
1162 2467 1262 2494 discas.
1281 2465 1418 2493 Reversus
1438 2470 1479 2491 est
1503 2463 1573 2490 enim
1595 2469 1680 2496 ange~

892 2515 943 2547 lus,
957 2519 985 2542 ut
999 2514 1037 2541 ait
1057 2514 1198 2548 propheta,
1216 2517 1242 2539 et
1264 2511 1393 2538 excitavit
1411 2518 1472 2537 eum
1484 2529 1491 2542 ,
1508 2519 1517 2535 ‹
1533 2509 1605 2536 velut
1619 2516 1679 2535 cum

892 2561 1026 2588 excitatur
1043 2560 1123 2586 homo
1138 2559 1172 2585 de
1199 2565 1295 2585 somno
1311 2565 1371 2585 suo.
1386 2566 1395 2582 ι
1412 2555 1477 2582 Nam
1505 2555 1526 2582 si
1550 2555 1611 2590 quis
1627 2553 1680 2580 vim

890 2613 1068 2642 supernarum
1098 2606 1229 2632 virtutum
1257 2611 1320 2631 cum
1351 2602 1528 2636 intelligentia
1562 2601 1679 2627 lmmana

891 2659 1049 2687 comparare
1076 2651 1208 2682 voluerit,
1239 2649 1310 2676 hanc
1343 2649 1388 2675 illa
1420 2652 1495 2675 tanto
1526 2646 1681 2672 inferiorem

892 2698 1046 2733 perspiciet,
1061 2701 1191 2732 quantum
1206 2695 1309 2722 scimus
1321 2694 1490 2728 vigilantium
1511 2689 1680 2725 cogitationi-

892 2745 943 2771 bus
967 2744 1065 2771 cedere
1081 2740 1271 2768 dormientium
1295 2739 1363 2770 visa,
1388 2739 1445 2766 sive
1457 2736 1540 2772 685
1564 2735 1680 2763 somnia.

893 2790 1033 2817 Excitatus
1047 2793 1088 2815 est
1105 2788 1186 2823 igitur
1201 2786 1331 2821 propheta
1341 2785 1374 2815 ad
1388 2784 1505 2819 vigiliam
1520 2792 1527 2810 :
1544 2779 1679 2809 nihilomi-

912 2848 932 2863 "
950 2845 1034 2873 Exod.
1054 2851 1117 2877 ur,
1133 2845 1165 2872 37
1178 2832 1280 2878 ς’Νυιη.
1300 2849 1360 2875 \‘Itl,
1374 2841 1402 2868 Et.
1441 2838 1546 2867 “Psal.
1563 2841 1680 2869 Lxxxm,
