1910 3050
67 112 97 138 65

487 111 758 140 COMMENTARIUS
777 112 810 140 IN
830 113 1027 141 ZACIIABIAM
1047 114 1266 144 ΡΒΟΡΠΕΤΑΜ.

1655 121 1689 149 66

65 167 141 194 αὑτὸν
150 167 197 192 τὸν
212 167 370 203 Ζοροῆἀϐελ
389 168 426 199 ὡς
439 168 469 194 ἐκ
484 169 570 204 φυλῆς
591 169 672 196 ’ἰούδα
682 189 689 201 ,
715 170 762 197 καὶ
780 170 841 205 βασι

903 178 967 198 suun
985 171 1140 199 Emmanuel
1155 180 1183 202 et
1201 181 1247 200 rex
1270 178 1296 200 et
1318 181 1439 203 summus
1453 176 1580 204 sacerdos
1607 178 1688 205 intel-

65 214 108 240 λέα
124 213 298 248 παραδηλοῦν
321 214 452 249 ἐλέγομεν
473 215 515 248 ἐφ’
542 215 630 249 ἑαυτῷ
656 215 702 242 τὸν
721 216 848 251 Χριστὸν,

904 217 1012 252 ligatur.

64 260 233 294 συνημμένου
248 260 278 287 δὲ
297 261 345 287 καὶ
365 261 452 296 Ἰησοῦ
467 260 513 288 τοῦ
541 261 673 295 Ἰωσεδὲκ,
703 263 735 290 ἵν’
751 264 780 290 ἐν
810 263 901 298 ταυτῷ
934 266 1019 292 νοοῖτο
1044 264 1170 299 βασιλεύς
1197 275 1227 292 τε
1251 266 1309 301 ἅμα
1341 269 1386 295 καὶ
1410 270 1552 306 ἀρχιερεὺς
1581 271 1596 296 ὀ
1624 272 1687 306 Ἐμ-

66 306 191 343 μανουήλ.

98 356 143 388 Τίς
159 353 188 382 εἷ
201 354 255 386 σὺ,
277 355 310 382 τὸ
324 356 394 390 ὄρος
411 357 443 384 τὸ
456 357 542 392 μέγα,
563 357 597 384 τὸ
613 359 670 393 πρὸ
688 359 848 392 προσώπου

65 401 235 436 Ζοροϐάϐελ,
252 402 308 429 τοῦ
322 403 527 436 κατορθῶσαι;
544 405 596 431 Kal
611 405 719 436 ἐξοίσω
732 406 785 431 τὸν
801 405 847 432 λί-

64 449 113 474 θον
137 446 192 479 τῆς
214 448 436 482 κληρονομίας,
461 449 574 483 ἰσότητι
603 449 722 484 χάριτος
742 449 847 484 χάριτα

64 492 161 525 αὐτῆς.

96 539 155 564 KE'.
175 538 346 573 Δυσέφικτον
359 540 407 575 μὲν
421 541 518 576 κομιδῇ
533 541 562 567 τὺ
579 541 767 576 προκείμενον·
778 542 846 577 πλὴν

65 583 173 619 ἐροῦμεν
197 584 281 618 ἡμεῖς
297 585 330 611 τό
355 594 387 619 γε
414 586 451 617 ὡς
473 587 571 622 ἄριστα
597 587 644 613 καὶ
668 587 754 622 ὀρθῶς
775 587 846 622 ἔχειν

65 630 271 664 ὑπειλημμένον.
293 631 385 657 Ἔοικε
399 632 488 659 τοίνυν
508 634 522 659 ὁ
542 632 621 667 λόγος
639 634 780 668 μονονουχὶ
800 634 846 660 καὶ

65 677 183 710 ἐπιτιμᾷν
197 675 237 710 τῷ
250 675 311 711 ὄρει
333 677 372 712 τῷ
392 678 511 712 μεγάλῳ,
527 679 666 710 τουτέστι,
683 679 722 713 τῷ
739 680 846 715 Σατανᾷ

65 721 313 756 κατεξανισταμένῳ
329 731 358 748 τε
371 723 419 750 καὶ
433 723 605 757 ἀντεξάγοντι
617 725 655 759 τῷ
667 724 786 760 Χριστῷ,
796 725 846 760 τῆς

64 767 138 793 αὐτοῦ
160 767 329 802 δυστροπίας
355 769 404 803 τὴν
431 769 555 804 δύναμιν,
579 769 593 796 ὃ
617 770 648 805 δὴ
669 770 716 796 καὶ
739 770 768 796 ὲν
789 772 845 803 τοῖς

939 357 1019 384 Vsus.
1033 357 1058 384 7.
1084 357 1148 389 Qui:
1161 366 1187 384 et
1205 363 1243 388 lu,
1264 366 1336 384 mons
1354 359 1398 386 ille
1421 369 1540 395 magnus,
1561 371 1619 394 tmte
1643 369 1685 402 fa-

902 402 965 428 ciem
992 402 1153 434 Zorobubel,
1171 407 1198 428 ut
1222 404 1351 430 iuslnures
1367 405 1379 431 ἰ)
1397 405 1429 431 Et
1442 408 1549 435 educam
1570 411 1683 444 lapidem

900 449 1070 480 Ita-redimiit,
1084 449 1231 482 mqualitale
1241 451 1333 483 gratia:
1350 452 1461 485 gratiam
1476 453 1542 487 ejus.

946 536 1033 565 XXV.
1073 537 1252 567 Dimcillimus
1286 541 1420 568 intellectu
1453 542 1526 570 locus
1559 548 1682 578 proposi-

901 586 967 608 tus:
990 589 1174 611 verumtamen
1206 586 1275 618 quod
1301 587 1451 614 rectissime
1475 593 1554 621 atque
1583 592 1683 624 optime

898 627 951 655 dici
981 637 1058 662 posse
1083 631 1309 664 existimavimus,
1327 633 1352 659 id
1384 633 1409 659 in
1438 634 1554 660 medium
1589 636 1682 664 ali'ere-

897 682 966 701 mus.
996 674 1108 703 Videtur
1127 677 1217 711 itaque
1246 685 1336 705 sermo
1355 678 1470 712 quadam
1497 679 1682 715 objurgatione

897 720 1030 748 incessere
1044 726 1159 748 montem
1177 730 1313 756 maguum,
1343 729 1405 758 puta
1426 724 1553 752 Satanam
1583 732 1678 754 contra

896 765 1033 792 Christum
1053 766 1245 801 insurgentem.
1262 773 1288 795 et
1305 769 1491 802 perversitatis
1515 778 1571 798 suae
1586 778 1680 806 poten<

65 812 181 847 ἀνωτέρω
206 813 291 839 πάλιν
321 814 385 848 ἡμῖν
412 815 619 850 αἰνιγματωδῶς
647 816 842 850 κατεγράφετο.

897 810 970 843 tiam,
991 812 1066 845 quasi
1085 812 1169 838 aciem
1185 818 1278 839 contra
1296 819 1508 847 promoveulem,
1524 817 1594 849 quod
1615 817 1678 843 item

66 858 129 892 Ἔφη
145 857 199 892 γὰρ
222 859 236 884 ό
260 860 406 895 προφήτης
423 860 565 887 τεθεᾶσθαι
594 862 643 896 μὲν
670 862 773 896 Ἰησοῦν
797 862 843 888 τὸν

67 904 132 938 ἱερέα.
152 903 196 929 τὸν
212 904 303 938 μέγαν
316 905 421 931 ἑστῶτα
435 906 488 941 πρὸ
503 905 651 941 προσώπου
665 907 711 933 τοῦ
724 907 841 940 ἀγγέλου

66 949 166 982 Κυρίου,
178 949 222 975 τὸν
239 949 267 975 δέ
284 958 316 983 γε
334 950 454 978 διάϐολον
469 952 573 977 ἑστῶτα
594 952 625 978 ἐκ
642 951 734 983 δεξιῶν
747 951 840 984 αὐτοῦ,

66 993 105 1020 τοῦ
119 994 286 1020 ἀντικεῖσθαι
302 995 386 1030 αὐτῷ.
401 996 462 1021 Ὅτι
477 996 541 1031 γὰρ,
559 995 621 1022 ὅσον
635 996 764 1031 ἐνεχώρει
775 1017 781 1028 ,
793 997 841 1023 καὶ

64 1036 93 1074 ἦν
106 1039 146 1065 ἐπ’
158 1038 241 1073 αὐτῷ,
261 1040 439 1075 πεπολέμηκε
456 1049 485 1068 τε
500 1042 547 1068 καὶ
567 1042 763 1077 ἀντεγήγερται
786 1043 840 1069 δει-

66 1085 111 1116 νῶς
125 1086 180 1116 ταῖς
195 1085 242 1111 τοῦ
262 1085 391 1121 Σωτῆρος
407 1086 572 1121 οἰκονομίαις
585 1107 592 1119 ,
610 1087 754 1119 καλοῦντος
773 1087 841 1123 πρὸς

66 1132 187 1166 σωτηρίαν
199 1131 248 1166 τὴν
271 1132 317 1157 ὑπ’
334 1132 458 1166 οὐρανὸν,
488 1133 677 1168 προσκυνητὴν
694 1134 757 1160 ἴδιον
774 1134 840 1160 ὰποέ

67 1176 157 1209 σαίνειν
172 1176 261 1211 ἡθελε,
279 1177 459 1211 παραδεικνὺς
473 1178 522 1213 μὲν
533 1178 618 1213 αὐτῷ,
633 1179 656 1205 εί
674 1178 704 1213 δὴ
720 1187 840 1214 προσπε-

68 1223 116 1247 σεῖν
136 1221 218 1248 ἕλοιτο
240 1223 290 1248 καὶ
319 1224 507 1258 προσκυνῆσαι
531 1224 625 1258 αὐτῷ’.
651 1223 718 1251 Εἶτα
739 1225 785 1251 καὶ
809 1225 838 1258 ἐξ

68 1267 138 1294 αὐτοῦ
150 1267 193 1294 to:
206 1267 288 1303 χοροῦ
303 1268 358 1294 τῶν
371 1268 457 1302 ἁγίων
472 1269 627 1295 ἀποστόλων
641 1269 686 1296 τὸν
706 1270 838 1305 προδότην

68 1313 162 1347 ἥρπασε
176 1313 312 1348 μαθητὴν,
333 1313 483 1345 ἀναπείσας
499 1314 615 1349 ὄργανον
630 1314 680 1347 τῆς
705 1315 837 1342 Ἰουδαίων

67 1358 177 1391 γενέσθαι
206 1358 379 1393 σκαιότητος.
402 1359 576 1394 Ἐπιπλήττει
600 1360 631 1395 δὴ
655 1359 700 1387 οὖν
722 1361 736 1386 ὁ
761 1360 837 1394 λόγος

69 1404 141 1438 αὐτῷ,
166 1403 209 1430 καί
233 1413 317 1438 φησι·
336 1413 344 1429 ι
361 1404 408 1435 Τίς
424 1402 448 1430 εἷ
467 1406 509 1436 σὺ,
534 1406 565 1431 τὸ
578 1406 639 1441 ὅρος
654 1406 684 1432 τὸ
705 1406 791 1441 μέγα,
807 1405 837 1432 τὸ

68 1449 113 1484 πρὸ
129 1450 266 1485 προσώπου
291 1449 338 1476 τοῦ
361 1450 522 1485 Ζοροϐάϐελ,
543 1451 591 1477 τοῦ
613 1451 802 1487 κατορθῶσαις
824 1461 833 1477 ›

69 1494 99 1520 Τὸ
108 1495 143 1526 δὲ,
159 1494 205 1527 Τίς
220 1493 248 1522 εἷ
265 1495 326 1527 σύ;
340 1496 448 1530 νοητέον
460 1497 508 1531 οὐχ
524 1496 561 1527 ὡς
574 1496 711 1528 ἐθέλοντος
727 1498 832 1531 ἀναμα-

69 1540 124 1572 θεῖν,
138 1541 174 1571 τίς
186 1541 216 1575 δὴ
231 1541 285 1576 ἄρα
302 1542 349 1568 καὶ
369 1541 448 1568 πόθεν
464 1542 536 1568 ἐστίν
556 1542 595 1578 (οὐ
610 1542 663 1578 γὰρ
674 1542 706 1568 ἂν
717 1543 835 1577 ἠγνόησε

70 1587 124 1617 Θεὸς
136 1587 180 1620 ὢν)
192 1607 199 1618 ,
216 1587 272 1613 ἀλλ’
287 1585 344 1613 οἷον
372 1587 638 1622 κατασμικρύνοντος
669 1588 714 1614 καὶ
728 1588 834 1620 οὐδενὸς

71 1630 192 1662 ἀξιοῦντος
206 1632 298 1664 λόγου,
313 1632 364 1658 κᾶν
379 1633 402 1657 εί
417 1632 486 1667 μέγα
498 1641 527 1658 τε
543 1633 587 1667 εἴη
614 1633 659 1658 καὶ
671 1633 835 1668 δυσάντητον

850 1481 872 1510 C

69 1677 139 1712 ὅρος,
160 1679 203 1704 καὶ
230 1678 357 1713 ἐμποδὼν
382 1679 506 1714 κείμενον
533 1679 683 1714 κατορθοῦν
717 1680 834 1707 ἐθέλοντι

68 1723 143 1749 τοιάδε
166 1724 291 1760 Χριστῷ,
318 1721 350 1751 οὗ
375 1725 422 1751 καὶ
446 1726 485 1756 εἰς
512 1725 597 1752 τύπον
624 1726 637 1750 ὁ
664 1725 832 1760 Ζοροϐάϐελ,

69 1769 176 1804 καθάπερ
190 1771 238 1806 ἤδη
256 1771 437 1806 προείπομεν.
452 1771 548 1798 Καίτοι
568 1771 621 1805 γὰρ
637 1772 832 1806 ἀπαράκλητον

69 1814 127 1849 ἔχων
142 1817 187 1851 τὴν
204 1817 369 1853 δυστροπίαν
383 1819 397 1844 ὀ
410 1818 518 1852 δράκων
534 1819 547 1844 ὁ
563 1818 729 1852 ἀποστάτης,
746 1818 834 1845 πεπά-

71 1868 137 1894 τηται
161 1862 230 1897 παρὰ
250 1863 370 1898 Χριστοῦ
395 1863 476 1890 Ιιιόνου
505 1872 535 1889 τε
558 1864 603 1890 καὶ
629 1864 740 1900 ἱδρῶτος
762 1864 832 1898 δίχα.

71 1905 124 1938 Θεὸς
135 1908 183 1943 γὰρ
196 1906 229 1943 ἦν
257 1909 330 1935 κατὰ
349 1909 429 1944 φύσιν
447 1911 461 1935 ὁ
477 1910 582 1941 πάντας
599 1910 731 1937 νικῶν.Ἣ
744 1911 833 1937 τοίνυν

71 1952 130 1978 κατὰ
148 1953 189 1980 τὸν
212 1955 313 1981 τοιόνδε
339 1955 399 1982 τινὰ
424 1955 523 1991 τρόπον
547 1955 756 1990 προσϐαλοῦμεν
777 1957 834 1987 τοῖς

71 1999 219 2033 εἰρημένοις,
234 2000 250 2036 ἢ
266 2002 314 2027 καὶ
329 2001 445 2038 ἑτέρως,
468 2002 492 2028 εἰ
508 2001 590 2027 δοκεῖ.
610 2002 681 2036 Ἔφη
700 2001 748 2036 μὲν
767 2002 832 2037 γὰρ,

71 2043 103 2070 ὃτι
126 2046 169 2071 οὑκ
193 2047 348 2082 ἀνθρωπεία
376 2048 489 2083 δυνάμει
524 2047 760 2083 κατορθωθήσεται
794 2048 833 2083 τῷ

72 2091 150 2126 κόσμῳ
163 2093 194 2119 τὰ
212 2094 278 2128 πρὸς
301 2094 383 2129 ζωήν.
405 2094 460 2120 Καὶ
476 2095 604 2129 στήσεται
623 2094 673 2129 μὲν
697 2095 713 2129 ἡ
728 2094 830 2129 λυχνία,

71 2137 96 2163 τὸ
105 2138 240 2172 λαμπάδιον
251 2140 362 2175 ἔχουσα,
375 2141 508 2172 τουτέστι,
519 2140 647 2176 Χριστὸν,
661 2140 830 2175 ὲκλάμψουσι
847 2153 868 2180 D

71 2181 93 2208 δὲ
103 2185 124 2210 oi
134 2185 214 2220 λύχνοι
227 2207 234 2219 ,
250 2187 297 2214 καὶ
313 2187 366 2223 μὴν
382 2187 430 2213 καὶ
446 2188 479 2213 ὲκ
493 2186 588 2219 δεξιῶν
605 2187 652 2213 καὶ
679 2186 709 2218 ἐξ
729 2186 830 2213 εὐωνύ-

74 2235 119 2261 μων
131 2227 172 2254 τοῦ
183 2229 332 2265 λαμπαδίου
350 2231 377 2257 αἱ
389 2231 436 2257 δύο
450 2231 558 2262 πάντως
578 2231 663 2257 ἐλαῖαι
677 2231 830 2266 στήσονται,

73 2273 122 2304 τοὺς
134 2273 174 2300 δύο
189 2275 268 2308 λαοὺς
284 2277 474 2311 σημαίνουσαι.
493 2275 550 2303 Εἶθ’
566 2276 660 2312 ὥσπερ
675 2276 830 2303 ἀναπυνθα-

72 2319 165 2352 νομένου
184 2321 254 2353 τινος
273 2322 321 2348 καὶ
341 2322 484 2356 λεγοντος⁸
512 2323 560 2354 Τίς
577 2321 633 2357 ἆρα
652 2321 677 2349 εἱ
694 2323 744 2355 σὺ,
764 2324 778 2350 ό
795 2323 830 2349 τὰ

73 2363 129 2390 οὕτω
149 2366 246 2400 μεγάλα
278 2368 398 2403 πολέμου
424 2369 486 2403 δίχα
509 2369 618 2399 πάντως
642 2369 689 2395 καὶ
712 2368 830 2403 ἀμογητὶ

74 2409 230 2444 κατορθώσειν
244 2413 376 2448 ὑπισχνοῦ
380 2421 459 2448 μενος
467 2422 474 2446 ;
491 2413 732 2450 προσυπακούεται
743 2413 829 2448 λέγων

74 2450 85 2475 ὸ
97 2451 150 2483 Θεὸς
163 2454 206 2480 καὶ
219 2456 312 2492 Πατήρ
323 2464 331 2471 ·
349 2465 358 2481 ι
377 2456 447 2491 Ἐγὼ
463 2457 493 2484 τὸ
507 2457 570 2493 ὅρος
583 2457 612 2484 τὸ
635 2458 716 2492 μέγα,
732 2457 762 2484 τὸ
777 2457 830 2493 πρὸ

75 2497 196 2530 προσώπου
212 2501 373 2536 Ζοροϐάϐελ,
389 2501 437 2528 τοῦ
455 2502 636 2538 κατορθῶσαι·
651 2512 660 2528 ι
681 2503 828 2536 τουτέστιν,

81 2541 136 2575 Ἐγὼ
145 2544 217 2580 εἰμιὴ
229 2547 316 2574 πάντα
330 2547 516 2583 ὑπεραίρουσα
527 2548 616 2583 φύσις,
625 2550 641 2583 ἡ
652 2548 830 2585 θεοπρεπέσιν

76 2584 196 2621 ὒψώμασιν
212 2591 251 2622 εἰς
272 2591 322 2627 τὴν
338 2593 538 2628 ὑπερεπέκεινα
560 2595 668 2621 πάντων
689 2594 831 2629 διᾴττουσα

76 2629 146 2663 δόξαν,
166 2635 229 2662 κατὰ
243 2637 354 2672 καιροὺς
375 2637 504 2673 ἀρκέσειν
521 2638 654 2673 μέλλουσα
677 2639 745 2674 πρὸς
763 2647 829 2665 κατ-

76 2675 170 2710 όρθωσιν
193 2681 242 2707 τῶν
270 2682 500 2718 ἐπηγγελμένων,
533 2684 580 2710 καὶ
605 2683 658 2720 πρὸ
683 2683 828 2718 προσώπου

78 2721 211 2756 Ζοροϐάϐελ.
230 2726 264 2752 Οὔ
281 2727 333 2762 γὰρ
349 2728 441 2762 ἠγνόει
460 2729 576 2764 Χριστὸς
593 2729 638 2756 τὸν
657 2730 752 2756 ἑαυτοῦ
770 2730 826 2755 Πα-

106 2811 122 2827 “
134 2813 214 2844 Matth.
227 2824 262 2850 tv,
275 2818 286 2845 l
299 2825 376 2854 seqq.

894 864 984 890 supra,
1003 865 1154 891 quanquam
1173 859 1222 884 sub
1241 858 1384 891 velamine,
1404 861 1481 887 nobis
1505 861 1678 889 describeba-

895 906 946 927 lur.
964 901 1074 928 Dicebat
1089 902 1160 928 enim
1178 903 1308 936 propheta
1338 910 1368 930 se
1395 904 1494 931 vidisse
1510 904 1601 932 Jesutn
1632 914 1676 933 sa-

892 947 1028 973 cerdotem
1050 955 1174 982 maguum
1191 953 1306 974 stantem
1329 956 1419 975 coram
1441 952 1536 985 angelo
1557 951 1674 984 Domini,

891 997 918 1018 et
929 992 1063 1018 diabolum
1083 997 1198 1019 stantem
1219 1000 1234 1019 a
1257 992 1360 1020 dextris
1375 993 1443 1027 ejus,
1458 1000 1488 1022 ut
1513 997 1672 1024 adversare—

893 1041 937 1063 tur
951 1038 986 1064 ei.
1006 1037 1076 1070 Quin
1096 1038 1179 1069 citiui,
1196 1042 1324 1072 quantum
1339 1039 1421 1074 licuit,
1439 1045 1465 1067 et
1482 1041 1507 1067 in
1526 1042 1585 1076 ipso
1614 1042 1675 1076 fuit,

891 1084 1139 1118 oppttgua\'erit,et
1166 1084 1339 1112 vehementer
1370 1085 1549 1113 iusurrexerit
1580 1092 1675 1115 contra

891 1130 1071 1157 (Pconomiam
1088 1130 1247 1164 Salvatoris,
1258 1133 1386 1158 mundum
1397 1132 1430 1158 ad
1445 1132 1557 1159 salutem
1576 1141 1675 1160 vocan-

892 1176 936 1208 tis,
955 1184 1033 1203 nemo
1053 1177 1195 1209 dubitabit,
1216 1177 1238 1203 si
1254 1177 1413 1211 cogitaverit
1435 1178 1548 1213 primum
1566 1180 1673 1212 quidem

891 1222 1041 1249 accessisse
1057 1222 1088 1248 ad
1103 1222 1268 1256 jejunantem
1285 1225 1310 1249 in
1328 1223 1445 1254 deserto,
1460 1229 1486 1251 et
1503 1226 1593 1251 mun-li
1613 1225 1675 1251 Sal-

890 1272 1009 1294 vatorem
1026 1267 1164 1298 intuituut,
1178 1275 1207 1294 se
1226 1267 1260 1294 ab
1279 1267 1323 1295 illo
1339 1268 1445 1294 adorari
1475 1270 1672 1303 concupivissc,

889 1319 948 1339 cum
978 1312 1013 1338 illi
1041 1313 1130 1339 omnia
1160 1320 1241 1346 regna
1272 1313 1362 1340 mundi
1391 1313 1535 1340 ostendens
1561 1315 1674 1342 dixisset

887 1357 976 1385 omnia
995 1357 1052 1384 fore
1068 1358 1165 1392 ipsius,
1181 1358 1203 1384 si
1226 1359 1365 1392 procidere
1379 1358 1404 1385 in
1429 1367 1515 1393 genua
1537 1365 1564 1385 ct
1577 1367 1605 1386 se
1624 1361 1672 1386 ad-

888 1412 966 1432 orare
981 1413 1032 1431 non
1052 1405 1228 1432 recusaret".
1246 1404 1347 1432 Deinde
1359 1412 1391 1432 ex
1404 1405 1460 1439 ipso
1471 1407 1553 1433 choro
1565 1411 1674 1434 sancto-

889 1457 946 1476 ruut
963 1450 1145 1484 apostolorum
1175 1450 1338 1484 proditorem
1367 1450 1463 1477 ludam
1483 1451 1607 1485 arripuit,
1628 1452 1671 1478 cui

888 1496 1022 1529 persuasit
1039 1500 1068 1522 ut
1091 1495 1244 1523 Judarorum
1263 1495 1377 1523 feritatis
1392 1497 1601 1524 instrumentum
1627 1497 1673 1523 {ie-

886 1544 937 1567 ret.
951 1540 1109 1575 lncrepatur
1122 1541 1211 1572 itaque
1221 1541 1262 1567 his
1276 1541 1383 1568 verbis:
1397 1551 1406 1566 ί
1424 1541 1489 1574 Quis
1499 1549 1528 1568 es
1543 1547 1581 1572 tu,
1596 1549 1672 1569 mons

887 1591 1064 1621 magme,:utte
1081 1587 1176 1614 facient
1201 1587 1360 1619 Zorobabel,
1376 1592 1405 1614 ut
1419 1588 1553 1614 instaurcs
1569 1587 1580 1614 ?
1606 1587 1671 1615 Illud

886 1633 952 1666 Quis
967 1641 1006 1666 es,
1035 1641 1086 1659 nou
1104 1633 1138 1659 ita
1159 1633 1356 1667 accipiendum,
1384 1634 1461 1666 quasi
1480 1641 1558 1660 nosse
1582 1633 1673 1667 cupiat

885 1679 947 1712 quis
977 1679 1082 1705 tandem
1099 1683 1126 1705 et
1147 1679 1219 1706 unde
1236 1679 1280 1705 sit.
1297 1678 1353 1704 Non
1367 1679 1438 1705 enim
1456 1679 1609 1712 ignorabat,
1631 1685 1671 1705 ut-

885 1728 947 1757 pote
957 1724 1036 1750 Deus.
1047 1722 1099 1750 Sed
1112 1722 1188 1756 quasi
1202 1727 1371 1754 exleuuct,ct
1382 1723 1458 1749 nihili
1473 1722 1563 1755 faciat,
1576 1730 1672 1757 quam-

886 1770 924 1795 vis
941 1776 1052 1803 magnus
1075 1776 1151 1795 ιιιοιιε
1170 1772 1252 1799 esset,
1277 1772 1303 1794 et
1327 1768 1369 1794 cui
1401 1768 1479 1794 facile
1504 1768 1590 1794 resisti
1618 1777 1670 1794 non

874 1819 985 1849 .posset,
999 1820 1024 1841 et
1042 1814 1261 1848 impedimentum
1274 1813 1407 1848 objcctum
1425 1813 1533 1840 Christo
1557 1814 1613 1840 haec
1627 1814 1670 1840 in—

884 1865 1009 1887 staurare
1039 1860 1151 1891 volenti,
1166 1860 1247 1894 687
1269 1859 1344 1894 cujus
1361 1865 1438 1894 typus
1463 1859 1624 1892 Zorebabel,
1642 1866 1670 1886 ιιι

881 1904 937 1939 jam
956 1905 1083 1932 diximus.
1109 1904 1163 1930 Etsi
1182 1906 1254 1930 enim
1279 1903 1314 1930 sit
1343 1903 1522 1937 implacabilis
1549 1905 1670 1938 nequitia

884 1951 1008 1977 draconis
1022 1953 1161 1984 apostatm,
1178 1954 1266 1976 tamen
1285 1949 1351 1975 citra
1379 1949 1496 1976 laborem
1526 1950 1669 1977 sudorem-

883 2004 964 2031 quea
980 1996 1086 2022 Christo
1099 1995 1271 2022 conculcatus
1294 2000 1345 2022 est.
1372 1994 1437 2021 Erat
1470 1994 1541 2027 enim
1572 2000 1667 2022 natura

885 2042 964 2073 Deus,
982 2048 1075 2067 omnes
1089 2047 1263 2074 exsuperans.
1292 2040 1345 2066 Aut
1381 2039 1462 2073 igitur
1480 2039 1523 2066 tali
1553 2040 1666 2074 quodam

883 2087 962 2114 modo
975 2087 1045 2114 dicta
1064 2086 1144 2113 verba
1157 2085 1361 2119 explicabimus,
1373 2090 1418 2112 aut
1429 2085 1491 2118 alio,
1508 2085 1528 2112 si
1542 2085 1664 2120 placebit.

885 2133 957 2160 Dixit
981 2133 1065 2164 enim,
1089 2140 1140 2159 non
1168 2132 1285 2158 humana
1303 2132 1399 2158 virtute
1413 2131 1512 2158 nmndo
1525 2132 1608 2158 vitam
1626 2132 1666 2158 iu-

883 2183 1076 2207 stauraturum.
1091 2178 1124 2205 Et
1134 2178 1215 2204 stabit
1231 2177 1339 2211 quidem
1354 2176 1553 2208 candelabrum,
1567 2176 1667 2211 lampa-

882 2226 942 2253 dem
963 2225 1075 2256 habens,
1084 2224 1134 2251 hoc
1149 2229 1190 2250 est
1201 2223 1337 2250 Christum
1354 2230 1361 2248 :
1379 2222 1505 2249 lucebunt
1519 2227 1609 2249 autem
1625 2222 1666 2248 lu-

882 2279 981 2300 εει-[ιω.
994 2271 1126 2299 Praeterea
1139 2278 1154 2297 a
1167 2271 1259 2297 dextra
1271 2269 1391 2304 laevaque
1404 2268 1533 2302 lampadis
1547 2269 1604 2294 dua:
1619 2267 1668 2293 oli-

883 2326 923 2346 va
953 2318 1199 2348 omninostabunt,
1221 2317 1289 2343 duos
1314 2315 1425 2349 populos
1463 2314 1663 2341 adnmbrantcs.

882 2363 992 2395 Postea,
1014 2362 1090 2397 quasi
1103 2362 1260 2389 sciscitante
1278 2360 1403 2394 quopiam
1416 2366 1447 2385 ac
1461 2358 1582 2386 dicente:
1599 2356 1666 2390 Quis

882 2408 963 2444 igitur
977 2415 1007 2435 es
1025 2412 1063 2440 tu,
1079 2407 1123 2441 qui
1146 2410 1200 2434 tam
1226 2405 1308 2432 ardua
1325 2404 1396 2431 nullo
1417 2403 1485 2430 bello
1504 2407 1531 2429 et
1548 2402 1606 2428 sine
1627 2402 1650 2427 lu

883 2454 948 2481 bore
972 2452 1086 2480 feliciter
1104 2451 1312 2478 coustituturum
1335 2447 1479 2482 spondes?
1505 2446 1666 2474 subauditur

884 2499 1047 2533 respondens
1066 2498 1134 2525 Deus
1148 2502 1175 2524 et
1185 2497 1264 2524 Pater
1278 2503 1284 2522 :
1300 2504 1309 2520 ι
1331 2495 1384 2529 Ego
1397 2489 1473 2521 mons
1491 2493 1534 2519 ille
1553 2499 1665 2526 Ittttguus

883 2550 945 2572 ante
958 2545 1051 2572 facienti
1068 2542 1226 2574 Zorobabel,
1241 2547 1270 2568 ut
1284 2541 1430 2568 iustaurem
1445 2547 1451 2565 :
1473 2548 1482 2564 ι
1504 2538 1529 2565 id
1549 2543 1590 2564 cst
1613 2545 1665 2572 ego

880 2595 938 2615 sum
958 2587 1085 2615 otnnibus
1100 2585 1304 2620 supereminens
1319 2588 1425 2614 natura,
1445 2582 1542 2609 divinis
1555 2582 1665 2608 celsitu-

879 2634 986 2661 dinibus
998 2635 1030 2660 ad
1041 2633 1152 2667 gloriam
1169 2630 1386 2658 sublituissitnam
1405 2629 1522 2655 omnium
1533 2628 1664 2657 emicans,

881 2688 939 2715 quae
969 2687 1017 2707 suo
1050 2683 1169 2713 tempore
1197 2676 1230 2703 ad
1255 2675 1389 2710 promissa
1413 2673 1525 2701 lidclitcr
1554 2677 1582 2699 et
1604 2677 1666 2698 ante

880 2726 974 2754 faciem
1005 2723 1150 2752 Zorobabel
1186 2721 1334 2757 pra‘standa
1364 2718 1486 2747 suﬂiciet.
1514 2718 1570 2744 Non
1594 2718 1666 2743 enim
