1910 3050
235 127 270 156 67

751 124 781 152 ε.
800 123 938 152 CYRILLI
959 122 1194 150 ALEXANDRINI
1213 122 1374 152 ARCHIEP.

238 183 380 220 ignorabat
397 181 524 210 Christus
539 182 645 210 Patrem
663 188 742 209 suum
756 191 762 209 :
775 183 822 219 sed
844 182 919 217 quasi
933 189 1024 217 quem-

1078 181 1154 217 τέρα,
1176 181 1232 208 ἀλλ’
1251 181 1345 216 ὥσπερ
1361 181 1421 208 τινὰ
1443 180 1611 217 συνεργάτην
1629 179 1684 207 τῶν
1707 179 1781 206 ἰδίων
1802 187 1872 205 κατ-

238 231 299 258 dam
328 229 478 264 adjutoretn
505 228 649 262 insignium
670 235 778 255 suarum
789 228 924 255 actionum
962 234 1023 255 eum

237 275 366 307 faciebat,
381 282 442 302 cum
457 274 575 301 diceret:
595 282 604 299 ι
616 274 636 300 Δ
648 280 690 300 me
702 273 761 308 ipso
777 273 846 300 facio
858 273 933 300 nihil.
948 273 1026 300 Pater

239 325 329 348 autem
346 321 372 347 in
388 327 430 347 me
448 327 569 351 manens,
586 320 642 354 ipse
659 319 723 346 facit
735 327 815 354 opera
828 319 879 346 ".I
893 320 1026 354 Operaba-

240 372 284 394 tur
295 367 366 394 enim
381 372 410 394 ut
424 373 472 400 per
490 366 626 401 propriam
645 366 772 393 virtutem
793 373 839 400 per
857 365 965 397 Filium,
979 372 1026 399 per

238 421 320 449 quem
348 418 376 440 et
398 412 432 440 ab
463 412 540 439 initio
569 412 667 439 creatis
700 412 836 443 omnibus,
865 413 961 438 merito
984 415 1026 439 est

239 458 406 486 admirabilis
432 477 440 486 .
464 477 471 485 .
497 477 505 485 .
535 457 765 492 asapientissimo
793 457 901 485 Daniele
928 458 1025 484 iterum

240 505 310 533 Deus
325 510 351 532 et
364 503 446 531 Pater
471 511 550 531 mons
568 503 732 536 nominatur,
748 504 819 530 unde
836 508 863 530 et
876 503 942 538 lapis
967 503 1026 531 sine

238 552 363 579 manibus
394 551 523 585 praecisus
537 554 593 582 est,
615 550 661 584 qui
680 554 707 576 et
734 557 841 589 aurum,
863 554 1024 585 argentum,

235 606 286 629 tes,
303 597 403 624 ferrum
421 596 578 624 comminttit
590 596 623 624 ".
640 596 705 629 Qum
725 597 807 623 etiam
821 596 921 624 Christi
939 597 1027 632 imago

237 643 298 670 fuit.
313 641 396 668 Natus
409 641 481 669 enim
497 648 529 668 ex
550 643 604 669 Deo
627 641 707 668 Patre
726 641 820 673 Filius,
847 648 926 676 supra
945 648 1025 676 quam

236 689 291 716 dici
307 693 353 715 aut
364 692 454 715 mente
462 687 520 722 capi
530 692 628 722 potest,
637 687 1026 722 contrivitregna,utdeinceps

239 741 322 768 penes
333 741 393 760 eum
409 734 445 760 sit
465 740 544 760 omne
569 733 711 767 imperium
733 740 739 758 :
757 741 766 758 t
794 732 929 759 Flectelur
954 732 1025 760 enim

238 779 289 812 ipsi
301 786 381 806 omne
396 786 477 813 genu,
506 783 533 805 et
546 779 638 806 omnis
663 778 751 812 lingua
774 778 945 805 conﬁtebitur
964 778 1026 812 quia

239 824 368 852 Dominus
384 824 464 852 Jesus
479 824 603 852 Christus
623 824 649 851 in
662 824 745 859 gloria
758 829 799 852 est
811 824 856 851 Dei
875 824 962 851 Patris
972 824 1023 851 ".i

237 870 334 906 Itaque
348 875 375 897 ut
389 877 421 897 ex
438 875 528 897 monte
545 870 591 897 Dei
605 874 633 897 et
651 869 739 897 Patris
756 877 877 897 stuumus
889 870 1026 904 anguiaris

235 921 267 943 et
283 916 384 942 electus
399 915 466 950 lapis
479 917 599 942 resectus
612 914 784 947 Deus,faetus
794 920 836 942 est
850 915 926 941 nobis
939 914 1024 941 luere-

241 961 349 989 tlitas“.
362 961 457 988 Vocati
471 961 568 995 quippe
580 967 674 988 sumus
688 960 714 987 in
726 961 896 995 adoptionem
910 960 1024 988 ﬁliorum

239 1017 289 1042 per
303 1009 387 1042 ipsum
402 1008 434 1040 ",
450 1008 597 1042 scriptiqne
612 1007 731 1034 lta‘redes
747 1007 792 1034 Dei
802 1007 926 1038 viventis.
937 1014 1026 1042 arqua-

240 1053 314 1080 litate
328 1053 422 1088 gratia:
440 1053 554 1087 gratiam
576 1051 791 1080 lucrifacientes.
808 1052 864 1080 lloc
883 1060 947 1080 vero
962 1053 1025 1087 quid

236 1100 305 1127 est?
322 1100 386 1126 Data
401 1104 443 1126 est
457 1098 564 1133 quidem
590 1099 675 1134 gratia
698 1099 806 1132 antiqua
823 1099 864 1125 illa
884 1103 911 1126 et
925 1099 1025 1126 decan-

239 1148 293 1171 tata
308 1144 431 1171 :iiberati
452 1148 515 1171 sunt
530 1145 604 1171 enim
617 1152 650 1171 ex
668 1143 784 1178 Egypto
799 1144 945 1171 secundum
964 1151 1023 1171 cor-

239 1198 300 1226 pus,
322 1189 525 1225 servilejugum
544 1189 734 1217 dominationis
757 1198 810 1225 quo
834 1191 1025 1225 premebantur

241 1244 255 1262 a
273 1236 423 1263 cervicibus
438 1235 605 1269 deiecerunt,
618 1243 665 1271 per
676 1235 792 1263 medium
819 1243 894 1263 mare
911 1236 1025 1263 tradttcti

240 1288 313 1315 sunt,
331 1282 506 1310 comederunt
519 1282 657 1312 mannain
671 1282 824 1314 solitudine,
851 1283 935 1318 688
954 1283 1027 1317 pedi-

240 1329 289 1356 bus
300 1328 408 1355 ﬂumina
420 1327 740 1360 transieruntJordanem
754 1327 916 1360 videlicel,in
926 1333 1026 1355 terram

238 1373 428 1408 promissionis
444 1373 590 1400 introducti
607 1377 680 1401 sunt.
697 1373 760 1401 Haec
775 1374 857 1408 igitur
869 1373 956 1409 gratia
982 1373 1027 1401 illa

240 1420 336 1453 prima.
354 1419 452 1446 Verum
468 1419 494 1446 in
514 1419 668 1454 aequalitate
682 1423 710 1447 et
723 1419 898 1447 similitudine
911 1420 1028 1455 antiquae

238 1465 311 1491 illius
327 1465 420 1498 gratia
428 1464 514 1499 gratia
528 1464 663 1498 impertita
678 1469 720 1491 est
731 1464 870 1497 aChristo,
881 1466 926 1500 qui
938 1465 1028 1493 factus

1075 226 1242 262 ορθωμάτων
1268 228 1384 254 ἐποιεῖτο
1405 226 1507 260 λέγων·
1534 235 1543 252 t
1564 226 1624 252 Ἀπ’
1648 223 1768 260 ἐμαυτοῦ
1797 222 1873 250 ποιῶ

1075 272 1161 300 οὐδέν.
1184 273 1213 298 '0
1225 273 1254 299 δὲ
1268 272 1364 308 Πατὴρ
1381 273 1394 298 ὁ
1409 273 1437 298 ὲν
1457 272 1518 307 ἐμοὶ
1541 271 1640 306 μένων,
1659 271 1732 297 ποιεῖ
1744 269 1779 297 τὰ
1798 269 1873 304 ἔργα

1837 104 1899 148 σε

1075 318 1167 350 αὑτός.
1187 327 1196 344 ι
1216 318 1365 352 Είργάζετο
1384 318 1438 353 γὰρ
1460 317 1498 349 ὡς
1518 317 1561 344 διὰ
1573 317 1713 352 δυνάμεως
1729 316 1800 347 ἰδίας
1820 314 1871 341 τοῦ
1898 337 1899 357 η

1076 364 1154 396 Υίοῦ,
1169 364 1203 390 δι’
1222 361 1251 391 οὗ
1270 364 1317 390 καὶ
1332 365 1360 390 ὲν
1373 363 1471 399 ἀρχαῖς
1490 363 1524 390 τὰ
1547 363 1634 390 πάντα
1656 363 1724 397 πρὸς
1746 361 1778 388 τὸ
1796 359 1871 387 εἶναι

1084 410 1262 446 παρενεγκὼν
1276 410 1388 441 εἰκότως
1405 407 1632 444 οαυμάζεται.....
1642 407 1716 443 παρὰ
1728 407 1768 442 τῷ
1782 414 1872 440 σοφω-

1075 457 1150 491 τάτῳ
1168 455 1278 491 Δανιὴλ,
1292 456 1328 487 ὡς
1341 455 1402 491 ὃρος
1417 456 1483 490 ἡμῖν
1503 455 1658 491 ὠνόμασται
1675 454 1757 481 πάλιν
1772 455 1786 480 ὁ
1801 453 1870 484 Θεὸς

1076 504 1123 530 καὶ
1140 502 1245 538 Πατὴρ,
1265 502 1294 534 ἐξ
1310 500 1340 529 οὗ
1358 503 1404 528 καὶ
1422 502 1494 533 λίθος
1515 501 1579 528 ἄνευ
1596 500 1685 537 χειρὸς
1701 500 1823 536 ἐτμήθη,
1839 500 1871 531 ὃς

1076 548 1124 575 καὶ
1142 547 1271 574 ὲλὲπτυνε
1293 548 1324 574 τὸ
1338 547 1459 582 χρυσίον,
1483 548 1528 574 τὸν
1543 548 1671 582 ἄργυρον,
1689 547 1734 574 τὸν
1753 545 1867 581 χαλκὸν,

1075 593 1121 619 τὸν
1142 593 1260 628 σίδηρον,
1282 593 1328 619 καὶ
1349 590 1383 627 ἦν
1413 593 1451 624 εἰς
1476 592 1560 618 τύπον
1584 593 1630 618 καὶ
1651 591 1708 618 τόδε
1732 588 1867 626 Χριστοῦ.

1075 639 1260 674 Γεγενημένος
1280 639 1334 673 γὰρ
1357 639 1388 665 ὲκ
1408 637 1475 664 Θεοῦ
1492 638 1597 674 Πατρὺς
1626 638 1792 673 ἁπορρήτως
1820 636 1869 662 καὶ

1076 684 1147 720 ὑπὲρ
1159 684 1221 711 νοῦν
1233 685 1246 710 ὁ
1260 684 1332 715 Υἱὸς,
1352 684 1498 719 συνέτριψε
1515 684 1563 715 τὰς
1580 683 1730 719 βασιλείας,
1747 683 1780 709 ἶν’
1791 681 1868 716 αὐτῷ

1076 731 1168 757 λοιπὸν
1185 730 1215 757 τὸ
1230 729 1301 756 κατὰ
1314 729 1422 755 πάντων
1438 730 1536 765 κράτος
1551 729 1718 764 ἁνάπτηται·
1737 727 1867 762 ιΚὰμψει

1076 776 1128 812 7&9
1147 775 1221 811 αὐτῷ
1236 777 1289 802 πᾶν
1303 776 1379 810 γόνυ,
1394 776 1441 802 καὶ
1453 776 1528 802 πᾶσα
1542 776 1652 810 γλῶσσα
1667 774 1868 810 ἐξομολογήσε-

1076 831 1131 854 ται,
1155 823 1196 849 ὃτι
1220 822 1321 858 Κύριος
1351 821 1454 857 Ἰησοῦς
1477 823 1592 858 Χριστὸς
1622 822 1663 853 εἰς
1691 821 1772 854 δόξαν
1795 819 1866 846 Θεοῦ

1041 855 1062 884 Β
1077 868 1192 904 Πατρός,
1212 878 1222 894 ›
1240 855 1343 895 υῦκοῦν
1410 868 1438 901 ἐξ
1455 855 1533 903 ὅρους
1548 867 1595 894 τοῦ
1611 867 1678 894 Θεοῦ
1698 868 1745 893 καὶ
1759 865 1867 900 Πατρὸς

1076 916 1273 951 ἁκρογωνιαῖος
1293 916 1338 942 καὶ
1351 915 1478 946 ἐκλεκτὸς
1491 914 1658 950 ἀποτμηθεὶς
1674 913 1747 945 λίθος
1762 914 1776 939 ὁ
1787 913 1866 944 Θεὸς,

1076 963 1187 997 γέγονεν
1204 962 1270 997 ἡμῖν
1294 961 1471 997 κληρονομία.
1502 959 1667 996 Κεκλήμεθα
1681 959 1735 995 γὰρ
1753 960 1792 990 είς
1811 959 1867 985 υἱο-

1077 1009 1169 1035 Θεσίαν
1192 1008 1226 1034 δι’
1247 1007 1341 1040 αὑτοῦ,
1369 1007 1416 1034 καὶ
1440 1007 1603 1042 κληρονόμοι
1627 1006 1780 1040 γεγόναμεν
1797 1003 1864 1031 Θεοῦ

1077 1054 1188 1086 ζῶντος,
1210 1053 1314 1088 ἰσότητι
1335 1053 1445 1089 χάριτος
1470 1053 1570 1088 χάριτα
1590 1052 1788 1087 κερδαίνοντες.
1810 1051 1865 1077 Καὶ
1898 1054 1899 1067 ‘

1076 1100 1102 1126 τί
1116 1099 1147 1134 δὴ
1155 1099 1251 1132 τοῦτο;
1265 1099 1374 1126 Δέδοται
1389 1098 1438 1134 μὲν
1451 1098 1589 1134 γὰρχάρις
1600 1106 1641 1129 τις
1655 1097 1694 1133 τῷ
1713 1096 1835 1133 Ἰσραὴλ,
1848 1097 1864 1132 ή

1076 1145 1177 1180 ἀρχαία
1190 1154 1219 1171 τε
1236 1145 1329 1180 ἐκείνη
1345 1144 1393 1171 καὶ
1405 1144 1546 1180 διαϐόητος
1555 1151 1563 1158 '
1575 1143 1759 1179 λελύτρωνται
1770 1143 1826 1178 γὰρ
1837 1142 1865 1174 ἐξ

1077 1191 1213 1225 Αἰγύπτου
1240 1191 1398 1226 σαρκικῶς,
1420 1191 1470 1226 τὴν
1496 1190 1690 1225 ὲπηρτημένην
1717 1189 1812 1221 αὐτοῖς
1835 1190 1865 1215 ἐκ

1078 1237 1234 1271 πλεονεξίας
1250 1237 1432 1264 ἀπεσείσαντο
1444 1237 1577 1269 δουλείαν,
1597 1236 1810 1271 διεὸιὸάσθησαν
1824 1235 1865 1261 διὰ

1078 1284 1214 1319 θαλάσσης
1231 1284 1334 1319 μέσης,
1349 1283 1449 1318 ἔφαγον
1463 1283 1494 1309 τὸ
1513 1283 1600 1318 μάννα
1615 1283 1644 1309 ὲν
1655 1283 1688 1318 τῇ
1705 1283 1816 1317 ἐρήμῳ,
1832 1281 1866 1307 δι-

1077 1329 1158 1364 ῆλθον
1175 1329 1204 1355 ὲν
1217 1329 1277 1355 ποδὶ
1303 1329 1445 1363 ποταμοὺς
1469 1327 1707 1364 (διεπεραιώσαντο
1721 1328 1777 1362 γὰρ
1796 1327 1865 1353 οὕτω

1078 1375 1123 1402 τὸν
1142 1375 1300 1410 Ἰορδάνην),
1311 1374 1539 1410 εἰσεκομίσθησαν
1554 1375 1593 1405 εἰς
1607 1375 1658 1409 τὴν
1679 1374 1730 1409 γῆν
1745 1373 1797 1408 τῆς
1817 1374 1864 1399 ἑπ-

1078 1421 1218 1455 αγγελίας.
1237 1421 1310 1456 Αὕτη
1328 1421 1360 1456 δὴ
1377 1419 1424 1447 οὖν
1440 1422 1457 1456 ὴ
1476 1420 1556 1456 χάρις
1577 1421 1593 1456 η
1617 1420 1724 1455 πρώτη.
1747 1420 1820 1446 Ἀλλ’
1838 1420 1865 1446 ἐν

1080 1467 1182 1501 ἰσότητι
1210 1466 1257 1492 καὶ
1271 1466 1409 1501 ὁμοιότητι
1427 1466 1476 1501 τῆς
1487 1466 1604 1502 ἀρχαίας
1618 1466 1727 1501 ἐκείνης
1742 1467 1863 1502 χάριτος,

240 1515 281 1536 est
316 1510 396 1537 nobis
433 1509 499 1544 lapis
522 1513 553 1536 ut
584 1509 802 1542 fundamentum,
823 1511 880 1538 sive
907 1519 1025 1538 summus

1079 1513 1156 1548 χάρις
1171 1513 1275 1540 δέδοται
1291 1513 1364 1548 παρὰ
1379 1512 1509 1547 Χριστοῦ,
1524 1512 1553 1544 ὃς
1572 1513 1683 1548 γέγονεν
1697 1514 1775 1548 ἡμῖν,
1794 1513 1863 1545 λίοος

238 1555 389 1590 singularis,
404 1561 430 1582 et
457 1563 565 1582 rursum
595 1555 681 1583 inseres
698 1561 728 1583 ut
751 1555 847 1584 Filius.
876 1556 928 1584 Per
952 1557 1026 1584 illutn

237 1601 339 1634 quippe
352 1600 473 1628 heredes
498 1600 543 1628 Dei
562 1600 679 1628 instituti
711 1608 806 1630 sumus
823 1602 866 1629 ³¹.
887 1601 1028 1635 Quomodo

237 1645 322 1680 igitur
339 1645 364 1672 in
380 1646 534 1680 a'qualitate
549 1646 642 1681 primae
657 1646 751 1682 gratiae
766 1647 905 1674 secunda?
919 1647 982 1680 Quae
999 1648 1027 1675 in

240 1691 294 1718 illis
313 1691 414 1718 ﬁebant
437 1693 587 1720 secundum
603 1700 725 1727 carnem,
745 1693 802 1721 sive
826 1701 945 1725 sensum.
971 1695 1028 1722 haec

241 1737 366 1764 Christus
381 1738 528 1765 secundum
540 1739 664 1773 spiritum
677 1743 705 1767 et
716 1740 880 1768 intellectum
893 1741 1027 1776 praestitit.

241 1783 346 1818 Eripuit
364 1791 442 1811 nose
467 1784 597 1812 servitute
616 1785 760 1820 diabolica,
780 1792 830 1814 ceu
855 1794 888 1813 ex
913 1787 968 1813 luto
1001 1791 1028 1814 et

240 1828 363 1856 latere".
380 1829 518 1857 Liberavit
538 1830 724 1860 alfectionibus
752 1832 896 1860 mundanis
916 1837 942 1861 et
967 1841 1029 1860 car-

241 1873 348 1900 nalibus
380 1873 568 1910 immunditiis.
589 1875 668 1903 Velut
704 1884 753 1911 per
775 1885 850 1905 mare
885 1878 1026 1906 transitum

238 1918 391 1945 concessit:
409 1918 507 1947 ﬂuctus
528 1921 598 1947 enim
623 1920 701 1954 lmjns
721 1922 781 1949 vita:
806 1927 833 1950 et
851 1924 1026 1950 acerbitatem

240 1964 300 1999 ejus
315 1965 916 2000 sollicitudinquprteterivimus.Comcdimns
930 1977 1026 2004 panem

239 2011 272 2036 de
287 2010 355 2037 cmlo
371 2010 502 2045 (mystice
513 2011 826 2048 loquimur),Jordanem
841 2015 1026 2048 transivimus,

239 2056 472 2084 circumcisionem
484 2058 509 2084 in
519 2058 615 2092 spiritu
626 2059 792 2094 suscepimus
801 2060 834 2093 “,
844 2061 1026 2089 haereditatem

175 2103 184 2115 ’
239 2102 391 2128 amlivimns
400 2110 544 2137 supernam
560 2104 777 2137 civitatem,vere
791 2111 910 2133 sanctam
928 2112 1026 2135 terram

239 2146 316 2178 cujus
331 2152 357 2173 et
374 2147 499 2174 Christus
528 2148 585 2182 ipse
602 2149 722 2177 meminit
750 2157 809 2178 cum
831 2152 889 2178 ait:
921 2161 930 2177 t
952 2151 1026 2180 Beati

1081 1559 1130 1594 μὲν
1151 1559 1189 1590 ὡς
1206 1558 1346 1603 Θεμέλιος,
1365 1559 1448 1593 ἤγουν
1467 1559 1674 1594 ἀκρογωνιαῖος,
1697 1559 1865 1595 κληρονόμος

1078 1606 1106 1632 δὲ
1124 1605 1215 1637 πάλιν,
1229 1605 1266 1636 ὡς
1283 1605 1355 1636 Υἱός.
1373 1605 1526 1640 Γεγόναμεν
1544 1605 1597 1641 γὰρ
1611 1606 1644 1633 δι’
1660 1606 1742 1633 αὑτοῦ
1766 1606 1862 1641 κληρο-

1078 1652 1156 1686 νόμοι
1170 1650 1248 1677 Θεοῦ.
1263 1650 1325 1682 Πῶς
1337 1648 1384 1677 οῦν
1398 1651 1427 1677 ὲν
1442 1651 1545 1686 ἰσότητι
1561 1651 1611 1685 τῆς
1628 1653 1740 1687 πρώτης
1755 1651 1865 1688 χάριτος

1077 1697 1094 1732 ή
1112 1696 1225 1732 δευτέρα
1235 1697 1282 1728 ;"A
1299 1696 1354 1732 7&9
1370 1697 1413 1722 ἐπ’
1423 1696 1539 1729 ἐκείνοις
1549 1697 1700 1732 ἐπράττετο
1714 1697 1863 1733 σαρκικῶς,
1898 1703 1899 1707 ‘

1078 1744 1162 1780 ἧγουν
1185 1742 1338 1778 αἰσθητῶς,
1370 1742 1458 1769 ταῦτα
1489 1743 1663 1770 τετελείωκεν
1689 1744 1731 1778 ἐφ’
1759 1745 1827 1779 ἡμῖν
1851 1745 1864 1770 ὁ

1077 1789 1194 1825 Χριστὸς
1213 1788 1406 1824 πνευματικῶς
1420 1797 1449 1815 τε
1465 1789 1513 1815 καὶ
1525 1789 1636 1824 νοητῶς.
1662 1789 1795 1821 Ἐξείλετο
1808 1790 1864 1816 δου-

1077 1835 1152 1865 λείας
1168 1833 1336 1869 διαεολικῆς,
1352 1833 1390 1865 ὡς
1403 1834 1436 1860 ὲκ
1452 1833 1538 1869 πηλοῦ
1564 1834 1611 1860 καὶ
1631 1834 1781 1867 πλινθείας.
1803 1835 1864 1862 Ἀπ-

1077 1879 1175 1915 ήλλαξε
1201 1878 1255 1904 τῶν
1279 1879 1308 1905 ὲν
1334 1878 1428 1913 κόσμῳ
1454 1879 1547 1905 παθῶν
1582 1879 1630 1906 καὶ
1649 1880 1702 1906 τῶν
1725 1880 1863 1916 σαρκικῶν

1077 1925 1263 1961 ἁκαθαρσιῶν.
1276 1924 1434 1951 Διεΰίόασεν
1450 1925 1488 1957 ὡς
1501 1925 1545 1952 διὰ
1562 1925 1699 1961 θαλάσσης
1709 1935 1717 1943 ·
1730 1927 1864 1962 παρεδρά-

1079 1979 1165 2007 μομεν
1184 1970 1238 2006 γὰρ
1250 1971 1295 1997 τὸν
1312 1970 1434 1997 κλύδωνα
1447 1971 1494 1998 τοῦ
1519 1972 1652 2008 παρόντος
1668 1972 1736 2007 βίου,
1753 1974 1801 2000 καὶ
1817 1974 1863 2007 τῆς

1077 2019 1106 2044 ἐν
1129 2018 1202 2053 αὐτῷ
1218 2017 1357 2053 φροντίδος
1379 2018 1409 2044 τὸ
1431 2019 1538 2054 πικρόν.
1559 2019 1712 2054 Ἐφάγομεν
1734 2019 1817 2055 ἄρτον
1837 2020 1862 2053 ἐξ

1076 2062 1191 2097 οὐρανοῦ
1205 2062 1347 2097 (μυστικὸς
1360 2063 1374 2088 ὁ
1389 2062 1491 2096 λόγος),
1507 2063 1717 2099 διεὸιὸἀσθημεν
1732 2064 1778 2091 τὸν
1799 2065 1862 2099 Ἰορ-

1077 2108 1170 2142 δάνην,
1193 2107 1343 2143 περιτομὴν
1365 2109 1522 2144 ἐσχήκαμεν
1538 2109 1586 2144 τὴν
1605 2110 1633 2137 ἐν
1647 2111 1798 2145 πνεύματι,
1820 2120 1863 2137 κε-

1078 2153 1323 2187 κληρονομήκαμεν
1344 2153 1393 2188 τὴν
1415 2153 1471 2180 ἀνω
1485 2154 1574 2186 πόλιν,
1595 2154 1643 2189 τὴν
1657 2154 1767 2190 ἀληθῶς
1787 2156 1863 2190 ἁγίαν

241 2191 331 2224 mites,
350 2191 478 2225 quoniam
493 2193 542 2227 ipsi
559 2195 732 2227 pOSsidebunt
760 2202 859 2223 terram
875 2197 907 2224 ".
927 2207 936 2223 ι
957 2197 1025 2225 Puto

1078 2199 1140 2233 γῆν,
1164 2195 1197 2232 ἧς
1214 2199 1261 2224 καὶ
1282 2198 1363 2230 αὐτὸς
1384 2200 1399 2225 ὁ
1425 2199 1541 2234 Χριστὸς
1562 2199 1737 2236 διεμέμνητο,
1760 2201 1861 2235 λέγων·

239 2242 328 2264 autem
340 2245 390 2272 ego
403 2239 631 2273 sapientissimum
644 2248 751 2276 quoque
768 2243 962 2278 evangelistam
979 2244 1025 2271 Jo-

239 2289 336 2309 annem
354 2283 403 2310 hoc
426 2283 511 2317 ipsum
545 2286 700 2318 signiﬁcare
721 2287 799 2320 velle,
825 2296 885 2315 cutn
904 2290 967 2316 dicit
993 2292 1025 2318 de

238 2329 365 2356 Christo:
384 2329 435 2357 «De
446 2329 613 2364 plenitudine
627 2333 686 2367 ejus
695 2341 744 2361 nos
755 2342 850 2361 omnes
859 2336 1023 2371 accepimus,

237 2378 267 2400 et
282 2375 396 2409 gratiam
413 2382 461 2410 pro
475 2377 571 2410 gratia.
589 2377 656 2410 Quia
673 2378 715 2405 lex
730 2386 777 2413 per
792 2378 883 2406 Mosen
898 2381 958 2407 data
973 2386 1027 2414 est,

238 2420 325 2459 gratia
341 2424 368 2447 et
381 2421 481 2448 veritas
497 2429 543 2456 per
557 2421 649 2450 Jesum
665 2423 802 2450 Christum
820 2424 889 2452 facta
908 2430 949 2453 est
962 2426 996 2453 ".
1014 2437 1024 2454 ι

238 2465 361 2492 Minister
387 2467 458 2492 enim
486 2471 513 2494 et
556 2468 690 2495 mediator
727 2468 827 2496 veteris
870 2469 940 2497 illius
967 2470 1029 2506 gra-

240 2511 285 2538 tiae
324 2511 411 2539 Moses
438 2513 513 2547 fuit;
536 2515 662 2541 secundas
710 2519 801 2542 autem
844 2517 1030 2551 gratitrtlhri-

238 2561 307 2589 stus,
327 2565 386 2592 qua:
409 2559 613 2586 similitudinem
639 2560 737 2594 prioris
766 2561 836 2589 illius
848 2562 938 2590 habet.
962 2563 1027 2600 'l‘ypi

236 2603 309 2630 cuitu
323 2604 432 2638 quidam
448 2609 527 2632 erant
556 2605 589 2632 ad
620 2606 779 2639 veritatem,
811 2609 869 2635 sive
904 2610 1028 2638 veritatis

237 2650 319 2676 (locus
336 2652 528 2685 parturientes,
546 2656 622 2678 tanto
636 2652 758 2680 melioris
774 2659 801 2680 et
814 2655 1025 2688 excellentioris,

235 2701 338 2730 quanto
362 2704 421 2731 qua:
453 2697 579 2725 sensibus
604 2705 635 2725 ea
671 2705 732 2733 qum
758 2700 815 2727 sola
849 2701 1024 2736 intelligentia

271 2796 293 2811 "
308 2794 456 2836 ἕρπω-διν,
469 2796 512 2836 iQ.
551 2798 577 2836 “_
588 2798 657 2836 Dan.
670 2806 707 2836 11,
718 2799 762 2836 54ξ
802 2800 824 2816 ²⁹
841 2800 957 2835 Philipp.
973 2810 1003 2834 ιι,
1024 2814 1025 2817 π

1087 2802 1128 2828 ii.
1168 2802 1190 2818 '°
1207 2803 1304 2836 Ephes.
1333 2811 1360 2836 li,
1382 2805 1427 2832 20.

1081 2251 1090 2266 ι
1102 2238 1240 2276 Μακάριοι
1257 2243 1281 2268 οἱ
1297 2243 1404 2276 πραεῖς,
1422 2243 1463 2269 ὅτι
1476 2243 1552 2270 αὐτοὶ
1568 2244 1805 2281 κληρονομήσουσι
1818 2246 1863 2282 τὴν

1079 2286 1141 2321 γῆν.
1162 2297 1170 2312 ι
1188 2284 1272 2322 Οἶμαι
1288 2287 1315 2313 δὲ
1330 2288 1417 2322 ἔγωγε
1433 2289 1480 2316 καὶ
1491 2289 1536 2316 τὸν
1554 2290 1709 2324 σοφώτατον
1721 2292 1863 2326 εὐαγγελι-

1079 2333 1144 2367 στὴν
1164 2333 1300 2368 Ἰωάννην,
1318 2334 1384 2361 αὐτὸ
1402 2335 1433 2370 δὴ
1452 2335 1531 2362 τοῦτο
1551 2335 1693 2370 βούλεσθαι
1713 2337 1822 2373 δηλοῦν,
1842 2339 1864 2365 sl

1077 2378 1150 2413 λέγοι
1167 2380 1230 2414 περὶ
1241 2380 1370 2415 Χριστοῦ,
1381 2381 1421 2407 ὅτι
1438 2391 1447 2407 ι
1459 2382 1506 2408 Ἐκ
1522 2382 1569 2409 τοῦ
1584 2383 1769 2419 πληρώματος
1783 2385 1862 2412 αὑτοῦ

1077 2425 1157 2460 ἡμεῖς
1171 2425 1271 2457 πάντες
1288 2426 1432 2462 ἐλάϐομεν,
1447 2428 1494 2454 καὶ
1509 2429 1588 2464 χάριν
1602 2429 1661 2456 ἀντὶ
1678 2430 1862 2466 χάριτος.⁹’οτι

1076 2472 1091 2497 ὁ
1107 2471 1187 2506 νόμος
1203 2471 1248 2497 διὰ
1263 2472 1384 2504 Μωσέως
1403 2473 1480 2509 ἐδόθη
1492 2494 1499 2505 ,
1515 2476 1530 2510 ἡ
1554 2476 1632 2511 χάρις
1652 2477 1700 2503 καὶ
1720 2477 1736 2512 ή
1752 2477 1861 2513 ἀλήθεια

1078 2517 1121 2544 διὰ
1141 2517 1228 2552 Ἰησοῦ
1242 2518 1360 2554 Χριστοῦ
1374 2519 1491 2553 ἐγένετο.
1506 2530 1515 2546 ›
1528 2521 1656 2554 Διάκονος
1671 2523 1723 2557 μὲν
1737 2523 1793 2558 γὰρ
1818 2524 1861 2550 καὶ

1080 2563 1193 2599 μεσίτης
1207 2564 1255 2598 τῆς
1269 2564 1385 2598 ἀρχαίας
1399 2565 1504 2601 ἐκείνης
1518 2566 1628 2601 χάριτος
1643 2567 1757 2602 γέγονεν
1771 2570 1786 2594 ό
1801 2569 1860 2596 Μω-

1078 2609 1195 2644 σῆς·τῆς
1209 2618 1241 2643 γε
1257 2610 1310 2646 μὴν
1319 2610 1449 2646 δευτέρας
1464 2613 1574 2648 χάριτος
1585 2613 1600 2639 ὁ
1611 2613 1632 2639 Χ
1637 2614 1739 2648 ριστὸς,
1749 2615 1860 2650 ἐχούσης

1078 2655 1127 2690 μὲν
1150 2657 1298 2691 ὁμοιότητα
1324 2657 1393 2692 πρὸς
1415 2658 1524 2693 ἐκείνην
1548 2658 1639 2692 (τύποι
1661 2659 1716 2695 γὰρ
1737 2658 1810 2695 ἦσαν
1826 2661 1859 2692 ὡς

1076 2702 1144 2737 πρὸς
1167 2702 1314 2738 ἀλήθειαν,
1338 2704 1421 2738 ἤγουν
1445 2705 1475 2730 τὸ
1500 2705 1548 2740 τῆς
1572 2705 1701 2741 ἀληθείας
1723 2707 1859 2738 ὠδίνοντες

1477 2806 1498 2822 ³¹
1516 2806 1613 2840 Epltes.
1627 2814 1646 2836 ι,
1666 2807 1682 2833 5
1736 2807 1759 2824 ³²
1782 2806 1855 2835 Rom.

235 2836 296 2861 vui.
311 2830 352 2856 i7.
392 2831 412 2846 ³³
429 2832 512 2860 Exod.
534 2834 611 2866 1,”.
649 2834 672 2850 “
689 2835 774 2862 Exod.
788 2843 842 2869 xw,
862 2836 869 2862 l
886 2844 892 2868 ;
909 2830 1025 2863 luanfw

1077 2843 1097 2864 ι.
1136 2837 1158 2853 ³⁵
1170 2830 1264 2866 ΜυίΙἸι.
1279 2847 1303 2871 γ,
1318 2830 1360 2865 4.’
1383 2830 1501 2870 ῖίξιοοη.
1516 2830 1663 2875 ὶίζ”ἱέ,’ϋ.
