1910 3050
52 149 82 177 G9

463 143 737 173 COMMENTARIUS
756 142 788 170 IN
809 142 1005 171 ZACllABl.\M
1026 144 1246 173 PROPIIETAM.

1631 146 1666 173 70

53 207 163 240 κάλλος),
176 204 318 240 ἀμείνονος
334 203 361 230 δὲ
373 203 419 230 καὶ
428 202 704 238 ὑπερκειμένης,ὂσῳ
717 201 764 228 καὶ
778 200 831 228 τῶν

887 202 1145 237 comprehenduntur
1173 203 1345 231 antecellunt.
1362 203 1472 231 Accedit
1493 204 1570 232 testis
1595 203 1666 232 Pau-

49 250 178 288 αίσθητῶν
195 250 346 286 ὑπερφέρω
362 249 395 276 ἂν
407 250 520 281 εἰκότως
534 249 568 276 τὰ
581 249 674 284 νοητά.
692 249 746 275 Καὶ
760 256 829 284 μαρ-

51 301 160 334 τυρήσας
176 302 278 332 γραφει
298 298 313 323 ὁ
328 296 442 328 Παῦλος,
467 295 507 322 ὅτι
530 295 683 330 κρείττονος
697 293 828 329 διαθήκης

50 346 150 381 γέγονεν
166 343 265 378 ἔγγυος
283 341 397 377 Ἰησοῦς.

82 409 132 438 Καὶ
144 408 261 443 ἐγένετο
281 408 372 442 λόγος
388 407 498 441 Κυρίου
513 407 586 441 πρός
605 415 653 441 με,
666 405 775 440 λέγων·
796 405 829 432 Αἱ

53 457 139 493 χεῖρες
151 454 318 489 Ζοροϐάϐελ
328 454 530 488 ἐθεμελίωσαν
546 453 598 479 τὸν
616 450 700 478 οἷκον
711 451 827 482 τοῦτον,

53 503 95 529 καί
117 503 144 528 al
165 500 265 534 χεῖρες
292 499 386 527 αὑτοῦ
406 497 636 525 ἐπιτελέσωσιν
653 497 760 528 αὑτὸν,
780 496 829 523 καὶ

54 547 192 582 ὲπιγνώσῃ
202 546 278 573 διότι
289 546 395 579 Κύριος
404 543 612 578 παντοκράτωρ
621 541 829 576 ἐξαπέσταλκέ

51 602 84 629 με
98 592 166 626 πρὸς
181 591 228 618 σέ.

83 650 150 683 KG".
171 648 237 674 Ἰδοὺ
268 647 301 682 δὴ
317 646 397 674 πάλιν
412 647 476 680 ἡμῖν
489 646 518 671 ὲν
532 644 671 676 αἰσθητοῖς
688 643 828 679 πράγμασι

55 694 212 730 καταγράφει
232 693 267 719 τὰ
282 692 382 727 νοητὰ,
397 691 446 718 καὶ
464 690 518 717 τῶν
536 690 580 716 διὰ
600 689 717 725 Χριστοῦ
738 698 828 725 παραυ

54 741 125 772 δόξως
139 738 341 773 τετελεσμένων
362 736 544 772 παρατίθησιν
568 737 607 767 είς
628 735 712 762 τύπον
733 735 763 761 τὸ
785 734 829 761 διὰ

54 786 134 822 χειρὸς
159 784 313 820 Ζοροόάὸελ
336 782 407 810 κατὰ
432 783 544 817 καιροὺς
572 780 826 817 ὲκπεπερασμὲνον.

60 832 158 867 Ἐπειδὴ
173 833 240 867 γὰρ,
259 831 377 866 ἁλούσης
393 831 442 865 τῆς
458 830 634 857 Βαευλωνίων
652 829 703 856 ὑπὸ
718 828 828 864 Περσῶν

57 879 97 906 καὶ
116 877 203 913 Κύρου
213 897 221 909 ,
236 877 292 903 τῶν
308 877 356 911 τῆς
370 875 491 907 δουλείας
512 876 616 902 ἀνεῖντο
635 875 741 910 δεσμῶν
757 875 780 900 οἱ
799 874 829 906 ὲξ

62 924 166 960 Ἰσραὴλ,
180 923 226 950 καὶ
241 923 276 958 δὴ
291 924 337 949 καὶ
352 923 452 958 ἀνῆκον
468 923 507 953 είς
519 921 704 957 Ἰεροσόλυμα,
717 920 830 955 Δαρείου

57 970 137 996 λοιπὸν
157 969 205 1004 τὴν
228 968 371 995 Χαλδαίων
393 968 529 999 διέποντος
552 967 651 1002 ἀρχὴν,
676 966 830 1002 προῦτρεπε

58 1015 114 1046 05k
127 1015 186 1045 τοὺς
198 1014 436 1049 ὑπονοστήσαντας
452 1013 496 1039 τὸν
510 1012 581 1039 θεῖον
591 1012 671 1043 εὐθὺς
687 1012 832 1047 ὰναδείμα·

60 1062 112 1088 σθαι
125 1062 192 1094 ναὸν,
204 1059 395 1095 βασιλεύοντος
411 1059 460 1095 μὲν
476 1058 831 1095 Ζοροϐάϐελ,ίερατεύοντός

59 1115 84 1140 γε
101 1106 149 1141 μὴν
167 1105 253 1141 Ἰησοῦ
277 1105 325 1132 τοῦ
347 1104 480 1131 Ἰωσεδὲκ.
498 1104 554 1132 Καὶ
576 1104 692 1139 ἥπτοντο
715 1103 764 1138 μὲν
783 1103 830 1130 τοῦ

60 1152 138 1187 ἔργου,
155 1151 200 1178 καὶ
219 1151 251 1187 δὴ
267 1151 317 1178 καὶ
334 1151 364 1177 ἐν
380 1150 502 1186 πρώταις
514 1150 654 1186 κρηπίδων
669 1149 832 1181 καταϐολαῖς

59 1199 85 1224 τὸ
99 1198 172 1232 ἔργον
184 1196 227 1231 ἦν,
242 1195 311 1233 ἦρτο
325 1198 352 1224 δὲ
366 1198 412 1224 καὶ
429 1197 496 1232 ὑψοῦ
512 1197 546 1224 τὰ
561 1197 636 1232 τείχη
652 1197 756 1228 λοιπὸν,
774 1195 832 1223 εἶτα

62 1244 149 1279 μεταξὺ
169 1244 329 1271 κωλυόντων
353 1243 446 1276 τινῶν,
471 1244 518 1270 καὶ
541 1243 667 1278 ἐμποδὼν
689 1243 832 1277 γεγονότος

61 1290 99 1317 τοῦ
120 1291 211 1325 φθόνου
231 1289 287 1316 τῶν
310 1290 457 1325 περιοίκων
476 1289 577 1320 ὲθνῶν,
597 1289 691 1323 γέγονέ
708 1297 749 1320 τις
768 1289 832 1314 ἀνα-

61 1337 136 1371 κωχὴ,
150 1336 195 1362 καὶ
211 1335 428 1370 σπουδασμάτων
443 1334 496 1362 τῶν
521 1335 567 1362 ἐπὶ
588 1337 643 1366 τοῖς
658 1335 748 1370 ἔργοις
765 1334 831 1360 ἀνά-

61 1383 153 1417 ὅλητις.
173 1382 297 1413 Ἀνέντος
312 1382 339 1408 δὲ
358 1381 436 1408 πάλιν
460 1380 551 1412 αὐτοῖς
566 1380 612 1407 τοῦ
627 1380 694 1407 Θεοῦ
713 1380 744 1406 τὸ
757 1380 832 1407 δύνα-

63 1429 117 1464 σθαι
135 1427 283 1463 κατορθοῦν
295 1447 301 1459 ,
327 1427 498 1453 τετελείωται
515 1427 591 1462 μόλις
607 1427 621 1452 ὀ
634 1426 717 1458 νεὼς,
744 1426 831 1461 Ἰησοῦ

63 1475 105 1510 μὲν
127 1473 320 1510 ἱερατεύοντος,
344 1472 497 1508 Ζοροϐἀὸελ
510 1481 541 1506 γε
567 1473 620 1508 μὴν
647 1472 828 1507 ἐφεστηκότος

63 1520 102 1547 καὶ
122 1519 314 1555 βασιλεύοντος.
338 1518 406 1544 Ἀλλ⁸
422 1518 450 1544 ἐν
465 1517 571 1549 τούτοις
595 1517 644 1552 μὲν
661 1519 674 1544 ό
690 1518 740 1553 τῆς
763 1519 833 1544 ἱστο-

64 1566 114 1600 ρίας
135 1565 361 1600 συμπεπέρασται
386 1563 474 1598 λόγος.
502 1563 612 1598 Ἐπειδὴ
635 1563 663 1589 δὲ
687 1564 726 1594 είς
749 1563 832 1589 τύπον

65 1610 166 1646 Χριστοῦ
189 1609 376 1645 παρείληπται
404 1608 467 1644 παρ’
488 1608 567 1643 ἡμῶν
591 1609 604 1634 ὁ
625 1608 657 1634 ἐκ
681 1608 730 1642 τῆς
749 1608 834 1634 Ἰούδα

64 1657 138 1692 φυλῆς
149 1655 309 1691 Ζοροϐάϐελ,
321 1655 387 1689 φέρε
401 1654 432 1689 δὴ
447 1653 569 1688 λέγωμεν
583 1654 656 1683 ὅπως
671 1661 700 1679 τε
714 1652 760 1679 καὶ
773 1653 834 1680 τίνα

63 1703 149 1737 τρόπον
162 1702 261 1738 ἦρξατο
284 1701 334 1736 μὲν
351 1700 430 1732 αὐτὸς
445 1699 597 1735 οἰκοδομεῖν
619 1699 664 1726 τὸν
684 1698 757 1726 οἷκον
776 1700 833 1726 Κυ-

66 1749 114 1784 ρίου
125 1769 132 1781 ,
147 1748 307 1775 τετελείωκε
324 1747 346 1773 δ’
362 1744 394 1774 αὗ
419 1747 434 1773 ὁ
450 1746 545 1782 νοητὸς
568 1746 615 1772 καὶ
639 1745 834 1781 πνευματικός.

66 1795 241 1830 Κατεστήσατο
268 1794 318 1829 μὲν
344 1793 396 1830 γὰρ
413 1793 441 1819 ὲν
465 1793 562 1827 ἀρχαῖς
587 1789 661 1818 οἶκόν
682 1800 743 1818 τινα
788 1791 835 1819 καὶ

66 1840 199 1875 ὲναύλισμα
225 1839 378 1875 θεοπρεπὲς
402 1837 477 1872 αὐτῷ
497 1845 527 1864 τε
550 1837 596 1864 καὶ
615 1837 654 1872 τῷ
669 1837 766 1873 Πατρὶ,
786 1837 835 1873 τὴν

71 1884 190 1912 Ἰουδαίων
212 1885 390 1920 Συναγωγήν.
413 1883 490 1911 Οὕτω
511 1883 565 1919 γὰρ
588 1884 673 1920 αὐτὴν
699 1883 834 1918 ὠνόμαζε,

67 1930 121 1964 περὶ
135 1929 177 1956 τοῦ
196 1930 336 1964 πανσόφου
363 1928 483 1960 Μωσέως
500 1927 600 1954 εἰπών’
618 1938 628 1954 ι
646 1929 708 1955 Ἐὰν
723 1929 836 1963 γένηται

68 1976 192 2011 προφήτης
206 1976 236 2008 ἐξ
248 1975 327 2010 ὑμῶν
339 1975 481 2011 Κυρίῳ,ὲν
495 1975 614 2009 ὁράματι
628 1974 701 2009 αὑτῷ
712 1974 837 2009 γνωσθή-

69 2029 153 2055 caput,
169 2023 211 2048 καὶ
225 2023 253 2048 ὲν
274 2021 352 2056 ὓπνῳ
367 2021 476 2056 λαλήσω
493 2020 578 2055 αὐτῷ.
591 2019 649 2055 Οὐχ
666 2020 752 2052 οὕτως
770 2020 808 2052 ὡς
821 2021 836 2046 ὁ

70 2065 179 2100 θεράπων
202 2075 251 2102 μου
271 2066 387 2101 Μωσῆς,
410 2067 438 2092 ὲν
460 2066 512 2101 ὅλῳ
527 2066 566 2101 τῷ
587 2066 653 2101 οἴκῳ
675 2073 726 2100 μου
742 2066 837 2097 πιστός

70 2111 140 2138 ἐστιν.
157 2122 164 2137 I
182 2112 287 2139 Οὐκοῦν
307 2112 503 2147 τεθεμελίωται
519 2112 567 2146 μὲν
586 2111 679 2146 ὥσπερ
699 2109 773 2143 οἶκος
794 2111 838 2138 διὰ

71 2155 182 2190 Χριστοῦ·
191 2157 346 2192 καθῄρηται
357 2157 386 2183 δὲ
402 2155 512 2192 μεταξύ.
525 2157 578 2182 Καὶ
592 2156 656 2190 γοῦν
668 2157 681 2182 ὸ
696 2157 838 2192 προφήτης

76 2199 194 2236 Ἱερεμίας
207 2202 244 2234 ὡς
261 2202 426 2228 πεπτωκότα
446 2210 476 2228 τε
501 2201 549 2228 καὶ
577 2202 749 2237 σεσεισμένον
770 2211 836 2228 κατ-

881 248 923 275 lus
942 255 1002 274 cum
1019 248 1115 275 scribit
1130 249 1164 274 ³⁷.
1177 249 1296 276 melioris
1318 250 1473 276 testamenti
1490 250 1665 278 mediatorum

881 299 940 320 esse
955 291 1059 320 Iesum.

919 400 999 427 Vens.
1012 399 1039 432 8,
1054 399 1081 426 9.
1096 398 1128 426 Et
1148 399 1233 434 factus
1248 405 1286 427 est
1303 409 1387 427 sermo
1418 401 1522 429 Domini
1549 404 1584 430 ad
1614 412 1664 438 me,

881 447 1004 473 dicens:
1041 446 1137 472 Manus
1176 445 1322 473 Zorobabe!
1355 447 1529 480 fundat-erunt
1561 449 1665 475 domum

881 492 969 524 istam,
989 497 1012 518 et
1037 499 1131 518 manus
1165 491 1221 525 ejus
1246 491 1409 526 comp/abun!
1443 501 1511 525 eam,
1541 499 1565 521 et
1602 495 1666 521 scies

881 539 942 573 quia
976 537 1102 564 Dominus
1123 537 1283 571 omnipotens
1297 538 1368 564 misit
1384 546 1423 564 me
1433 539 1467 564 ad
1482 543 1516 566 te.

917 646 1012 674 XXVI.
1025 646 1075 679 En,
1087 655 1194 674 rursum
1211 647 1237 674 in
1252 647 1333 675 rebus
1356 655 1423 682 quas
1450 657 1529 676 sensu
1560 650 1667 686 attingi-

882 700 950 724 mus.
966 700 1013 720 ens
1036 700 1095 728 qua:
1127 693 1214 720 solum
1234 693 1584 728 intelliguntur;describit,
1605 701 1631 723 et
1651 703 1666 723 ε

881 738 990 766 Cbrisln
1021 738 1218 766 admirabiliter
1248 744 1463 774 perpetratorum
1483 746 1572 776 typum
1607 749 1666 776 pro-

882 785 957 818 ponit
987 785 1012 811 itl
1043 786 1114 819 quod
1145 792 1192 819 per
1217 793 1325 812 manum
1358 785 1506 813 Zorobabel
1520 787 1665 822 aliquando

882 831 1032 857 Coniectum
1047 830 1105 856 fuit.
1122 830 1265 865 Postquam
1280 830 1351 858 enim
1367 831 1521 866 Babyloniis
1547 841 1561 859 a
1596 832 1668 868 Cyro

882 875 1025 902 Persarum
1035 883 1097 910 rege
1108 876 1226 904 subactis
1239 877 1368 904 servitute
1379 878 1493 904 exsoluti
1508 884 1570 905 sunt
1582 878 1668 907 Israe-

846 907 945 953 Blitm,
961 926 988 948 et
1022 922 1132 956 insuper
1168 921 1385 958 Hierosolymam
1414 924 1560 956 redierunt,
1585 925 1669 961 689

847 1585 868 1613 C

881 967 962 995 Dario
981 973 1072 1002 postea
1085 967 1269 995 Chaldzeorum
1281 976 1392 1004 regnum
1408 977 1584 1004 procurante,
1601 972 1664 998 hor-

883 1019 956 1043 tatus
973 1019 1014 1042 est
1044 1015 1116 1041 Deus
1143 1015 1254 1042 reduces
1284 1019 1312 1041 ut
1334 1021 1396 1042 ante
1431 1017 1519 1043 omnia
1550 1017 1668 1045 divinum

884 1059 1012 1094 templum
1041 1059 1246 1090 remdilicarent,
1274 1066 1336 1094 rege
1365 1060 1472 1094 quidem
1492 1060 1668 1094 Zorobabele,

881 1104 1004 1139 principe
1014 1109 1102 1131 autem
1115 1105 1283 1131 sacerdotum
1292 1103 1354 1131 Jesu
1367 1105 1420 1131 lilio
1431 1104 1542 1133 Josetlec
1552 1106 1584 1132 ³⁸.
1595 1106 1671 1134 Jam-

882 1158 934 1185 que
948 1151 981 1177 ad
1001 1158 1068 1185 optts
1085 1150 1317 1185 aggrctlicbantur,
1331 1156 1357 1177 et
1373 1151 1457 1185 prima
1491 1151 1669 1181 fundamenta

877 1196 950 1230 jttcla
964 1201 1053 1227 erant,
1063 1201 1089 1222 et
1105 1197 1173 1223 tnuri
1185 1197 1209 1222 in
1225 1195 1306 1222 altum
1321 1196 1421 1228 educti,
1436 1205 1507 1229 eum,
1522 1199 1670 1231 prohiben-

884 1243 953 1270 tibus
978 1242 1138 1276 quibusdam
1161 1246 1188 1268 et
1215 1242 1315 1268 invidia
1348 1242 1522 1270 ﬁnitimarum
1551 1245 1670 1278 gentium

883 1288 1056 1322 impediente,
1072 1295 1086 1314 a
1102 1287 1193 1314 labore
1211 1292 1345 1314 cessatum
1359 1293 1400 1315 est
1419 1293 1445 1314 et
1459 1295 1569 1322 operum
1582 1289 1669 1316 studia

883 1335 995 1368 prolata.
1030 1333 1082 1359 Deo
1119 1337 1206 1360 autem
1233 1333 1266 1359 ad
1299 1340 1366 1367 opus
1396 1334 1448 1361 rite
1475 1333 1670 1362 conﬁciendum

884 1378 1137 1406 tnrsnshtcnltntetu
1150 1379 1395 1412 suppcditante,vix
1406 1379 1510 1406 laudent
1519 1379 1670 1406 absolutum

883 1429 933 1456 est,
950 1423 1014 1451 Jesu
1029 1432 1161 1451 summum
1179 1429 1289 1459 gerente
1302 1424 1492 1455 sacerdotium.
1506 1425 1671 1453 Zorobabele

883 1476 973 1498 autem
991 1479 1080 1498 rerum
1105 1471 1231 1505 potiente.
1251 1471 1284 1497 Et
1296 1470 1337 1498 his
1356 1471 1462 1505 quidem
1478 1471 1588 1498 historia
1604 1479 1671 1498 con—

884 1516 984 1543 tinetttr
1004 1516 1037 1543 '9.
1058 1516 1124 1550 Quia
1144 1524 1207 1544 vero
1221 1525 1268 1552 pro
1286 1522 1348 1553 typo
1362 1517 1461 1544 Christi
1477 1517 1671 1545 Zorobabelem

886 1563 918 1589 de
937 1563 1006 1589 tribu
1025 1561 1093 1589 Jnda
1120 1567 1208 1589 ortum
1234 1563 1441 1597 assumpsimus,
1458 1570 1518 1598 age,
1550 1563 1673 1590 dicamus

886 1607 1023 1642 quomodo
1048 1612 1075 1633 et
1093 1615 1144 1641 qna
1163 1608 1266 1634 ratione
1281 1609 1395 1643 cmperit
1409 1609 1465 1644 ipse
1482 1609 1589 1643 quidem
1605 1609 1672 1636 acdi-

885 1652 966 1678 licare
981 1652 1088 1679 dontutn
1107 1653 1227 1680 Domini:
1241 1653 1288 1680 sed
1304 1660 1393 1680 mente
1406 1660 1561 1688 conceptus,
1575 1660 1602 1682 et
1616 1654 1673 1689 spi-

887 1698 995 1726 ritualis
1013 1698 1166 1726 Zorobabel
1195 1706 1254 1726 eam
1285 1705 1378 1734 postea
1398 1699 1542 1733 perfecerit
1559 1704 1585 1726 et
1606 1707 1673 1727 con-

886 1745 1073 1772 summaverit.
1099 1744 1245 1772 Constituit
1287 1745 1359 1772 enim
1402 1746 1534 1780 principio
1564 1746 1672 1773 domum

887 1790 1029 1824 quamdam
1039 1795 1065 1816 et
1083 1791 1248 1817 mansionem
1259 1790 1376 1818 divinant
1390 1790 1440 1818 sibi
1450 1796 1477 1818 et
1487 1789 1674 1818 Patriludmo-

887 1843 946 1862 rum
967 1836 1147 1871 Synagogam.
1164 1836 1209 1863 Sic
1222 1843 1339 1876 namque
1367 1836 1442 1863 illam
1469 1837 1623 1871 appellavit,
1639 1836 1674 1864 de

887 1882 1084 1915 sapientissimo
1103 1882 1221 1909 onmium
1234 1882 1307 1910 klose
1323 1883 1358 1909 ita
1373 1882 1502 1917 loquens:
1520 1893 1529 1910 ι
1547 1883 1574 1911 Si
1592 1885 1673 1912 fuerit

888 1928 1018 1962 propheta
1037 1935 1069 1954 ex
1088 1928 1163 1955 vobis
1181 1927 1304 1959 Domino.
1321 1928 1347 1955 in
1359 1928 1461 1955 visione
1471 1929 1509 1955 illi
1526 1937 1675 1964 cognoscar

887 1976 914 1998 et
935 1973 960 1999 in
979 1980 1075 2000 somno
1090 1973 1183 2007 loquar
1199 1973 1234 2000 ei.
1275 1973 1333 2000 Non
1355 1974 1395 2001 sic
1422 1978 1450 2000 ut
1471 1981 1564 2001 servus
1598 1983 1674 2002 meus

888 2016 985 2048 Moses,
1005 2018 1030 2045 in
1049 2019 1122 2045 omni
1146 2019 1225 2045 domo
1249 2026 1307 2045 mea
1334 2018 1419 2046 ﬁdelis
1438 2024 1478 2046 est
1493 2019 1516 2035 ⁸⁸
1531 2038 1539 2047 .
1558 2029 1567 2046 ι
1602 2020 1673 2055 Ergo

888 2063 999 2090 {mndata
1022 2067 1063 2090 est
1077 2069 1202 2098 tanquam
1218 2064 1313 2092 domus
1324 2072 1372 2099 per
1386 2065 1522 2092 Clu-istum
1533 2085 1541 2098 ,
1569 2069 1615 2093 sed
1633 2066 1673 2093 in-

889 2108 1000 2136 tervallo
1014 2116 1119 2136 eversa.
1130 2109 1217 2142 Quare
1232 2110 1361 2144 propheta
1386 2109 1518 2138 Jeremias
1546 2116 1576 2139 ut
1607 2120 1673 2139 cott-

888 2162 995 2183 cussam
1022 2161 1048 2182 et
1062 2155 1208 2191 collapsam
1226 2156 1384 2191 deploratin
1401 2157 1456 2184 haec
1471 2158 1572 2186 verba:
1590 2167 1600 2184 ι
1620 2159 1673 2186 υσ-

889 2209 948 2228 mus
963 2201 1043 2229 lsracl
1057 2202 1165 2233 cecidit,
1193 2206 1221 2229 et
1245 2210 1297 2229 non
1323 2207 1365 2229 est
1385 2203 1431 2237 qui
1460 2203 1548 2231 denuo
1573 2205 1674 2232 excitet

71 2245 216 2281 ωλοφύρετο,
233 2248 331 2281 λέγων·
347 2257 355 2272 ι
371 2245 451 2278 Οἶκος
459 2247 566 2282 Ἰσραὴλ
581 2247 686 2279 ἔπεσεν,
701 2248 750 2274 οὐκ
762 2247 836 2274 ἔστιν

887 2255 958 2275 eam.
976 2256 987 2274 ι
1014 2248 1201 2275 Vertnntameu
1228 2255 1276 2283 per
1289 2248 1425 2276 Christum
1440 2250 1569 2282 excitata,
1594 2255 1620 2277 et
1647 2251 1673 2278 in

70 2291 239 2327 ὸάναστήσων
266 2293 357 2320 αὐτόν.
374 2302 382 2318 ι
404 2293 476 2328 Πλὴν
496 2293 644 2328 ἐγήγερται
657 2293 700 2320 διὰ
717 2293 834 2329 Χριστοῦ

70 2337 109 2362 καὶ
126 2338 326 2373 μετεσκευάσθη
344 2338 411 2374 πρὸς
431 2338 460 2365 τὸ
486 2338 606 2374 ἄμεινον,
625 2339 836 2374 εἰσκεχομισμέ-

72 2389 114 2408 νων
131 2384 200 2419 αὐτῷ
218 2384 271 2411 τῶν
290 2384 386 2416 ἐθνῶν,
407 2385 454 2411 καὶ
469 2384 671 2420 ἀναδειχθείσης
693 2385 720 2411 ὲν
744 2385 838 2419 κόσμῳ

71 2427 111 2462 τῆς
126 2430 282 2466 Ἐκκλησίας
292 2451 300 2463 ,
322 2440 331 2456 ι
347 2430 409 2465 ἣτις
429 2431 502 2456 ἐστὶν
525 2428 598 2462 οἶκος
613 2431 678 2457 Θεοῦ
700 2430 810 2462 ζῶντος,
826 2439 835 2456 ι

72 2469 99 2507 ἧς
110 2473 152 2500 τοῦ
166 2475 278 2507 κάλλους
297 2475 408 2509 γέγονεν
421 2475 538 2511 ἐραστὴς
554 2477 567 2502 ό
580 2475 633 2502 τῶν
653 2476 720 2502 ὅλων
737 2475 839 2511 Κύριος

74 2519 111 2543 καὶ
123 2519 192 2552 Θεός.
208 2521 269 2548 Ὅτι
294 2521 348 2556 γὰρ
370 2521 542 2556 ἀσυγκρίτως
560 2522 678 2557 ἀμείνων
701 2522 776 2557 παρὰ
793 2522 838 2549 τὸν

73 2563 165 2597 πρῶτον
187 2566 200 2592 ό
227 2567 256 2593 ἐν
279 2567 404 2601 ἐσχάτοις
427 2567 531 2601 καιροῖς
557 2567 740 2602 ἐγηγερμένος
764 2567 836 2599 ναὸς,

74 2610 202 2643 τουτέστιν,
216 2613 232 2647 ἡ
256 2612 422 2647 Ἐκκλησία,
439 2613 681 2648 πεπληροφόρηκεν
697 2612 782 2640 είπὼν
795 2613 840 2640 διὰ.

75 2657 152 2692 φωνῆς
172 2658 298 2692 Ἀγγαίου
313 2658 360 2685 τοῦ
377 2659 513 2694 προφήτου
526 2666 532 2673 ·
547 2668 555 2683 ι
573 2658 619 2690 Τίς
631 2659 704 2685 ἐστιν
719 2659 747 2692 ἐξ
763 2659 840 2694 ὑμῶν

75 2699 208 2736 ἄνθρωπος,
223 2704 252 2736 ὂς
267 2702 323 2730 εἶδε
337 2703 382 2730 τὸν
394 2701 467 2730 οἶκον
484 2704 576 2731 τοῦτον
592 2705 622 2731 ὲν
635 2706 667 2740 τῇ
682 2705 744 2740 δόξῃ
758 2705 839 2732 αὐτοῦ

75 2742 274 2784 τῇἔμπροσθενς
302 2750 357 2776 Καὶ
383 2750 440 2781 πῶς
463 2750 541 2785 ὑμεῖς
564 2751 675 2786 βλέπετε
692 2751 774 2778 αὐτὸν
794 2751 841 2778 νῦν

107 2843 124 2860 ’θ
140 2845 217 2874 llebr.
237 2854 251 2874 ν
270 2846 293 2862 ³⁸
308 2845 318 2872 ι
331 2846 408 2874 Esdr.
426 2855 470 2880 tv,
487 2848 498 2874 l
515 2856 592 2883 seqq.
630 2849 697 2884 Agg.
717 2849 832 2878 1.1244.

887 2850 893 2865 ³
911 2851 988 2878 qum.
1005 2859 1051 2884 xu,
1068 2851 1094 2883 6,
1114 2851 1140 2879 7.

888 2295 969 2321 aliam
998 2293 1191 2328 melioremque
1208 2294 1320 2321 fortnam
1337 2299 1439 2322 mutata
1454 2296 1676 2328 esl,introduclis

888 2340 914 2367 in
929 2340 1014 2375 ipsam
1030 2340 1163 2374 gentibus,
1178 2344 1206 2367 et
1218 2340 1336 2367 exhibita
1359 2341 1385 2367 in
1413 2341 1513 2368 mundo
1540 2341 1674 2374 Ecclesia.

892 2395 901 2412 ι
912 2393 973 2420 qua
986 2385 1133 2412 estdomus
1152 2384 1198 2411 Dei
1214 2385 1328 2412 viventis
1358 2385 1393 2418 ⁸³,
1406 2395 1416 2411 ι
1446 2385 1523 2420 cujus
1555 2387 1674 2420 pulchri-

890 2432 1010 2459 tudinem
1025 2431 1209 2458 universorum
1224 2430 1352 2458 Dominus
1367 2439 1398 2458 ac
1424 2431 1493 2458 Deus
1527 2432 1673 2459 adamavit.

889 2476 997 2504 Etenim
1014 2477 1150 2512 ,lemplum
1177 2477 1307 2504 extremis
1345 2478 1508 2512 tetnporibns
1518 2478 1674 2511 excitatum,

889 2522 1037 2550 Ecclesiam
1051 2523 1162 2556 scilicet,
1184 2523 1296 2550 inﬁnitis
1304 2523 1428 2558 partibus
1441 2524 1528 2558 primo
1546 2530 1676 2558 praestare

890 2569 956 2596 satis
985 2576 1119 2603 superque
1132 2569 1231 2601 docuit,
1256 2576 1303 2604 per
1322 2569 1479 2604 prophetam
1492 2571 1618 2605 Aggantm
1639 2571 1675 2598 ita

889 2615 1018 2649 loquens:
1033 2623 1042 2640 ι
1058 2613 1121 2647 Quis
1136 2619 1177 2642 est
1192 2622 1223 2642 ex
1242 2614 1316 2643 vobis
1330 2616 1409 2642 homo
1430 2616 1475 2651 qui
1490 2616 1555 2644 vidit
1567 2617 1676 2645 domum

890 2660 960 2688 hanc
972 2660 997 2687 in
1010 2660 1093 2693 gloria
1108 2668 1154 2687 sua
1167 2660 1256 2695 priore
1266 2661 1277 2687 7
1288 2660 1321 2687 Et
1344 2662 1478 2694 quomodo
1500 2669 1548 2690 vos
1579 2663 1678 2690 videtis

890 2705 977 2740 ipsam
999 2713 1069 2732 nunc
1093 2705 1162 2732 sicut
1185 2713 1238 2732 non
1268 2706 1444 2733 exsistentem
1474 2707 1500 2734 in
1530 2712 1677 2736 conspectu

891 2757 980 2780 vestro
996 2752 1018 2768 "
1035 2752 1046 2779 ?
1066 2762 1075 2779 ι
1095 2751 1127 2779 Ει
1152 2751 1220 2779 infra
1240 2759 1246 2778 :
1264 2762 1273 2778 ‹
1297 2752 1364 2785 Quia
1392 2761 1488 2788 magna
1516 2760 1567 2782 erit
1592 2754 1679 2790 gloria

1179 2851 1200 2868 ⁴¹
1216 2852 1224 2878 l
1238 2851 1307 2880 Tim.
1339 2860 1379 2886 Ill,
1398 2853 1540 2889 l.5"Agg.
1573 2861 1602 2886 ιι,
1614 2853 1645 2883 4.
