1910 3050
205 159 238 190 51
720 157 750 186 S.
769 155 908 184 CHHLLI
929 154 1163 182 ALEXANDRINI
1184 154 1341 182 ARCHIEP.
1797 153 1832 180 52

205 217 332 253 appellat.
344 217 394 244 hoc
413 221 464 250 est,
485 222 593 250 semper
607 219 761 250 qumreutes
778 215 855 251 signa
881 215 987 247 videre,

1040 213 1155 250 ουργοῦν
1184 214 1232 249 μὲν
1252 213 1307 249 γὰρ
1326 213 1363 248 τῷ
1382 214 1505 248 ἀρχιερεῖ
1523 213 1621 249 ἔστηκε
1637 213 1666 240 τὸ
1682 213 1776 249 τὰτμα
1803 213 1832 241 τδ

205 265 387 299 prodigiorum
414 263 538 298 cupidos.
556 261 651 290 Nescio
665 263 737 289 enim
764 262 899 297 quomodo
926 269 992 296 gens

202 308 294 336 Judm
304 308 337 336 ad
347 309 403 336 haec
416 313 511 336 natura
526 306 621 335 fertur.
629 306 723 342 Itaque
741 314 802 335 cum
815 306 937 334 Christus
952 306 991 333 fe-

203 355 283 382 cisset
300 354 376 389 quasi
389 353 520 389 ﬂagellum
536 353 569 381 de
585 352 720 384 funiculis,
735 358 885 386 omnesque
900 358 914 377 e
925 354 992 378 tem-

202 403 395 438 ploeiecissel,
413 402 580 436 dixissetque
596 411 604 429 :
618 410 627 426 ι
652 400 765 427 Auferte
794 400 845 428 ista
869 399 943 431 hinc,
964 403 991 426 et

202 448 286 476 nolite
298 447 387 475 facere
401 447 508 475 domum
523 446 609 473 Patris
627 445 690 478 tnei,
706 446 815 472 domum
831 443 990 479 negotiatio-

203 494 254 527 nis,
276 503 286 520 ι
305 498 490 526 accesserunt,
503 496 531 520 et
544 492 709 527 quasierunt
729 500 735 518 :
753 500 762 517 ι
780 490 857 523 Quod
883 490 990 524 signum

201 540 321 568 ostendis
336 540 399 575 quia
418 540 477 567 haec
505 538 593 566 facis?
615 542 642 565 et
668 537 729 572 quis
755 537 829 564 dedit
847 536 892 563 tibi
922 536 991 562 hanc

202 590 362 620 potestatem
381 586 428 613 "?
445 595 455 612 ι
477 586 660 613 Accesserant
685 589 712 611 et
726 583 783 616 alii,
797 591 858 610 cum
879 582 930 610 hac
949 590 991 616 pe-

203 631 296 659 titione
308 641 315 658 :
335 641 345 657 ί
364 631 499 666 Magister,
513 630 658 657 volumusa
672 634 696 656 te
710 629 816 664 signum
832 628 924 655 videre
937 628 969 654 ⁸⁸.
979 638 987 653 ι

202 676 315 710 Idcirco,
326 677 465 712 quoniam,
479 675 576 710 inquit,
589 675 639 701 viri
659 679 722 701 sunt
734 677 930 709 portentorum,
942 680 988 700 seu

202 722 394 750 miraculorum
408 721 590 756 speculatores
600 740 607 752 ,
625 719 731 747 discant
746 724 833 747 tecum
846 724 873 747 ct
885 719 987 752 futura,

202 769 340 802 signorum
355 775 415 802 qua:
429 771 524 802 petunt
539 770 751 801 perpetratorem
765 773 872 800 semper
893 769 988 799 poten-

202 813 347 840 tissimum.
364 811 493 845 Quisnam
517 815 606 838 autem
622 810 687 838 hic?
707 819 716 836 (
734 810 804 837 Ecce
819 818 869 844 ego
884 810 988 837 adduco

200 863 308 884 servum
328 865 428 889 meum,
444 856 540 884 Oriens
552 863 649 883 nomen
664 856 733 890 ejus.
746 866 755 882 ι
768 856 836 883 Deus
852 856 934 891 igitur
950 863 989 882 se-

200 903 316 930 cundum
329 906 451 929 naturam
460 907 487 929 et
497 910 530 930 ex
539 901 593 929 Deo
602 900 681 928 Patre
689 902 812 936 apparuit
819 901 988 935 Unigenitus,

200 948 347 976 secundum
367 948 418 976 hoc
440 948 516 976 liber.
542 948 627 984 67s
646 947 826 976 Nihilominus
844 947 991 974 exinanivit

199 994 386 1029 semetipsum,
397 995 542 1022 secundum
557 994 751 1030 Scripturas",
766 994 910 1022 demittens
922 1000 950 1021 se
963 993 989 1020 in

203 1041 229 1071 id
244 1042 316 1076 quod
341 1049 393 1069 non
405 1046 474 1073 erat,
487 1046 513 1069 et
528 1041 678 1076 appellatus
690 1048 784 1068 servus
803 1045 914 1075 propter
942 1047 990 1066 na-

201 1092 288 1114 turam
304 1087 463 1120 humanam,
480 1087 602 1122 quamvis
621 1087 740 1114 omnium
754 1087 882 1114 Dominus
906 1091 988 1118 esset,

202 1137 330 1168 tanquam
351 1133 433 1161 Deus.
449 1133 502 1160 Sed
512 1133 583 1160 idem
594 1137 622 1160 et
632 1132 729 1160 Oriens
743 1136 812 1164 erat,
826 1131 852 1159 id
871 1136 929 1164 est,
943 1131 989 1158 Sol

199 1179 311 1214 iustitiae
319 1180 353 1206 ⁸⁸.
365 1179 483 1208 Exortus
497 1184 539 1207 est
553 1179 670 1211 enim.et
684 1178 844 1206 illuminavit
859 1185 908 1206 nos
917 1177 990 1205 velut

198 1227 227 1253 tn
243 1225 364 1254 tenebris
376 1226 503 1260 degentes
519 1225 553 1258 ³⁷,
567 1229 595 1253 et
611 1229 714 1253 tantum
736 1232 790 1252 non
811 1224 893 1252 etiam
928 1228 989 1251 tan-

199 1277 281 1306 quam
295 1275 375 1299 nocte
393 1275 421 1298 et
439 1276 551 1299 veterno
566 1271 677 1298 obrutos
701 1270 844 1298 mundanis
864 1269 987 1304 volupta-

201 1316 444 1352 Ilbus,mentisque
459 1316 566 1344 oculum
580 1315 699 1343 tenebris
713 1314 826 1343 effusum
846 1315 986 1346 habentes,

198 1363 329 1391 excitavit
346 1362 379 1390 ad
401 1361 666 1397 vigiliam,etgratia
681 1369 729 1389 sua
754 1368 804 1389 nos
831 1360 986 1388 illustravit.

199 1406 269 1432 llinc
287 1410 316 1433 et
327 1405 435 1440 sapiens
452 1405 549 1432 Paulus
567 1405 645 1432 nobis
661 1406 805 1440 praecepit,
833 1405 884 1432 hoc
901 1405 986 1439 ipsum

198 1450 372 1485 significans:
392 1458 402 1476 ι
423 1449 480 1476 Nox
495 1449 642 1484 praecessit,
657 1449 714 1476 dies
733 1454 822 1475 autent
843 1448 986 1482 appropin-

198 1496 302 1530 quavit.
322 1495 487 1530 Abjiciamus
520 1503 583 1529 ergo
599 1501 679 1529 opera
701 1493 885 1525 tenebrarum,
904 1496 930 1520 et
946 1492 987 1518 in-

1042 260 1185 286 Λενιϊτικόν
1195 268 1201 274 ·
1219 261 1242 286 οἱ
1258 259 1285 286 δέ
1299 268 1330 293 γε
1346 259 1526 295 πρεσϐύτεροι
1541 260 1636 295 ἱερεῖς,
1663 259 1701 292 ὡς
1721 259 1832 286 ἐκείνων

1042 306 1170 341 ἀμείνους
1188 305 1238 339 ἔτι,
1253 307 1300 333 καὶ
1320 306 1457 342 ὶερώτεροι
1474 305 1544 333 κατὰ
1565 306 1610 332 τὸν
1625 306 1717 341 νόμον.
1732 306 1780 333 καὶ
1798 307 1830 341 τῇ

1043 352 1169 388 συνεδρίᾳ
1190 353 1344 388 τετίμηντο.
1367 352 1593 388 Τερατοσκόπους
1607 360 1639 386 γε
1664 351 1717 387 μὴν
1735 352 1832 382 αὐτοὺς

1042 398 1180 434 ὀνομάζει,
1204 399 1351 431 τουτέστιν,
1380 399 1424 427 ἀεὶ
1449 400 1550 434 σημεῖα
1578 397 1726 434 ζητοῦντας
1754 398 1830 433 ὁρᾷν,

1042 444 1096 471 τῶν
1107 445 1227 480 τεράτων
1241 445 1412 480 ἐφιεμένους.
1425 444 1506 470 Φύσει
1521 443 1575 480 γάρ
1588 452 1646 475 πως
1658 443 1702 470 ἀεὶ
1712 442 1831 469 τοιοῦτόν

1041 490 1098 516 ἐστι
1113 490 1143 516 τδ
1162 490 1216 517 τῶν
1227 490 1363 517 Ἰουδαίων
1379 490 1463 522 ἔθνος.
1480 490 1535 516 Καὶ
1549 489 1625 524 γοῦν,
1637 489 1681 515 ὅτε
1692 489 1706 514 ὁ
1716 489 1832 523 Χριιπὺς

1041 537 1156 572 ποιήσας
1172 537 1238 563 ὡσεὶ
1261 536 1422 572 φραγέλλιον
1448 537 1480 562 ὲκ
1506 535 1641 570 σχοινίων,
1666 535 1770 566 πάντας
1788 533 1831 566 ὲξ-

1040 583 1135 609 ἑϐαλεν
1158 583 1190 609 ὲκ
1213 583 1259 609 τοῦ
1277 582 1359 618 ἱεροῦ,
1375 583 1463 616 λέγων
1475 603 1482 614 ,
1504 583 1622 618 «Ἄρατε
1636 581 1723 607 ταῦτα
1738 580 1829 607 ἐντεῦ-

1007 619 1023 626 ‘
1040 629 1095 661 θεν,
1115 629 1162 656 καὶ
1178 629 1215 664 μὴ
1231 630 1331 655 ποιεῖτε
1348 628 1393 655 τδν
1405 627 1477 655 οἷκον
1493 628 1539 654 τοῦ
1558 627 1664 663 Πατρός
1677 635 1741 661 μου,
1756 624 1829 653 οἶκον

1039 675 1183 710 ἐμπορίου,
1200 684 1209 701 ι
1230 675 1384 711 προσῄεσαν
1401 674 1525 709 λέγοντες
1536 683 1543 690 ·
1574 684 1583 699 ι
1598 674 1630 700 Τί
1644 674 1756 708 σημεῖον
1778 673 1830 699 δει-

1040 721 1139 752 κνύεις,
1155 721 1196 747 ὅτι
1212 720 1298 748 ταῦτα
1323 721 1424 753 ποιεῖς;
1443 720 1490 746 καὶ
1505 719 1546 751 τίς
1568 718 1652 746 ἔδωκέ
1667 727 1707 745 σοι
1725 718 1774 754 τὴν
1789 718 1830 750 ἐξ-

1038 766 1132 793 ουσίαν
1148 766 1264 802 ταύτην;
1282 775 1291 792 ι
1315 766 1473 802 Εὐρὴσομεν
1491 765 1520 792 δὲ
1540 766 1586 792 καὶ
1613 765 1722 799 ἐτέρους
1745 772 1830 800 προσ-

1040 814 1138 844 ιόντας,
1162 812 1209 839 καὶ
1231 812 1360 846 λέγοντας
1385 812 1476 846 αὐτῷ·
1504 821 1513 837 t
1529 811 1690 843 Διδάσκαλε,
1717 810 1830 845 θέλομεν

1040 859 1094 885 ἀπὸ
1112 858 1158 885 σοῦ
1177 859 1288 894 σημεῖον
1306 858 1380 886 ἰδεῖν.
1396 867 1406 884 ι
1423 849 1529 885 Οὐκοῦν
1552 858 1710 893 ἐπειδήπερ,
1737 856 1830 891 φησιν,

1041 905 1136 940 ἄνδρες
1150 905 1204 930 εἰσὶ
1216 904 1423 939 τερατοσκόποι,
1443 903 1652 939 μανθανέτωσαν
1670 903 1726 938 ἅμα
1742 903 1784 930 σοὶ
1798 903 1832 930 τὰ

1041 950 1167 985 ἐσόμενα,
1184 951 1232 977 καὶ
1246 950 1367 986 σημείων
1381 946 1420 977 ὧν
1434 949 1557 977 αἰτοῦσιν
1569 949 1613 976 ἀεὶ
1633 949 1679 976 τὸν
1697 948 1833 976 παναλκέ-

1041 1002 1138 1021 στατον
1155 995 1350 1031 ἁποτελεστήν.
1368 996 1423 1022 Καὶ
1447 995 1489 1027 τίς
1512 995 1544 1031 δὴ
1569 993 1615 1022 οὖν
1639 992 1716 1027 οὗτός
1736 997 1830 1028 ἐστιν;

1043 1049 1051 1064 ι
1064 1039 1127 1066 Ἰδοὺ
1142 1039 1197 1074 ἐγὼ
1214 1040 1273 1074 ἄγω
1288 1041 1332 1067 τὸν
1345 1040 1436 1067 δοῦλόν
1455 1041 1654 1076 μου,’Δνατολὴ
1676 1041 1762 1076 ὄνομα
1783 1041 1832 1067 αὖ·

1038 1086 1088 1121 τῷ.
1105 1095 1114 1112 I
1134 1086 1200 1118 Θεὸς
1228 1086 1278 1121 μὲν
1291 1084 1337 1113 οὖν
1352 1086 1422 1113 κατὰ
1437 1086 1518 1121 φύσιν
1540 1086 1587 1112 καὶ
1598 1086 1630 1112 ὲκ
1644 1085 1712 1112 Θεοῦ
1725 1086 1832 1121 Πατρδς

1039 1133 1158 1167 πέφηνεν
1174 1132 1189 1158 6
1205 1132 1370 1168 Μονογενὴς,
1385 1132 1432 1159 καὶ
1453 1132 1490 1164 ὡς
1505 1132 1584 1158 τοῦτο
1598 1132 1738 1167 ὑπάρχων,
1755 1131 1832 1158 ἐλεύ-

1039 1178 1126 1214 θερος.
1136 1177 1217 1204 Ἀλλὰ
1244 1178 1396 1205 κεκένωκεν
1421 1178 1527 1210 ἑαυτὸν,
1542 1177 1614 1204 κατὰ
1634 1179 1684 1209 τὰς
1708 1177 1831 1213 Γραφὰς,

1039 1225 1145 1256 καθιεὶς
1169 1225 1209 1256 εις
1231 1225 1300 1260 ὅπερ
1326 1224 1376 1251 οὐκ
1400 1221 1445 1259 ἦν,
1459 1224 1506 1251 καὶ
1522 1223 1710 1259 κεχρημάτικε
1727 1223 1832 1256 δοῦλος,

1037 1271 1082 1298 διὰ
1097 1271 1128 1297 τὸ
1144 1269 1324 1305 ἀνθρώπινον,
1341 1270 1430 1297 καίτοι
1445 1270 1547 1306 Κύριος
1562 1270 1670 1297 πάντων
1689 1269 1831 1305 ὑπάρχων,

1037 1315 1074 1347 ὼς
1095 1315 1171 1347 Θεός.
1180 1315 1251 1341 Ἀλλ’
1266 1313 1301 1351 ἦν
1323 1315 1370 1342 καὶ
1394 1312 1470 1347 οὗτος
1483 1314 1620 1351 ’Δνατολὴ,
1641 1314 1776 1345 τουτέστι,
1794 1314 1833 1341 δι-

1038 1361 1184 1397 καιοσύνης
1197 1362 1302 1394 Ἥλιος.
1318 1361 1427 1396 Ἀνέσχε
1450 1361 1505 1397 γὰρ
1532 1362 1580 1388 καὶ
1598 1360 1756 1396 ἐπέλαμψεν
1773 1358 1832 1387 οἷά-

1038 1415 1092 1442 περ
1114 1408 1144 1433 ἐν
1170 1406 1260 1433 σκότει
1287 1406 1453 1433 διατελοῦσιν
1467 1407 1544 1441 ἡμῖν,
1565 1406 1645 1441 μόνον
1660 1406 1688 1432 δὲ
1705 1406 1766 1440 οίιχὶ¹
1785 1405 1832 1432 καὶ

1037 1452 1074 1484 ὡς
1088 1453 1116 1478 ἐν
1130 1452 1207 1479 νυκτὶ
1236 1452 1281 1479 καὶ
1297 1451 1373 1486 ὕπνῳ
1388 1451 1597 1487 κεκαρωμένους
1612 1451 1671 1481 ταῖς
1685 1451 1833 1485 κοσμικαῖς

1037 1498 1156 1533 ἡδοναῖς,
1173 1498 1220 1524 κα)¹
1244 1498 1293 1532 τῆς
1309 1497 1429 1529 διανοίας
1450 1497 1496 1523 τὸν
1513 1496 1651 1532 ὀφθαλμὸν
1673 1504 1832 1523 κατεσκοτι-

198 1543 314 1569 duamnr
327 1549 403 1568 arma
422 1541 500 1573 lucis,
525 1540 596 1567 sicut
609 1539 635 1566 in
650 1539 694 1566 die
724 1539 838 1566 honeste
867 1538 987 1565 ambule—

1041 1544 1166 1579 σμένους,
1183 1543 1278 1579 ἤγειρέ
1302 1552 1332 1569 τε
1348 1543 1417 1578 πρὸς
1430 1543 1521 1578 νῆψιν,
1541 1543 1588 1570 καὶ
1613 1542 1758 1578 λαμπροὺς
1780 1542 1832 1568 ἁπ-

199 1595 259 1614 mus
268 1586 318 1613 ⁸⁸.»
331 1586 364 1613 Ει
381 1587 476 1614 iterutn
490 1595 497 1613 :
516 1595 526 1611 ι
546 1585 642 1620 Surge,
658 1585 701 1620 qui
718 1585 828 1617 dormis,
841 1589 989 1620 etexsurge

199 1641 213 1660 a
229 1634 351 1666 mortuis,
363 1639 389 1660 et
404 1633 567 1661 illuminabit
578 1638 604 1661 te
615 1633 741 1661 Christus
756 1632 791 1660 ³³.
811 1642 820 1659 ›
834 1633 989 1668 Promulgat

200 1680 355 1714 igiturante
379 1679 493 1714 insignia
518 1679 588 1707 facta
618 1679 766 1707 Salvatoris
801 1679 897 1712 nostri,
925 1686 985 1713 qua:

200 1733 319 1759 praesens
344 1725 467 1754 editurus
490 1730 541 1754 est.
558 1725 682 1753 Nominat
716 1733 836 1757 servum,
857 1726 984 1760 quoniam

199 1772 227 1799 in
247 1771 317 1799 servi
338 1771 423 1799 forma
443 1772 696 1805 venit;0rientem,
712 1772 774 1806 quia
794 1771 882 1798 lumen
896 1778 988 1798 verum

200 1823 252 1851 est,
268 1818 339 1846 idem
367 1823 395 1846 et
409 1819 478 1850 dies,
493 1823 520 1846 et
533 1818 622 1846 clarus
639 1817 733 1845 lucifer
747 1818 772 1845 in
792 1817 925 1845 mentibus
940 1824 988 1844 ex-

201 1865 294 1893 oriens
309 1870 336 1893 et
356 1866 439 1893 corda
463 1865 550 1893 lucida
576 1865 704 1892 ellicicns.
735 1864 846 1899 Insuper
872 1863 986 1898 lapidem

200 1916 294 1940 vocat:
310 1911 374 1947 quin
389 1905 415 1938 et
428 1912 520 1938 datum
537 1916 599 1938 ante
621 1911 716 1938 facient
736 1910 810 1943 .lesu,
833 1913 860 1937 et
884 1914 986 1943 septem

200 1958 303 1986 habere
313 1957 406 1986 oculos
425 1961 557 1984 autumat.
581 1956 728 1991 Oportebat
751 1955 823 1983 enim
855 1955 988 1989 imprimis

200 2004 380 2032 sacerdotium
395 2003 490 2038 legale,
501 2003 579 2038 cujus
595 2008 685 2039 typum
709 2002 846 2037 posuimus
869 2000 961 2028 Iesum
977 2019 984 2032 ,

201 2051 278 2086 quasi
296 2055 359 2078 ante
383 2049 480 2077 faciem
496 2053 523 2076 et
541 2054 604 2076 ante
631 2048 724 2076 oculos
755 2048 855 2075 habere
880 2053 987 2081 semper

202 2097 317 2132 lapidem
330 2096 445 2124 electum
457 2115 466 2128 ,
480 2094 646 2130 angularem,
660 2093 818 2128 pretiosum,
835 2093 861 2119 in
889 2092 985 2118 funda-

201 2146 322 2169 mentum
341 2140 406 2168 Sion
438 2141 592 2171 decretum,
609 2139 699 2166 multis
724 2137 809 2166 oculis
836 2137 985 2164 intuentem

200 2186 292 2214 onmia
306 2187 340 2214 ³⁸.
356 2185 464 2220 Septem
477 2185 574 2220 quippe
588 2184 768 2219 integritatem
780 2183 986 2218 perfectionem-

200 2239 253 2266 que
267 2231 404 2258 declarare
415 2231 511 2258 solenl.
529 2230 634 2257 Sterilis
653 2230 733 2264 igitur
760 2229 861 2257 dicitur
892 2236 987 2264 parere

200 2282 304 2311 septem
319 2277 352 2304 9‘.
371 2276 441 2305 Mille
459 2281 547 2303 autem
563 2276 648 2304 oculis
667 2276 758 2303 omnia
776 2276 886 2307 intueri,
901 2280 928 2302 et
943 2275 986 2301 in-

200 2323 308 2357 spicere
335 2329 379 2350 res
396 2327 503 2349 nostras
530 2322 648 2349 divinam
677 2327 703 2349 et
734 2321 895 2349 ineffabilem
923 2320 985 2347 Filii

200 2373 325 2395 naturam
344 2375 395 2394 non
408 2372 494 2402 potest
505 2367 639 2402 quispiam
660 2367 783 2394 dubitare
800 2376 808 2394 :
822 2376 832 2393 t
853 2366 935 2394 Vivus
945 2371 987 2393 est

201 2414 272 2441 enim
286 2421 377 2441 sermo
389 2412 445 2446 Dei,
456 2412 594 2446 etellicax,
609 2417 635 2441 el
646 2413 836 2448 penetrabilior
846 2412 919 2439 omni
930 2413 986 2448 gla-

200 2459 244 2486 tlio
257 2458 376 2493 ancipiti,
385 2462 412 2485 et
422 2458 576 2494 pertingens
585 2465 669 2492 usque
676 2457 709 2484 ad
721 2457 879 2485 divisionem
890 2458 986 2485 anima:

199 2507 227 2530 et
235 2504 520 2538 spiritus,compagum
529 2510 635 2538 quoque
650 2507 677 2530 et
690 2502 880 2536 medullarum,
892 2508 918 2530 et
930 2503 987 2530 dis-

199 2554 289 2577 cretor
300 2550 491 2585 cogitationum
504 2554 530 2577 et
543 2549 722 2577 intentionum
737 2549 837 2582 cordis,
849 2554 874 2576 et
884 2558 936 2577 non
947 2553 988 2578 est

200 2595 252 2622 ulla
260 2595 530 2624 creaturainvisibilis
539 2595 565 2622 in
573 2599 716 2629 conspectu
723 2594 888 2630 ejus.0mnia
899 2601 987 2623 autem

200 2642 268 2669 nuda
278 2646 304 2669 ct
312 2647 405 2676 aperta
418 2641 573 2669 suntoculis
584 2642 651 2675 ejus,
660 2652 668 2666 ι
678 2640 748 2668 sicut
760 2642 891 2676 scriptum
904 2646 944 2669 est
954 2642 986 2668 δ’.

1040 1590 1123 1624 έφηνε
1138 1591 1171 1625 τῇ
1187 1590 1252 1625 παρ’
1266 1589 1363 1616 ἑαυτοῦ
1377 1589 1478 1625 χάριτι.
1496 1588 1639 1624 Τοιγάρτοι
1661 1588 1708 1614 καὶ
1723 1587 1737 1613 6
1751 1587 1831 1622 σοφὸς

1039 1636 1105 1671 ἡμῖν
1115 1635 1268 1662 ἐπιστέλλει
1283 1636 1397 1667 Παῦλος,
1410 1635 1476 1662 αὐτὸ
1489 1635 1520 1670 δὴ
1535 1634 1614 1661 τοῦτο
1629 1633 1831 1668 aiatait-quitur

1043 1690 1051 1706 ι
1064 1681 1094 1707 'H
1107 1680 1154 1714 νὺξ
1166 1681 1327 1716 προέκοψεν,
1344 1681 1398 1717 ἠδὲ
1409 1681 1501 1717 ἡμέρα
1517 1681 1642 1716 ήγγισεν.
1651 1679 1833 1715 Ἀποθώμεθα

1038 1725 1084 1754 οὖν
1101 1727 1134 1754 τὰ
1153 1728 1220 1763 ἔργα
1240 1728 1287 1755 τοῦ
1308 1728 1430 1761 σκότους,
1446 1728 1493 1755 καὶ
1514 1727 1688 1762 ἐνδυσώμεθα
1706 1727 1740 1754 τὰ
1764 1728 1833 1762 ἔργα

1038 1773 1084 1799 τοῦ
1105 1773 1204 1807 φωτὸς,
1219 1773 1255 1805 ὡς
1278 1773 1307 1800 ὲν
1329 1773 1420 1809 ἡμέρᾳ
1438 1773 1613 1808 εὐσχημόνως
1637 1773 1834 1808 περιπατήσω-

1040 1828 1099 1854 μεν.
1118 1828 1128 1845 ›
1146 1820 1200 1845 Καὶ
1217 1819 1307 1846 πάλιν·
1324 1820 1461 1855 ιἝγειρε,
1479 1821 1493 1846 6
1506 1819 1654 1852 καθεύδων,
1667 1819 1715 1846 καὶ
1727 1819 1831 1846 ἀνάστα

1038 1866 1069 1892 ὲκ
1083 1865 1138 1891 τῶν
1154 1865 1268 1900 νεκρῶν,
1285 1865 1331 1892 καὶ
1347 1865 1493 1900 ἐπιφαύσει
1510 1874 1549 1892 σοι
1564 1867 1578 1893 ὁ
1591 1866 1718 1902 Χριστός.
1735 1875 1744 1890 ι
1759 1866 1827 1900 Προ-

1039 1911 1221 1946 ανακηρύττει
1236 1911 1380 1946 τοιγαροῦν
1395 1911 1447 1945 τῆς
1469 1911 1515 1938 τοῦ
1532 1912 1656 1947 Σωτῆρος
1672 1911 1751 1947 ἡμῶν
1772 1912 1833 1937 ἐπι-

1037 1957 1138 1992 δημίας
1161 1955 1197 1982 τὰ
1221 1955 1336 1992 λαμπρὰ
1351 1955 1561 1992 κατορθώματα.
1577 1956 1674 1983 Δοῦλον
1697 1957 1726 1983 δέ
1748 1964 1831 1990 φησιν

1037 2002 1118 2029 αὑτὸν
1128 2003 1173 2029 διά
1179 2011 1231 2034 τοι,
1242 2002 1272 2028 τὸ
1282 2004 1310 2029 ὲν
1318 2002 1410 2029 δούλου
1423 2002 1581 2029 καθικέσθαι
1595 2003 1684 2038 μορφῇ
1696 2011 1703 2018 ·
1722 2002 1832 2029 Ἀνατο-

1037 2048 1086 2083 λὴν
1100 2048 1138 2080 δὲ,
1153 2048 1194 2074 ὅτι
1210 2048 1267 2082 φῶς
1283 2049 1340 2074 ἐστι
1361 2047 1391 2074 τὸ
1413 2047 1538 2083 ἀληθινὸν
1556 2048 1647 2081 αὐτὸς,
1664 2047 1711 2074 καὶ
1725 2048 1830 2084 ἡμέρα,

1038 2095 1085 2122 καὶ
1099 2094 1225 2130 λαμπρὸς
1241 2094 1389 2130 ἑωσφόρος,
1406 2095 1446 2126 εἰς
1459 2094 1521 2121 νοῦν
1535 2094 1697 2125 ἀνατέλλων,
1717 2095 1764 2120 καὶ
1782 2102 1830 2121 κα-

1037 2141 1225 2176 ταφαιδρύνων
1241 2141 1364 2176 καρδίας.
1389 2141 1532 2176 Ὀνομάζει
1552 2141 1580 2167 δὲ
1597 2141 1665 2176 πρὸς
1681 2140 1769 2175 τούτῳ
1784 2141 1832 2166 χαὶ

1038 2186 1117 2213 Λίθον
1139 2186 1230 2217 αὑτὸν,
1249 2186 1294 2212 καὶ
1308 2186 1362 2221 μὴν
1379 2186 1425 2212 καὶ
1446 2186 1567 2212 δεδόσθαι
1593 2187 1660 2221 φησι
1677 2186 1729 2221 πρὸ
1744 2193 1834 2220 προσ-

1039 2232 1113 2258 ώπου
1126 2232 1226 2268 Ἰησοῦ,
1242 2232 1310 2259 ἑπτά
1323 2241 1351 2259 τε
1367 2232 1439 2268 ἔχειν
1452 2233 1515 2264 τοὺς
1530 2232 1685 2268 ὀφθαλμοὺς
1698 2232 1833 2267 διισχυρί-

1040 2277 1202 2310 ζεται.Ἔδει
1217 2277 1271 2314 γὰρ
1290 2278 1405 2314 μάλιστα
1425 2278 1475 2314 τὴν
1490 2278 1560 2305 κατὰ
1572 2279 1653 2313 νόμον
1667 2279 1831 2314 ἱερωσύνην,

1039 2321 1073 2360 ἧς
1087 2325 1126 2355 εἰς
1141 2323 1225 2351 τύπον
1240 2324 1380 2359 ἐθήκαμεν
1396 2323 1442 2349 τὸν
1456 2323 1568 2358 Ἰησοῦν,
1583 2323 1663 2349 οἱονεὶ
1677 2323 1730 2358 πρὸ
1745 2331 1832 2358 προσ-

1039 2369 1113 2396 ώπου
1139 2370 1184 2395 καὶ
1207 2369 1259 2404 πρὸ
1282 2369 1426 2404 ὀφθαλμῶν
1442 2369 1514 2404 ἐχειν
1526 2369 1569 2395 διὰ
1582 2368 1682 2400 παντὸς
1698 2369 1744 2395 τὸν
1757 2368 1831 2394 λίθον

1038 2415 1083 2442 τὸν
1097 2415 1233 2448 ἐκλεκτὸν,
1251 2415 1297 2442 τὸν
1314 2415 1521 2451 ἀκρογωνιαῖον,
1535 2416 1579 2441 τὸν
1596 2415 1714 2450 ἔντιμον,
1732 2415 1777 2441 τὸν
1790 2415 1831 2446 εἰς

1041 2462 1075 2489 τὰ
1091 2462 1203 2497 θεμέλια
1223 2461 1301 2494 Σιὼν,
1320 2461 1364 2488 τὸν
1386 2461 1492 2493 πολλοῖς
1517 2461 1665 2496 ὀφθαλμοῖς
1688 2461 1832 2496 ἐφορῶντα

1041 2506 1075 2532 τὰ
1086 2505 1184 2532 πάντα.
1195 2506 1231 2532 Τὸ
1245 2505 1298 2541 γὰρ
1312 2506 1392 2539 ἑπτὰ,
1408 2505 1455 2532 τοῦ
1471 2505 1580 2537 τελείως
1595 2505 1700 2540 ἔχοντος
1716 2506 1759 2532 ἀεί
1773 2505 1831 2537 πώς

1041 2551 1099 2578 ἐστι
1125 2551 1301 2587 σημαντικόν.
1317 2551 1414 2586 Στεῖρα
1431 2551 1495 2585 γοῦν
1517 2551 1627 2585 λέγεται
1641 2552 1731 2577 τεκεῖν
1748 2550 1829 2578 ἑπτά.

1042 2596 1103 2623 ’Ότι
1119 2597 1147 2623 δὲ
1173 2596 1281 2632 μυρίοις
1304 2596 1425 2631 ὄμμασιν
1444 2596 1530 2631 ἐφορᾷ
1552 2596 1641 2623 πάντα
1660 2596 1706 2622 καὶ¹
1718 2596 1831 2623 ἐπισκέ-

1042 2650 1138 2668 πτεται
1161 2641 1195 2668 τὰ
1212 2641 1271 2668 καθ’
1285 2641 1358 2676 ἡμᾶς
1383 2641 1398 2676 ἡ
1421 2641 1481 2668 θεία
1495 2650 1525 2667 τε
1544 2641 1591 2668 καὶ
1613 2641 1768 2677 ἀπόρρητος
1782 2641 1829 2667 τοῦ

199 2687 264 2714 Υιοῦ
279 2688 369 2724 φύσις,
379 2689 430 2715 οὐκ
444 2688 477 2715 ἂν
489 2687 635 2715 ὲνδοιάσειέ
651 2696 693 2719 τις
705 2696 711 2702 ·
728 2698 737 2714 t
751 2689 809 2716 Ζῶν
835 2689 888 2725 γὰρ
899 2690 914 2716 6
931 2689 1009 2724 λόγος
1025 2689 1071 2717 τοῦ
1088 2689 1166 2722 Θεοῦ,
1208 2689 1252 2717 καὶ
1276 2689 1399 2724 ἐνεργὴς,
1416 2689 1462 2716 καὶ
1476 2688 1630 2724 τομώτερος
1645 2689 1716 2724 ὑπὲρ
1740 2690 1829 2716 πᾶσαν

200 2736 338 2773 μάχαιραν
361 2737 498 2771 δίστομον,
514 2736 560 2763 χαὶ
573 2735 757 2772 διικνούμενος
772 2738 835 2772 ἄχρι
867 2737 1001 2774 μερισμοῦ
1020 2738 1108 2773 ψυχῆς
1135 2737 1183 2765 καὶ
1207 2736 1371 2772 πνεύματος,
1385 2736 1487 2772 ,ἁρμῶν
1509 2744 1538 2762 τε
1559 2736 1606 2762 καὶ
1646 2735 1765 2771 μυελῶν,
1782 2735 1829 2762 καὶ

233 2836 256 2851 ⁸³
272 2835 397 2873 luant",
416 2837 507 2873 μέμ).
548 2839 569 2854 ⁸³
586 2839 679 2866 Matth.
699 2847 747 2869 XII,
763 2839 807 2866 58.
847 2839 868 2854 ⁸³
883 2838 987 2873 Philipp

1040 2859 1045 2869 .
1067 2839 1093 2872 7,
1110 2839 1137 2866 8.
1176 2840 1198 2855 ⁸⁵
1216 2839 1330 2866 Malm-li.
1349 2846 1385 2868 ιν,
1405 2839 1433 2864 ‘2.
1471 2838 1493 2854 ⁸⁷
1510 2837 1573 2873 Luc.
1590 2844 1610 2866 I.
1626 2835 1676 2873 79.»
1690 2871 1697 2873 ν
1709 2835 1827 2873 "llam.

168 2868 172 2876 ‘
200 2877 259 2903 λιιι,
277 2868 394 2902 12,15.’
416 2872 438 2888 ⁸³
454 2872 551 2908 Ephcs.
566 2881 591 2906 ν,
609 2874 648 2901 ll.
691 2875 712 2890 νδ
729 2874 779 2900 lsa.
798 2881 892 2907 xum,
915 2868 987 2906 ιιιὶί

1040 2868 1074 2902 tt".
1087 2868 1127 2908 ἰι,
1142 2875 1166 2902 li.

1214 2876 1233 2891 ν’
1252 2875 1258 2900 Ι
1278 2875 1342 2909 Reg.
1366 2882 1394 2905 ιι,
1479 2874 1499 2890 "
1517 2872 1598 2900 llcbt'.
1615 2878 1652 2904 tv,
1669 2871 1710 2902 l2,
1731 2871 1773 2898 l5.
