1910 3050
50 166 74 194 εί

454 160 730 191 COMMENTARIUS
750 163 782 191 ΙΝ
806 164 1008 192 ZACllAltlAM
1030 165 1252 195 PROPHETAM.

1627 168 1662 196 6%

49 227 93 258 τοῖς
106 225 188 259 ἁγίοις
209 223 258 250 xui.
277 223 343 259 παρ’
358 222 451 250 αὑτοῦ.
476 223 532 250 Καὶ
550 223 753 259 πληροφορήσει
776 224 819 250 λέ-

880 225 948 251 :Iolis
967 234 973 252 :
990 235 998 250 ι
1016 225 1067 252 Vos
1084 226 1152 253 estis
1167 227 1213 253 lux
1232 227 1323 254 mundi
1339 227 1370 253 η.
1390 235 1398 253 ι
1416 225 1476 254 Jam
1493 226 1552 254 dum
1572 226 1660 260 Oliva;

49 272 119 307 γωνδ
138 269 216 304 σοφὸς
237 269 375 304 Ἰωάννης,
401 269 442 295 ὅτι
467 278 476 294 t
499 269 546 295 Ἐκ
569 269 615 295 τοῦ
638 269 819 304 πληρώματος

50 316 119 346 αὑτοῦ
134 317 211 352 ἡμεῖς
222 315 323 346 πάντες
337 313 478 350 ἐλάϐομεν.
497 323 506 340 ι
527 315 587 346 1ιῶς
606 315 634 342 δὲ
648 315 778 351 ὑπάρχων
791 316 820 342 τὸ

49 363 159 399 ἀληθινὸν
176 363 190 389 ὁ
207 361 283 393 Υἱὸς,
297 362 355 395 φῶς
368 360 493 396 ὠνόμαζε
507 359 555 387 τοῦ
575 361 677 396 κόσμου
692 362 754 393 τοὺς
771 361 820 394 τῆς

49 410 103 445 παρ’
115 407 192 435 αὑτοῦ
220 407 413 442 λαμπρότητος
427 407 455 433 ἐν
474 406 582 441 μεθέξει
609 407 818 442 γεγενημένους.

50 455 110 489 Ἔφη
123 452 174 488 γὰρ
186 453 242 484 τοῖς
259 452 348 486 ἁγίοις
365 452 534 483 ἀποστόλοις·
553 461 562 478 ι
585 452 680 488 Ὑμεῖς
704 454 766 479 ἐστε
790 453 821 479 τδ

48 501 97 535 φῶς
108 499 150 526 τού
175 498 290 533 κόσμου.
312 507 321 523 ι
345 498 377 524 Δί
400 497 446 524 δύο
470 506 502 532 γε
531 497 584 533 μὴν
611 498 709 530 ἐλαῖαι,
727 498 775 533 μία
790 499 822 525 ὲκ

48 545 138 579 δεξιῶν,
149 545 194 571 καὶ
210 543 260 578 μία
275 544 306 576 ἐξ
319 543 467 578 εὐωνύμων
485 543 532 570 τοῦ
558 543 710 578 λαμπαδίου
727 544 822 579 κείμε-

48 600 94 623 ναι,
105 591 162 621 τοὺς
174 589 220 616 δύο
230 588 314 621 λαοὺς
330 589 557 624 ὑποσημαίνουσι,
579 590 720 624 μονονουχὶ
736 590 782 615 καὶ
793 591 822 616 ὲν

48 635 127 670 κύκλῳ
150 634 335 670 περιεστῶτας
356 634 484 669 Χριστόν.
513 634 676 669 Τετίμηνται
701 635 755 669 γὰρ
783 634 822 666 ὡς

47 680 174 716 ἠλεημένοι
186 680 218 714 τῇ
232 679 323 715 τοιᾷδε
343 679 448 706 στάσει.
464 679 518 706 Καὶ
531 680 555 706 οἱ
571 679 622 714 μὲν
633 677 704 714 ἦσαν
721 680 753 706 ἐκ
772 679 822 715 τῆς

49 725 211 757 καλλιελαίου,
226 725 360 755 τουτέστι.
377 724 428 760 τῆς
452 725 587 751 Ἰουδαίων
606 725 782 760 Συναγωγῆς
797 726 822 752 οι

48 771 71 798 δὲ
83 771 125 806 τῆς
137 770 232 805 ἀγρίου
248 770 298 805 μὲν
323 769 468 804 ὲξέφυσαν,
483 770 617 802 τουτέστι,
630 770 681 805 τῆς
697 769 726 803 ἐξ
738 770 823 797 ἐθνῶν

49 816 160 851 πληθύος.
176 815 248 850 Πλὴν
261 815 499 851 ὲγκεντρισθέντες
511 817 552 848 είς
571 816 621 851 τὴν
636 816 818 849 καλλιέλαιον,

49 863 155 890 κοινωνοὶ
177 862 307 896 γεγόνασι
334 862 384 896 τῆς
409 862 536 896 πιότητος
565 862 614 898 τῆς
644 862 732 898 ῥίζης,
752 861 823 889 κατὰ

48 909 89 944 τὴν
104 907 145 934 τοῦ
161 907 297 943 μακαρίου
321 907 428 934 Παύλου
460 909 563 944 φωνήν.
579 908 674 945 Ἀθρει
704 909 733 935 δὲ
748 909 822 940 ὃπως
838 902 858 930 Β

49 956 87 982 ἐπὶ
96 956 140 990 τὴν
154 954 265 989 λυχνίαν
279 954 346 989 ὁμοῦ
361 953 401 990 τῷ
419 953 566 990 λαμπαδὶῳ
596 955 643 981 καὶ
670 955 696 981 οἱ
718 953 821 989 λύχνοι,

48 1002 87 1027 καὶ
101 1002 127 1027 αἱ
145 1000 190 1026 δύο
211 1000 314 1027 ἐλαῖαι.
328 999 439 1027 Σύνεστι
468 999 523 1034 γὰρ
539 1001 605 1036 ἡμῖν
622 1001 651 1027 ἐν
674 1000 824 1036 Ἐκκλησία

49 1045 159 1081 Χριστὸς,
173 1045 221 1071 καὶ
233 1045 291 1071 τῶν
305 1045 551 1080 πεπιστευκότωνὴ
566 1044 704 1080 ήλεημένη
718 1043 823 1079 πληθὺς

49 1091 240 1125 καταλάμπεται
254 1091 305 1126 μὲν
329 1090 369 1126 τῷ
393 1092 458 1125 παρ’
474 1090 557 1117 αύτοῦ
574 1090 654 1125 φωτὶ,
674 1090 823 1125 φωτίζεται

47 1137 125 1164 δὲκαὶ
139 1136 182 1163 διὰ
207 1137 325 1172 λύχνων,
349 1137 374 1164 οἲ
405 1136 538 1172 μεθεκτδν
560 1135 653 1172 ἔχουσι
680 1136 727 1163 καὶ
755 1136 823 1172 παρ’

47 1182 117 1211 αὐτοῦ
129 1183 158 1210 τὺ
171 1183 238 1217 φῶς.
262 1183 362 1209 Ἶστέον
382 1182 421 1215 δὲ,
437 1182 478 1209 δτι
505 1182 553 1209 καὶ
565 1183 594 1209 ὲν
606 1183 639 1218 τῇ
665 1183 822 1218 κατασκευῇ

47 1230 90 1265 τῆς
100 1229 174 1263 ἁγίας
188 1229 292 1264 σκηνῆς
311 1229 399 1256 ἔκειτο
413 1228 463 1264 μὲν
482 1229 522 1260 είς
534 1229 568 1256 τὰ
578 1229 662 1263 Ἅγια
671 1229 725 1255 τῶν
739 1229 823 1264 ἁγίων

49 1276 106 1303 ιτ.τά
123 1276 231 1311 λύχνους
247 1275 348 1310 ἔχουσα
370 1275 466 1310 λυχνία
493 1275 592 1311 χρυσῆ.
611 1276 782 1311 Προσέταττε
796 1275 825 1302 δὲ

51 1319 104 1354 θεὸς
116 1321 152 1357 τῷ
170 1321 288 1357 Ἀαρὼν,
300 1321 398 1356 λέγων,
422 1321 462 1347 ὅτι
488 1330 497 1347 t
516 1320 593 1347 Κατὰ
610 1320 758 1356 πρόσωπον
772 1320 824 1355 τῆς

49 1369 143 1404 λυχνίας
167 1370 198 1396 ὲκ
221 1368 270 1395 τοῦ
301 1369 388 1395 νοτίου
420 1368 521 1404 μέρους
555 1368 687 1403 φαγοῦσιν
708 1369 732 1395 οἱ
753 1368 824 1394 ἑπτὰ

49 1412 136 1448 λύχνοι,
152 1422 161 1439 ι
180 1413 218 1439 Oti
249 1413 306 1448 γὰρ
336 1414 392 1444 τοῖς
414 1413 527 1440 κατόπιν
555 1413 641 1448 αὐτῆς
665 1414 679 1440 ὁ
697 1413 742 1440 διὰ
769 1413 824 1440 τῶν

49 1458 138 1493 λύχνων
149 1459 250 1486 δέδοται
264 1459 416 1494 φωτισμὺς,
430 1459 498 1486 ἀλλὰ
523 1460 580 1491 τοῖς
594 1458 632 1491 ὼς
646 1460 675 1486 ὲν
685 1458 824 1495 προσώπῳ

50 1504 152 1540 Χριποῦ
181 1504 226 1531 διὰ
246 1505 298 1540 τῆς
319 1505 437 1537 πίστεως
465 1505 668 1540 ὲνηνιγμένοις.
687 1505 742 1532 Καὶ
759 1505 824 1539 γοῦν

55 1550 160 1576 Ἰουδαῖοι
181 1550 298 1577 κατόπιν
310 1550 404 1587 ὥσπερ
419 1551 501 1578 αὑτοῦ
517 1552 565 1578 καὶ
580 1553 620 1583 εἰς
641 1551 715 1578 νῶτα
730 1551 824 1587 κείμε-
839 1571 861 1600 c

49 1605 91 1628 νοι,
106 1597 346 1633 κατεσκοτισμένον
363 1598 454 1633 ἔχουσι
468 1598 514 1624 τὸν
526 1598 598 1626 νοῦν.
613 1598 646 1625 Οἱ
662 1598 690 1624 δὲ
701 1598 730 1630 ἐξ
741 1597 827 1624 ἐθνῶν

51 1643 236 1674 πιστεύσαντες,
252 1644 295 1675 εἰς
311 1643 458 1678 πρόσωπον
483 1644 576 1679 ἔχουσι
606 1645 670 1676 τοὺς
691 1644 805 1679 λύχνους
816 1651 824 1659 ο

50 1688 172 1725 ἐλεύθερος
187 1689 241 1724 γὰρ
268 1689 362 1721 αὐτοῖς
381 1690 429 1716 καὶ
449 1689 669 1724 ἀπαραπόδιστος
687 1689 828 1721 παντελῶς

50 1734 112 1762 δδιὰ
123 1735 173 1760 τῶν
186 1735 271 1768 ἁγίων
287 1735 383 1769 γέγονε
399 1735 548 1770 φωτισμός.
574 1736 696 1763 Ἐκαίετο
721 1735 750 1763 δὲ
777 1738 825 1763 καὶ

872 279 925 297 una
940 278 954 297 a
969 271 1084 303 dextris,
1101 276 1127 299 et
1141 272 1227 298 altera
1243 280 1256 298 a
1270 273 1391 300 sinistris
1407 272 1540 308 lampadis
1554 274 1660 307 posltae,

872 316 939 343 duos
957 316 1070 350 populos
1088 316 1238 348 insinuant,
1254 318 1331 351 quasi
1353 317 1379 344 iu
1403 317 1497 345 orbem
1520 316 1659 344 Christum

872 361 1091 389 circumstantes.
1111 360 1179 388 Nam
1195 366 1224 388 ut
1251 362 1466 390 misericordiam
1483 363 1582 397 adepti,
1603 367 1660 390 sta-

872 407 944 433 tione
958 407 1112 440 hujusmodi
1127 406 1228 440 dignati
1249 411 1321 433 sunt.
1341 407 1373 433 Et
1397 407 1436 433 illi
1450 407 1559 441 quidem
1580 412 1661 434 erant

872 459 905 479 ex
923 453 990 478 bona
1015 451 1097 482 oliva.
1118 453 1246 478 nimirum
1268 459 1300 478 ex
1324 451 1465 486 Synagoga
1481 451 1635 479 Iudaeorum
1652 461 1659 479 :

874 498 899 524 lli
915 506 947 523 ex
966 497 1082 524 oleastro
1099 497 1193 531 geniti,
1213 498 1263 524 hoc
1281 500 1323 523 est
1347 504 1380 524 ex
1402 497 1522 531 gt'ntiuut
1539 497 1660 523 multitu-

873 543 1075 578 dine".68ﬁ.
1090 543 1283 570 Verumtamen
1311 543 1406 570 inserti
1431 543 1457 569 in
1485 542 1582 568 bonam
1608 542 1661 568 oli-

873 597 945 622 vam,
964 589 1151 624 pinguedinem
1177 589 1278 616 radicis
1306 592 1489 620 attraxerunt,
1515 592 1543 614 ut
1567 588 1662 614 scribit

873 636 970 663 beatus
994 635 1092 662 Paulus
1103 635 1136 662 ¹⁰.
1166 635 1304 669 Perpende
1329 634 1385 669 jam
1420 634 1556 668 quomodo
1581 640 1662 667 super

873 681 1065 708 candelabrum
1082 680 1162 708 simul
1175 688 1236 707 cum
1253 680 1376 715 lampade
1392 680 1474 706 etiam
1490 679 1607 705 lucerme
1635 684 1661 704 et

874 727 932 754 dum
954 727 1032 754 oliva:
1050 731 1123 753 sunt.
1146 726 1194 753 Est
1221 726 1293 752 enim
1317 726 1457 752 nobiscum
1485 725 1512 750 in
1543 723 1662 750 Ecclesia

873 771 1008 804 Christus,
1031 777 1059 799 et
1082 771 1253 799 credentium
1279 770 1423 797 nuiltitodo
1449 768 1661 795 misericordiam

874 823 1028 850 consecuta,
1042 825 1100 852 epis
1114 817 1215 844 lumine
1225 817 1412 848 illtnninatur;
1427 815 1580 841 illustratur
1592 820 1663 847 prte-

875 870 947 892 terea
962 872 1009 899 per
1032 864 1168 896 lucernas,
1185 871 1244 898 qua:
1262 863 1295 889 ab
1316 862 1375 896 ipso
1397 861 1524 887 similiter
1538 867 1663 886 contmn-

874 911 992 936 nicatum
1008 910 1098 936 lumen
1122 909 1273 936 continent.
1292 907 1330 935 Ne
1351 907 1461 942 ignOres
1475 912 1567 940 porro,
1582 905 1663 931 etiam

875 957 900 983 in
922 962 1058 983 Structura
1084 955 1172 982 sancti
1197 955 1363 982 tabernaculi
1391 955 1507 989 positum
1531 954 1615 981 fuisse
1635 954 1663 980 in

874 1002 974 1029 Sancta
999 1006 1156 1029 sanctorum
1184 1001 1377 1028 candelabrum
1406 1008 1533 1033 aureum,
1559 1005 1663 1035 septem

875 1048 1000 1076 lucernas
1016 1049 1162 1075 sustinens.
1183 1047 1320 1074 Mandavit
1343 1047 1417 1074 enim
1437 1048 1507 1074 Dens
1523 1047 1612 1073 Aaron
1636 1046 1662 1072 in

874 1094 945 1122 hunc
959 1095 1066 1122 modum
1080 1103 1088 1122 :
1105 1103 1114 1120 ‹
1128 1093 1230 1122 Versus
1246 1093 1342 1121 faciem
1361 1093 1516 1120 candelabri
1532 1100 1564 1119 ex
1586 1095 1664 1127 parte

874 1140 986 1168 australi
1009 1139 1134 1167 lucebunt
1159 1145 1262 1174 septem
1286 1139 1405 1167 lucernae
1415 1139 1450 1167 ".
1467 1147 1477 1164 ι
1505 1137 1565 1165 Non
1592 1137 1665 1164 euint

875 1186 908 1213 iis
936 1186 981 1221 qui
1004 1193 1020 1213 a
1047 1190 1123 1221 tergo
1148 1185 1303 1213 candelabri
1330 1190 1403 1218 sunt,
1433 1183 1594 1212 illuminatio
1619 1189 1667 1217 per

874 1231 1001 1260 lucernas
1017 1232 1080 1260 data
1093 1237 1145 1265 est,
1167 1232 1213 1260 sed
1230 1232 1263 1259 iis
1293 1231 1338 1266 qui
1355 1231 1433 1266 quasi
1451 1230 1547 1258 faciem
1564 1228 1666 1258 Christi

874 1285 923 1313 per
946 1278 1026 1306 iidem
1047 1278 1239 1312 respiciunt".
1266 1278 1358 1311 Quare
1381 1276 1468 1304 Judmi
1490 1276 1566 1311 quasi
1595 1281 1668 1304 retro

876 1324 974 1358 ipsum,
993 1328 1020 1350 et
1038 1323 1065 1350 in
1091 1328 1167 1357 tergo
1181 1323 1275 1357 positi,
1294 1322 1414 1349 tenebris
1428 1321 1603 1348 obscuratum
1619 1319 1668 1346 lia-

875 1369 940 1397 bent
962 1377 1019 1396 cor.
1041 1369 1091 1402 Qui
1112 1373 1201 1396 autem
1226 1377 1258 1396 ex
1283 1368 1410 1402 gentibus
1431 1366 1618 1397 crediderunt,
1639 1365 1666 1391 iu

877 1415 945 1442 facie
965 1415 1064 1441 habent
1089 1414 1226 1446 lucernas,
1251 1414 1348 1448 quibus
1374 1413 1458 1440 libera
1489 1417 1516 1439 et
1538 1411 1596 1439 sine
1616 1410 1668 1438 ullu

876 1460 1068 1495 impedimento
1083 1467 1131 1495 per
1151 1465 1246 1487 sancta
1261 1460 1375 1492 contigit
1393 1457 1564 1485 illuminatio.
1582 1456 1669 1484 Arde-

877 1507 924 1534 bat
949 1511 1038 1533 autem
1066 1510 1091 1533 et
1118 1505 1226 1533 lucerna
1248 1513 1301 1532 una
1331 1505 1357 1531 in
1378 1505 1452 1531 aditu
1477 1502 1666 1531 tabernaculi:

877 1559 928 1586 qua
953 1559 982 1579 re
1006 1551 1213 1585 signiﬁcabatur
1242 1550 1354 1584 legalem
1373 1549 1570 1576 institutionem
1586 1554 1670 1574 evan.

877 1597 970 1632 gelicaa
984 1605 999 1624 a
1016 1592 1093 1631 tergo
1108 1597 1157 1624 ire.
1172 1596 1239 1624 Vide
1256 1596 1328 1623 enim
1355 1603 1409 1630 quo
1425 1599 1514 1629 pacto,
1529 1593 1629 1629 quibus
1643 1593 1670 1619 in

879 1642 1012 1678 principio
1025 1642 1194 1670 tabernaculi
1209 1649 1261 1668 una
1278 1642 1390 1669 lucerna
1408 1641 1513 1672 ardeat,
1528 1639 1554 1666 in
1571 1638 1671 1666 Sancta

877 1693 1033 1717 salictorum
1063 1688 1198 1723 ingressos
1228 1692 1331 1722 septem
1365 1686 1483 1713 lucernae
1515 1689 1542 1713 et
1569 1684 1672 1718 lampas

878 1736 955 1771 quasi
973 1735 1127 1769 largissimo
1142 1733 1288 1768 splendore
1306 1732 1516 1766 perl'undebant.

51 1779 132 1814 λύχνος
154 1777 192 1810 εἷς
219 1781 248 1806 ὲν
279 1781 314 1816 τῇ
341 1780 437 1816 πρώτῃ
449 1782 545 1816 σκηνῇ·
567 1782 617 1816 τῆς
640 1781 822 1817 εύαγγελικῆς
842 1782 1007 1813 παιδεύσεως
1023 1781 1137 1807 κατόπιν
1167 1779 1260 1806 ἰοῦσαν
1289 1778 1338 1814 τὴν
1353 1778 1468 1813 νομικὴν
1483 1775 1530 1805 τοῦ
1544 1775 1672 1811 πράγμα-

51 1833 88 1857 τος
99 1826 158 1860 ἡμῖν
176 1827 436 1861 κατασημαινοντος.
451 1827 505 1853 Θέα
519 1827 572 1863 γὰρ
591 1828 680 1860 ὅπως,
694 1826 735 1860 οἷς
750 1829 780 1855 ὲν
793 1829 842 1864 μὲν
862 1829 893 1864 τῇ
912 1827 1007 1864 πρώτῃ
1027 1829 1112 1863 σκηνῇ
1129 1824 1170 1858 εἷς
1184 1826 1291 1853 ἐκαίετο
1319 1825 1425 1860 λύχνος.
1442 1825 1498 1856 τοῖς
1515 1832 1547 1858 γε
1566 1823 1619 1859 μὴν
1632 1822 1673 1854 εἷς

51 1871 79 1898 τὰ
92 1872 167 1906 Ἅγια
180 1872 235 1900 τῶν
254 1873 341 1907 ἁγίων
363 1873 433 1900 ἑπτὰ
441 1873 532 1909 λύχνοι
551 1874 596 1901 καὶ
612 1875 641 1901 τὸ
657 1874 810 1910 λαμπάδιον
827 1875 1071 1911 ἀμφιλαφεστάτην
1085 1874 1179 1909 ὥσπερ
1197 1873 1304 1905 ἐνίεσαν
1321 1872 1370 1906 τὴν
1384 1871 1482 1906 αὑγήν-

82 1921 129 1948 Kal
142 1921 332 1956 ὲπηρώτησα,
359 1921 408 1948 καὶ
434 1920 503 1948 εἶτα
522 1922 597 1956 πρὸς
619 1923 672 1950 τὸν
699 1923 829 1959 ἄγγελον

53 1966 97 1993 τὸν
110 1967 258 1994 λαλοῦντα
282 1967 318 1994 ὲν
347 1967 422 2002 ἐμοὶ,
448 1966 555 2002 λέγων·
576 1968 607 1994 Τί
633 1967 700 1995 ἐστι
716 1969 829 2002 ταῦτα,

54 2013 146 2046 Κύριες
169 2014 224 2040 Καὶ
242 2013 390 2047 ἀπεκρίθη
422 2014 439 2040 ὁ
467 2013 595 2048 ἅγγελος
616 2015 632 2040 ό
667 2014 772 2041 λαλῶν
795 2014 831 2042 ἐν

53 2058 118 2092 ἐμοὶ,
133 2059 180 2085 καί
198 2060 265 2086 εἶπε
280 2059 355 2093 πρός
367 2068 414 2093 με,
433 2059 540 2094 λέγων·
556 2061 597 2087 Οὺ
616 2060 774 2094 γινώσκεις
802 2061 832 2089 τι

54 2105 228 2137 ὲστιταῦτα;
257 2106 314 2133 Kal.
339 2104 418 2132 εῖπα·
451 2105 534 2139 οὐχ),
561 2107 660 2140 Κύριε.
689 2107 744 2133 Καὶ
768 2107 827 2134 ἀπ-

55 2151 152 2184 εκρίθη,
171 2151 218 2177 καὶ
233 2148 302 2177 εἷπε
318 2151 391 2183 πρός
406 2158 451 2184 με,
475 2148 581 2184 λέγων’
597 2147 691 2182 οὗτος
707 2152 723 2177 d
738 2151 830 2185 λόγος

916 1923 999 1951 Vens.
1019 1923 1080 1950 4-6.
1107 1922 1141 1949 Et
1156 1921 1325 1955 interrogavi,
1341 1925 1364 1946 el
1377 1920 1434 1946 dixi
1451 1919 1485 1945 ad
1497 1917 1617 1952 angelum
1629 1915 1675 1951 qui

879 1970 1033 2004 loquebatur
1048 1969 1075 1996 in
1096 1977 1146 2000 me,
1163 1968 1254 1995 dicens
1270 1975 1278 1994 :
1294 1966 1364 2000 Quid
1383 1970 1442 1992 sunt
1460 1964 1527 1996 haec,
1543 1961 1674 1989 Domine?

881 2015 913 2042 Et
930 2015 1061 2048 respondit
1079 2014 1186 2049 angelus
1205 2014 1249 2047 qui
1283 2011 1438 2047 loquebatur
1454 2011 1480 2036 in
1503 2017 1553 2040 me,
1568 2013 1590 2035 et
1607 2007 1674 2034 dixit

880 2060 914 2088 ad
937 2068 988 2093 me,
1010 2057 1195 2086 dicens:Non
1215 2057 1349 2093 cognoscin
1375 2055 1436 2090 quid
1463 2060 1522 2081 sunt
1543 2053 1622 2079 lucc?
1640 2050 1674 2078 Et

883 2106 939 2133 dixi
954 2114 962 2133 :
979 2105 1051 2138 Non,
1066 2105 1186 2132 Domine.
1213 2104 1247 2131 Et
1263 2102 1407 2137 respondit,
1435 2105 1469 2136 et
1484 2100 1550 2126 dixit
1576 2100 1609 2124 ad
1623 2107 1673 2130 me,

884 2153 992 2179 dicens:
1009 2151 1061 2178 Isle
1087 2159 1172 2179 sermo
1193 2150 1296 2177 Domini
1321 2149 1356 2176 ad
1382 2146 1538 2178 Zorobabel,
1564 2146 1674 2172 dicens:

55 2195 152 2228 Κυρίου
165 2196 240 2229 πρὸς
259 2195 437 2229 Ζοροϐάϐελ,
455 2194 561 2229 λέγων·
580 2196 641 2222 Οὐχ
656 2196 690 2222 ἐν
705 2195 826 2231 δυνάμει

886 2199 946 2226 Non
966 2199 993 2225 in
1010 2198 1168 2233 fortitudine
1190 2205 1297 2231 magna,
1320 2203 1402 2229 neque
1417 2195 1445 2220 in
1463 2194 1565 2224 robore,
1589 2191 1633 2218 sed
1647 2191 1675 2217 in

53 2239 166 2275 μεγάλῃ,
180 2242 251 2268 οὐδὲ
270 2242 306 2268 ἐν
330 2242 422 2275 ὶσχύτ,
443 2241 524 2267 ἀλλὰ
544 2241 741 2276 ἑνΠνεὺματι
759 2250 830 2277 μου,

55 2285 122 2321 λέγει
131 2287 235 2321 Κύριος
252 2287 474 2322 παντοκράτωρ.

84 2332 140 2359 KA’.
154 2333 214 2360 Ὀτι
229 2333 279 2359 καὶ
297 2334 417 2368 ἀμείνων
436 2335 482 2361 καὶ
502 2335 646 2370 ἱερώτερος
660 2335 708 2370 τῆς
725 2335 754 2361 ἐν
765 2335 832 2370 ἡμῖν

55 2377 159 2411 διανοίας
173 2381 187 2405 ὁ
200 2379 255 2406 τῶν
269 2380 372 2414 νοητῶν
385 2380 525 2415 δυνάμεων
540 2381 612 2414 νοῦς,
642 2382 690 2408 καὶ
711 2382 739 2407 ὲν
753 2382 835 2414 ἀσυγ-

56 2423 146 2458 κρξτοις
165 2425 315 2460 ὑπεροχαῖς
329 2425 362 2452 τὰ
392 2426 452 2452 καθ’
464 2427 538 2462 ἡμᾶς
556 2427 767 2462 ὑπερκείμενος,
786 2427 834 2454 καὶ

58 2468 167 2496 ἐντεῦθεν
181 2469 214 2496 ἂν
231 2469 338 2505 μάθοις.
356 2470 521 2506 Ἐπέστρεψε
541 2471 590 2506 μὲν
604 2471 659 2507 γὰρ
673 2472 687 2497 ὁ
708 2471 833 2506 ἄγγελος,

57 2515 88 2545 ὡς
110 2516 123 2541 ό
149 2516 293 2551 προφήτης
318 2516 395 2550 φησι,
424 2518 471 2543 καὶ
498 2516 639 2552 ἐξήγειρεν
658 2517 751 2549 αὑτὸν,
777 2526 786 2543 t
805 2517 834 2543 ὃν

57 2560 145 2595 τρόπον
158 2562 221 2588 ὅταν
235 2561 367 2597 ἐξεγερθῇ
382 2561 524 2598 ἄνθρωπος
554 2564 586 2589 ἐκ
608 2563 655 2589 τοῦ
675 2563 760 2589 ὕπνου
787 2563 836 2589 αὺ-

58 2607 106 2633 τοῦ.
126 2617 134 2633 ι
152 2609 182 2634 Ei
195 2607 250 2644 γὰρ
261 2607 294 2644 δὴ
309 2609 463 2644 συγκρίνειν
478 2609 565 2636 ἓλοιτό
588 2618 629 2641 τις
655 2609 692 2641 ὼς
716 2609 784 2644 πρός
804 2617 836 2643 γε

58 2653 96 2679 τδν
106 2655 162 2686 ταῖς
175 2655 233 2681 ἄνω
244 2654 393 2689 δυνάμεσιν
405 2655 499 2681 ὲνόντα
515 2655 588 2687 νοῦν,
601 2656 650 2691 τῆς
659 2655 836 2690 ἀνθρωπίνης

58 2697 163 2731 διανοίας
180 2700 210 2726 τδ
226 2700 337 2735 μέτρον.
357 2701 512 2735 μειονεκτού
516 2710 595 2736 μενον
620 2702 731 2736 εὑρήσει
742 2701 820 2727 τοσοῦ
825 2716 837 2721 -

58 2750 106 2775 την,
129 2745 189 2771 ὅσον
218 2746 252 2771 ἂν
272 2747 358 2771 νοοῖτο
388 2746 502 2773 κατόπιν
530 2746 618 2773 ὲλθεῖν
648 2746 695 2772 καὶ
709 2746 759 2782 τῆς
784 2746 838 2773 τῶν

60 2788 186 2822 νηφόντων
214 2790 335 2822 διανοίας
361 2790 394 2817 τὰ
411 2792 439 2818 ὲν
453 2793 508 2823 τοῖς
536 2791 631 2823 ὕπνοις
647 2791 750 2827 ἀδρανῆ
768 2800 837 2826 (pavo

64 2846 110 2907 wi'
123 2847 203 2876 Matth
233 2855 258 2880 ν,
277 2848 318 2875 ιι.

368 2850 388 2865 ¹⁹
403 2849 480 2878 ilom.
500 2857 537 2883 xl,
554 2849 585 2877 i7
597 2858 672 2884 scqq.
712 2850 734 2865 '°
747 2850 813 2877 Ibid.
828 2849 870 2877 Π.

885 2243 987 2279 Spiritu
1004 2252 1071 2275 meo,
1091 2243 1154 2269 dicit
1169 2241 1299 2269 Dominus
1315 2240 1489 2274 omnipotens.

919 2331 1014 2359 XXIV.
1035 2331 1171 2358 Virtutum
1194 2337 1262 2366 quas
1282 2329 1372 2356 animo
1397 2329 1530 2360 videmus,
1556 2330 1675 2356 mentem

887 2384 978 2406 nostra
994 2383 1082 2405 mente
1092 2377 1318 2412 prmstantiorem,
1332 2380 1358 2402 et
1372 2375 1548 2405 sanctiorem,
1562 2373 1674 2400 nostris-

887 2433 940 2461 que
956 2425 1034 2452 rebus
1049 2423 1309 2459 iucomparabilibus
1321 2421 1490 2449 excellentiis
1505 2420 1675 2455 superiorem

887 2478 958 2503 esse,
978 2471 1060 2498 etiam
1077 2470 1140 2496 hinc
1159 2470 1260 2496 discas.
1278 2468 1415 2495 Reversus
1435 2472 1477 2494 est
1500 2466 1570 2493 enim
1591 2471 1677 2498 ange-

889 2517 940 2549 lus,
954 2521 982 2543 ut
996 2516 1034 2543 ait
1054 2516 1196 2550 propheta,
1213 2519 1240 2541 et
1262 2513 1390 2541 excitavit
1408 2520 1469 2539 eum
1481 2531 1488 2544 ,
1505 2521 1514 2537 ‹
1530 2511 1602 2538 velut
1616 2518 1676 2537 cum

889 2563 1022 2590 excitatur
1040 2562 1120 2588 homo
1136 2561 1169 2587 de
1196 2567 1292 2587 somno
1309 2567 1368 2587 suo.
1383 2568 1392 2584 I
1409 2558 1474 2585 Nam
1502 2558 1523 2584 si
1548 2557 1608 2592 quis
1624 2556 1676 2582 vim

887 2615 1065 2644 supernarum
1095 2607 1227 2634 virtutum
1254 2613 1317 2632 cum
1348 2604 1525 2638 intelligentia
1559 2603 1676 2629 humana

888 2661 1046 2689 comparare
1074 2653 1206 2684 voluerit,
1236 2651 1307 2678 hanc
1339 2650 1385 2677 illa
1416 2654 1492 2676 tanto
1523 2648 1678 2675 inferiorem

889 2699 1043 2735 perspiciet,
1057 2703 1189 2734 quantum
1203 2697 1306 2724 scimus
1318 2695 1487 2730 vigilantium
1507 2692 1677 2727 cogitationi-

889 2746 940 2773 bus
963 2746 1062 2773 cetlerc
1079 2742 1268 2770 dormientium
1293 2741 1360 2772 visa,
1385 2741 1442 2767 sive
1453 2739 1536 2775 685
1561 2737 1676 2765 somnia.

890 2792 1030 2819 Excitatus
1044 2795 1085 2816 est
1102 2790 1184 2825 igitur
1198 2788 1328 2823 propheta
1338 2787 1371 2817 ad
1384 2786 1502 2821 vigiliam
1517 2794 1523 2812 :
1541 2781 1675 2811 nihilomi-

909 2850 929 2865 ²¹
947 2847 1032 2875 Exod.
1051 2853 1114 2879 xw,
1131 2847 1163 2874 37
1175 2835 1278 2880 ζΝυιιι.
1297 2851 1356 2876 vui,
1370 2843 1398 2870 Et.
1438 2843 1459 2859 ²¹
1471 2840 1543 2869 Psal.
1560 2843 1677 2871 txuttl,
