  <div class='ocr_page' id='page_1' title='image "/cluster/home/n/w/nwhite01/storage/ocr_20150623/72/njp.32101077772752/058.png"; bbox 0 0 1910 3050; ppageno 0'>
   <div class='ocr_carea' id='block_1_1' title="bbox 59 122 92 149">
    <p class='ocr_par' dir='ltr' id='par_1_1' title="bbox 59 122 92 149">
     <span class='ocr_line' id='line_1_1' title="bbox 59 122 92 149; baseline 0.03 -1"><span class='ocrx_word' id='word_1_1' title='bbox 59 122 92 149; x_wconf 81' lang='lat'><em>65</em></span> 
     </span>
    </p>
   </div>
   <div class='ocr_carea' id='block_1_2' title="bbox 489 121 1267 154">
    <p class='ocr_par' dir='ltr' id='par_1_2' title="bbox 489 121 1267 154">
     <span class='ocr_line' id='line_1_2' title="bbox 489 121 1267 154; baseline 0.006 -5"><span class='ocrx_word' id='word_1_2' title='bbox 489 121 759 151; x_wconf 74' lang='lat' dir='ltr'><strong>COMMENTARIUS</strong></span> <span class='ocrx_word' id='word_1_3' title='bbox 778 123 811 150; x_wconf 84' lang='lat' dir='ltr'><strong>IN</strong></span> <span class='ocrx_word' id='word_1_4' title='bbox 831 123 1028 151; x_wconf 69' lang='lat' dir='ltr'><strong>ZACHARIAM</strong></span> <span class='ocrx_word' id='word_1_5' title='bbox 1048 125 1267 154; x_wconf 68' lang='lat' dir='ltr'><strong>PROPHETAM.</strong></span> 
     </span>
    </p>
   </div>
   <div class='ocr_carea' id='block_1_3' title="bbox 1656 131 1690 160">
    <p class='ocr_par' dir='ltr' id='par_1_3' title="bbox 1656 131 1690 160">
     <span class='ocr_line' id='line_1_3' title="bbox 1656 131 1690 160; baseline 0.059 -2"><span class='ocrx_word' id='word_1_6' title='bbox 1656 131 1690 160; x_wconf 82' lang='lat'><strong>66</strong></span> 
     </span>
    </p>
   </div>
   <div class='ocr_carea' id='block_1_4' title="bbox 59 177 846 216">
    <p class='ocr_par' dir='ltr' id='par_1_4' title="bbox 59 177 846 216">
     <span class='ocr_line' id='line_1_4' title="bbox 59 177 846 216; baseline 0.005 -13"><span class='ocrx_word' id='word_1_7' title='bbox 59 178 137 204; x_wconf 61' lang='grc' dir='ltr'><strong>αότον</strong></span> <span class='ocrx_word' id='word_1_8' title='bbox 147 177 195 203; x_wconf 72' lang='grc' dir='ltr'><strong>τὸν</strong></span> <span class='ocrx_word' id='word_1_9' title='bbox 211 178 371 214; x_wconf 79' lang='grc' dir='ltr'><strong>Ζοροϐάϐελ</strong></span> <span class='ocrx_word' id='word_1_10' title='bbox 391 178 428 210; x_wconf 84' lang='grc' dir='ltr'><strong>ὡς</strong></span> <span class='ocrx_word' id='word_1_11' title='bbox 440 179 470 205; x_wconf 81' lang='grc' dir='ltr'><strong>ἑκ</strong></span> <span class='ocrx_word' id='word_1_12' title='bbox 486 180 572 215; x_wconf 77' lang='grc' dir='ltr'><strong>φυλῆς</strong></span> <span class='ocrx_word' id='word_1_13' title='bbox 592 180 690 211; x_wconf 80' lang='grc' dir='ltr'><strong>Ἰούδα,</strong></span> <span class='ocrx_word' id='word_1_14' title='bbox 716 181 763 207; x_wconf 74' lang='grc' dir='ltr'><strong>καὶ</strong></span> <span class='ocrx_word' id='word_1_15' title='bbox 782 181 846 216; x_wconf 78' lang='grc' dir='ltr'><strong>βασι</strong></span> 
     </span>
    </p>
   </div>
   <div class='ocr_carea' id='block_1_5' title="bbox 891 177 1689 216">
    <p class='ocr_par' dir='ltr' id='par_1_5' title="bbox 905 182 1689 215">
     <span class='ocr_line' id='line_1_5' title="bbox 905 182 1689 215; baseline 0.011 -8"><span class='ocrx_word' id='word_1_16' title='bbox 905 189 968 208; x_wconf 80' lang='lat' dir='ltr'><strong>sona</strong></span> <span class='ocrx_word' id='word_1_17' title='bbox 986 182 1141 210; x_wconf 80' lang='lat' dir='ltr'><strong>Emmanuel</strong></span> <span class='ocrx_word' id='word_1_18' title='bbox 1157 190 1184 212; x_wconf 80' lang='lat' dir='ltr'><strong>et</strong></span> <span class='ocrx_word' id='word_1_19' title='bbox 1202 191 1248 210; x_wconf 76' lang='lat' dir='ltr'><strong>rex</strong></span> <span class='ocrx_word' id='word_1_20' title='bbox 1271 189 1298 211; x_wconf 82' lang='lat' dir='ltr'><strong>et</strong></span> <span class='ocrx_word' id='word_1_21' title='bbox 1319 192 1440 213; x_wconf 88' lang='lat' dir='ltr'><strong>summus</strong></span> <span class='ocrx_word' id='word_1_22' title='bbox 1455 187 1581 215; x_wconf 78' lang='lat' dir='ltr'><strong>sacerdos</strong></span> <span class='ocrx_word' id='word_1_23' title='bbox 1609 188 1689 215; x_wconf 82' lang='lat' dir='ltr'><strong>intel-</strong></span> 
     </span>
    </p>
   </div>
   <div class='ocr_carea' id='block_1_6' title="bbox 59 223 849 262">
    <p class='ocr_par' dir='ltr' id='par_1_6' title="bbox 59 223 849 262">
     <span class='ocr_line' id='line_1_6' title="bbox 59 223 849 262; baseline 0.004 -12"><span class='ocrx_word' id='word_1_24' title='bbox 59 224 104 251; x_wconf 82' lang='grc' dir='ltr'><strong>λέα</strong></span> <span class='ocrx_word' id='word_1_25' title='bbox 120 223 300 259; x_wconf 77' lang='grc' dir='ltr'><strong>παραδηλοῦν</strong></span> <span class='ocrx_word' id='word_1_26' title='bbox 323 225 453 260; x_wconf 77' lang='grc' dir='ltr'><strong>ἐλέγομεν</strong></span> <span class='ocrx_word' id='word_1_27' title='bbox 475 225 516 259; x_wconf 80' lang='grc' dir='ltr'><strong>ἐφ’</strong></span> <span class='ocrx_word' id='word_1_28' title='bbox 543 226 632 260; x_wconf 77' lang='grc' dir='ltr'><strong>ἑαυτῷ</strong></span> <span class='ocrx_word' id='word_1_29' title='bbox 657 226 703 253; x_wconf 80' lang='grc' dir='ltr'><strong>τὸν</strong></span> <span class='ocrx_word' id='word_1_30' title='bbox 723 226 849 262; x_wconf 83' lang='grc' dir='ltr'><strong>Χριστὸν,</strong></span> 
     </span>
    </p>
   </div>
   <div class='ocr_carea' id='block_1_7' title="bbox 58 271 877 306">
    <p class='ocr_par' dir='ltr' id='par_1_7' title="bbox 58 271 877 306">
     <span class='ocr_line' id='line_1_7' title="bbox 58 271 877 306; baseline 0.005 -10"><span class='ocrx_word' id='word_1_31' title='bbox 58 271 234 304; x_wconf 77' lang='grc' dir='ltr'><strong>συνημμένου</strong></span> <span class='ocrx_word' id='word_1_32' title='bbox 250 271 280 297; x_wconf 75' lang='grc' dir='ltr'><strong>δὲ</strong></span> <span class='ocrx_word' id='word_1_33' title='bbox 299 272 347 298; x_wconf 81' lang='grc' dir='ltr'><strong>καὶ</strong></span> <span class='ocrx_word' id='word_1_34' title='bbox 367 272 453 306; x_wconf 82' lang='grc' dir='ltr'><strong>Ἰησοῦ</strong></span> <span class='ocrx_word' id='word_1_35' title='bbox 469 271 515 298; x_wconf 70' lang='grc' dir='ltr'><strong>τοῦ</strong></span> <span class='ocrx_word' id='word_1_36' title='bbox 542 272 674 306; x_wconf 80' lang='grc' dir='ltr'><strong>Ἰωσεδὲκ,</strong></span> <span class='ocrx_word' id='word_1_37' title='bbox 703 274 736 300; x_wconf 77' lang='grc' dir='ltr'><strong>ἶν’</strong></span> <span class='ocrx_word' id='word_1_38' title='bbox 753 275 781 300; x_wconf 78' lang='grc' dir='ltr'><strong>ὲν</strong></span> <span class='ocrx_word' id='word_1_39' title='bbox 810 283 877 300; x_wconf 84' lang='grc' dir='ltr'><strong>ταυτ</strong></span> 
     </span>
    </p>
   </div>
   <div class='ocr_carea' id='block_1_8' title="bbox 62 317 189 353">
    <p class='ocr_par' dir='ltr' id='par_1_8' title="bbox 62 317 189 353">
     <span class='ocr_line' id='line_1_8' title="bbox 62 317 189 353; baseline 0 -10"><span class='ocrx_word' id='word_1_40' title='bbox 62 317 189 353; x_wconf 77' lang='grc' dir='ltr'><strong>μανουήλ.</strong></span> 
     </span>
    </p>
   </div>
   <div class='ocr_carea' id='block_1_9' title="bbox 94 363 850 403">
    <p class='ocr_par' dir='ltr' id='par_1_9' title="bbox 94 363 850 403">
     <span class='ocr_line' id='line_1_9' title="bbox 94 363 850 403; baseline 0.007 -12"><span class='ocrx_word' id='word_1_41' title='bbox 94 366 140 398; x_wconf 79' lang='grc' dir='ltr'><strong>Τίς</strong></span> <span class='ocrx_word' id='word_1_42' title='bbox 157 363 186 392; x_wconf 78' lang='grc' dir='ltr'><strong>εἴ</strong></span> <span class='ocrx_word' id='word_1_43' title='bbox 200 365 257 397; x_wconf 87' lang='grc' dir='ltr'><strong>σὺ,</strong></span> <span class='ocrx_word' id='word_1_44' title='bbox 279 366 313 393; x_wconf 82' lang='grc' dir='ltr'><strong>τὸ</strong></span> <span class='ocrx_word' id='word_1_45' title='bbox 326 366 396 400; x_wconf 78' lang='grc' dir='ltr'><strong>ὅρος</strong></span> <span class='ocrx_word' id='word_1_46' title='bbox 412 367 445 394; x_wconf 85' lang='grc' dir='ltr'><strong>τὸ</strong></span> <span class='ocrx_word' id='word_1_47' title='bbox 457 367 543 403; x_wconf 68' lang='grc' dir='ltr'><strong>μέγα,</strong></span> <span class='ocrx_word' id='word_1_48' title='bbox 565 368 599 395; x_wconf 82' lang='grc' dir='ltr'><strong>τὸ</strong></span> <span class='ocrx_word' id='word_1_49' title='bbox 615 369 672 403; x_wconf 82' lang='grc' dir='ltr'><strong>πρὸ</strong></span> <span class='ocrx_word' id='word_1_50' title='bbox 689 369 850 403; x_wconf 81' lang='grc' dir='ltr'><strong>προσώπου</strong></span> 
     </span>
    </p>
   </div>
   <div class='ocr_carea' id='block_1_10' title="bbox 61 411 848 447">
    <p class='ocr_par' dir='ltr' id='par_1_10' title="bbox 61 411 848 447">
     <span class='ocr_line' id='line_1_10' title="bbox 61 411 848 447; baseline 0.005 -9"><span class='ocrx_word' id='word_1_51' title='bbox 61 411 236 446; x_wconf 73' lang='grc' dir='ltr'><strong>Ζοροϐάϐελ,</strong></span> <span class='ocrx_word' id='word_1_52' title='bbox 252 413 310 440; x_wconf 88' lang='grc' dir='ltr'><strong>τοῦ</strong></span> <span class='ocrx_word' id='word_1_53' title='bbox 324 413 528 447; x_wconf 78' lang='grc' dir='ltr'><strong>κατορθῶσαι;</strong></span> <span class='ocrx_word' id='word_1_54' title='bbox 545 416 598 442; x_wconf 82' lang='lat' dir='ltr'><strong>Kal</strong></span> <span class='ocrx_word' id='word_1_55' title='bbox 612 415 720 447; x_wconf 79' lang='grc' dir='ltr'><em>ἐξοίσω</em></span> <span class='ocrx_word' id='word_1_56' title='bbox 733 416 786 442; x_wconf 84' lang='grc' dir='ltr'><strong>τὸν</strong></span> <span class='ocrx_word' id='word_1_57' title='bbox 802 415 848 442; x_wconf 76' lang='lat' dir='ltr'><strong>.ll-</strong></span> 
     </span>
    </p>
   </div>
   <div class='ocr_carea' id='block_1_11' title="bbox 60 456 848 495">
    <p class='ocr_par' dir='ltr' id='par_1_11' title="bbox 60 456 848 495">
     <span class='ocr_line' id='line_1_11' title="bbox 60 456 848 495; baseline 0.006 -12"><span class='ocrx_word' id='word_1_58' title='bbox 60 460 109 484; x_wconf 76' lang='grc' dir='ltr'><strong>θω·</strong></span> <span class='ocrx_word' id='word_1_59' title='bbox 134 456 191 490; x_wconf 80' lang='grc' dir='ltr'><strong>τῆς</strong></span> <span class='ocrx_word' id='word_1_60' title='bbox 214 459 438 493; x_wconf 76' lang='grc' dir='ltr'><strong>κληρονομίας,</strong></span> <span class='ocrx_word' id='word_1_61' title='bbox 463 459 576 494; x_wconf 68' lang='grc' dir='ltr'><strong>ἰσότητι</strong></span> <span class='ocrx_word' id='word_1_62' title='bbox 604 460 724 494; x_wconf 77' lang='grc' dir='ltr'><strong>χάριτος</strong></span> <span class='ocrx_word' id='word_1_63' title='bbox 744 461 848 495; x_wconf 78' lang='grc' dir='ltr'><strong>χάριτα</strong></span> 
     </span>
    </p>
   </div>
   <div class='ocr_carea' id='block_1_12' title="bbox 59 502 158 536">
    <p class='ocr_par' dir='ltr' id='par_1_12' title="bbox 59 502 158 536">
     <span class='ocr_line' id='line_1_12' title="bbox 59 502 158 536; baseline 0 -7"><span class='ocrx_word' id='word_1_64' title='bbox 59 502 158 536; x_wconf 78' lang='grc' dir='ltr'><strong>αὐτῆς.</strong></span> 
     </span>
    </p>
   </div>
   <div class='ocr_carea' id='block_1_13' title="bbox 93 549 848 588">
    <p class='ocr_par' dir='ltr' id='par_1_13' title="bbox 93 549 848 588">
     <span class='ocr_line' id='line_1_13' title="bbox 93 549 848 588; baseline 0.007 -14"><span class='ocrx_word' id='word_1_65' title='bbox 93 549 153 575; x_wconf 79' lang='lat' dir='ltr'><strong>KE&#39;.</strong></span> <span class='ocrx_word' id='word_1_66' title='bbox 174 549 347 583; x_wconf 79' lang='grc' dir='ltr'><strong>Δυσέφικτον</strong></span> <span class='ocrx_word' id='word_1_67' title='bbox 361 551 409 585; x_wconf 80' lang='grc' dir='ltr'><strong>μὲν</strong></span> <span class='ocrx_word' id='word_1_68' title='bbox 422 551 519 587; x_wconf 76' lang='grc' dir='ltr'><strong>κομιδῇ</strong></span> <span class='ocrx_word' id='word_1_69' title='bbox 534 552 564 578; x_wconf 80' lang='grc' dir='ltr'><strong>τδ</strong></span> <span class='ocrx_word' id='word_1_70' title='bbox 580 552 769 587; x_wconf 78' lang='grc' dir='ltr'><strong>προκείμενον·</strong></span> <span class='ocrx_word' id='word_1_71' title='bbox 779 552 848 588; x_wconf 81' lang='grc' dir='ltr'><strong>πλὴν</strong></span> 
     </span>
    </p>
   </div>
   <div class='ocr_carea' id='block_1_14' title="bbox 60 594 847 633">
    <p class='ocr_par' dir='ltr' id='par_1_14' title="bbox 60 594 847 633">
     <span class='ocr_line' id='line_1_14' title="bbox 60 594 847 633; baseline 0.006 -14"><span class='ocrx_word' id='word_1_72' title='bbox 60 594 171 629; x_wconf 74' lang='grc' dir='ltr'><strong>ἐροῦμεν</strong></span> <span class='ocrx_word' id='word_1_73' title='bbox 196 595 283 629; x_wconf 78' lang='grc' dir='ltr'><strong>ἡμεῖς</strong></span> <span class='ocrx_word' id='word_1_74' title='bbox 299 596 331 622; x_wconf 87' lang='grc' dir='ltr'><strong>τό</strong></span> <span class='ocrx_word' id='word_1_75' title='bbox 356 605 388 630; x_wconf 86' lang='grc' dir='ltr'><strong>γε</strong></span> <span class='ocrx_word' id='word_1_76' title='bbox 414 597 453 628; x_wconf 81' lang='grc' dir='ltr'><strong>ὡς</strong></span> <span class='ocrx_word' id='word_1_77' title='bbox 474 598 572 633; x_wconf 79' lang='grc' dir='ltr'><strong>ἄριστα</strong></span> <span class='ocrx_word' id='word_1_78' title='bbox 599 597 646 624; x_wconf 70' lang='grc' dir='ltr'><strong>καὶ</strong></span> <span class='ocrx_word' id='word_1_79' title='bbox 669 598 756 633; x_wconf 81' lang='grc' dir='ltr'><strong>ὀρθῶς</strong></span> <span class='ocrx_word' id='word_1_80' title='bbox 777 598 847 633; x_wconf 72' lang='grc' dir='ltr'><strong>ἔχειν</strong></span> 
     </span>
    </p>
   </div>
   <div class='ocr_carea' id='block_1_15' title="bbox 61 641 848 679">
    <p class='ocr_par' dir='ltr' id='par_1_15' title="bbox 61 641 848 679">
     <span class='ocr_line' id='line_1_15' title="bbox 61 641 848 679; baseline 0.006 -14"><span class='ocrx_word' id='word_1_81' title='bbox 61 641 272 675; x_wconf 72' lang='grc' dir='ltr'><strong>ὑπειλημμένον.</strong></span> <span class='ocrx_word' id='word_1_82' title='bbox 295 642 386 668; x_wconf 86' lang='grc' dir='ltr'><strong>Ἔοικε</strong></span> <span class='ocrx_word' id='word_1_83' title='bbox 400 643 490 669; x_wconf 83' lang='grc' dir='ltr'><strong>τοίνυν</strong></span> <span class='ocrx_word' id='word_1_84' title='bbox 510 645 524 670; x_wconf 96' lang='lat'><strong>6</strong></span> <span class='ocrx_word' id='word_1_85' title='bbox 544 643 622 677; x_wconf 87' lang='grc' dir='ltr'><strong>λόγος</strong></span> <span class='ocrx_word' id='word_1_86' title='bbox 641 644 781 679; x_wconf 80' lang='grc' dir='ltr'><strong>μονονουχὶ</strong></span> <span class='ocrx_word' id='word_1_87' title='bbox 801 644 848 670; x_wconf 72' lang='grc' dir='ltr'><strong>καὶ</strong></span> 
     </span>
    </p>
   </div>
   <div class='ocr_carea' id='block_1_16' title="bbox 60 686 847 726">
    <p class='ocr_par' dir='ltr' id='par_1_16' title="bbox 60 686 847 726">
     <span class='ocr_line' id='line_1_16' title="bbox 60 686 847 726; baseline 0.003 -14"><span class='ocrx_word' id='word_1_88' title='bbox 60 687 182 721; x_wconf 76' lang='grc' dir='ltr'><strong>ἐπιτιμᾷν</strong></span> <span class='ocrx_word' id='word_1_89' title='bbox 196 686 237 721; x_wconf 80' lang='grc' dir='ltr'><strong>τῷ</strong></span> <span class='ocrx_word' id='word_1_90' title='bbox 251 686 313 722; x_wconf 76' lang='grc' dir='ltr'><strong>ὄρει</strong></span> <span class='ocrx_word' id='word_1_91' title='bbox 334 687 374 722; x_wconf 83' lang='grc' dir='ltr'><strong>τῷ</strong></span> <span class='ocrx_word' id='word_1_92' title='bbox 394 689 513 723; x_wconf 83' lang='grc' dir='ltr'><strong>μεγάλῳ,</strong></span> <span class='ocrx_word' id='word_1_93' title='bbox 529 690 667 722; x_wconf 79' lang='grc' dir='ltr'><strong>τουτέστι,</strong></span> <span class='ocrx_word' id='word_1_94' title='bbox 685 690 723 724; x_wconf 87' lang='grc' dir='ltr'><strong>τῷ</strong></span> <span class='ocrx_word' id='word_1_95' title='bbox 741 690 847 726; x_wconf 79' lang='grc' dir='ltr'><strong>Σατανᾷ</strong></span> 
     </span>
    </p>
   </div>
   <div class='ocr_carea' id='block_1_17' title="bbox 61 732 848 770">
    <p class='ocr_par' dir='ltr' id='par_1_17' title="bbox 61 732 848 770">
     <span class='ocr_line' id='line_1_17' title="bbox 61 732 848 770; baseline 0.005 -13"><span class='ocrx_word' id='word_1_96' title='bbox 61 732 315 767; x_wconf 75' lang='grc' dir='ltr'><strong>κατεξανισταμένῳ</strong></span> <span class='ocrx_word' id='word_1_97' title='bbox 331 742 360 759; x_wconf 85' lang='grc' dir='ltr'><strong>τε</strong></span> <span class='ocrx_word' id='word_1_98' title='bbox 373 734 420 760; x_wconf 77' lang='grc' dir='ltr'><strong>καὶ</strong></span> <span class='ocrx_word' id='word_1_99' title='bbox 434 733 607 768; x_wconf 79' lang='grc' dir='ltr'><strong>ἀντεξάγοντι</strong></span> <span class='ocrx_word' id='word_1_100' title='bbox 618 735 657 770; x_wconf 85' lang='grc' dir='ltr'><strong>τῷ</strong></span> <span class='ocrx_word' id='word_1_101' title='bbox 669 735 788 770; x_wconf 82' lang='grc' dir='ltr'><strong>Χριστῷ,</strong></span> <span class='ocrx_word' id='word_1_102' title='bbox 797 735 848 770; x_wconf 80' lang='grc' dir='ltr'><strong>τῆς</strong></span> 
     </span>
    </p>
   </div>
   <div class='ocr_carea' id='block_1_18' title="bbox 60 777 846 816">
    <p class='ocr_par' dir='ltr' id='par_1_18' title="bbox 60 777 846 816">
     <span class='ocr_line' id='line_1_18' title="bbox 60 777 846 816; baseline 0.005 -13"><span class='ocrx_word' id='word_1_103' title='bbox 60 777 136 804; x_wconf 79' lang='grc' dir='ltr'><strong>αὑτοῦ</strong></span> <span class='ocrx_word' id='word_1_104' title='bbox 159 778 331 813; x_wconf 81' lang='grc' dir='ltr'><strong>δυστροπίας</strong></span> <span class='ocrx_word' id='word_1_105' title='bbox 356 780 406 814; x_wconf 81' lang='grc' dir='ltr'><strong>τὴν</strong></span> <span class='ocrx_word' id='word_1_106' title='bbox 432 780 556 815; x_wconf 85' lang='grc' dir='ltr'><strong>δύναμιν,</strong></span> <span class='ocrx_word' id='word_1_107' title='bbox 580 780 594 806; x_wconf 85' lang='grc' dir='ltr'><strong>ὃ</strong></span> <span class='ocrx_word' id='word_1_108' title='bbox 618 780 650 816; x_wconf 86' lang='grc' dir='ltr'><strong>δὴ</strong></span> <span class='ocrx_word' id='word_1_109' title='bbox 671 781 718 807; x_wconf 74' lang='grc' dir='ltr'><strong>καὶ</strong></span> <span class='ocrx_word' id='word_1_110' title='bbox 741 781 770 807; x_wconf 84' lang='grc' dir='ltr'><strong>ὲν</strong></span> <span class='ocrx_word' id='word_1_111' title='bbox 790 782 846 813; x_wconf 86' lang='grc' dir='ltr'><strong>τοῖς</strong></span> 
     </span>
    </p>
   </div>
   <div class='ocr_carea' id='block_1_19' title="bbox 906 228 1013 262">
    <p class='ocr_par' dir='ltr' id='par_1_19' title="bbox 906 228 1013 262">
     <span class='ocr_line' id='line_1_19' title="bbox 906 228 1013 262; baseline 0.019 -9"><span class='ocrx_word' id='word_1_112' title='bbox 906 228 1013 262; x_wconf 78' lang='lat' dir='ltr'><strong>ligatur.</strong></span> 
     </span>
    </p>
   </div>
   <div class='ocr_carea' id='block_1_20' title="bbox 880 274 1688 317">
    <p class='ocr_par' dir='ltr' id='par_1_20' title="bbox 880 274 1688 317">
     <span class='ocr_line' id='line_1_20' title="bbox 880 274 1688 317; baseline 0.01 -17"><span class='ocrx_word' id='word_1_113' title='bbox 880 274 902 309; x_wconf 84' lang='grc' dir='ltr'><strong>ᾧ</strong></span> <span class='ocrx_word' id='word_1_114' title='bbox 936 276 1021 302; x_wconf 83' lang='grc' dir='ltr'><strong>νοοῖτο</strong></span> <span class='ocrx_word' id='word_1_115' title='bbox 1046 275 1171 310; x_wconf 83' lang='grc' dir='ltr'><strong>βασιλεύς</strong></span> <span class='ocrx_word' id='word_1_116' title='bbox 1199 285 1228 302; x_wconf 82' lang='grc' dir='ltr'><strong>τε</strong></span> <span class='ocrx_word' id='word_1_117' title='bbox 1252 277 1310 312; x_wconf 81' lang='grc' dir='ltr'><strong>ἅμα</strong></span> <span class='ocrx_word' id='word_1_118' title='bbox 1342 279 1387 306; x_wconf 75' lang='grc' dir='ltr'><strong>καὶ</strong></span> <span class='ocrx_word' id='word_1_119' title='bbox 1412 281 1553 317; x_wconf 83' lang='grc' dir='ltr'><strong>ἀρχιερεὺς</strong></span> <span class='ocrx_word' id='word_1_120' title='bbox 1582 281 1597 307; x_wconf 92' lang='lat'><strong>6</strong></span> <span class='ocrx_word' id='word_1_121' title='bbox 1625 282 1688 317; x_wconf 72' lang='grc' dir='ltr'><strong>Ἐμ-</strong></span> 
     </span>
    </p>
   </div>
   <div class='ocr_carea' id='block_1_21' title="bbox 941 367 1686 412">
    <p class='ocr_par' dir='ltr' id='par_1_21' title="bbox 941 367 1686 412">
     <span class='ocr_line' id='line_1_21' title="bbox 941 367 1686 412; baseline 0.017 -19"><span class='ocrx_word' id='word_1_122' title='bbox 941 368 1020 394; x_wconf 67' lang='lat' dir='ltr'><strong>Vens.</strong></span> <span class='ocrx_word' id='word_1_123' title='bbox 1035 367 1059 394; x_wconf 90' lang='lat'><strong>7.</strong></span> <span class='ocrx_word' id='word_1_124' title='bbox 1085 367 1149 400; x_wconf 78' lang='lat' dir='ltr'><strong>Quis</strong></span> <span class='ocrx_word' id='word_1_125' title='bbox 1163 376 1189 394; x_wconf 79' lang='lat' dir='ltr'><strong>er</strong></span> <span class='ocrx_word' id='word_1_126' title='bbox 1206 373 1244 399; x_wconf 84' lang='lat' dir='ltr'><strong>lu,</strong></span> <span class='ocrx_word' id='word_1_127' title='bbox 1265 377 1338 395; x_wconf 76' lang='lat' dir='ltr'><strong>mons</strong></span> <span class='ocrx_word' id='word_1_128' title='bbox 1355 370 1399 396; x_wconf 81' lang='lat' dir='ltr'><strong>ille</strong></span> <span class='ocrx_word' id='word_1_129' title='bbox 1422 379 1541 406; x_wconf 74' lang='lat' dir='ltr'><strong>magnus.</strong></span> <span class='ocrx_word' id='word_1_130' title='bbox 1562 382 1621 404; x_wconf 77' lang='lat' dir='ltr'><strong>(mle</strong></span> <span class='ocrx_word' id='word_1_131' title='bbox 1644 379 1686 412; x_wconf 74' lang='lat' dir='ltr'><strong>fr:-</strong></span> 
     </span>
    </p>
   </div>
   <div class='ocr_carea' id='block_1_22' title="bbox 903 412 1684 455">
    <p class='ocr_par' dir='ltr' id='par_1_22' title="bbox 903 412 1684 455">
     <span class='ocr_line' id='line_1_22' title="bbox 903 412 1684 455; baseline 0.01 -17"><span class='ocrx_word' id='word_1_132' title='bbox 903 413 967 439; x_wconf 77' lang='lat' dir='ltr'><strong>ciem</strong></span> <span class='ocrx_word' id='word_1_133' title='bbox 993 412 1154 444; x_wconf 78' lang='lat' dir='ltr'><strong>Zorobubel,</strong></span> <span class='ocrx_word' id='word_1_134' title='bbox 1172 418 1200 439; x_wconf 84' lang='lat' dir='ltr'><strong>ut</strong></span> <span class='ocrx_word' id='word_1_135' title='bbox 1224 414 1353 441; x_wconf 77' lang='lat' dir='ltr'><strong>inslaures</strong></span> <span class='ocrx_word' id='word_1_136' title='bbox 1369 416 1380 441; x_wconf 87' lang='lat'><strong><em>?</em></strong></span> <span class='ocrx_word' id='word_1_137' title='bbox 1398 415 1430 441; x_wconf 84' lang='lat' dir='ltr'><strong>El</strong></span> <span class='ocrx_word' id='word_1_138' title='bbox 1444 418 1551 445; x_wconf 78' lang='lat' dir='ltr'><strong>educam</strong></span> <span class='ocrx_word' id='word_1_139' title='bbox 1572 421 1684 455; x_wconf 69' lang='lat' dir='ltr'><strong>lapidem</strong></span> 
     </span>
    </p>
   </div>
   <div class='ocr_carea' id='block_1_23' title="bbox 902 459 1544 497">
    <p class='ocr_par' dir='ltr' id='par_1_23' title="bbox 902 459 1544 497">
     <span class='ocr_line' id='line_1_23' title="bbox 902 459 1544 497; baseline 0.009 -12"><span class='ocrx_word' id='word_1_140' title='bbox 902 459 1072 491; x_wconf 75' lang='lat' dir='ltr'><strong>hwredilatis,</strong></span> <span class='ocrx_word' id='word_1_141' title='bbox 1085 459 1232 494; x_wconf 79' lang='lat' dir='ltr'><strong>a-quulitale</strong></span> <span class='ocrx_word' id='word_1_142' title='bbox 1243 461 1334 494; x_wconf 73' lang='lat' dir='ltr'><strong>gratim</strong></span> <span class='ocrx_word' id='word_1_143' title='bbox 1351 463 1463 495; x_wconf 76' lang='lat' dir='ltr'><strong>gratiam</strong></span> <span class='ocrx_word' id='word_1_144' title='bbox 1477 463 1544 497; x_wconf 81' lang='lat' dir='ltr'><strong>ejus.</strong></span> 
     </span>
    </p>
   </div>
   <div class='ocr_carea' id='block_1_24' title="bbox 947 547 1684 588">
    <p class='ocr_par' dir='ltr' id='par_1_24' title="bbox 947 547 1684 588">
     <span class='ocr_line' id='line_1_24' title="bbox 947 547 1684 588; baseline 0.011 -14"><span class='ocrx_word' id='word_1_145' title='bbox 947 547 1035 576; x_wconf 69' lang='lat' dir='ltr'><strong>XXV.</strong></span> <span class='ocrx_word' id='word_1_146' title='bbox 1075 548 1254 578; x_wconf 64' lang='lat' dir='ltr'><strong>Difficillimus</strong></span> <span class='ocrx_word' id='word_1_147' title='bbox 1288 551 1422 579; x_wconf 71' lang='lat' dir='ltr'><strong>intellectu</strong></span> <span class='ocrx_word' id='word_1_148' title='bbox 1455 552 1527 580; x_wconf 89' lang='lat' dir='ltr'><strong>locus</strong></span> <span class='ocrx_word' id='word_1_149' title='bbox 1560 558 1684 588; x_wconf 78' lang='lat' dir='ltr'><strong>proposi-</strong></span> 
     </span>
    </p>
   </div>
   <div class='ocr_carea' id='block_1_25' title="bbox 903 597 1684 634">
    <p class='ocr_par' dir='ltr' id='par_1_25' title="bbox 903 597 1684 634">
     <span class='ocr_line' id='line_1_25' title="bbox 903 597 1684 634; baseline 0.013 -16"><span class='ocrx_word' id='word_1_150' title='bbox 903 597 969 619; x_wconf 78' lang='lat' dir='ltr'><strong>tus:</strong></span> <span class='ocrx_word' id='word_1_151' title='bbox 991 599 1176 622; x_wconf 71' lang='lat' dir='ltr'><strong>verumtamen</strong></span> <span class='ocrx_word' id='word_1_152' title='bbox 1207 597 1277 629; x_wconf 90' lang='lat' dir='ltr'><strong>quod</strong></span> <span class='ocrx_word' id='word_1_153' title='bbox 1302 597 1452 624; x_wconf 83' lang='lat' dir='ltr'><strong>rectissime</strong></span> <span class='ocrx_word' id='word_1_154' title='bbox 1476 604 1556 631; x_wconf 77' lang='lat' dir='ltr'><strong>atque</strong></span> <span class='ocrx_word' id='word_1_155' title='bbox 1585 602 1684 634; x_wconf 84' lang='lat' dir='ltr'><strong>optime</strong></span> 
     </span>
    </p>
   </div>
   <div class='ocr_carea' id='block_1_26' title="bbox 899 638 1684 675">
    <p class='ocr_par' dir='ltr' id='par_1_26' title="bbox 899 638 1684 675">
     <span class='ocr_line' id='line_1_26' title="bbox 899 638 1684 675; baseline 0.011 -10"><span class='ocrx_word' id='word_1_156' title='bbox 899 638 953 665; x_wconf 90' lang='lat' dir='ltr'><strong>dici</strong></span> <span class='ocrx_word' id='word_1_157' title='bbox 981 647 1059 673; x_wconf 81' lang='lat' dir='ltr'><strong>posse</strong></span> <span class='ocrx_word' id='word_1_158' title='bbox 1085 642 1311 675; x_wconf 79' lang='lat' dir='ltr'><strong>existimavimus,</strong></span> <span class='ocrx_word' id='word_1_159' title='bbox 1328 643 1354 669; x_wconf 97' lang='lat' dir='ltr'><strong>id</strong></span> <span class='ocrx_word' id='word_1_160' title='bbox 1386 644 1411 670; x_wconf 91' lang='lat' dir='ltr'><strong>in</strong></span> <span class='ocrx_word' id='word_1_161' title='bbox 1439 645 1556 671; x_wconf 87' lang='lat' dir='ltr'><strong>medium</strong></span> <span class='ocrx_word' id='word_1_162' title='bbox 1591 646 1684 674; x_wconf 73' lang='lat' dir='ltr'><strong>ali&#39;ere-</strong></span> 
     </span>
    </p>
   </div>
   <div class='ocr_carea' id='block_1_27' title="bbox 899 685 1684 726">
    <p class='ocr_par' dir='ltr' id='par_1_27' title="bbox 899 685 1684 726">
     <span class='ocr_line' id='line_1_27' title="bbox 899 685 1684 726; baseline 0.01 -15"><span class='ocrx_word' id='word_1_163' title='bbox 899 693 968 712; x_wconf 86' lang='lat' dir='ltr'><strong>mus.</strong></span> <span class='ocrx_word' id='word_1_164' title='bbox 997 685 1109 714; x_wconf 86' lang='lat' dir='ltr'><strong>Videtur</strong></span> <span class='ocrx_word' id='word_1_165' title='bbox 1128 688 1218 721; x_wconf 90' lang='lat' dir='ltr'><strong>itaque</strong></span> <span class='ocrx_word' id='word_1_166' title='bbox 1248 696 1337 716; x_wconf 80' lang='lat' dir='ltr'><strong>sermo</strong></span> <span class='ocrx_word' id='word_1_167' title='bbox 1356 689 1471 722; x_wconf 85' lang='lat' dir='ltr'><strong>quadam</strong></span> <span class='ocrx_word' id='word_1_168' title='bbox 1499 690 1684 726; x_wconf 79' lang='lat' dir='ltr'><strong>objurgatione</strong></span> 
     </span>
    </p>
   </div>
   <div class='ocr_carea' id='block_1_28' title="bbox 898 731 1680 769">
    <p class='ocr_par' dir='ltr' id='par_1_28' title="bbox 898 731 1680 769">
     <span class='ocr_line' id='line_1_28' title="bbox 898 731 1680 769; baseline 0.009 -12"><span class='ocrx_word' id='word_1_169' title='bbox 898 731 1032 758; x_wconf 82' lang='lat' dir='ltr'><strong>incessere</strong></span> <span class='ocrx_word' id='word_1_170' title='bbox 1045 737 1161 759; x_wconf 85' lang='lat' dir='ltr'><strong>montem</strong></span> <span class='ocrx_word' id='word_1_171' title='bbox 1179 741 1315 767; x_wconf 77' lang='lat' dir='ltr'><strong>magnum,</strong></span> <span class='ocrx_word' id='word_1_172' title='bbox 1345 739 1406 769; x_wconf 90' lang='lat' dir='ltr'><strong>puta</strong></span> <span class='ocrx_word' id='word_1_173' title='bbox 1427 735 1554 762; x_wconf 77' lang='lat' dir='ltr'><strong>Satanam</strong></span> <span class='ocrx_word' id='word_1_174' title='bbox 1584 742 1680 764; x_wconf 82' lang='lat' dir='ltr'><strong>contra</strong></span> 
     </span>
    </p>
   </div>
   <div class='ocr_carea' id='block_1_29' title="bbox 897 776 1682 817">
    <p class='ocr_par' dir='ltr' id='par_1_29' title="bbox 897 776 1682 817">
     <span class='ocr_line' id='line_1_29' title="bbox 897 776 1682 817; baseline 0.011 -16"><span class='ocrx_word' id='word_1_175' title='bbox 897 776 1035 802; x_wconf 74' lang='lat' dir='ltr'><strong>Christum</strong></span> <span class='ocrx_word' id='word_1_176' title='bbox 1055 776 1246 812; x_wconf 75' lang='lat' dir='ltr'><strong>insurgentem.</strong></span> <span class='ocrx_word' id='word_1_177' title='bbox 1263 783 1290 806; x_wconf 85' lang='lat' dir='ltr'><strong>et</strong></span> <span class='ocrx_word' id='word_1_178' title='bbox 1307 780 1492 813; x_wconf 81' lang='lat' dir='ltr'><strong>perversitatis</strong></span> <span class='ocrx_word' id='word_1_179' title='bbox 1517 789 1573 808; x_wconf 64' lang='lat' dir='ltr'><strong>suae</strong></span> <span class='ocrx_word' id='word_1_180' title='bbox 1587 789 1682 817; x_wconf 84' lang='lat' dir='ltr'><strong>poten-</strong></span> 
     </span>
    </p>
   </div>
   <div class='ocr_carea' id='block_1_30' title="bbox 61 821 846 861">
    <p class='ocr_par' dir='ltr' id='par_1_30' title="bbox 61 823 844 861">
     <span class='ocr_line' id='line_1_30' title="bbox 61 823 844 861; baseline 0.004 -11"><span class='ocrx_word' id='word_1_181' title='bbox 61 823 180 858; x_wconf 80' lang='grc' dir='ltr'><strong>ἀνωτέρω</strong></span> <span class='ocrx_word' id='word_1_182' title='bbox 206 824 293 850; x_wconf 76' lang='grc' dir='ltr'><strong>πάλιν</strong></span> <span class='ocrx_word' id='word_1_183' title='bbox 323 825 387 859; x_wconf 85' lang='grc' dir='ltr'><strong>ἠμῖν</strong></span> <span class='ocrx_word' id='word_1_184' title='bbox 413 826 620 860; x_wconf 77' lang='grc' dir='ltr'><strong>αἰνιγματωδῶς</strong></span> <span class='ocrx_word' id='word_1_185' title='bbox 648 827 844 861; x_wconf 75' lang='grc' dir='ltr'><strong>κατεγράφετο.</strong></span> 
     </span>
    </p>
   </div>
   <div class='ocr_carea' id='block_1_31' title="bbox 891 821 1679 861">
    <p class='ocr_par' dir='ltr' id='par_1_31' title="bbox 899 821 1679 860">
     <span class='ocr_line' id='line_1_31' title="bbox 899 821 1679 860; baseline 0.009 -13"><span class='ocrx_word' id='word_1_186' title='bbox 899 821 972 853; x_wconf 86' lang='lat' dir='ltr'><strong>tiam,</strong></span> <span class='ocrx_word' id='word_1_187' title='bbox 993 822 1068 855; x_wconf 82' lang='lat' dir='ltr'><strong>quasi</strong></span> <span class='ocrx_word' id='word_1_188' title='bbox 1086 822 1170 849; x_wconf 82' lang='lat' dir='ltr'><strong>aciem</strong></span> <span class='ocrx_word' id='word_1_189' title='bbox 1186 828 1279 850; x_wconf 86' lang='lat' dir='ltr'><strong>contra</strong></span> <span class='ocrx_word' id='word_1_190' title='bbox 1297 829 1510 857; x_wconf 84' lang='lat' dir='ltr'><strong>promoventem,</strong></span> <span class='ocrx_word' id='word_1_191' title='bbox 1525 827 1595 860; x_wconf 87' lang='lat' dir='ltr'><strong>quod</strong></span> <span class='ocrx_word' id='word_1_192' title='bbox 1617 827 1679 854; x_wconf 85' lang='lat' dir='ltr'><strong>item</strong></span> 
     </span>
    </p>
   </div>
   <div class='ocr_carea' id='block_1_32' title="bbox 63 868 844 907">
    <p class='ocr_par' dir='ltr' id='par_1_32' title="bbox 63 868 844 907">
     <span class='ocr_line' id='line_1_32' title="bbox 63 868 844 907; baseline 0.005 -13"><span class='ocrx_word' id='word_1_193' title='bbox 63 869 127 903; x_wconf 79' lang='grc' dir='ltr'><strong>Ἔφη</strong></span> <span class='ocrx_word' id='word_1_194' title='bbox 143 868 199 902; x_wconf 75' lang='grc' dir='ltr'><strong>γὰρ</strong></span> <span class='ocrx_word' id='word_1_195' title='bbox 222 870 237 895; x_wconf 84' lang='grc' dir='ltr'><strong>ό</strong></span> <span class='ocrx_word' id='word_1_196' title='bbox 261 871 408 906; x_wconf 78' lang='grc' dir='ltr'><strong>προφήτης</strong></span> <span class='ocrx_word' id='word_1_197' title='bbox 424 871 567 898; x_wconf 77' lang='grc' dir='ltr'><strong>τεθεᾶσθαι</strong></span> <span class='ocrx_word' id='word_1_198' title='bbox 596 872 645 906; x_wconf 86' lang='grc' dir='ltr'><strong>μὲν</strong></span> <span class='ocrx_word' id='word_1_199' title='bbox 672 873 775 907; x_wconf 80' lang='grc' dir='ltr'><strong>Ἰησοῦν</strong></span> <span class='ocrx_word' id='word_1_200' title='bbox 799 872 844 899; x_wconf 78' lang='grc' dir='ltr'><strong>τὸν</strong></span> 
     </span>
    </p>
   </div>
   <div class='ocr_carea' id='block_1_33' title="bbox 63 913 842 952">
    <p class='ocr_par' dir='ltr' id='par_1_33' title="bbox 63 913 842 952">
     <span class='ocr_line' id='line_1_33' title="bbox 63 913 842 952; baseline 0.004 -12"><span class='ocrx_word' id='word_1_201' title='bbox 63 914 130 949; x_wconf 76' lang='grc' dir='ltr'><strong>ἱερέα</strong></span> <span class='ocrx_word' id='word_1_202' title='bbox 150 913 196 940; x_wconf 77' lang='grc' dir='ltr'><strong>τὸν</strong></span> <span class='ocrx_word' id='word_1_203' title='bbox 212 915 305 949; x_wconf 78' lang='grc' dir='ltr'><strong>μέγαν</strong></span> <span class='ocrx_word' id='word_1_204' title='bbox 318 916 422 942; x_wconf 79' lang='grc' dir='ltr'><strong>ἑστῶτα</strong></span> <span class='ocrx_word' id='word_1_205' title='bbox 437 917 490 952; x_wconf 78' lang='grc' dir='ltr'><strong>πρὸ</strong></span> <span class='ocrx_word' id='word_1_206' title='bbox 505 916 652 952; x_wconf 82' lang='grc' dir='ltr'><strong>προσώπου</strong></span> <span class='ocrx_word' id='word_1_207' title='bbox 666 917 712 943; x_wconf 83' lang='grc' dir='ltr'><strong>τοῦ</strong></span> <span class='ocrx_word' id='word_1_208' title='bbox 725 917 842 951; x_wconf 80' lang='grc' dir='ltr'><strong>ἀγγέλου</strong></span> 
     </span>
    </p>
   </div>
   <div class='ocr_carea' id='block_1_34' title="bbox 63 959 842 994">
    <p class='ocr_par' dir='ltr' id='par_1_34' title="bbox 63 959 842 994">
     <span class='ocr_line' id='line_1_34' title="bbox 63 959 842 994; baseline 0.004 -9"><span class='ocrx_word' id='word_1_209' title='bbox 63 959 165 994; x_wconf 77' lang='grc' dir='ltr'><strong>Κυρίου,</strong></span> <span class='ocrx_word' id='word_1_210' title='bbox 177 959 223 986; x_wconf 78' lang='grc' dir='ltr'><strong>τὸν</strong></span> <span class='ocrx_word' id='word_1_211' title='bbox 240 960 269 986; x_wconf 80' lang='grc' dir='ltr'><strong>δέ</strong></span> <span class='ocrx_word' id='word_1_212' title='bbox 285 969 318 994; x_wconf 88' lang='grc' dir='ltr'><strong>γε</strong></span> <span class='ocrx_word' id='word_1_213' title='bbox 337 961 456 989; x_wconf 77' lang='grc' dir='ltr'><strong>διάῦολον</strong></span> <span class='ocrx_word' id='word_1_214' title='bbox 471 962 575 988; x_wconf 77' lang='grc' dir='ltr'><strong>ἑστῶτα</strong></span> <span class='ocrx_word' id='word_1_215' title='bbox 595 963 626 988; x_wconf 82' lang='grc' dir='ltr'><strong>ὲκ</strong></span> <span class='ocrx_word' id='word_1_216' title='bbox 643 962 735 994; x_wconf 80' lang='grc' dir='ltr'><strong>δεξιῶν</strong></span> <span class='ocrx_word' id='word_1_217' title='bbox 749 962 842 994; x_wconf 81' lang='grc' dir='ltr'><strong>αὑτοῦ,</strong></span> 
     </span>
    </p>
   </div>
   <div class='ocr_carea' id='block_1_35' title="bbox 63 1003 843 1042">
    <p class='ocr_par' dir='ltr' id='par_1_35' title="bbox 63 1003 843 1042">
     <span class='ocr_line' id='line_1_35' title="bbox 63 1003 843 1042; baseline 0.004 -12"><span class='ocrx_word' id='word_1_218' title='bbox 63 1003 103 1030; x_wconf 75' lang='grc' dir='ltr'><strong>τοῦ</strong></span> <span class='ocrx_word' id='word_1_219' title='bbox 117 1005 288 1031; x_wconf 76' lang='grc' dir='ltr'><strong>ἀντικεῖσθαι</strong></span> <span class='ocrx_word' id='word_1_220' title='bbox 303 1006 388 1040; x_wconf 81' lang='grc' dir='ltr'><strong>αὐτῷ.</strong></span> <span class='ocrx_word' id='word_1_221' title='bbox 402 1006 463 1032; x_wconf 83' lang='grc' dir='ltr'><strong>’Ότι</strong></span> <span class='ocrx_word' id='word_1_222' title='bbox 479 1006 543 1042; x_wconf 89' lang='grc' dir='ltr'><strong>γὰρ,</strong></span> <span class='ocrx_word' id='word_1_223' title='bbox 561 1007 623 1032; x_wconf 81' lang='grc' dir='ltr'><strong>ὅσον</strong></span> <span class='ocrx_word' id='word_1_224' title='bbox 637 1006 783 1042; x_wconf 80' lang='grc' dir='ltr'><strong>ἐνεχώρει,</strong></span> <span class='ocrx_word' id='word_1_225' title='bbox 794 1007 843 1034; x_wconf 80' lang='grc' dir='ltr'><strong>καὶ</strong></span> 
     </span>
    </p>
   </div>
   <div class='ocr_carea' id='block_1_36' title="bbox 61 1047 842 1088">
    <p class='ocr_par' dir='ltr' id='par_1_36' title="bbox 61 1047 842 1088">
     <span class='ocr_line' id='line_1_36' title="bbox 61 1047 842 1088; baseline 0.008 -14"><span class='ocrx_word' id='word_1_226' title='bbox 61 1047 90 1084; x_wconf 71' lang='grc' dir='ltr'><strong>ἦν</strong></span> <span class='ocrx_word' id='word_1_227' title='bbox 104 1049 145 1075; x_wconf 77' lang='grc' dir='ltr'><strong>ἐπ’</strong></span> <span class='ocrx_word' id='word_1_228' title='bbox 157 1049 242 1083; x_wconf 81' lang='grc' dir='ltr'><strong>αὐτῷ,</strong></span> <span class='ocrx_word' id='word_1_229' title='bbox 263 1051 440 1086; x_wconf 81' lang='grc' dir='ltr'><strong>πεπολέμηκέ</strong></span> <span class='ocrx_word' id='word_1_230' title='bbox 457 1060 486 1078; x_wconf 82' lang='grc' dir='ltr'><strong>τε</strong></span> <span class='ocrx_word' id='word_1_231' title='bbox 502 1052 549 1079; x_wconf 77' lang='grc' dir='ltr'><strong>καὶ</strong></span> <span class='ocrx_word' id='word_1_232' title='bbox 568 1053 764 1088; x_wconf 80' lang='grc' dir='ltr'><strong>ἀντεγήγερται</strong></span> <span class='ocrx_word' id='word_1_233' title='bbox 787 1054 842 1080; x_wconf 83' lang='grc' dir='ltr'><strong>δει-</strong></span> 
     </span>
    </p>
   </div>
   <div class='ocr_carea' id='block_1_37' title="bbox 62 1095 842 1134">
    <p class='ocr_par' dir='ltr' id='par_1_37' title="bbox 62 1095 842 1134">
     <span class='ocr_line' id='line_1_37' title="bbox 62 1095 842 1134; baseline 0.005 -13"><span class='ocrx_word' id='word_1_234' title='bbox 62 1095 108 1127; x_wconf 81' lang='grc' dir='ltr'><strong>νῶς</strong></span> <span class='ocrx_word' id='word_1_235' title='bbox 122 1097 179 1127; x_wconf 84' lang='grc' dir='ltr'><strong>ταῖς</strong></span> <span class='ocrx_word' id='word_1_236' title='bbox 195 1096 243 1122; x_wconf 76' lang='grc' dir='ltr'><strong>τοῦ</strong></span> <span class='ocrx_word' id='word_1_237' title='bbox 264 1096 392 1131; x_wconf 78' lang='grc' dir='ltr'><strong>Σωτῆρος</strong></span> <span class='ocrx_word' id='word_1_238' title='bbox 408 1097 574 1132; x_wconf 80' lang='grc' dir='ltr'><strong>οἰκονομίαις</strong></span> <span class='ocrx_word' id='word_1_239' title='bbox 587 1118 594 1130; x_wconf 93' lang='grc'><strong>,</strong></span> <span class='ocrx_word' id='word_1_240' title='bbox 611 1098 755 1130; x_wconf 81' lang='grc' dir='ltr'><strong>καλοῦντος</strong></span> <span class='ocrx_word' id='word_1_241' title='bbox 775 1098 842 1134; x_wconf 85' lang='grc' dir='ltr'><strong>πρὸς</strong></span> 
     </span>
    </p>
   </div>
   <div class='ocr_carea' id='block_1_38' title="bbox 63 1142 842 1179">
    <p class='ocr_par' dir='ltr' id='par_1_38' title="bbox 63 1142 842 1179">
     <span class='ocr_line' id='line_1_38' title="bbox 63 1142 842 1179; baseline 0.005 -12"><span class='ocrx_word' id='word_1_242' title='bbox 63 1142 187 1176; x_wconf 76' lang='grc' dir='ltr'><strong>σωτηρίαν</strong></span> <span class='ocrx_word' id='word_1_243' title='bbox 199 1142 250 1177; x_wconf 78' lang='grc' dir='ltr'><strong>τὴν</strong></span> <span class='ocrx_word' id='word_1_244' title='bbox 273 1143 319 1168; x_wconf 80' lang='grc' dir='ltr'><strong>ὑπ’</strong></span> <span class='ocrx_word' id='word_1_245' title='bbox 336 1143 460 1177; x_wconf 64' lang='grc' dir='ltr'><strong>οὐρανὸν,</strong></span> <span class='ocrx_word' id='word_1_246' title='bbox 490 1144 679 1179; x_wconf 76' lang='grc' dir='ltr'><strong>προσκυνητὴν</strong></span> <span class='ocrx_word' id='word_1_247' title='bbox 695 1144 759 1171; x_wconf 72' lang='grc' dir='ltr'><strong>ἴδιον</strong></span> <span class='ocrx_word' id='word_1_248' title='bbox 775 1145 842 1171; x_wconf 81' lang='grc' dir='ltr'><strong>ἀπο-</strong></span> 
     </span>
    </p>
   </div>
   <div class='ocr_carea' id='block_1_39' title="bbox 64 1186 842 1225">
    <p class='ocr_par' dir='ltr' id='par_1_39' title="bbox 64 1186 842 1225">
     <span class='ocr_line' id='line_1_39' title="bbox 64 1186 842 1225; baseline 0.004 -12"><span class='ocrx_word' id='word_1_249' title='bbox 64 1186 157 1220; x_wconf 63' lang='grc' dir='ltr'><strong>φαίνειν</strong></span> <span class='ocrx_word' id='word_1_250' title='bbox 172 1187 263 1222; x_wconf 73' lang='grc' dir='ltr'><strong>ἡθελε,</strong></span> <span class='ocrx_word' id='word_1_251' title='bbox 280 1187 461 1222; x_wconf 80' lang='grc' dir='ltr'><strong>παραδεικνὺς</strong></span> <span class='ocrx_word' id='word_1_252' title='bbox 474 1189 523 1223; x_wconf 80' lang='grc' dir='ltr'><strong>μὲν</strong></span> <span class='ocrx_word' id='word_1_253' title='bbox 535 1189 619 1224; x_wconf 80' lang='grc' dir='ltr'><strong>αὐτῷ,</strong></span> <span class='ocrx_word' id='word_1_254' title='bbox 634 1190 658 1216; x_wconf 73' lang='grc' dir='ltr'><strong>εἰ</strong></span> <span class='ocrx_word' id='word_1_255' title='bbox 675 1189 706 1224; x_wconf 85' lang='grc' dir='ltr'><strong>δὴ</strong></span> <span class='ocrx_word' id='word_1_256' title='bbox 721 1198 842 1225; x_wconf 87' lang='grc' dir='ltr'><strong>προσπε-</strong></span> 
     </span>
    </p>
   </div>
   <div class='ocr_carea' id='block_1_40' title="bbox 65 1232 840 1269">
    <p class='ocr_par' dir='ltr' id='par_1_40' title="bbox 65 1232 840 1269">
     <span class='ocr_line' id='line_1_40' title="bbox 65 1232 840 1269; baseline 0.005 -11"><span class='ocrx_word' id='word_1_257' title='bbox 65 1233 114 1258; x_wconf 77' lang='grc' dir='ltr'><strong>σεῖν</strong></span> <span class='ocrx_word' id='word_1_258' title='bbox 134 1232 218 1258; x_wconf 70' lang='grc' dir='ltr'><strong>ἕλοιτο</strong></span> <span class='ocrx_word' id='word_1_259' title='bbox 241 1233 292 1259; x_wconf 79' lang='grc' dir='ltr'><strong>καὶ</strong></span> <span class='ocrx_word' id='word_1_260' title='bbox 321 1235 508 1269; x_wconf 80' lang='grc' dir='ltr'><strong>προσκυνῆσαι</strong></span> <span class='ocrx_word' id='word_1_261' title='bbox 533 1235 626 1269; x_wconf 83' lang='grc' dir='ltr'><strong>αὐτῷ’.</strong></span> <span class='ocrx_word' id='word_1_262' title='bbox 652 1233 720 1262; x_wconf 82' lang='grc' dir='ltr'><strong>Εἶτα</strong></span> <span class='ocrx_word' id='word_1_263' title='bbox 741 1236 786 1262; x_wconf 78' lang='grc' dir='ltr'><strong>καὶ</strong></span> <span class='ocrx_word' id='word_1_264' title='bbox 811 1236 840 1269; x_wconf 74' lang='grc' dir='ltr'>ἐξ</span> 
     </span>
    </p>
   </div>
   <div class='ocr_carea' id='block_1_41' title="bbox 65 1277 840 1316">
    <p class='ocr_par' dir='ltr' id='par_1_41' title="bbox 65 1277 840 1316">
     <span class='ocr_line' id='line_1_41' title="bbox 65 1277 840 1316; baseline 0.004 -12"><span class='ocrx_word' id='word_1_265' title='bbox 65 1277 136 1304; x_wconf 67' lang='grc' dir='ltr'><strong>αύτοῦ</strong></span> <span class='ocrx_word' id='word_1_266' title='bbox 148 1278 193 1304; x_wconf 69' lang='grc' dir='ltr'><strong>το]</strong></span> <span class='ocrx_word' id='word_1_267' title='bbox 207 1278 290 1314; x_wconf 79' lang='grc' dir='ltr'><strong>χοροῦ</strong></span> <span class='ocrx_word' id='word_1_268' title='bbox 305 1279 359 1305; x_wconf 86' lang='grc' dir='ltr'><strong>τῶν</strong></span> <span class='ocrx_word' id='word_1_269' title='bbox 373 1279 458 1313; x_wconf 82' lang='grc' dir='ltr'>ἁγίων</span> <span class='ocrx_word' id='word_1_270' title='bbox 473 1280 629 1306; x_wconf 71' lang='grc' dir='ltr'><strong>ἀποστόλων</strong></span> <span class='ocrx_word' id='word_1_271' title='bbox 643 1280 688 1306; x_wconf 75' lang='grc' dir='ltr'><strong>τὸν</strong></span> <span class='ocrx_word' id='word_1_272' title='bbox 707 1281 840 1316; x_wconf 84' lang='grc' dir='ltr'><strong>προδότην</strong></span> 
     </span>
    </p>
   </div>
   <div class='ocr_carea' id='block_1_42' title="bbox 65 1323 839 1360">
    <p class='ocr_par' dir='ltr' id='par_1_42' title="bbox 65 1323 839 1360">
     <span class='ocr_line' id='line_1_42' title="bbox 65 1323 839 1360; baseline 0.005 -12"><span class='ocrx_word' id='word_1_273' title='bbox 65 1323 161 1358; x_wconf 68' lang='grc' dir='ltr'><strong>ἥρπασε</strong></span> <span class='ocrx_word' id='word_1_274' title='bbox 176 1323 314 1358; x_wconf 81' lang='grc' dir='ltr'><strong>μαθητὴν,</strong></span> <span class='ocrx_word' id='word_1_275' title='bbox 335 1324 484 1356; x_wconf 83' lang='grc' dir='ltr'>ἀναπείσας</span> <span class='ocrx_word' id='word_1_276' title='bbox 500 1325 617 1360; x_wconf 70' lang='grc' dir='ltr'><strong>ὄργανον</strong></span> <span class='ocrx_word' id='word_1_277' title='bbox 632 1325 682 1357; x_wconf 83' lang='grc' dir='ltr'><strong>τῆς</strong></span> <span class='ocrx_word' id='word_1_278' title='bbox 707 1326 839 1352; x_wconf 77' lang='grc' dir='ltr'><strong>Ἰουδαίων</strong></span> 
     </span>
    </p>
   </div>
   <div class='ocr_carea' id='block_1_43' title="bbox 64 1368 839 1406">
    <p class='ocr_par' dir='ltr' id='par_1_43' title="bbox 64 1368 839 1406">
     <span class='ocr_line' id='line_1_43' title="bbox 64 1368 839 1406; baseline 0.004 -12"><span class='ocrx_word' id='word_1_279' title='bbox 64 1368 177 1402; x_wconf 76' lang='grc' dir='ltr'><strong>γενέσθαι</strong></span> <span class='ocrx_word' id='word_1_280' title='bbox 206 1369 380 1404; x_wconf 83' lang='grc' dir='ltr'><strong>σκαιότητος.</strong></span> <span class='ocrx_word' id='word_1_281' title='bbox 403 1370 578 1405; x_wconf 79' lang='grc' dir='ltr'><strong>Ἑπιπλήττει</strong></span> <span class='ocrx_word' id='word_1_282' title='bbox 601 1371 633 1406; x_wconf 80' lang='grc' dir='ltr'><strong>δὴ</strong></span> <span class='ocrx_word' id='word_1_283' title='bbox 656 1369 702 1398; x_wconf 77' lang='grc' dir='ltr'><strong>οὖν</strong></span> <span class='ocrx_word' id='word_1_284' title='bbox 724 1372 738 1397; x_wconf 83' lang='lat'><strong>6</strong></span> <span class='ocrx_word' id='word_1_285' title='bbox 763 1371 839 1405; x_wconf 88' lang='grc' dir='ltr'><strong>λόγος</strong></span> 
     </span>
    </p>
   </div>
   <div class='ocr_carea' id='block_1_44' title="bbox 66 1413 838 1451">
    <p class='ocr_par' dir='ltr' id='par_1_44' title="bbox 66 1413 838 1451">
     <span class='ocr_line' id='line_1_44' title="bbox 66 1413 838 1451; baseline 0.004 -11"><span class='ocrx_word' id='word_1_286' title='bbox 66 1414 139 1449; x_wconf 74' lang='grc' dir='ltr'><strong>αὐτῷ,</strong></span> <span class='ocrx_word' id='word_1_287' title='bbox 164 1414 209 1440; x_wconf 80' lang='grc' dir='ltr'><strong>καί</strong></span> <span class='ocrx_word' id='word_1_288' title='bbox 234 1423 319 1449; x_wconf 81' lang='grc' dir='ltr'><strong>φησι·</strong></span> <span class='ocrx_word' id='word_1_289' title='bbox 338 1424 346 1440; x_wconf 74' lang='grc' dir='ltr'>ε</span> <span class='ocrx_word' id='word_1_290' title='bbox 362 1415 409 1446; x_wconf 82' lang='grc' dir='ltr'><strong>Τίς</strong></span> <span class='ocrx_word' id='word_1_291' title='bbox 426 1413 450 1441; x_wconf 83' lang='grc' dir='ltr'><strong>εἷ</strong></span> <span class='ocrx_word' id='word_1_292' title='bbox 469 1416 511 1446; x_wconf 81' lang='grc' dir='ltr'><strong>σὺ,</strong></span> <span class='ocrx_word' id='word_1_293' title='bbox 536 1416 566 1442; x_wconf 78' lang='grc' dir='ltr'><strong>τὸ</strong></span> <span class='ocrx_word' id='word_1_294' title='bbox 580 1417 641 1451; x_wconf 76' lang='grc' dir='ltr'><strong>ὅρος</strong></span> <span class='ocrx_word' id='word_1_295' title='bbox 655 1416 686 1443; x_wconf 75' lang='grc' dir='ltr'><strong>τὸ</strong></span> <span class='ocrx_word' id='word_1_296' title='bbox 707 1417 793 1451; x_wconf 82' lang='grc' dir='ltr'><strong>μέγα,</strong></span> <span class='ocrx_word' id='word_1_297' title='bbox 808 1417 838 1443; x_wconf 82' lang='grc' dir='ltr'><strong>τὸ</strong></span> 
     </span>
    </p>
   </div>
   <div class='ocr_carea' id='block_1_45' title="bbox 65 1460 835 1497">
    <p class='ocr_par' dir='ltr' id='par_1_45' title="bbox 65 1460 835 1497">
     <span class='ocr_line' id='line_1_45' title="bbox 65 1460 835 1497; baseline 0.005 -13"><span class='ocrx_word' id='word_1_298' title='bbox 65 1460 110 1494; x_wconf 81' lang='grc' dir='ltr'><strong>πρὸ</strong></span> <span class='ocrx_word' id='word_1_299' title='bbox 128 1461 269 1495; x_wconf 74' lang='grc' dir='ltr'><strong>προσώπου</strong></span> <span class='ocrx_word' id='word_1_300' title='bbox 293 1460 340 1487; x_wconf 85' lang='grc' dir='ltr'><strong>τοῦ</strong></span> <span class='ocrx_word' id='word_1_301' title='bbox 363 1461 523 1496; x_wconf 71' lang='grc' dir='ltr'><strong>Ζοροϐάϐελ,</strong></span> <span class='ocrx_word' id='word_1_302' title='bbox 546 1461 592 1488; x_wconf 81' lang='grc' dir='ltr'><strong>τοῦ</strong></span> <span class='ocrx_word' id='word_1_303' title='bbox 615 1462 803 1497; x_wconf 72' lang='grc' dir='ltr'><strong>κατορθῶσαις</strong></span> <span class='ocrx_word' id='word_1_304' title='bbox 825 1472 835 1488; x_wconf 74' lang='grc' dir='ltr'><strong>ι</strong></span> 
     </span>
    </p>
   </div>
   <div class='ocr_carea' id='block_1_46' title="bbox 67 1504 833 1542">
    <p class='ocr_par' dir='ltr' id='par_1_46' title="bbox 67 1504 833 1542">
     <span class='ocr_line' id='line_1_46' title="bbox 67 1504 833 1542; baseline 0.004 -11"><span class='ocrx_word' id='word_1_305' title='bbox 67 1505 97 1531; x_wconf 74' lang='grc' dir='ltr'>Τὸ</span> <span class='ocrx_word' id='word_1_306' title='bbox 107 1506 142 1536; x_wconf 75' lang='grc' dir='ltr'><strong>δὲ,</strong></span> <span class='ocrx_word' id='word_1_307' title='bbox 158 1505 205 1538; x_wconf 82' lang='grc' dir='ltr'><strong>Τίς</strong></span> <span class='ocrx_word' id='word_1_308' title='bbox 220 1504 250 1532; x_wconf 86' lang='grc' dir='ltr'><strong>εἷ</strong></span> <span class='ocrx_word' id='word_1_309' title='bbox 266 1506 328 1537; x_wconf 85' lang='grc' dir='ltr'><strong>σύ;</strong></span> <span class='ocrx_word' id='word_1_310' title='bbox 342 1507 450 1541; x_wconf 78' lang='grc' dir='ltr'><strong>νοητέον</strong></span> <span class='ocrx_word' id='word_1_311' title='bbox 462 1508 510 1541; x_wconf 73' lang='grc' dir='ltr'><strong>οὐχ</strong></span> <span class='ocrx_word' id='word_1_312' title='bbox 525 1507 563 1538; x_wconf 82' lang='grc' dir='ltr'><strong>ὡς</strong></span> <span class='ocrx_word' id='word_1_313' title='bbox 575 1507 712 1538; x_wconf 79' lang='grc' dir='ltr'><strong>ἐθέλοντος</strong></span> <span class='ocrx_word' id='word_1_314' title='bbox 729 1509 833 1542; x_wconf 81' lang='grc' dir='ltr'><strong>ἀναμα-</strong></span> 
     </span>
    </p>
   </div>
   <div class='ocr_carea' id='block_1_47' title="bbox 66 1551 837 1588">
    <p class='ocr_par' dir='ltr' id='par_1_47' title="bbox 66 1551 837 1588">
     <span class='ocr_line' id='line_1_47' title="bbox 66 1551 837 1588; baseline 0.004 -12"><span class='ocrx_word' id='word_1_315' title='bbox 66 1551 122 1583; x_wconf 77' lang='grc' dir='ltr'><strong>θεῖν,</strong></span> <span class='ocrx_word' id='word_1_316' title='bbox 137 1551 174 1582; x_wconf 80' lang='grc' dir='ltr'><strong>τίς</strong></span> <span class='ocrx_word' id='word_1_317' title='bbox 186 1551 216 1586; x_wconf 81' lang='grc' dir='ltr'><strong>δὴ</strong></span> <span class='ocrx_word' id='word_1_318' title='bbox 232 1551 287 1587; x_wconf 82' lang='grc' dir='ltr'><strong>ἄρα</strong></span> <span class='ocrx_word' id='word_1_319' title='bbox 304 1553 351 1578; x_wconf 72' lang='grc' dir='ltr'><strong>καὶ</strong></span> <span class='ocrx_word' id='word_1_320' title='bbox 370 1552 450 1578; x_wconf 83' lang='grc' dir='ltr'><strong>πόθεν</strong></span> <span class='ocrx_word' id='word_1_321' title='bbox 465 1553 538 1578; x_wconf 81' lang='grc' dir='ltr'><strong>ἐστίν</strong></span> <span class='ocrx_word' id='word_1_322' title='bbox 558 1553 597 1588; x_wconf 75' lang='grc' dir='ltr'><strong>(οὐ</strong></span> <span class='ocrx_word' id='word_1_323' title='bbox 612 1553 665 1588; x_wconf 83' lang='grc' dir='ltr'><strong>γὰρ</strong></span> <span class='ocrx_word' id='word_1_324' title='bbox 675 1553 707 1579; x_wconf 85' lang='grc' dir='ltr'><strong>ἂν</strong></span> <span class='ocrx_word' id='word_1_325' title='bbox 719 1553 837 1588; x_wconf 82' lang='grc' dir='ltr'><strong>ἠγνόησε</strong></span> 
     </span>
    </p>
   </div>
   <div class='ocr_carea' id='block_1_48' title="bbox 67 1595 837 1633">
    <p class='ocr_par' dir='ltr' id='par_1_48' title="bbox 67 1595 837 1633">
     <span class='ocr_line' id='line_1_48' title="bbox 67 1595 837 1633; baseline 0.003 -10"><span class='ocrx_word' id='word_1_326' title='bbox 67 1598 123 1628; x_wconf 74' lang='grc' dir='ltr'><strong>θεὸς</strong></span> <span class='ocrx_word' id='word_1_327' title='bbox 135 1597 180 1631; x_wconf 76' lang='grc' dir='ltr'><strong>ὢν)</strong></span> <span class='ocrx_word' id='word_1_328' title='bbox 192 1618 199 1629; x_wconf 86' lang='grc'><strong>,</strong></span> <span class='ocrx_word' id='word_1_329' title='bbox 217 1598 274 1624; x_wconf 82' lang='grc' dir='ltr'><strong>ἀλλ’</strong></span> <span class='ocrx_word' id='word_1_330' title='bbox 288 1595 345 1624; x_wconf 72' lang='grc' dir='ltr'><strong>οἷον</strong></span> <span class='ocrx_word' id='word_1_331' title='bbox 374 1598 640 1633; x_wconf 79' lang='grc' dir='ltr'><strong>κατασμικρύνοντος</strong></span> <span class='ocrx_word' id='word_1_332' title='bbox 670 1599 715 1625; x_wconf 78' lang='grc' dir='ltr'><strong>καὶ</strong></span> <span class='ocrx_word' id='word_1_333' title='bbox 730 1599 837 1631; x_wconf 76' lang='grc' dir='ltr'><strong>οὐδενὸς</strong></span> 
     </span>
    </p>
   </div>
   <div class='ocr_carea' id='block_1_49' title="bbox 69 1641 836 1679">
    <p class='ocr_par' dir='ltr' id='par_1_49' title="bbox 69 1641 836 1679">
     <span class='ocr_line' id='line_1_49' title="bbox 69 1641 836 1679; baseline 0.003 -12"><span class='ocrx_word' id='word_1_334' title='bbox 69 1641 192 1673; x_wconf 76' lang='grc' dir='ltr'><strong>ἀξιοῦντος</strong></span> <span class='ocrx_word' id='word_1_335' title='bbox 207 1643 300 1675; x_wconf 79' lang='grc' dir='ltr'><strong>λόγου,</strong></span> <span class='ocrx_word' id='word_1_336' title='bbox 315 1642 366 1669; x_wconf 66' lang='lat' dir='ltr'><strong>xlv</strong></span> <span class='ocrx_word' id='word_1_337' title='bbox 381 1643 403 1668; x_wconf 78' lang='lat' dir='ltr'><strong>si</strong></span> <span class='ocrx_word' id='word_1_338' title='bbox 419 1643 488 1678; x_wconf 80' lang='grc' dir='ltr'><strong>μέγα</strong></span> <span class='ocrx_word' id='word_1_339' title='bbox 500 1651 529 1669; x_wconf 85' lang='grc' dir='ltr'><strong>τε</strong></span> <span class='ocrx_word' id='word_1_340' title='bbox 545 1643 589 1678; x_wconf 72' lang='grc' dir='ltr'><strong>εἴη</strong></span> <span class='ocrx_word' id='word_1_341' title='bbox 615 1644 661 1669; x_wconf 78' lang='grc' dir='ltr'><strong>καὶ</strong></span> <span class='ocrx_word' id='word_1_342' title='bbox 673 1644 836 1679; x_wconf 83' lang='grc' dir='ltr'><strong>δυσάντητον</strong></span> 
     </span>
    </p>
   </div>
   <div class='ocr_carea' id='block_1_50' title="bbox 67 1687 836 1725">
    <p class='ocr_par' dir='ltr' id='par_1_50' title="bbox 67 1687 836 1725">
     <span class='ocr_line' id='line_1_50' title="bbox 67 1687 836 1725; baseline 0.001 -10"><span class='ocrx_word' id='word_1_343' title='bbox 67 1687 138 1723; x_wconf 67' lang='grc' dir='ltr'><strong>ὅρος,</strong></span> <span class='ocrx_word' id='word_1_344' title='bbox 160 1690 204 1715; x_wconf 74' lang='grc' dir='ltr'><strong>καὶ</strong></span> <span class='ocrx_word' id='word_1_345' title='bbox 231 1688 359 1724; x_wconf 73' lang='grc' dir='ltr'><strong>ἐμποδὼν</strong></span> <span class='ocrx_word' id='word_1_346' title='bbox 383 1690 507 1725; x_wconf 73' lang='grc' dir='ltr'><strong>κείμενον</strong></span> <span class='ocrx_word' id='word_1_347' title='bbox 534 1690 684 1725; x_wconf 76' lang='grc' dir='ltr'><strong>κατορθοῦν</strong></span> <span class='ocrx_word' id='word_1_348' title='bbox 718 1690 836 1717; x_wconf 77' lang='grc' dir='ltr'><strong>ἐθέλοντι</strong></span> 
     </span>
    </p>
   </div>
   <div class='ocr_carea' id='block_1_51' title="bbox 66 1732 834 1771">
    <p class='ocr_par' dir='ltr' id='par_1_51' title="bbox 66 1732 834 1771">
     <span class='ocr_line' id='line_1_51' title="bbox 66 1732 834 1771; baseline 0.004 -12"><span class='ocrx_word' id='word_1_349' title='bbox 66 1734 142 1760; x_wconf 68' lang='grc' dir='ltr'><strong>τοιάδε</strong></span> <span class='ocrx_word' id='word_1_350' title='bbox 167 1735 293 1770; x_wconf 77' lang='grc' dir='ltr'><strong>Χριστῷ,</strong></span> <span class='ocrx_word' id='word_1_351' title='bbox 320 1732 351 1762; x_wconf 70' lang='grc' dir='ltr'><strong>οὗ</strong></span> <span class='ocrx_word' id='word_1_352' title='bbox 377 1735 423 1762; x_wconf 83' lang='grc' dir='ltr'><strong>καὶ</strong></span> <span class='ocrx_word' id='word_1_353' title='bbox 448 1737 487 1767; x_wconf 80' lang='grc' dir='ltr'><strong>εἰς</strong></span> <span class='ocrx_word' id='word_1_354' title='bbox 514 1735 599 1763; x_wconf 83' lang='grc' dir='ltr'><strong>τύπον</strong></span> <span class='ocrx_word' id='word_1_355' title='bbox 625 1737 639 1761; x_wconf 86' lang='lat'><strong>6</strong></span> <span class='ocrx_word' id='word_1_356' title='bbox 666 1736 834 1771; x_wconf 70' lang='grc' dir='ltr'><strong>Ζοροϐάϐελ,</strong></span> 
     </span>
    </p>
   </div>
   <div class='ocr_carea' id='block_1_52' title="bbox 68 1779 834 1818">
    <p class='ocr_par' dir='ltr' id='par_1_52' title="bbox 68 1779 834 1818">
     <span class='ocr_line' id='line_1_52' title="bbox 68 1779 834 1818; baseline 0.005 -13"><span class='ocrx_word' id='word_1_357' title='bbox 68 1779 177 1815; x_wconf 70' lang='grc' dir='ltr'><strong>καθάπερ</strong></span> <span class='ocrx_word' id='word_1_358' title='bbox 190 1782 239 1816; x_wconf 73' lang='grc' dir='ltr'><strong>ἤδη</strong></span> <span class='ocrx_word' id='word_1_359' title='bbox 257 1782 439 1817; x_wconf 77' lang='grc' dir='ltr'><strong>προείπομεν.</strong></span> <span class='ocrx_word' id='word_1_360' title='bbox 454 1782 550 1808; x_wconf 80' lang='grc' dir='ltr'><strong>Καίτοι</strong></span> <span class='ocrx_word' id='word_1_361' title='bbox 570 1782 623 1816; x_wconf 87' lang='grc' dir='ltr'><strong>γὰρ</strong></span> <span class='ocrx_word' id='word_1_362' title='bbox 639 1783 834 1818; x_wconf 82' lang='grc' dir='ltr'><strong>ἁπαράχλητον</strong></span> 
     </span>
    </p>
   </div>
   <div class='ocr_carea' id='block_1_53' title="bbox 67 1825 836 1863">
    <p class='ocr_par' dir='ltr' id='par_1_53' title="bbox 67 1825 836 1863">
     <span class='ocr_line' id='line_1_53' title="bbox 67 1825 836 1863; baseline 0.005 -12"><span class='ocrx_word' id='word_1_363' title='bbox 67 1825 126 1859; x_wconf 78' lang='grc' dir='ltr'><strong>ἔχων</strong></span> <span class='ocrx_word' id='word_1_364' title='bbox 141 1827 187 1861; x_wconf 80' lang='grc' dir='ltr'><strong>τὴν</strong></span> <span class='ocrx_word' id='word_1_365' title='bbox 205 1827 371 1863; x_wconf 80' lang='grc' dir='ltr'><strong>δυστροπίαν</strong></span> <span class='ocrx_word' id='word_1_366' title='bbox 385 1830 399 1854; x_wconf 88' lang='grc' dir='ltr'><em>ὀ</em></span> <span class='ocrx_word' id='word_1_367' title='bbox 412 1828 520 1863; x_wconf 86' lang='grc' dir='ltr'><strong>δράκων</strong></span> <span class='ocrx_word' id='word_1_368' title='bbox 535 1829 550 1854; x_wconf 86' lang='lat'><strong>6</strong></span> <span class='ocrx_word' id='word_1_369' title='bbox 565 1829 731 1863; x_wconf 85' lang='grc' dir='ltr'><strong>ἀποστάτης,</strong></span> <span class='ocrx_word' id='word_1_370' title='bbox 747 1829 836 1855; x_wconf 82' lang='grc' dir='ltr'>πεπά-</span> 
     </span>
    </p>
   </div>
   <div class='ocr_carea' id='block_1_54' title="bbox 69 1873 834 1910">
    <p class='ocr_par' dir='ltr' id='par_1_54' title="bbox 69 1873 834 1910">
     <span class='ocr_line' id='line_1_54' title="bbox 69 1873 834 1910; baseline 0.005 -13"><span class='ocrx_word' id='word_1_371' title='bbox 69 1879 136 1905; x_wconf 79' lang='grc' dir='ltr'><strong>⁴ιηται</strong></span> <span class='ocrx_word' id='word_1_372' title='bbox 160 1873 231 1907; x_wconf 82' lang='grc' dir='ltr'><strong>παρὰ</strong></span> <span class='ocrx_word' id='word_1_373' title='bbox 251 1874 372 1908; x_wconf 83' lang='grc' dir='ltr'><strong>Χριστοῦ</strong></span> <span class='ocrx_word' id='word_1_374' title='bbox 397 1874 478 1901; x_wconf 75' lang='grc' dir='ltr'><strong>πόνου</strong></span> <span class='ocrx_word' id='word_1_375' title='bbox 507 1882 536 1900; x_wconf 89' lang='grc' dir='ltr'><strong>τε</strong></span> <span class='ocrx_word' id='word_1_376' title='bbox 560 1875 605 1900; x_wconf 81' lang='grc' dir='ltr'><strong>καὶ</strong></span> <span class='ocrx_word' id='word_1_377' title='bbox 631 1874 741 1910; x_wconf 82' lang='grc' dir='ltr'><strong>ἱδρῶτος</strong></span> <span class='ocrx_word' id='word_1_378' title='bbox 764 1874 834 1909; x_wconf 75' lang='grc' dir='ltr'><strong>δίχα.</strong></span> 
     </span>
    </p>
   </div>
   <div class='ocr_carea' id='block_1_55' title="bbox 69 1916 835 1954">
    <p class='ocr_par' dir='ltr' id='par_1_55' title="bbox 69 1916 835 1954">
     <span class='ocr_line' id='line_1_55' title="bbox 69 1916 835 1954; baseline 0.007 -12"><span class='ocrx_word' id='word_1_379' title='bbox 69 1916 123 1949; x_wconf 62' lang='grc' dir='ltr'><strong>θεὰς</strong></span> <span class='ocrx_word' id='word_1_380' title='bbox 134 1918 183 1953; x_wconf 78' lang='grc' dir='ltr'><strong>γὰρ</strong></span> <span class='ocrx_word' id='word_1_381' title='bbox 197 1917 230 1954; x_wconf 80' lang='grc' dir='ltr'><strong>ἦν</strong></span> <span class='ocrx_word' id='word_1_382' title='bbox 259 1920 332 1946; x_wconf 84' lang='grc' dir='ltr'><strong>κατὰ</strong></span> <span class='ocrx_word' id='word_1_383' title='bbox 351 1919 431 1954; x_wconf 80' lang='grc' dir='ltr'><strong>φύσιν</strong></span> <span class='ocrx_word' id='word_1_384' title='bbox 449 1921 463 1946; x_wconf 86' lang='grc' dir='ltr'>ὁ</span> <span class='ocrx_word' id='word_1_385' title='bbox 479 1921 584 1952; x_wconf 81' lang='grc' dir='ltr'><strong>πάντας</strong></span> <span class='ocrx_word' id='word_1_386' title='bbox 601 1921 732 1947; x_wconf 84' lang='grc' dir='ltr'><strong>νικῶν.Ἢ</strong></span> <span class='ocrx_word' id='word_1_387' title='bbox 746 1921 835 1947; x_wconf 81' lang='grc' dir='ltr'><strong>τοίνυν</strong></span> 
     </span>
    </p>
   </div>
   <div class='ocr_carea' id='block_1_56' title="bbox 69 1962 836 2001">
    <p class='ocr_par' dir='ltr' id='par_1_56' title="bbox 69 1962 836 2001">
     <span class='ocr_line' id='line_1_56' title="bbox 69 1962 836 2001; baseline 0.005 -13"><span class='ocrx_word' id='word_1_388' title='bbox 69 1962 129 1989; x_wconf 74' lang='grc' dir='ltr'><strong>κατὰ</strong></span> <span class='ocrx_word' id='word_1_389' title='bbox 148 1964 190 1991; x_wconf 81' lang='grc' dir='ltr'><strong>τὸν</strong></span> <span class='ocrx_word' id='word_1_390' title='bbox 212 1965 314 1992; x_wconf 82' lang='grc' dir='ltr'><strong>τοιόνδε</strong></span> <span class='ocrx_word' id='word_1_391' title='bbox 341 1965 401 1992; x_wconf 87' lang='grc' dir='ltr'><strong>τινὰ</strong></span> <span class='ocrx_word' id='word_1_392' title='bbox 426 1966 525 2001; x_wconf 80' lang='grc' dir='ltr'><strong>τρόπον</strong></span> <span class='ocrx_word' id='word_1_393' title='bbox 549 1966 758 2001; x_wconf 81' lang='grc' dir='ltr'><strong>προσὸαλοῦμεν</strong></span> <span class='ocrx_word' id='word_1_394' title='bbox 780 1967 836 1997; x_wconf 86' lang='grc' dir='ltr'><strong>τοῖς</strong></span> 
     </span>
    </p>
   </div>
   <div class='ocr_carea' id='block_1_57' title="bbox 70 2009 834 2048">
    <p class='ocr_par' dir='ltr' id='par_1_57' title="bbox 70 2009 834 2048">
     <span class='ocr_line' id='line_1_57' title="bbox 70 2009 834 2048; baseline 0.005 -14"><span class='ocrx_word' id='word_1_395' title='bbox 70 2009 220 2044; x_wconf 78' lang='grc' dir='ltr'><strong>εἰρημένοις,</strong></span> <span class='ocrx_word' id='word_1_396' title='bbox 235 2011 251 2046; x_wconf 82' lang='grc' dir='ltr'>ἦ</span> <span class='ocrx_word' id='word_1_397' title='bbox 268 2012 316 2038; x_wconf 74' lang='grc' dir='ltr'><strong>καὶ</strong></span> <span class='ocrx_word' id='word_1_398' title='bbox 331 2012 447 2048; x_wconf 80' lang='grc' dir='ltr'><strong>ἑτέρως,</strong></span> <span class='ocrx_word' id='word_1_399' title='bbox 470 2013 494 2038; x_wconf 86' lang='grc' dir='ltr'>εἰ</span> <span class='ocrx_word' id='word_1_400' title='bbox 510 2012 592 2038; x_wconf 76' lang='grc' dir='ltr'><strong>δοκεῖ.</strong></span> <span class='ocrx_word' id='word_1_401' title='bbox 611 2012 683 2046; x_wconf 77' lang='grc' dir='ltr'><strong>Ἔφη</strong></span> <span class='ocrx_word' id='word_1_402' title='bbox 702 2011 751 2047; x_wconf 81' lang='grc' dir='ltr'><strong>μὲν</strong></span> <span class='ocrx_word' id='word_1_403' title='bbox 769 2012 834 2047; x_wconf 79' lang='grc' dir='ltr'><strong>γὰρ,</strong></span> 
     </span>
    </p>
   </div>
   <div class='ocr_carea' id='block_1_58' title="bbox 70 2054 834 2094">
    <p class='ocr_par' dir='ltr' id='par_1_58' title="bbox 70 2054 834 2094">
     <span class='ocr_line' id='line_1_58' title="bbox 70 2054 834 2094; baseline 0.005 -14"><span class='ocrx_word' id='word_1_404' title='bbox 70 2054 103 2080; x_wconf 75' lang='grc' dir='ltr'><strong>ὃτι</strong></span> <span class='ocrx_word' id='word_1_405' title='bbox 125 2056 169 2082; x_wconf 81' lang='grc' dir='ltr'><strong>οὐκ</strong></span> <span class='ocrx_word' id='word_1_406' title='bbox 193 2057 350 2093; x_wconf 74' lang='grc' dir='ltr'><strong>ἀνθρωπεία</strong></span> <span class='ocrx_word' id='word_1_407' title='bbox 378 2059 491 2094; x_wconf 76' lang='grc' dir='ltr'><strong>δυνάμει</strong></span> <span class='ocrx_word' id='word_1_408' title='bbox 526 2058 762 2093; x_wconf 78' lang='grc' dir='ltr'><strong>κατορθωθήσεται</strong></span> <span class='ocrx_word' id='word_1_409' title='bbox 796 2058 834 2093; x_wconf 83' lang='grc' dir='ltr'><strong>τῷ</strong></span> 
     </span>
    </p>
   </div>
   <div class='ocr_carea' id='block_1_59' title="bbox 71 2101 832 2140">
    <p class='ocr_par' dir='ltr' id='par_1_59' title="bbox 71 2101 832 2140">
     <span class='ocr_line' id='line_1_59' title="bbox 71 2101 832 2140; baseline 0.004 -13"><span class='ocrx_word' id='word_1_410' title='bbox 71 2101 150 2137; x_wconf 82' lang='grc' dir='ltr'><strong>κόσμῳ</strong></span> <span class='ocrx_word' id='word_1_411' title='bbox 163 2103 195 2130; x_wconf 78' lang='grc' dir='ltr'><strong>τὰ</strong></span> <span class='ocrx_word' id='word_1_412' title='bbox 213 2105 280 2139; x_wconf 73' lang='grc' dir='ltr'><strong>πρὸς</strong></span> <span class='ocrx_word' id='word_1_413' title='bbox 303 2105 385 2140; x_wconf 81' lang='grc' dir='ltr'><strong>ζωήν.</strong></span> <span class='ocrx_word' id='word_1_414' title='bbox 408 2105 462 2131; x_wconf 78' lang='grc' dir='ltr'><strong>Καὶ</strong></span> <span class='ocrx_word' id='word_1_415' title='bbox 478 2105 606 2140; x_wconf 83' lang='grc' dir='ltr'><strong>στήσεται</strong></span> <span class='ocrx_word' id='word_1_416' title='bbox 625 2104 674 2139; x_wconf 89' lang='grc' dir='ltr'><strong>μὲν</strong></span> <span class='ocrx_word' id='word_1_417' title='bbox 698 2105 715 2139; x_wconf 83' lang='grc' dir='ltr'>ἡ</span> <span class='ocrx_word' id='word_1_418' title='bbox 729 2104 832 2140; x_wconf 86' lang='grc' dir='ltr'><strong>λυχνία,</strong></span> 
     </span>
    </p>
   </div>
   <div class='ocr_carea' id='block_1_60' title="bbox 70 2147 832 2187">
    <p class='ocr_par' dir='ltr' id='par_1_60' title="bbox 70 2147 832 2187">
     <span class='ocr_line' id='line_1_60' title="bbox 70 2147 832 2187; baseline 0.001 -12"><span class='ocrx_word' id='word_1_419' title='bbox 70 2147 94 2173; x_wconf 68' lang='grc' dir='ltr'><strong>τὸ</strong></span> <span class='ocrx_word' id='word_1_420' title='bbox 105 2148 242 2183; x_wconf 80' lang='grc' dir='ltr'><strong>λαμπάδιον</strong></span> <span class='ocrx_word' id='word_1_421' title='bbox 253 2151 364 2186; x_wconf 78' lang='grc' dir='ltr'><strong>ἔχουσα,</strong></span> <span class='ocrx_word' id='word_1_422' title='bbox 377 2151 510 2183; x_wconf 84' lang='grc' dir='ltr'><strong>τουτέστι,</strong></span> <span class='ocrx_word' id='word_1_423' title='bbox 521 2150 649 2187; x_wconf 80' lang='grc' dir='ltr'><strong>Χριστὸν,</strong></span> <span class='ocrx_word' id='word_1_424' title='bbox 663 2150 832 2186; x_wconf 75' lang='grc' dir='ltr'><strong>ὲκλάμψουσι</strong></span> 
     </span>
    </p>
   </div>
   <div class='ocr_carea' id='block_1_61' title="bbox 70 2192 832 2233">
    <p class='ocr_par' dir='ltr' id='par_1_61' title="bbox 70 2192 832 2233">
     <span class='ocr_line' id='line_1_61' title="bbox 70 2192 832 2233; baseline 0.007 -15"><span class='ocrx_word' id='word_1_425' title='bbox 70 2192 93 2219; x_wconf 80' lang='grc' dir='ltr'><strong>δὲ</strong></span> <span class='ocrx_word' id='word_1_426' title='bbox 103 2195 123 2220; x_wconf 87' lang='grc' dir='ltr'><strong>οἱ</strong></span> <span class='ocrx_word' id='word_1_427' title='bbox 134 2195 215 2230; x_wconf 78' lang='grc' dir='ltr'><strong>λύχνοι</strong></span> <span class='ocrx_word' id='word_1_428' title='bbox 228 2217 235 2229; x_wconf 92' lang='grc'><strong>,</strong></span> <span class='ocrx_word' id='word_1_429' title='bbox 252 2198 299 2224; x_wconf 75' lang='grc' dir='ltr'><strong>καὶ</strong></span> <span class='ocrx_word' id='word_1_430' title='bbox 315 2197 368 2233; x_wconf 78' lang='grc' dir='ltr'><strong>μὴν</strong></span> <span class='ocrx_word' id='word_1_431' title='bbox 384 2198 431 2224; x_wconf 77' lang='grc' dir='ltr'><strong>καὶ</strong></span> <span class='ocrx_word' id='word_1_432' title='bbox 448 2199 481 2223; x_wconf 80' lang='grc' dir='ltr'><strong>ὲκ</strong></span> <span class='ocrx_word' id='word_1_433' title='bbox 495 2197 589 2229; x_wconf 80' lang='grc' dir='ltr'><strong>δεξιῶν</strong></span> <span class='ocrx_word' id='word_1_434' title='bbox 607 2197 654 2223; x_wconf 77' lang='grc' dir='ltr'><strong>καὶ</strong></span> <span class='ocrx_word' id='word_1_435' title='bbox 681 2197 711 2229; x_wconf 78' lang='grc' dir='ltr'><strong>ἐξ</strong></span> <span class='ocrx_word' id='word_1_436' title='bbox 731 2197 832 2223; x_wconf 84' lang='grc' dir='ltr'><strong>εὺωνύ-</strong></span> 
     </span>
    </p>
   </div>
   <div class='ocr_carea' id='block_1_62' title="bbox 73 2238 831 2277">
    <p class='ocr_par' dir='ltr' id='par_1_62' title="bbox 73 2238 831 2277">
     <span class='ocr_line' id='line_1_62' title="bbox 73 2238 831 2277; baseline 0.005 -14"><span class='ocrx_word' id='word_1_437' title='bbox 73 2245 119 2271; x_wconf 83' lang='grc' dir='ltr'><strong>μων</strong></span> <span class='ocrx_word' id='word_1_438' title='bbox 131 2238 172 2265; x_wconf 76' lang='grc' dir='ltr'><strong>τοῦ</strong></span> <span class='ocrx_word' id='word_1_439' title='bbox 184 2240 334 2275; x_wconf 79' lang='grc' dir='ltr'><strong>λαμπαδίου</strong></span> <span class='ocrx_word' id='word_1_440' title='bbox 352 2242 379 2267; x_wconf 89' lang='grc' dir='ltr'><strong>αἱ</strong></span> <span class='ocrx_word' id='word_1_441' title='bbox 391 2241 438 2268; x_wconf 88' lang='grc' dir='ltr'><strong>δύο</strong></span> <span class='ocrx_word' id='word_1_442' title='bbox 452 2241 560 2273; x_wconf 83' lang='grc' dir='ltr'><strong>πάντως</strong></span> <span class='ocrx_word' id='word_1_443' title='bbox 580 2241 665 2268; x_wconf 79' lang='grc' dir='ltr'><strong>ἐλαῖαι</strong></span> <span class='ocrx_word' id='word_1_444' title='bbox 679 2242 831 2277; x_wconf 84' lang='grc' dir='ltr'><strong>στήσονται,</strong></span> 
     </span>
    </p>
   </div>
   <div class='ocr_carea' id='block_1_63' title="bbox 72 2284 832 2322">
    <p class='ocr_par' dir='ltr' id='par_1_63' title="bbox 72 2284 832 2322">
     <span class='ocr_line' id='line_1_63' title="bbox 72 2284 832 2322; baseline 0.007 -13"><span class='ocrx_word' id='word_1_445' title='bbox 72 2284 122 2315; x_wconf 73' lang='grc' dir='ltr'><strong>τοὺς</strong></span> <span class='ocrx_word' id='word_1_446' title='bbox 134 2284 175 2311; x_wconf 84' lang='grc' dir='ltr'><strong>δύο</strong></span> <span class='ocrx_word' id='word_1_447' title='bbox 190 2285 269 2318; x_wconf 78' lang='grc' dir='ltr'><strong>λαοὺς</strong></span> <span class='ocrx_word' id='word_1_448' title='bbox 286 2287 476 2322; x_wconf 82' lang='grc' dir='ltr'><strong>σημαίνουσαι.</strong></span> <span class='ocrx_word' id='word_1_449' title='bbox 496 2285 552 2314; x_wconf 74' lang='grc' dir='ltr'><strong>Εἶθ’</strong></span> <span class='ocrx_word' id='word_1_450' title='bbox 568 2287 662 2322; x_wconf 83' lang='grc' dir='ltr'><strong>ὥσπερ</strong></span> <span class='ocrx_word' id='word_1_451' title='bbox 677 2287 832 2314; x_wconf 84' lang='grc' dir='ltr'><strong>ἀναπυνθα-</strong></span> 
     </span>
    </p>
   </div>
   <div class='ocr_carea' id='block_1_64' title="bbox 72 2329 832 2368">
    <p class='ocr_par' dir='ltr' id='par_1_64' title="bbox 72 2329 832 2368">
     <span class='ocr_line' id='line_1_64' title="bbox 72 2329 832 2368; baseline 0.007 -13"><span class='ocrx_word' id='word_1_452' title='bbox 72 2329 166 2363; x_wconf 81' lang='grc' dir='ltr'><strong>νομένου</strong></span> <span class='ocrx_word' id='word_1_453' title='bbox 185 2332 255 2364; x_wconf 81' lang='grc' dir='ltr'><strong>τινὸς</strong></span> <span class='ocrx_word' id='word_1_454' title='bbox 275 2333 324 2359; x_wconf 75' lang='grc' dir='ltr'><strong>καὶ</strong></span> <span class='ocrx_word' id='word_1_455' title='bbox 343 2333 486 2367; x_wconf 77' lang='grc' dir='ltr'><strong>λέγοντοςο</strong></span> <span class='ocrx_word' id='word_1_456' title='bbox 514 2333 562 2365; x_wconf 84' lang='grc' dir='ltr'><strong>Τίς</strong></span> <span class='ocrx_word' id='word_1_457' title='bbox 579 2331 635 2368; x_wconf 84' lang='grc' dir='ltr'><strong>ἆρα</strong></span> <span class='ocrx_word' id='word_1_458' title='bbox 654 2332 679 2359; x_wconf 77' lang='lat' dir='ltr'><strong>EI</strong></span> <span class='ocrx_word' id='word_1_459' title='bbox 697 2334 746 2366; x_wconf 86' lang='grc' dir='ltr'><strong>σὺ,</strong></span> <span class='ocrx_word' id='word_1_460' title='bbox 766 2335 780 2360; x_wconf 90' lang='lat'><strong>6</strong></span> <span class='ocrx_word' id='word_1_461' title='bbox 797 2333 832 2360; x_wconf 86' lang='grc' dir='ltr'><strong>τὰ</strong></span> 
     </span>
    </p>
   </div>
   <div class='ocr_carea' id='block_1_65' title="bbox 73 2373 832 2414">
    <p class='ocr_par' dir='ltr' id='par_1_65' title="bbox 73 2373 832 2414">
     <span class='ocr_line' id='line_1_65' title="bbox 73 2373 832 2414; baseline 0.011 -15"><span class='ocrx_word' id='word_1_462' title='bbox 73 2373 130 2401; x_wconf 72' lang='grc' dir='ltr'><strong>οὕτω</strong></span> <span class='ocrx_word' id='word_1_463' title='bbox 150 2377 247 2411; x_wconf 79' lang='grc' dir='ltr'><strong>μεγάλα.</strong></span> <span class='ocrx_word' id='word_1_464' title='bbox 280 2378 401 2414; x_wconf 80' lang='grc' dir='ltr'><strong>πολέμου</strong></span> <span class='ocrx_word' id='word_1_465' title='bbox 425 2379 487 2414; x_wconf 83' lang='grc' dir='ltr'><strong>δίχα</strong></span> <span class='ocrx_word' id='word_1_466' title='bbox 511 2379 619 2410; x_wconf 83' lang='grc' dir='ltr'><strong>πάντως</strong></span> <span class='ocrx_word' id='word_1_467' title='bbox 644 2379 691 2405; x_wconf 76' lang='grc' dir='ltr'><strong>καὶ</strong></span> <span class='ocrx_word' id='word_1_468' title='bbox 714 2379 832 2414; x_wconf 79' lang='grc' dir='ltr'><strong>ἀμογητὶ</strong></span> 
     </span>
    </p>
   </div>
   <div class='ocr_carea' id='block_1_66' title="bbox 74 2420 831 2461">
    <p class='ocr_par' dir='ltr' id='par_1_66' title="bbox 74 2420 831 2461">
     <span class='ocr_line' id='line_1_66' title="bbox 74 2420 831 2461; baseline 0.008 -17"><span class='ocrx_word' id='word_1_469' title='bbox 74 2420 232 2455; x_wconf 72' lang='grc' dir='ltr'><strong>κατορθώσειν</strong></span> <span class='ocrx_word' id='word_1_470' title='bbox 246 2423 476 2458; x_wconf 73' lang='grc' dir='ltr'><strong>ὑπισχνούμενοςς</strong></span> <span class='ocrx_word' id='word_1_471' title='bbox 493 2423 734 2461; x_wconf 81' lang='grc' dir='ltr'><strong>προσυπακούεται</strong></span> <span class='ocrx_word' id='word_1_472' title='bbox 745 2424 831 2458; x_wconf 87' lang='grc' dir='ltr'><strong>λέγων</strong></span> 
     </span>
    </p>
   </div>
   <div class='ocr_carea' id='block_1_67' title="bbox 74 2461 831 2503">
    <p class='ocr_par' dir='ltr' id='par_1_67' title="bbox 74 2461 831 2503">
     <span class='ocr_line' id='line_1_67' title="bbox 74 2461 831 2503; baseline 0.012 -17"><span class='ocrx_word' id='word_1_473' title='bbox 74 2461 151 2494; x_wconf 80' lang='grc' dir='ltr'>ὀΘῑὸς</span> <span class='ocrx_word' id='word_1_474' title='bbox 165 2465 208 2491; x_wconf 76' lang='grc' dir='ltr'><strong>καὶ</strong></span> <span class='ocrx_word' id='word_1_475' title='bbox 220 2467 314 2502; x_wconf 85' lang='grc' dir='ltr'><strong>Πατήρ</strong></span> <span class='ocrx_word' id='word_1_476' title='bbox 326 2475 333 2482; x_wconf 90' lang='grc'>·</span> <span class='ocrx_word' id='word_1_477' title='bbox 351 2476 360 2492; x_wconf 76' lang='grc' dir='ltr'><strong>ι</strong></span> <span class='ocrx_word' id='word_1_478' title='bbox 379 2466 449 2502; x_wconf 81' lang='grc' dir='ltr'><strong>Ἐγὼ</strong></span> <span class='ocrx_word' id='word_1_479' title='bbox 465 2467 494 2494; x_wconf 76' lang='grc' dir='ltr'><strong>τὸ</strong></span> <span class='ocrx_word' id='word_1_480' title='bbox 509 2468 572 2503; x_wconf 78' lang='grc' dir='ltr'><strong>ὅρος</strong></span> <span class='ocrx_word' id='word_1_481' title='bbox 585 2468 614 2494; x_wconf 86' lang='grc' dir='ltr'><strong>τὺ</strong></span> <span class='ocrx_word' id='word_1_482' title='bbox 638 2469 718 2502; x_wconf 83' lang='grc' dir='ltr'><strong>μέγα,</strong></span> <span class='ocrx_word' id='word_1_483' title='bbox 734 2468 764 2495; x_wconf 81' lang='grc' dir='ltr'><strong>τὸ</strong></span> <span class='ocrx_word' id='word_1_484' title='bbox 779 2468 831 2503; x_wconf 79' lang='grc' dir='ltr'><strong>πρὸ</strong></span> 
     </span>
    </p>
   </div>
   <div class='ocr_carea' id='block_1_68' title="bbox 75 2508 830 2549">
    <p class='ocr_par' dir='ltr' id='par_1_68' title="bbox 75 2508 830 2549">
     <span class='ocr_line' id='line_1_68' title="bbox 75 2508 830 2549; baseline 0.011 -16"><span class='ocrx_word' id='word_1_485' title='bbox 75 2508 197 2540; x_wconf 71' lang='grc' dir='ltr'><strong>προσώπου</strong></span> <span class='ocrx_word' id='word_1_486' title='bbox 213 2511 375 2546; x_wconf 73' lang='grc' dir='ltr'><strong>Ζοροϐάϐελ,</strong></span> <span class='ocrx_word' id='word_1_487' title='bbox 391 2512 438 2539; x_wconf 84' lang='grc' dir='ltr'><strong>τοῦ</strong></span> <span class='ocrx_word' id='word_1_488' title='bbox 457 2513 638 2549; x_wconf 80' lang='grc' dir='ltr'><strong>κατορθῶσαι·</strong></span> <span class='ocrx_word' id='word_1_489' title='bbox 653 2523 662 2538; x_wconf 72' lang='grc' dir='ltr'><strong>ι</strong></span> <span class='ocrx_word' id='word_1_490' title='bbox 683 2513 830 2546; x_wconf 84' lang='grc' dir='ltr'><strong>τουτέστιν,</strong></span> 
     </span>
    </p>
   </div>
   <div class='ocr_carea' id='block_1_69' title="bbox 81 2551 832 2595">
    <p class='ocr_par' dir='ltr' id='par_1_69' title="bbox 81 2551 832 2595">
     <span class='ocr_line' id='line_1_69' title="bbox 81 2551 832 2595; baseline 0 -10"><span class='ocrx_word' id='word_1_491' title='bbox 81 2551 137 2585; x_wconf 67' lang='grc' dir='ltr'><strong>Ἐγώ</strong></span> <span class='ocrx_word' id='word_1_492' title='bbox 146 2554 219 2591; x_wconf 73' lang='grc' dir='ltr'><strong>εἶμιή</strong></span> <span class='ocrx_word' id='word_1_493' title='bbox 230 2558 318 2584; x_wconf 82' lang='grc' dir='ltr'><strong>πάντα</strong></span> <span class='ocrx_word' id='word_1_494' title='bbox 333 2558 517 2594; x_wconf 68' lang='grc' dir='ltr'><strong>ὑπεραίρουσα</strong></span> <span class='ocrx_word' id='word_1_495' title='bbox 529 2559 618 2593; x_wconf 85' lang='grc' dir='ltr'><strong>φύσις,</strong></span> <span class='ocrx_word' id='word_1_496' title='bbox 628 2560 643 2594; x_wconf 84' lang='grc' dir='ltr'>ἡ</span> <span class='ocrx_word' id='word_1_497' title='bbox 654 2559 832 2595; x_wconf 81' lang='grc' dir='ltr'><strong>θεοπρεπέσιν</strong></span> 
     </span>
    </p>
   </div>
   <div class='ocr_carea' id='block_1_70' title="bbox 76 2594 833 2640">
    <p class='ocr_par' dir='ltr' id='par_1_70' title="bbox 76 2594 833 2640">
     <span class='ocr_line' id='line_1_70' title="bbox 76 2594 833 2640; baseline -0.001 -10"><span class='ocrx_word' id='word_1_498' title='bbox 76 2594 197 2632; x_wconf 63' lang='grc' dir='ltr'><strong>ὑι⁴Ρώμιισιν</strong></span> <span class='ocrx_word' id='word_1_499' title='bbox 214 2602 252 2633; x_wconf 75' lang='grc' dir='ltr'><strong>εἰς</strong></span> <span class='ocrx_word' id='word_1_500' title='bbox 274 2602 324 2638; x_wconf 85' lang='grc' dir='ltr'><strong>τὴν</strong></span> <span class='ocrx_word' id='word_1_501' title='bbox 340 2603 540 2638; x_wconf 81' lang='grc' dir='ltr'><strong>ὑπερεπέκεινα</strong></span> <span class='ocrx_word' id='word_1_502' title='bbox 562 2605 671 2631; x_wconf 85' lang='grc' dir='ltr'><strong>πάντων</strong></span> <span class='ocrx_word' id='word_1_503' title='bbox 690 2604 833 2640; x_wconf 73' lang='grc' dir='ltr'><strong>διᾴττουσαι</strong></span> 
     </span>
    </p>
   </div>
   <div class='ocr_carea' id='block_1_71' title="bbox 77 2639 831 2684">
    <p class='ocr_par' dir='ltr' id='par_1_71' title="bbox 77 2639 831 2684">
     <span class='ocr_line' id='line_1_71' title="bbox 77 2639 831 2684; baseline 0.001 -11"><span class='ocrx_word' id='word_1_504' title='bbox 77 2639 148 2674; x_wconf 51' lang='grc' dir='ltr'><strong>δόξαν,</strong></span> <span class='ocrx_word' id='word_1_505' title='bbox 167 2646 231 2672; x_wconf 75' lang='grc' dir='ltr'><strong>κατὰ</strong></span> <span class='ocrx_word' id='word_1_506' title='bbox 245 2647 356 2682; x_wconf 75' lang='grc' dir='ltr'><strong>καιροὺς</strong></span> <span class='ocrx_word' id='word_1_507' title='bbox 378 2648 506 2684; x_wconf 84' lang='grc' dir='ltr'><strong>ἀρκέσειν</strong></span> <span class='ocrx_word' id='word_1_508' title='bbox 523 2649 656 2684; x_wconf 80' lang='grc' dir='ltr'><strong>μέλλουσα</strong></span> <span class='ocrx_word' id='word_1_509' title='bbox 679 2649 747 2684; x_wconf 88' lang='grc' dir='ltr'><strong>πρὸς</strong></span> <span class='ocrx_word' id='word_1_510' title='bbox 765 2657 831 2675; x_wconf 86' lang='grc' dir='ltr'><strong>κατ-</strong></span> 
     </span>
    </p>
   </div>
   <div class='ocr_carea' id='block_1_72' title="bbox 77 2686 830 2730">
    <p class='ocr_par' dir='ltr' id='par_1_72' title="bbox 77 2686 830 2730">
     <span class='ocr_line' id='line_1_72' title="bbox 77 2686 830 2730; baseline 0.012 -18"><span class='ocrx_word' id='word_1_511' title='bbox 77 2686 171 2720; x_wconf 78' lang='grc' dir='ltr'><strong>όρθωσιν</strong></span> <span class='ocrx_word' id='word_1_512' title='bbox 194 2691 244 2718; x_wconf 86' lang='grc' dir='ltr'><strong>τῶν</strong></span> <span class='ocrx_word' id='word_1_513' title='bbox 272 2692 502 2728; x_wconf 75' lang='grc' dir='ltr'><strong>ἐπηγγελμένων,</strong></span> <span class='ocrx_word' id='word_1_514' title='bbox 535 2694 582 2721; x_wconf 79' lang='grc' dir='ltr'><strong>καὶ</strong></span> <span class='ocrx_word' id='word_1_515' title='bbox 607 2694 661 2730; x_wconf 81' lang='grc' dir='ltr'><strong>πρὸ</strong></span> <span class='ocrx_word' id='word_1_516' title='bbox 685 2693 830 2729; x_wconf 81' lang='grc' dir='ltr'><strong>προσώπου</strong></span> 
     </span>
    </p>
   </div>
   <div class='ocr_carea' id='block_1_73' title="bbox 79 2731 828 2774">
    <p class='ocr_par' dir='ltr' id='par_1_73' title="bbox 79 2731 828 2774">
     <span class='ocr_line' id='line_1_73' title="bbox 79 2731 828 2774; baseline 0.009 -15"><span class='ocrx_word' id='word_1_517' title='bbox 79 2731 213 2766; x_wconf 57' lang='grc' dir='ltr'><strong>Ζςοῳϐἁεελ.</strong></span> <span class='ocrx_word' id='word_1_518' title='bbox 232 2737 266 2763; x_wconf 69' lang='grc' dir='ltr'><strong>Οὐ</strong></span> <span class='ocrx_word' id='word_1_519' title='bbox 283 2737 335 2773; x_wconf 77' lang='grc' dir='ltr'><strong>γὰρ</strong></span> <span class='ocrx_word' id='word_1_520' title='bbox 351 2739 442 2773; x_wconf 78' lang='grc' dir='ltr'><strong>ὴγνόει</strong></span> <span class='ocrx_word' id='word_1_521' title='bbox 462 2739 578 2774; x_wconf 77' lang='grc' dir='ltr'><strong>Χριστος</strong></span> <span class='ocrx_word' id='word_1_522' title='bbox 596 2739 640 2766; x_wconf 74' lang='grc' dir='ltr'><strong>τὸν</strong></span> <span class='ocrx_word' id='word_1_523' title='bbox 659 2740 754 2766; x_wconf 74' lang='grc' dir='ltr'><strong>ἑαυτοῦ</strong></span> <span class='ocrx_word' id='word_1_524' title='bbox 772 2739 828 2766; x_wconf 88' lang='grc' dir='ltr'><strong>Πα-</strong></span> 
     </span>
    </p>
   </div>
   <div class='ocr_carea' id='block_1_74' title="bbox 848 2163 870 2190">
    <p class='ocr_par' dir='ltr' id='par_1_74' title="bbox 848 2163 870 2190">
     <span class='ocr_line' id='line_1_74' title="bbox 848 2163 870 2190; baseline 0 0"><span class='ocrx_word' id='word_1_525' title='bbox 848 2163 870 2190; x_wconf 92' lang='lat' dir='ltr'><strong>D</strong></span> 
     </span>
    </p>
   </div>
   <div class='ocr_carea' id='block_1_75' title="bbox 107 2822 378 2864">
    <p class='ocr_par' dir='ltr' id='par_1_75' title="bbox 107 2822 378 2864">
     <span class='ocr_line' id='line_1_75' title="bbox 107 2822 378 2864; baseline 0.026 -14"><span class='ocrx_word' id='word_1_526' title='bbox 107 2822 123 2838; x_wconf 85' lang='lat'><strong><em>“</em></strong></span> <span class='ocrx_word' id='word_1_527' title='bbox 135 2823 215 2854; x_wconf 73' lang='lat' dir='ltr'><strong>Matth.</strong></span> <span class='ocrx_word' id='word_1_528' title='bbox 230 2835 264 2861; x_wconf 88' lang='lat' dir='ltr'><strong>tv,</strong></span> <span class='ocrx_word' id='word_1_529' title='bbox 277 2829 288 2855; x_wconf 75' lang='grc' dir='ltr'><strong>Ι</strong></span> <span class='ocrx_word' id='word_1_530' title='bbox 302 2835 378 2864; x_wconf 80' lang='lat' dir='ltr'><strong>seqq.</strong></span> 
     </span>
    </p>
   </div>
   <div class='ocr_carea' id='block_1_76' title="bbox 895 869 1679 902">
    <p class='ocr_par' dir='ltr' id='par_1_76' title="bbox 895 869 1679 902">
     <span class='ocr_line' id='line_1_76' title="bbox 895 869 1679 902; baseline 0.008 -8"><span class='ocrx_word' id='word_1_531' title='bbox 895 875 986 901; x_wconf 79' lang='lat' dir='ltr'><strong>supra.</strong></span> <span class='ocrx_word' id='word_1_532' title='bbox 1005 875 1156 902; x_wconf 79' lang='lat' dir='ltr'><strong>quanquam</strong></span> <span class='ocrx_word' id='word_1_533' title='bbox 1175 869 1223 895; x_wconf 87' lang='lat' dir='ltr'><strong>sub</strong></span> <span class='ocrx_word' id='word_1_534' title='bbox 1243 869 1386 902; x_wconf 79' lang='lat' dir='ltr'><strong>velamine,</strong></span> <span class='ocrx_word' id='word_1_535' title='bbox 1406 871 1483 897; x_wconf 90' lang='lat' dir='ltr'><strong>nobis</strong></span> <span class='ocrx_word' id='word_1_536' title='bbox 1506 872 1679 900; x_wconf 77' lang='lat' dir='ltr'><strong>describeba-</strong></span> 
     </span>
    </p>
   </div>
   <div class='ocr_carea' id='block_1_77' title="bbox 896 912 1678 947">
    <p class='ocr_par' dir='ltr' id='par_1_77' title="bbox 896 912 1678 947">
     <span class='ocr_line' id='line_1_77' title="bbox 896 912 1678 947; baseline 0.008 -10"><span class='ocrx_word' id='word_1_537' title='bbox 896 916 947 938; x_wconf 93' lang='lat' dir='ltr'><strong>tur.</strong></span> <span class='ocrx_word' id='word_1_538' title='bbox 965 912 1075 938; x_wconf 76' lang='lat' dir='ltr'><strong>Dicebat</strong></span> <span class='ocrx_word' id='word_1_539' title='bbox 1090 913 1161 938; x_wconf 77' lang='lat' dir='ltr'><strong>enim</strong></span> <span class='ocrx_word' id='word_1_540' title='bbox 1179 913 1310 947; x_wconf 80' lang='lat' dir='ltr'><strong>propheta</strong></span> <span class='ocrx_word' id='word_1_541' title='bbox 1339 921 1369 940; x_wconf 78' lang='lat' dir='ltr'><strong>se</strong></span> <span class='ocrx_word' id='word_1_542' title='bbox 1397 915 1496 941; x_wconf 87' lang='lat' dir='ltr'><strong>vidisse</strong></span> <span class='ocrx_word' id='word_1_543' title='bbox 1511 915 1602 942; x_wconf 80' lang='lat' dir='ltr'><strong>Jesum</strong></span> <span class='ocrx_word' id='word_1_544' title='bbox 1633 925 1678 944; x_wconf 79' lang='lat' dir='ltr'><strong>sa-</strong></span> 
     </span>
    </p>
   </div>
   <div class='ocr_carea' id='block_1_78' title="bbox 893 958 1676 995">
    <p class='ocr_par' dir='ltr' id='par_1_78' title="bbox 893 958 1676 995">
     <span class='ocr_line' id='line_1_78' title="bbox 893 958 1676 995; baseline 0.008 -12"><span class='ocrx_word' id='word_1_545' title='bbox 893 958 1028 984; x_wconf 85' lang='lat' dir='ltr'><strong>cerdotem</strong></span> <span class='ocrx_word' id='word_1_546' title='bbox 1052 965 1176 992; x_wconf 80' lang='lat' dir='ltr'><strong>magnum</strong></span> <span class='ocrx_word' id='word_1_547' title='bbox 1193 963 1307 985; x_wconf 84' lang='lat' dir='ltr'><strong>stantem</strong></span> <span class='ocrx_word' id='word_1_548' title='bbox 1330 967 1421 986; x_wconf 81' lang='lat' dir='ltr'><strong>coram</strong></span> <span class='ocrx_word' id='word_1_549' title='bbox 1443 962 1538 995; x_wconf 80' lang='lat' dir='ltr'><strong>angelo</strong></span> <span class='ocrx_word' id='word_1_550' title='bbox 1559 961 1676 994; x_wconf 86' lang='lat' dir='ltr'><strong>Domini,</strong></span> 
     </span>
    </p>
   </div>
   <div class='ocr_carea' id='block_1_79' title="bbox 893 1002 1674 1037">
    <p class='ocr_par' dir='ltr' id='par_1_79' title="bbox 893 1002 1674 1037">
     <span class='ocr_line' id='line_1_79' title="bbox 893 1002 1674 1037; baseline 0.006 -8"><span class='ocrx_word' id='word_1_551' title='bbox 893 1007 920 1029; x_wconf 87' lang='lat' dir='ltr'><strong>et</strong></span> <span class='ocrx_word' id='word_1_552' title='bbox 931 1002 1064 1029; x_wconf 82' lang='lat' dir='ltr'><strong>diabolum</strong></span> <span class='ocrx_word' id='word_1_553' title='bbox 1085 1008 1200 1029; x_wconf 84' lang='lat' dir='ltr'><strong>stantem</strong></span> <span class='ocrx_word' id='word_1_554' title='bbox 1222 1011 1235 1029; x_wconf 88' lang='lat' dir='ltr'><strong>a</strong></span> <span class='ocrx_word' id='word_1_555' title='bbox 1259 1003 1362 1031; x_wconf 83' lang='lat' dir='ltr'><strong>dextris</strong></span> <span class='ocrx_word' id='word_1_556' title='bbox 1377 1004 1445 1037; x_wconf 83' lang='lat' dir='ltr'><strong>ejus,</strong></span> <span class='ocrx_word' id='word_1_557' title='bbox 1460 1011 1490 1032; x_wconf 87' lang='lat' dir='ltr'><strong>ut</strong></span> <span class='ocrx_word' id='word_1_558' title='bbox 1514 1007 1674 1034; x_wconf 84' lang='lat' dir='ltr'><strong>adversare-</strong></span> 
     </span>
    </p>
   </div>
   <div class='ocr_carea' id='block_1_80' title="bbox 894 1047 1676 1086">
    <p class='ocr_par' dir='ltr' id='par_1_80' title="bbox 894 1047 1676 1086">
     <span class='ocr_line' id='line_1_80' title="bbox 894 1047 1676 1086; baseline 0.006 -12"><span class='ocrx_word' id='word_1_559' title='bbox 894 1051 938 1074; x_wconf 91' lang='lat' dir='ltr'><strong>tur</strong></span> <span class='ocrx_word' id='word_1_560' title='bbox 953 1049 987 1075; x_wconf 90' lang='lat' dir='ltr'><strong>ei.</strong></span> <span class='ocrx_word' id='word_1_561' title='bbox 1008 1047 1078 1081; x_wconf 86' lang='lat' dir='ltr'><strong>Quin</strong></span> <span class='ocrx_word' id='word_1_562' title='bbox 1098 1049 1181 1080; x_wconf 80' lang='lat' dir='ltr'><strong>enim,</strong></span> <span class='ocrx_word' id='word_1_563' title='bbox 1197 1053 1326 1083; x_wconf 80' lang='lat' dir='ltr'><strong>quantum</strong></span> <span class='ocrx_word' id='word_1_564' title='bbox 1341 1049 1422 1084; x_wconf 44' lang='lat' dir='ltr'><strong>licuit,</strong></span> <span class='ocrx_word' id='word_1_565' title='bbox 1440 1056 1467 1077; x_wconf 85' lang='lat' dir='ltr'><strong>et</strong></span> <span class='ocrx_word' id='word_1_566' title='bbox 1483 1051 1509 1078; x_wconf 91' lang='lat' dir='ltr'><strong>in</strong></span> <span class='ocrx_word' id='word_1_567' title='bbox 1528 1052 1586 1086; x_wconf 86' lang='lat' dir='ltr'><strong>ipso</strong></span> <span class='ocrx_word' id='word_1_568' title='bbox 1615 1053 1676 1086; x_wconf 82' lang='lat' dir='ltr'><strong>fuit,</strong></span> 
     </span>
    </p>
   </div>
   <div class='ocr_carea' id='block_1_81' title="bbox 892 1095 1677 1128">
    <p class='ocr_par' dir='ltr' id='par_1_81' title="bbox 892 1095 1677 1128">
     <span class='ocr_line' id='line_1_81' title="bbox 892 1095 1677 1128; baseline 0.006 -8"><span class='ocrx_word' id='word_1_569' title='bbox 892 1095 1141 1128; x_wconf 81' lang='lat' dir='ltr'><strong>oppugnaverit,et</strong></span> <span class='ocrx_word' id='word_1_570' title='bbox 1167 1095 1340 1122; x_wconf 82' lang='lat' dir='ltr'><strong>vehementer</strong></span> <span class='ocrx_word' id='word_1_571' title='bbox 1372 1096 1550 1123; x_wconf 82' lang='lat' dir='ltr'><strong>insurrexerit</strong></span> <span class='ocrx_word' id='word_1_572' title='bbox 1581 1103 1677 1125; x_wconf 79' lang='lat' dir='ltr'><strong>contra</strong></span> 
     </span>
    </p>
   </div>
   <div class='ocr_carea' id='block_1_82' title="bbox 893 1141 1677 1174">
    <p class='ocr_par' dir='ltr' id='par_1_82' title="bbox 893 1141 1677 1174">
     <span class='ocr_line' id='line_1_82' title="bbox 893 1141 1677 1174; baseline 0.005 -7"><span class='ocrx_word' id='word_1_573' title='bbox 893 1141 1072 1168; x_wconf 70' lang='lat' dir='ltr'><strong>oecmuomiam</strong></span> <span class='ocrx_word' id='word_1_574' title='bbox 1089 1141 1248 1174; x_wconf 83' lang='lat' dir='ltr'><strong>Salvatoris,</strong></span> <span class='ocrx_word' id='word_1_575' title='bbox 1260 1143 1387 1169; x_wconf 88' lang='lat' dir='ltr'><strong>mundum</strong></span> <span class='ocrx_word' id='word_1_576' title='bbox 1398 1142 1432 1169; x_wconf 81' lang='lat' dir='ltr'><strong>ad</strong></span> <span class='ocrx_word' id='word_1_577' title='bbox 1447 1143 1559 1170; x_wconf 85' lang='lat' dir='ltr'><strong>salutem</strong></span> <span class='ocrx_word' id='word_1_578' title='bbox 1577 1151 1677 1171; x_wconf 81' lang='lat' dir='ltr'><strong>vocan-</strong></span> 
     </span>
    </p>
   </div>
   <div class='ocr_carea' id='block_1_83' title="bbox 893 1187 1675 1223">
    <p class='ocr_par' dir='ltr' id='par_1_83' title="bbox 893 1187 1675 1223">
     <span class='ocr_line' id='line_1_83' title="bbox 893 1187 1675 1223; baseline 0.005 -10"><span class='ocrx_word' id='word_1_579' title='bbox 893 1187 938 1219; x_wconf 84' lang='lat' dir='ltr'><strong>tis,</strong></span> <span class='ocrx_word' id='word_1_580' title='bbox 956 1195 1034 1214; x_wconf 74' lang='lat' dir='ltr'><strong>nemo</strong></span> <span class='ocrx_word' id='word_1_581' title='bbox 1055 1187 1197 1220; x_wconf 77' lang='lat' dir='ltr'><strong>dubitabit,</strong></span> <span class='ocrx_word' id='word_1_582' title='bbox 1218 1188 1240 1214; x_wconf 87' lang='lat' dir='ltr'><strong>si</strong></span> <span class='ocrx_word' id='word_1_583' title='bbox 1256 1187 1414 1222; x_wconf 72' lang='lat' dir='ltr'><strong>cogitaverit</strong></span> <span class='ocrx_word' id='word_1_584' title='bbox 1436 1189 1550 1223; x_wconf 89' lang='lat' dir='ltr'><strong>primum</strong></span> <span class='ocrx_word' id='word_1_585' title='bbox 1568 1190 1675 1223; x_wconf 84' lang='lat' dir='ltr'><strong>quidem</strong></span> 
     </span>
    </p>
   </div>
   <div class='ocr_carea' id='block_1_84' title="bbox 893 1233 1676 1267">
    <p class='ocr_par' dir='ltr' id='par_1_84' title="bbox 893 1233 1676 1267">
     <span class='ocr_line' id='line_1_84' title="bbox 893 1233 1676 1267; baseline 0.005 -9"><span class='ocrx_word' id='word_1_586' title='bbox 893 1233 1042 1260; x_wconf 82' lang='lat' dir='ltr'><strong>accessisse</strong></span> <span class='ocrx_word' id='word_1_587' title='bbox 1058 1233 1090 1259; x_wconf 82' lang='lat' dir='ltr'><strong>ad</strong></span> <span class='ocrx_word' id='word_1_588' title='bbox 1104 1233 1270 1267; x_wconf 83' lang='lat' dir='ltr'><strong>jejunantcm</strong></span> <span class='ocrx_word' id='word_1_589' title='bbox 1287 1235 1312 1259; x_wconf 92' lang='lat' dir='ltr'><strong>in</strong></span> <span class='ocrx_word' id='word_1_590' title='bbox 1330 1234 1446 1266; x_wconf 82' lang='lat' dir='ltr'><strong>deserto,</strong></span> <span class='ocrx_word' id='word_1_591' title='bbox 1461 1239 1489 1261; x_wconf 89' lang='lat' dir='ltr'><strong>et</strong></span> <span class='ocrx_word' id='word_1_592' title='bbox 1505 1236 1594 1262; x_wconf 78' lang='lat' dir='ltr'><strong>nutnii</strong></span> <span class='ocrx_word' id='word_1_593' title='bbox 1614 1235 1676 1262; x_wconf 85' lang='lat' dir='ltr'><strong>Sal-</strong></span> 
     </span>
    </p>
   </div>
   <div class='ocr_carea' id='block_1_85' title="bbox 892 1278 1673 1314">
    <p class='ocr_par' dir='ltr' id='par_1_85' title="bbox 892 1278 1673 1314">
     <span class='ocr_line' id='line_1_85' title="bbox 892 1278 1673 1314; baseline 0.005 -11"><span class='ocrx_word' id='word_1_594' title='bbox 892 1283 1011 1304; x_wconf 84' lang='lat' dir='ltr'><strong>vatorem</strong></span> <span class='ocrx_word' id='word_1_595' title='bbox 1028 1278 1166 1309; x_wconf 82' lang='lat' dir='ltr'><strong>intuitum,</strong></span> <span class='ocrx_word' id='word_1_596' title='bbox 1179 1285 1208 1305; x_wconf 88' lang='lat' dir='ltr'><strong>se</strong></span> <span class='ocrx_word' id='word_1_597' title='bbox 1228 1278 1261 1305; x_wconf 84' lang='lat' dir='ltr'><strong>ab</strong></span> <span class='ocrx_word' id='word_1_598' title='bbox 1281 1278 1324 1305; x_wconf 92' lang='lat' dir='ltr'><strong>illo</strong></span> <span class='ocrx_word' id='word_1_599' title='bbox 1341 1279 1447 1305; x_wconf 83' lang='lat' dir='ltr'><strong>adorari</strong></span> <span class='ocrx_word' id='word_1_600' title='bbox 1477 1281 1673 1314; x_wconf 67' lang='lat' dir='ltr'><strong>concupivissc,</strong></span> 
     </span>
    </p>
   </div>
   <div class='ocr_carea' id='block_1_86' title="bbox 890 1323 1676 1357">
    <p class='ocr_par' dir='ltr' id='par_1_86' title="bbox 890 1323 1676 1357">
     <span class='ocr_line' id='line_1_86' title="bbox 890 1323 1676 1357; baseline 0.003 -7"><span class='ocrx_word' id='word_1_601' title='bbox 890 1330 950 1350; x_wconf 81' lang='lat' dir='ltr'><strong>eum</strong></span> <span class='ocrx_word' id='word_1_602' title='bbox 979 1323 1015 1349; x_wconf 86' lang='lat' dir='ltr'><strong>illi</strong></span> <span class='ocrx_word' id='word_1_603' title='bbox 1043 1323 1132 1349; x_wconf 85' lang='lat' dir='ltr'><strong>omnia</strong></span> <span class='ocrx_word' id='word_1_604' title='bbox 1162 1331 1242 1357; x_wconf 83' lang='lat' dir='ltr'><strong>regna</strong></span> <span class='ocrx_word' id='word_1_605' title='bbox 1274 1324 1363 1350; x_wconf 88' lang='lat' dir='ltr'><strong>mundi</strong></span> <span class='ocrx_word' id='word_1_606' title='bbox 1393 1324 1537 1351; x_wconf 87' lang='lat' dir='ltr'><strong>ostendens</strong></span> <span class='ocrx_word' id='word_1_607' title='bbox 1562 1325 1676 1352; x_wconf 79' lang='lat' dir='ltr'><strong>dixisset</strong></span> 
     </span>
    </p>
   </div>
   <div class='ocr_carea' id='block_1_87' title="bbox 889 1368 1674 1404">
    <p class='ocr_par' dir='ltr' id='par_1_87' title="bbox 889 1368 1674 1404">
     <span class='ocr_line' id='line_1_87' title="bbox 889 1368 1674 1404; baseline 0.003 -9"><span class='ocrx_word' id='word_1_608' title='bbox 889 1369 978 1395; x_wconf 83' lang='lat' dir='ltr'><strong>omnia</strong></span> <span class='ocrx_word' id='word_1_609' title='bbox 997 1368 1054 1395; x_wconf 86' lang='lat' dir='ltr'><strong>fore</strong></span> <span class='ocrx_word' id='word_1_610' title='bbox 1069 1369 1166 1402; x_wconf 84' lang='lat' dir='ltr'><strong>ipsius,</strong></span> <span class='ocrx_word' id='word_1_611' title='bbox 1182 1369 1204 1395; x_wconf 85' lang='lat' dir='ltr'><strong>si</strong></span> <span class='ocrx_word' id='word_1_612' title='bbox 1227 1369 1367 1402; x_wconf 84' lang='lat' dir='ltr'><strong>procidere</strong></span> <span class='ocrx_word' id='word_1_613' title='bbox 1381 1369 1406 1395; x_wconf 92' lang='lat' dir='ltr'><strong>iu</strong></span> <span class='ocrx_word' id='word_1_614' title='bbox 1431 1377 1516 1404; x_wconf 79' lang='lat' dir='ltr'><strong>genua</strong></span> <span class='ocrx_word' id='word_1_615' title='bbox 1539 1376 1565 1396; x_wconf 88' lang='lat' dir='ltr'><strong>et</strong></span> <span class='ocrx_word' id='word_1_616' title='bbox 1578 1378 1607 1397; x_wconf 79' lang='lat' dir='ltr'><strong>se</strong></span> <span class='ocrx_word' id='word_1_617' title='bbox 1625 1371 1674 1397; x_wconf 85' lang='lat' dir='ltr'><strong>ad-</strong></span> 
     </span>
    </p>
   </div>
   <div class='ocr_carea' id='block_1_88' title="bbox 889 1415 1675 1450">
    <p class='ocr_par' dir='ltr' id='par_1_88' title="bbox 889 1415 1675 1450">
     <span class='ocr_line' id='line_1_88' title="bbox 889 1415 1675 1450; baseline 0.003 -9"><span class='ocrx_word' id='word_1_618' title='bbox 889 1423 968 1442; x_wconf 79' lang='lat' dir='ltr'><strong>orare</strong></span> <span class='ocrx_word' id='word_1_619' title='bbox 982 1423 1034 1442; x_wconf 90' lang='lat' dir='ltr'><strong>non</strong></span> <span class='ocrx_word' id='word_1_620' title='bbox 1054 1416 1230 1442; x_wconf 78' lang='lat' dir='ltr'><strong>recusaret”.</strong></span> <span class='ocrx_word' id='word_1_621' title='bbox 1248 1415 1349 1443; x_wconf 88' lang='lat' dir='ltr'><strong>Deinde</strong></span> <span class='ocrx_word' id='word_1_622' title='bbox 1361 1423 1392 1442; x_wconf 77' lang='lat' dir='ltr'><strong>ex</strong></span> <span class='ocrx_word' id='word_1_623' title='bbox 1406 1416 1462 1450; x_wconf 75' lang='lat' dir='ltr'><strong>ipso</strong></span> <span class='ocrx_word' id='word_1_624' title='bbox 1473 1417 1555 1443; x_wconf 88' lang='lat' dir='ltr'><strong>choro</strong></span> <span class='ocrx_word' id='word_1_625' title='bbox 1567 1422 1675 1444; x_wconf 82' lang='lat' dir='ltr'><strong>sancto-</strong></span> 
     </span>
    </p>
   </div>
   <div class='ocr_carea' id='block_1_89' title="bbox 890 1460 1673 1496">
    <p class='ocr_par' dir='ltr' id='par_1_89' title="bbox 890 1460 1673 1496">
     <span class='ocr_line' id='line_1_89' title="bbox 890 1460 1673 1496; baseline 0.003 -10"><span class='ocrx_word' id='word_1_626' title='bbox 890 1468 948 1487; x_wconf 90' lang='lat' dir='ltr'><strong>rum</strong></span> <span class='ocrx_word' id='word_1_627' title='bbox 965 1460 1147 1495; x_wconf 83' lang='lat' dir='ltr'><strong>apostolorum</strong></span> <span class='ocrx_word' id='word_1_628' title='bbox 1176 1461 1339 1494; x_wconf 84' lang='lat' dir='ltr'><strong>proditorem</strong></span> <span class='ocrx_word' id='word_1_629' title='bbox 1368 1460 1464 1488; x_wconf 84' lang='lat' dir='ltr'><strong>Judam</strong></span> <span class='ocrx_word' id='word_1_630' title='bbox 1484 1462 1608 1496; x_wconf 80' lang='lat' dir='ltr'><strong>arripuit,</strong></span> <span class='ocrx_word' id='word_1_631' title='bbox 1629 1463 1673 1489; x_wconf 89' lang='lat' dir='ltr'><strong>cui</strong></span> 
     </span>
    </p>
   </div>
   <div class='ocr_carea' id='block_1_90' title="bbox 889 1505 1675 1540">
    <p class='ocr_par' dir='ltr' id='par_1_90' title="bbox 889 1505 1675 1540">
     <span class='ocr_line' id='line_1_90' title="bbox 889 1505 1675 1540; baseline 0.001 -7"><span class='ocrx_word' id='word_1_632' title='bbox 889 1507 1024 1540; x_wconf 85' lang='lat' dir='ltr'><strong>persuasit</strong></span> <span class='ocrx_word' id='word_1_633' title='bbox 1041 1511 1069 1533; x_wconf 89' lang='lat' dir='ltr'><strong>ut</strong></span> <span class='ocrx_word' id='word_1_634' title='bbox 1093 1505 1246 1533; x_wconf 69' lang='lat' dir='ltr'><strong>Judzeorum</strong></span> <span class='ocrx_word' id='word_1_635' title='bbox 1265 1506 1379 1533; x_wconf 70' lang='lat' dir='ltr'><strong>feritatis</strong></span> <span class='ocrx_word' id='word_1_636' title='bbox 1394 1507 1602 1534; x_wconf 76' lang='lat' dir='ltr'><strong>instrumentum</strong></span> <span class='ocrx_word' id='word_1_637' title='bbox 1628 1507 1675 1534; x_wconf 80' lang='lat' dir='ltr'><strong>fiu-</strong></span> 
     </span>
    </p>
   </div>
   <div class='ocr_carea' id='block_1_91' title="bbox 888 1551 1674 1586">
    <p class='ocr_par' dir='ltr' id='par_1_91' title="bbox 888 1551 1674 1586">
     <span class='ocr_line' id='line_1_91' title="bbox 888 1551 1674 1586; baseline 0.003 -8"><span class='ocrx_word' id='word_1_638' title='bbox 888 1555 939 1578; x_wconf 87' lang='lat' dir='ltr'><strong>ret.</strong></span> <span class='ocrx_word' id='word_1_639' title='bbox 952 1551 1111 1586; x_wconf 81' lang='lat' dir='ltr'><strong>Increpatur</strong></span> <span class='ocrx_word' id='word_1_640' title='bbox 1124 1551 1264 1583; x_wconf 84' lang='lat' dir='ltr'><strong>itaquehis</strong></span> <span class='ocrx_word' id='word_1_641' title='bbox 1277 1552 1384 1578; x_wconf 85' lang='lat' dir='ltr'><strong>verbis:</strong></span> <span class='ocrx_word' id='word_1_642' title='bbox 1399 1561 1408 1577; x_wconf 79' lang='grc' dir='ltr'><strong>ι</strong></span> <span class='ocrx_word' id='word_1_643' title='bbox 1425 1552 1491 1584; x_wconf 84' lang='lat' dir='ltr'><strong>Quis</strong></span> <span class='ocrx_word' id='word_1_644' title='bbox 1501 1560 1529 1579; x_wconf 83' lang='lat' dir='ltr'><strong>es</strong></span> <span class='ocrx_word' id='word_1_645' title='bbox 1545 1557 1582 1582; x_wconf 87' lang='lat' dir='ltr'><strong>tu,</strong></span> <span class='ocrx_word' id='word_1_646' title='bbox 1597 1559 1674 1580; x_wconf 83' lang='lat' dir='ltr'><strong>mons</strong></span> 
     </span>
    </p>
   </div>
   <div class='ocr_carea' id='block_1_92' title="bbox 889 1597 1672 1632">
    <p class='ocr_par' dir='ltr' id='par_1_92' title="bbox 889 1597 1672 1632">
     <span class='ocr_line' id='line_1_92' title="bbox 889 1597 1672 1632; baseline 0.001 -8"><span class='ocrx_word' id='word_1_647' title='bbox 889 1602 1066 1632; x_wconf 49' lang='lat' dir='ltr'><strong>magnemnte</strong></span> <span class='ocrx_word' id='word_1_648' title='bbox 1083 1597 1177 1624; x_wconf 74' lang='lat' dir='ltr'><strong>facienti</strong></span> <span class='ocrx_word' id='word_1_649' title='bbox 1202 1597 1361 1630; x_wconf 78' lang='lat' dir='ltr'><strong>Zorobabel,</strong></span> <span class='ocrx_word' id='word_1_650' title='bbox 1378 1602 1406 1625; x_wconf 90' lang='lat' dir='ltr'><strong>ut</strong></span> <span class='ocrx_word' id='word_1_651' title='bbox 1420 1598 1554 1624; x_wconf 84' lang='lat' dir='ltr'><strong>iustanrcs</strong></span> <span class='ocrx_word' id='word_1_652' title='bbox 1570 1598 1581 1624; x_wconf 69' lang='grc' dir='ltr'><strong>ἶ)</strong></span> <span class='ocrx_word' id='word_1_653' title='bbox 1607 1597 1672 1625; x_wconf 87' lang='lat' dir='ltr'><strong>Illud</strong></span> 
     </span>
    </p>
   </div>
   <div class='ocr_carea' id='block_1_93' title="bbox 887 1643 1674 1678">
    <p class='ocr_par' dir='ltr' id='par_1_93' title="bbox 887 1643 1674 1678">
     <span class='ocr_line' id='line_1_93' title="bbox 887 1643 1674 1678; baseline 0.001 -9"><span class='ocrx_word' id='word_1_654' title='bbox 887 1644 954 1676; x_wconf 82' lang='lat' dir='ltr'><strong>Quis</strong></span> <span class='ocrx_word' id='word_1_655' title='bbox 968 1651 1008 1676; x_wconf 90' lang='lat' dir='ltr'><strong>es,</strong></span> <span class='ocrx_word' id='word_1_656' title='bbox 1037 1651 1088 1670; x_wconf 85' lang='lat' dir='ltr'><strong>non</strong></span> <span class='ocrx_word' id='word_1_657' title='bbox 1105 1643 1140 1670; x_wconf 86' lang='lat' dir='ltr'><strong>ita</strong></span> <span class='ocrx_word' id='word_1_658' title='bbox 1160 1644 1357 1677; x_wconf 78' lang='lat' dir='ltr'><strong>accipiendum,</strong></span> <span class='ocrx_word' id='word_1_659' title='bbox 1385 1644 1462 1677; x_wconf 83' lang='lat' dir='ltr'><strong>quasi</strong></span> <span class='ocrx_word' id='word_1_660' title='bbox 1481 1651 1559 1670; x_wconf 81' lang='lat' dir='ltr'><strong>nosse</strong></span> <span class='ocrx_word' id='word_1_661' title='bbox 1584 1644 1674 1678; x_wconf 79' lang='lat' dir='ltr'><strong>cupiat</strong></span> 
     </span>
    </p>
   </div>
   <div class='ocr_carea' id='block_1_94' title="bbox 887 1688 1673 1723">
    <p class='ocr_par' dir='ltr' id='par_1_94' title="bbox 887 1688 1673 1723">
     <span class='ocr_line' id='line_1_94' title="bbox 887 1688 1673 1723; baseline -0.001 -8"><span class='ocrx_word' id='word_1_662' title='bbox 887 1690 949 1723; x_wconf 84' lang='lat' dir='ltr'><strong>quis</strong></span> <span class='ocrx_word' id='word_1_663' title='bbox 979 1689 1084 1716; x_wconf 83' lang='lat' dir='ltr'><strong>tandem</strong></span> <span class='ocrx_word' id='word_1_664' title='bbox 1101 1693 1128 1715; x_wconf 86' lang='lat' dir='ltr'><strong>et</strong></span> <span class='ocrx_word' id='word_1_665' title='bbox 1149 1689 1220 1716; x_wconf 83' lang='lat' dir='ltr'><strong>unde</strong></span> <span class='ocrx_word' id='word_1_666' title='bbox 1237 1689 1282 1715; x_wconf 88' lang='lat' dir='ltr'><strong>sit.</strong></span> <span class='ocrx_word' id='word_1_667' title='bbox 1299 1688 1354 1715; x_wconf 87' lang='lat' dir='ltr'><strong>Non</strong></span> <span class='ocrx_word' id='word_1_668' title='bbox 1368 1689 1439 1716; x_wconf 88' lang='lat' dir='ltr'><strong>enim</strong></span> <span class='ocrx_word' id='word_1_669' title='bbox 1457 1689 1611 1722; x_wconf 79' lang='lat' dir='ltr'><strong>ignorabat,</strong></span> <span class='ocrx_word' id='word_1_670' title='bbox 1632 1695 1673 1715; x_wconf 87' lang='lat' dir='ltr'><strong>ut-</strong></span> 
     </span>
    </p>
   </div>
   <div class='ocr_carea' id='block_1_95' title="bbox 887 1733 1674 1768">
    <p class='ocr_par' dir='ltr' id='par_1_95' title="bbox 887 1733 1674 1768">
     <span class='ocr_line' id='line_1_95' title="bbox 887 1733 1674 1768; baseline 0 -8"><span class='ocrx_word' id='word_1_671' title='bbox 887 1739 949 1768; x_wconf 85' lang='lat' dir='ltr'><strong>pote</strong></span> <span class='ocrx_word' id='word_1_672' title='bbox 959 1734 1037 1760; x_wconf 87' lang='lat' dir='ltr'><strong>Deus.</strong></span> <span class='ocrx_word' id='word_1_673' title='bbox 1048 1733 1100 1760; x_wconf 87' lang='lat' dir='ltr'><strong>Sed</strong></span> <span class='ocrx_word' id='word_1_674' title='bbox 1114 1733 1190 1767; x_wconf 83' lang='lat' dir='ltr'><strong>quasi</strong></span> <span class='ocrx_word' id='word_1_675' title='bbox 1203 1737 1373 1764; x_wconf 78' lang='lat' dir='ltr'><strong>extenuet,et</strong></span> <span class='ocrx_word' id='word_1_676' title='bbox 1384 1733 1460 1759; x_wconf 86' lang='lat' dir='ltr'><strong>nihili</strong></span> <span class='ocrx_word' id='word_1_677' title='bbox 1475 1733 1564 1766; x_wconf 79' lang='lat' dir='ltr'><strong>faciat,</strong></span> <span class='ocrx_word' id='word_1_678' title='bbox 1578 1741 1674 1768; x_wconf 83' lang='lat' dir='ltr'><strong>quam-</strong></span> 
     </span>
    </p>
   </div>
   <div class='ocr_carea' id='block_1_96' title="bbox 887 1778 1671 1814">
    <p class='ocr_par' dir='ltr' id='par_1_96' title="bbox 887 1778 1671 1814">
     <span class='ocr_line' id='line_1_96' title="bbox 887 1778 1671 1814; baseline -0.003 -8"><span class='ocrx_word' id='word_1_679' title='bbox 887 1780 926 1806; x_wconf 88' lang='lat' dir='ltr'><strong>vis</strong></span> <span class='ocrx_word' id='word_1_680' title='bbox 943 1787 1053 1814; x_wconf 67' lang='lat' dir='ltr'><strong>magnus</strong></span> <span class='ocrx_word' id='word_1_681' title='bbox 1077 1786 1154 1806; x_wconf 86' lang='lat' dir='ltr'><strong>mons</strong></span> <span class='ocrx_word' id='word_1_682' title='bbox 1171 1783 1254 1810; x_wconf 84' lang='lat' dir='ltr'><strong>esset,</strong></span> <span class='ocrx_word' id='word_1_683' title='bbox 1279 1783 1305 1804; x_wconf 91' lang='lat' dir='ltr'><strong>et</strong></span> <span class='ocrx_word' id='word_1_684' title='bbox 1328 1779 1370 1805; x_wconf 86' lang='lat' dir='ltr'><strong>cui</strong></span> <span class='ocrx_word' id='word_1_685' title='bbox 1402 1778 1481 1804; x_wconf 82' lang='lat' dir='ltr'><strong>facile</strong></span> <span class='ocrx_word' id='word_1_686' title='bbox 1505 1779 1591 1805; x_wconf 81' lang='lat' dir='ltr'><strong>resisti</strong></span> <span class='ocrx_word' id='word_1_687' title='bbox 1619 1787 1671 1804; x_wconf 85' lang='lat' dir='ltr'><strong>non</strong></span> 
     </span>
    </p>
   </div>
   <div class='ocr_carea' id='block_1_97' title="bbox 876 1823 1671 1859">
    <p class='ocr_par' dir='ltr' id='par_1_97' title="bbox 876 1823 1671 1859">
     <span class='ocr_line' id='line_1_97' title="bbox 876 1823 1671 1859; baseline -0.003 -7"><span class='ocrx_word' id='word_1_688' title='bbox 876 1830 987 1859; x_wconf 81' lang='lat' dir='ltr'><strong>posset,</strong></span> <span class='ocrx_word' id='word_1_689' title='bbox 1000 1830 1026 1852; x_wconf 89' lang='lat' dir='ltr'><strong>et</strong></span> <span class='ocrx_word' id='word_1_690' title='bbox 1044 1825 1263 1858; x_wconf 88' lang='lat' dir='ltr'><strong>impedimentum</strong></span> <span class='ocrx_word' id='word_1_691' title='bbox 1276 1824 1409 1858; x_wconf 84' lang='lat' dir='ltr'><strong>ohjectum</strong></span> <span class='ocrx_word' id='word_1_692' title='bbox 1427 1823 1535 1850; x_wconf 89' lang='lat' dir='ltr'><strong>Christo</strong></span> <span class='ocrx_word' id='word_1_693' title='bbox 1559 1824 1615 1850; x_wconf 67' lang='lat' dir='ltr'><strong>haec</strong></span> <span class='ocrx_word' id='word_1_694' title='bbox 1629 1825 1671 1850; x_wconf 90' lang='lat' dir='ltr'><strong>iu-</strong></span> 
     </span>
    </p>
   </div>
   <div class='ocr_carea' id='block_1_98' title="bbox 886 1869 1672 1905">
    <p class='ocr_par' dir='ltr' id='par_1_98' title="bbox 886 1869 1672 1905">
     <span class='ocr_line' id='line_1_98' title="bbox 886 1869 1672 1905; baseline -0.001 -8"><span class='ocrx_word' id='word_1_695' title='bbox 886 1875 1011 1897; x_wconf 82' lang='lat' dir='ltr'><strong>stnurare</strong></span> <span class='ocrx_word' id='word_1_696' title='bbox 1041 1870 1153 1902; x_wconf 80' lang='lat' dir='ltr'><strong>volenti,</strong></span> <span class='ocrx_word' id='word_1_697' title='bbox 1167 1870 1249 1905; x_wconf 77' lang='lat'><strong>687</strong></span> <span class='ocrx_word' id='word_1_698' title='bbox 1271 1870 1346 1904; x_wconf 89' lang='lat' dir='ltr'><strong>cujus</strong></span> <span class='ocrx_word' id='word_1_699' title='bbox 1362 1875 1440 1904; x_wconf 87' lang='lat' dir='ltr'><strong>typus</strong></span> <span class='ocrx_word' id='word_1_700' title='bbox 1465 1869 1625 1902; x_wconf 81' lang='lat' dir='ltr'><strong>Zorehabel,</strong></span> <span class='ocrx_word' id='word_1_701' title='bbox 1643 1877 1672 1896; x_wconf 85' lang='grc' dir='ltr'><strong>ιιι</strong></span> 
     </span>
    </p>
   </div>
   <div class='ocr_carea' id='block_1_99' title="bbox 883 1914 1671 1949">
    <p class='ocr_par' dir='ltr' id='par_1_99' title="bbox 883 1914 1671 1949">
     <span class='ocr_line' id='line_1_99' title="bbox 883 1914 1671 1949; baseline -0.001 -7"><span class='ocrx_word' id='word_1_702' title='bbox 883 1915 939 1949; x_wconf 81' lang='lat' dir='ltr'><strong>jam</strong></span> <span class='ocrx_word' id='word_1_703' title='bbox 957 1915 1084 1942; x_wconf 76' lang='lat' dir='ltr'><strong>diximus.</strong></span> <span class='ocrx_word' id='word_1_704' title='bbox 1111 1914 1165 1941; x_wconf 78' lang='lat' dir='ltr'><strong>Etsi</strong></span> <span class='ocrx_word' id='word_1_705' title='bbox 1184 1916 1256 1941; x_wconf 85' lang='lat' dir='ltr'><strong>enim</strong></span> <span class='ocrx_word' id='word_1_706' title='bbox 1280 1914 1316 1940; x_wconf 85' lang='lat' dir='ltr'><strong>sit</strong></span> <span class='ocrx_word' id='word_1_707' title='bbox 1345 1914 1523 1947; x_wconf 80' lang='lat' dir='ltr'><strong>implacabilis</strong></span> <span class='ocrx_word' id='word_1_708' title='bbox 1551 1915 1671 1948; x_wconf 84' lang='lat' dir='ltr'><strong>nequitia</strong></span> 
     </span>
    </p>
   </div>
   <div class='ocr_carea' id='block_1_100' title="bbox 885 1959 1670 1994">
    <p class='ocr_par' dir='ltr' id='par_1_100' title="bbox 885 1959 1670 1994">
     <span class='ocr_line' id='line_1_100' title="bbox 885 1959 1670 1994; baseline -0.001 -7"><span class='ocrx_word' id='word_1_709' title='bbox 885 1961 1010 1988; x_wconf 83' lang='lat' dir='ltr'><strong>draconis</strong></span> <span class='ocrx_word' id='word_1_710' title='bbox 1024 1963 1163 1994; x_wconf 70' lang='lat' dir='ltr'><strong>apostatce,</strong></span> <span class='ocrx_word' id='word_1_711' title='bbox 1180 1964 1268 1986; x_wconf 80' lang='lat' dir='ltr'><strong>tamen</strong></span> <span class='ocrx_word' id='word_1_712' title='bbox 1287 1960 1353 1986; x_wconf 85' lang='lat' dir='ltr'><strong>citra</strong></span> <span class='ocrx_word' id='word_1_713' title='bbox 1381 1960 1498 1986; x_wconf 81' lang='lat' dir='ltr'><strong>laborem</strong></span> <span class='ocrx_word' id='word_1_714' title='bbox 1527 1959 1670 1987; x_wconf 82' lang='lat' dir='ltr'><strong>sudorem-</strong></span> 
     </span>
    </p>
   </div>
   <div class='ocr_carea' id='block_1_101' title="bbox 886 2004 1669 2041">
    <p class='ocr_par' dir='ltr' id='par_1_101' title="bbox 886 2004 1669 2041">
     <span class='ocr_line' id='line_1_101' title="bbox 886 2004 1669 2041; baseline -0.003 -8"><span class='ocrx_word' id='word_1_715' title='bbox 886 2014 965 2041; x_wconf 84' lang='lat' dir='ltr'><strong>quea</strong></span> <span class='ocrx_word' id='word_1_716' title='bbox 982 2006 1088 2033; x_wconf 81' lang='lat' dir='ltr'><strong>Christo</strong></span> <span class='ocrx_word' id='word_1_717' title='bbox 1100 2005 1272 2032; x_wconf 80' lang='lat' dir='ltr'><strong>conculcatus</strong></span> <span class='ocrx_word' id='word_1_718' title='bbox 1296 2010 1347 2032; x_wconf 92' lang='lat' dir='ltr'><strong>est.</strong></span> <span class='ocrx_word' id='word_1_719' title='bbox 1373 2004 1439 2031; x_wconf 79' lang='lat' dir='ltr'><strong>Erat</strong></span> <span class='ocrx_word' id='word_1_720' title='bbox 1471 2005 1543 2038; x_wconf 78' lang='lat' dir='ltr'><strong>enim</strong></span> <span class='ocrx_word' id='word_1_721' title='bbox 1574 2010 1669 2032; x_wconf 80' lang='lat' dir='ltr'><strong>natura</strong></span> 
     </span>
    </p>
   </div>
   <div class='ocr_carea' id='block_1_102' title="bbox 887 2049 1667 2085">
    <p class='ocr_par' dir='ltr' id='par_1_102' title="bbox 887 2049 1667 2085">
     <span class='ocr_line' id='line_1_102' title="bbox 887 2049 1667 2085; baseline -0.001 -7"><span class='ocrx_word' id='word_1_722' title='bbox 887 2052 965 2084; x_wconf 89' lang='lat' dir='ltr'><strong>Dens,</strong></span> <span class='ocrx_word' id='word_1_723' title='bbox 984 2058 1077 2078; x_wconf 88' lang='lat' dir='ltr'><strong>ontnes</strong></span> <span class='ocrx_word' id='word_1_724' title='bbox 1091 2057 1265 2085; x_wconf 80' lang='lat' dir='ltr'><strong>exsuperans.</strong></span> <span class='ocrx_word' id='word_1_725' title='bbox 1293 2050 1347 2076; x_wconf 78' lang='lat' dir='ltr'><strong>Aut</strong></span> <span class='ocrx_word' id='word_1_726' title='bbox 1383 2049 1464 2083; x_wconf 78' lang='lat' dir='ltr'><strong>igitur</strong></span> <span class='ocrx_word' id='word_1_727' title='bbox 1482 2049 1525 2076; x_wconf 83' lang='lat' dir='ltr'><strong>tali</strong></span> <span class='ocrx_word' id='word_1_728' title='bbox 1554 2050 1667 2083; x_wconf 83' lang='lat' dir='ltr'><strong>quodam</strong></span> 
     </span>
    </p>
   </div>
   <div class='ocr_carea' id='block_1_103' title="bbox 885 2095 1665 2130">
    <p class='ocr_par' dir='ltr' id='par_1_103' title="bbox 885 2095 1665 2130">
     <span class='ocr_line' id='line_1_103' title="bbox 885 2095 1665 2130; baseline -0.005 -5"><span class='ocrx_word' id='word_1_729' title='bbox 885 2098 964 2125; x_wconf 88' lang='lat' dir='ltr'><strong>modo</strong></span> <span class='ocrx_word' id='word_1_730' title='bbox 977 2097 1046 2124; x_wconf 81' lang='lat' dir='ltr'><strong>dicta</strong></span> <span class='ocrx_word' id='word_1_731' title='bbox 1065 2097 1146 2123; x_wconf 84' lang='lat' dir='ltr'><strong>verba</strong></span> <span class='ocrx_word' id='word_1_732' title='bbox 1159 2095 1363 2129; x_wconf 82' lang='lat' dir='ltr'><strong>explicabimus,</strong></span> <span class='ocrx_word' id='word_1_733' title='bbox 1374 2100 1419 2122; x_wconf 75' lang='lat' dir='ltr'><strong>aut</strong></span> <span class='ocrx_word' id='word_1_734' title='bbox 1430 2095 1493 2128; x_wconf 80' lang='lat' dir='ltr'><strong>alio,</strong></span> <span class='ocrx_word' id='word_1_735' title='bbox 1509 2095 1530 2122; x_wconf 84' lang='lat' dir='ltr'><strong>si</strong></span> <span class='ocrx_word' id='word_1_736' title='bbox 1543 2095 1665 2130; x_wconf 82' lang='lat' dir='ltr'><strong>placebit.</strong></span> 
     </span>
    </p>
   </div>
   <div class='ocr_carea' id='block_1_104' title="bbox 886 2141 1668 2174">
    <p class='ocr_par' dir='ltr' id='par_1_104' title="bbox 886 2141 1668 2174">
     <span class='ocr_line' id='line_1_104' title="bbox 886 2141 1668 2174; baseline -0.004 -4"><span class='ocrx_word' id='word_1_737' title='bbox 886 2143 959 2170; x_wconf 79' lang='lat' dir='ltr'><strong>Dixit</strong></span> <span class='ocrx_word' id='word_1_738' title='bbox 983 2143 1067 2174; x_wconf 84' lang='lat' dir='ltr'><strong>enim,</strong></span> <span class='ocrx_word' id='word_1_739' title='bbox 1090 2150 1142 2169; x_wconf 84' lang='lat' dir='ltr'><strong>non</strong></span> <span class='ocrx_word' id='word_1_740' title='bbox 1170 2142 1287 2169; x_wconf 83' lang='lat' dir='ltr'><strong>humana</strong></span> <span class='ocrx_word' id='word_1_741' title='bbox 1305 2142 1401 2168; x_wconf 80' lang='lat' dir='ltr'><strong>virtute</strong></span> <span class='ocrx_word' id='word_1_742' title='bbox 1415 2141 1514 2168; x_wconf 87' lang='lat' dir='ltr'><strong>mtntdo</strong></span> <span class='ocrx_word' id='word_1_743' title='bbox 1527 2142 1610 2168; x_wconf 84' lang='lat' dir='ltr'><strong>vitam</strong></span> <span class='ocrx_word' id='word_1_744' title='bbox 1627 2142 1668 2168; x_wconf 90' lang='lat' dir='ltr'><strong>in-</strong></span> 
     </span>
    </p>
   </div>
   <div class='ocr_carea' id='block_1_105' title="bbox 885 2187 1669 2221">
    <p class='ocr_par' dir='ltr' id='par_1_105' title="bbox 885 2187 1669 2221">
     <span class='ocr_line' id='line_1_105' title="bbox 885 2187 1669 2221; baseline -0.003 -5"><span class='ocrx_word' id='word_1_745' title='bbox 885 2194 1078 2217; x_wconf 84' lang='lat' dir='ltr'><strong>stauraturum.</strong></span> <span class='ocrx_word' id='word_1_746' title='bbox 1093 2188 1126 2215; x_wconf 85' lang='lat' dir='ltr'><strong>Et</strong></span> <span class='ocrx_word' id='word_1_747' title='bbox 1136 2188 1217 2215; x_wconf 84' lang='lat' dir='ltr'><strong>stabit</strong></span> <span class='ocrx_word' id='word_1_748' title='bbox 1233 2187 1340 2221; x_wconf 89' lang='lat' dir='ltr'><strong>quidem</strong></span> <span class='ocrx_word' id='word_1_749' title='bbox 1356 2187 1555 2218; x_wconf 84' lang='lat' dir='ltr'><strong>candelabrum,</strong></span> <span class='ocrx_word' id='word_1_750' title='bbox 1568 2187 1669 2221; x_wconf 79' lang='lat' dir='ltr'><strong>lampa-</strong></span> 
     </span>
    </p>
   </div>
   <div class='ocr_carea' id='block_1_106' title="bbox 884 2232 1667 2266">
    <p class='ocr_par' dir='ltr' id='par_1_106' title="bbox 884 2232 1667 2266">
     <span class='ocr_line' id='line_1_106' title="bbox 884 2232 1667 2266; baseline -0.006 -3"><span class='ocrx_word' id='word_1_751' title='bbox 884 2236 944 2263; x_wconf 90' lang='lat' dir='ltr'><strong>dem</strong></span> <span class='ocrx_word' id='word_1_752' title='bbox 965 2235 1076 2266; x_wconf 82' lang='lat' dir='ltr'><strong>habens,</strong></span> <span class='ocrx_word' id='word_1_753' title='bbox 1086 2235 1136 2261; x_wconf 88' lang='lat' dir='ltr'><strong>hoc</strong></span> <span class='ocrx_word' id='word_1_754' title='bbox 1151 2239 1192 2261; x_wconf 82' lang='lat' dir='ltr'><strong>est</strong></span> <span class='ocrx_word' id='word_1_755' title='bbox 1203 2233 1338 2260; x_wconf 83' lang='lat' dir='ltr'><strong>Christum</strong></span> <span class='ocrx_word' id='word_1_756' title='bbox 1356 2240 1363 2258; x_wconf 90' lang='lat'><strong>:</strong></span> <span class='ocrx_word' id='word_1_757' title='bbox 1380 2232 1506 2259; x_wconf 85' lang='lat' dir='ltr'><strong>lucebunt</strong></span> <span class='ocrx_word' id='word_1_758' title='bbox 1520 2238 1611 2259; x_wconf 87' lang='lat' dir='ltr'><strong>autem</strong></span> <span class='ocrx_word' id='word_1_759' title='bbox 1627 2233 1667 2258; x_wconf 88' lang='lat' dir='ltr'><strong>lu-</strong></span> 
     </span>
    </p>
   </div>
   <div class='ocr_carea' id='block_1_107' title="bbox 884 2277 1670 2314">
    <p class='ocr_par' dir='ltr' id='par_1_107' title="bbox 884 2277 1670 2314">
     <span class='ocr_line' id='line_1_107' title="bbox 884 2277 1670 2314; baseline -0.009 -4"><span class='ocrx_word' id='word_1_760' title='bbox 884 2289 983 2310; x_wconf 65' lang='lat' dir='ltr'><strong>cernae.</strong></span> <span class='ocrx_word' id='word_1_761' title='bbox 996 2281 1128 2309; x_wconf 54' lang='lat' dir='ltr'><strong>Praeterea</strong></span> <span class='ocrx_word' id='word_1_762' title='bbox 1140 2288 1155 2307; x_wconf 87' lang='lat' dir='ltr'><strong>a</strong></span> <span class='ocrx_word' id='word_1_763' title='bbox 1169 2281 1260 2308; x_wconf 78' lang='lat' dir='ltr'><strong>dextra</strong></span> <span class='ocrx_word' id='word_1_764' title='bbox 1273 2279 1392 2314; x_wconf 72' lang='lat' dir='ltr'><strong>laevaque</strong></span> <span class='ocrx_word' id='word_1_765' title='bbox 1406 2278 1534 2312; x_wconf 78' lang='lat' dir='ltr'><strong>lampadis</strong></span> <span class='ocrx_word' id='word_1_766' title='bbox 1548 2279 1606 2304; x_wconf 63' lang='lat' dir='ltr'><strong>dua:</strong></span> <span class='ocrx_word' id='word_1_767' title='bbox 1620 2277 1670 2303; x_wconf 84' lang='lat' dir='ltr'><strong>oli—</strong></span> 
     </span>
    </p>
   </div>
   <div class='ocr_carea' id='block_1_108' title="bbox 885 2324 1665 2359">
    <p class='ocr_par' dir='ltr' id='par_1_108' title="bbox 885 2324 1665 2359">
     <span class='ocr_line' id='line_1_108' title="bbox 885 2324 1665 2359; baseline -0.008 -3"><span class='ocrx_word' id='word_1_768' title='bbox 885 2337 925 2357; x_wconf 72' lang='lat' dir='ltr'><strong>vae</strong></span> <span class='ocrx_word' id='word_1_769' title='bbox 955 2329 1063 2356; x_wconf 91' lang='lat' dir='ltr'><strong>omnino</strong></span> <span class='ocrx_word' id='word_1_770' title='bbox 1074 2328 1201 2358; x_wconf 78' lang='lat' dir='ltr'><strong>’stabunt,</strong></span> <span class='ocrx_word' id='word_1_771' title='bbox 1223 2327 1290 2353; x_wconf 86' lang='lat' dir='ltr'><strong>duos</strong></span> <span class='ocrx_word' id='word_1_772' title='bbox 1316 2325 1427 2359; x_wconf 89' lang='lat' dir='ltr'><strong>populos</strong></span> <span class='ocrx_word' id='word_1_773' title='bbox 1465 2324 1665 2351; x_wconf 76' lang='lat' dir='ltr'><strong>adtlmbrantcs.</strong></span> 
     </span>
    </p>
   </div>
   <div class='ocr_carea' id='block_1_109' title="bbox 884 2367 1667 2408">
    <p class='ocr_par' dir='ltr' id='par_1_109' title="bbox 884 2367 1667 2408">
     <span class='ocr_line' id='line_1_109' title="bbox 884 2367 1667 2408; baseline -0.011 -7"><span class='ocrx_word' id='word_1_774' title='bbox 884 2373 993 2406; x_wconf 85' lang='lat' dir='ltr'><strong>Postea,</strong></span> <span class='ocrx_word' id='word_1_775' title='bbox 1015 2373 1092 2408; x_wconf 84' lang='lat' dir='ltr'><strong>quasi</strong></span> <span class='ocrx_word' id='word_1_776' title='bbox 1105 2372 1262 2399; x_wconf 81' lang='lat' dir='ltr'><strong>sciscitante</strong></span> <span class='ocrx_word' id='word_1_777' title='bbox 1279 2369 1405 2404; x_wconf 79' lang='lat' dir='ltr'><strong>quopiam</strong></span> <span class='ocrx_word' id='word_1_778' title='bbox 1417 2375 1449 2395; x_wconf 85' lang='lat' dir='ltr'><strong>ac</strong></span> <span class='ocrx_word' id='word_1_779' title='bbox 1462 2368 1584 2395; x_wconf 85' lang='lat' dir='ltr'><strong>dicente:</strong></span> <span class='ocrx_word' id='word_1_780' title='bbox 1601 2367 1667 2399; x_wconf 76' lang='lat' dir='ltr'><strong>Quis</strong></span> 
     </span>
    </p>
   </div>
   <div class='ocr_carea' id='block_1_110' title="bbox 884 2412 1652 2454">
    <p class='ocr_par' dir='ltr' id='par_1_110' title="bbox 884 2412 1652 2454">
     <span class='ocr_line' id='line_1_110' title="bbox 884 2412 1652 2454; baseline -0.012 -8"><span class='ocrx_word' id='word_1_781' title='bbox 884 2418 965 2454; x_wconf 80' lang='lat' dir='ltr'><strong>igitur</strong></span> <span class='ocrx_word' id='word_1_782' title='bbox 979 2425 1009 2445; x_wconf 85' lang='lat' dir='ltr'><strong>es</strong></span> <span class='ocrx_word' id='word_1_783' title='bbox 1027 2422 1065 2450; x_wconf 90' lang='lat' dir='ltr'><strong>tu,</strong></span> <span class='ocrx_word' id='word_1_784' title='bbox 1081 2417 1125 2451; x_wconf 90' lang='lat' dir='ltr'><strong>qui</strong></span> <span class='ocrx_word' id='word_1_785' title='bbox 1148 2421 1203 2443; x_wconf 84' lang='lat' dir='ltr'><strong>tam</strong></span> <span class='ocrx_word' id='word_1_786' title='bbox 1228 2415 1310 2443; x_wconf 87' lang='lat' dir='ltr'><strong>ardua</strong></span> <span class='ocrx_word' id='word_1_787' title='bbox 1327 2414 1398 2441; x_wconf 91' lang='lat' dir='ltr'><strong>nullo</strong></span> <span class='ocrx_word' id='word_1_788' title='bbox 1418 2413 1486 2440; x_wconf 83' lang='lat' dir='ltr'><strong>bello</strong></span> <span class='ocrx_word' id='word_1_789' title='bbox 1506 2417 1533 2439; x_wconf 88' lang='lat' dir='ltr'><strong>et</strong></span> <span class='ocrx_word' id='word_1_790' title='bbox 1549 2412 1608 2439; x_wconf 86' lang='lat' dir='ltr'><strong>sine</strong></span> <span class='ocrx_word' id='word_1_791' title='bbox 1629 2412 1652 2438; x_wconf 82' lang='lat' dir='ltr'><strong>la</strong></span> 
     </span>
    </p>
   </div>
   <div class='ocr_carea' id='block_1_111' title="bbox 884 2457 1667 2493">
    <p class='ocr_par' dir='ltr' id='par_1_111' title="bbox 884 2457 1667 2493">
     <span class='ocr_line' id='line_1_111' title="bbox 884 2457 1667 2493; baseline -0.011 -2"><span class='ocrx_word' id='word_1_792' title='bbox 884 2464 950 2492; x_wconf 86' lang='lat' dir='ltr'><strong>bore</strong></span> <span class='ocrx_word' id='word_1_793' title='bbox 973 2463 1088 2490; x_wconf 80' lang='lat' dir='ltr'><strong>feliciter</strong></span> <span class='ocrx_word' id='word_1_794' title='bbox 1106 2461 1314 2489; x_wconf 87' lang='lat' dir='ltr'><strong>constituturum</strong></span> <span class='ocrx_word' id='word_1_795' title='bbox 1337 2457 1481 2493; x_wconf 83' lang='lat' dir='ltr'><strong>spondes?</strong></span> <span class='ocrx_word' id='word_1_796' title='bbox 1507 2457 1667 2484; x_wconf 84' lang='lat' dir='ltr'><strong>subauditur</strong></span> 
     </span>
    </p>
   </div>
   <div class='ocr_carea' id='block_1_112' title="bbox 885 2500 1667 2543">
    <p class='ocr_par' dir='ltr' id='par_1_112' title="bbox 885 2500 1667 2543">
     <span class='ocr_line' id='line_1_112' title="bbox 885 2500 1667 2543; baseline -0.014 -5"><span class='ocrx_word' id='word_1_797' title='bbox 885 2510 1049 2543; x_wconf 82' lang='lat' dir='ltr'><strong>respondens</strong></span> <span class='ocrx_word' id='word_1_798' title='bbox 1068 2508 1136 2535; x_wconf 82' lang='lat' dir='ltr'><strong>Deus</strong></span> <span class='ocrx_word' id='word_1_799' title='bbox 1150 2512 1177 2534; x_wconf 89' lang='lat' dir='ltr'><strong>et</strong></span> <span class='ocrx_word' id='word_1_800' title='bbox 1187 2507 1265 2534; x_wconf 80' lang='lat' dir='ltr'><strong>Pater</strong></span> <span class='ocrx_word' id='word_1_801' title='bbox 1280 2514 1286 2532; x_wconf 86' lang='lat'>:</span> <span class='ocrx_word' id='word_1_802' title='bbox 1302 2515 1311 2530; x_wconf 74' lang='grc' dir='ltr'><strong>ι</strong></span> <span class='ocrx_word' id='word_1_803' title='bbox 1332 2505 1386 2539; x_wconf 73' lang='lat' dir='ltr'><strong>Ego</strong></span> <span class='ocrx_word' id='word_1_804' title='bbox 1399 2500 1475 2531; x_wconf 72' lang='lat' dir='ltr'><strong>mens</strong></span> <span class='ocrx_word' id='word_1_805' title='bbox 1493 2503 1536 2529; x_wconf 88' lang='lat' dir='ltr'><strong>ille</strong></span> <span class='ocrx_word' id='word_1_806' title='bbox 1555 2510 1667 2536; x_wconf 74' lang='lat' dir='ltr'><strong>magnus</strong></span> 
     </span>
    </p>
   </div>
   <div class='ocr_carea' id='block_1_113' title="bbox 886 2548 1667 2584">
    <p class='ocr_par' dir='ltr' id='par_1_113' title="bbox 886 2548 1667 2584">
     <span class='ocr_line' id='line_1_113' title="bbox 886 2548 1667 2584; baseline -0.01 -2"><span class='ocrx_word' id='word_1_807' title='bbox 886 2560 947 2582; x_wconf 83' lang='lat' dir='ltr'><strong>ante</strong></span> <span class='ocrx_word' id='word_1_808' title='bbox 960 2555 1054 2582; x_wconf 85' lang='lat' dir='ltr'><strong>faciem</strong></span> <span class='ocrx_word' id='word_1_809' title='bbox 1070 2552 1228 2584; x_wconf 83' lang='lat' dir='ltr'><strong>Zorobabel,</strong></span> <span class='ocrx_word' id='word_1_810' title='bbox 1243 2557 1272 2578; x_wconf 91' lang='lat' dir='ltr'><strong>ut</strong></span> <span class='ocrx_word' id='word_1_811' title='bbox 1286 2552 1432 2578; x_wconf 86' lang='lat' dir='ltr'><strong>iustaurem</strong></span> <span class='ocrx_word' id='word_1_812' title='bbox 1447 2558 1453 2576; x_wconf 91' lang='lat'><strong>:</strong></span> <span class='ocrx_word' id='word_1_813' title='bbox 1476 2558 1484 2574; x_wconf 76' lang='grc' dir='ltr'><strong>ι</strong></span> <span class='ocrx_word' id='word_1_814' title='bbox 1506 2548 1531 2576; x_wconf 88' lang='lat' dir='ltr'><strong>id</strong></span> <span class='ocrx_word' id='word_1_815' title='bbox 1551 2553 1592 2575; x_wconf 85' lang='lat' dir='ltr'><strong>cst</strong></span> <span class='ocrx_word' id='word_1_816' title='bbox 1616 2555 1667 2582; x_wconf 70' lang='lat' dir='ltr'><strong>ego</strong></span> 
     </span>
    </p>
   </div>
   <div class='ocr_carea' id='block_1_114' title="bbox 882 2592 1667 2630">
    <p class='ocr_par' dir='ltr' id='par_1_114' title="bbox 882 2592 1667 2630">
     <span class='ocr_line' id='line_1_114' title="bbox 882 2592 1667 2630; baseline -0.01 -5"><span class='ocrx_word' id='word_1_817' title='bbox 882 2606 940 2625; x_wconf 87' lang='lat' dir='ltr'><strong>sum</strong></span> <span class='ocrx_word' id='word_1_818' title='bbox 960 2597 1086 2625; x_wconf 86' lang='lat' dir='ltr'><strong>omnibus</strong></span> <span class='ocrx_word' id='word_1_819' title='bbox 1102 2596 1306 2630; x_wconf 85' lang='lat' dir='ltr'><strong>supereminens</strong></span> <span class='ocrx_word' id='word_1_820' title='bbox 1320 2600 1427 2625; x_wconf 82' lang='lat' dir='ltr'><strong>natura.</strong></span> <span class='ocrx_word' id='word_1_821' title='bbox 1447 2593 1544 2619; x_wconf 81' lang='lat' dir='ltr'><strong>divinis</strong></span> <span class='ocrx_word' id='word_1_822' title='bbox 1558 2592 1667 2618; x_wconf 46' lang='lat' dir='ltr'><strong>celsitu-</strong></span> 
     </span>
    </p>
   </div>
   <div class='ocr_carea' id='block_1_115' title="bbox 882 2638 1666 2677">
    <p class='ocr_par' dir='ltr' id='par_1_115' title="bbox 882 2638 1666 2677">
     <span class='ocr_line' id='line_1_115' title="bbox 882 2638 1666 2677; baseline -0.011 -5"><span class='ocrx_word' id='word_1_823' title='bbox 882 2645 989 2671; x_wconf 88' lang='lat' dir='ltr'><strong>dinibus</strong></span> <span class='ocrx_word' id='word_1_824' title='bbox 1000 2645 1032 2671; x_wconf 88' lang='lat' dir='ltr'><strong>ad</strong></span> <span class='ocrx_word' id='word_1_825' title='bbox 1043 2643 1154 2677; x_wconf 79' lang='lat' dir='ltr'><strong>gloriam</strong></span> <span class='ocrx_word' id='word_1_826' title='bbox 1171 2640 1388 2668; x_wconf 82' lang='lat' dir='ltr'><strong>sublimissimatn</strong></span> <span class='ocrx_word' id='word_1_827' title='bbox 1406 2639 1524 2666; x_wconf 86' lang='lat' dir='ltr'><strong>omnium</strong></span> <span class='ocrx_word' id='word_1_828' title='bbox 1535 2638 1666 2668; x_wconf 70' lang='lat' dir='ltr'><strong>emicans,</strong></span> 
     </span>
    </p>
   </div>
   <div class='ocr_carea' id='block_1_116' title="bbox 883 2684 1668 2726">
    <p class='ocr_par' dir='ltr' id='par_1_116' title="bbox 883 2684 1668 2726">
     <span class='ocr_line' id='line_1_116' title="bbox 883 2684 1668 2726; baseline -0.011 -10"><span class='ocrx_word' id='word_1_829' title='bbox 883 2698 941 2726; x_wconf 67' lang='lat' dir='ltr'><strong>quae</strong></span> <span class='ocrx_word' id='word_1_830' title='bbox 971 2697 1019 2717; x_wconf 86' lang='lat' dir='ltr'><strong>suo</strong></span> <span class='ocrx_word' id='word_1_831' title='bbox 1052 2694 1171 2723; x_wconf 86' lang='lat' dir='ltr'><strong>tempore</strong></span> <span class='ocrx_word' id='word_1_832' title='bbox 1199 2687 1232 2713; x_wconf 85' lang='lat' dir='ltr'><strong>ad</strong></span> <span class='ocrx_word' id='word_1_833' title='bbox 1257 2685 1391 2721; x_wconf 82' lang='lat' dir='ltr'><strong>promissa</strong></span> <span class='ocrx_word' id='word_1_834' title='bbox 1415 2684 1528 2710; x_wconf 80' lang='lat' dir='ltr'><strong>fideliter</strong></span> <span class='ocrx_word' id='word_1_835' title='bbox 1556 2688 1584 2709; x_wconf 85' lang='lat' dir='ltr'><strong>et</strong></span> <span class='ocrx_word' id='word_1_836' title='bbox 1606 2688 1668 2708; x_wconf 80' lang='lat' dir='ltr'><strong>ante</strong></span> 
     </span>
    </p>
   </div>
   <div class='ocr_carea' id='block_1_117' title="bbox 882 2728 1668 2767">
    <p class='ocr_par' dir='ltr' id='par_1_117' title="bbox 882 2728 1668 2767">
     <span class='ocr_line' id='line_1_117' title="bbox 882 2728 1668 2767; baseline -0.014 -2"><span class='ocrx_word' id='word_1_837' title='bbox 882 2737 976 2765; x_wconf 79' lang='lat' dir='ltr'><strong>faciem</strong></span> <span class='ocrx_word' id='word_1_838' title='bbox 1007 2733 1153 2763; x_wconf 84' lang='lat' dir='ltr'><strong>Zorobabel</strong></span> <span class='ocrx_word' id='word_1_839' title='bbox 1188 2731 1336 2767; x_wconf 67' lang='lat' dir='ltr'><strong>praestanda</strong></span> <span class='ocrx_word' id='word_1_840' title='bbox 1366 2728 1487 2757; x_wconf 77' lang='lat' dir='ltr'><strong>sulliciet.</strong></span> <span class='ocrx_word' id='word_1_841' title='bbox 1516 2728 1572 2755; x_wconf 73' lang='lat' dir='ltr'><strong>Non</strong></span> <span class='ocrx_word' id='word_1_842' title='bbox 1596 2728 1668 2754; x_wconf 84' lang='lat' dir='ltr'><strong>enim</strong></span> 
     </span>
    </p>
   </div>
  </div>
