1910 3050
237 136 272 164 67
752 131 781 160 ε.
800 131 938 160 CYRILLI
960 130 1195 158 ALEXANDRINI
1214 129 1375 158 ARCHIEP.
1845 129 1878 156 68

239 191 381 228 ignorabat
399 190 524 218 Christus
539 189 646 218 Patrem
663 196 743 218 suum
756 199 762 218 :
775 191 822 227 sed
844 191 920 226 quasi
933 197 1025 225 quem-

1081 189 1155 225 τέρα,
1177 189 1233 216 ἀλλ¹
1251 188 1346 224 ὥσπερ
1362 187 1422 215 τινὰ
1444 187 1612 223 συνεργάτην
1630 186 1685 214 τῶν
1708 186 1788 213 ἰδίων
1811 194 1877 212 κατ-

240 240 301 267 dam
330 238 478 271 adiutorem
505 236 650 270 insignium
671 243 779 263 suarum
790 236 925 263 actionum
963 242 1024 262 eum

238 283 366 315 faciebat,
382 289 442 310 cum
457 282 575 309 diceret:
595 290 605 307 t
616 281 637 308 Α
649 289 691 308 me
703 281 762 316 ipso
778 281 847 308 facio
859 282 934 308 nihil.
949 281 1027 308 Pater

240 334 329 356 autem
347 329 373 355 in
388 335 430 354 me
449 335 570 359 manens.
587 328 643 363 ipse
660 327 725 355 facit
736 335 816 362 opera
829 327 880 354 ".t
894 328 1028 362 Operaba-

241 380 285 402 tur
296 375 367 402 enim
381 379 411 401 ut
425 381 473 408 per
491 374 628 409 propriam
646 375 773 402 virtutem
794 381 841 408 per
859 373 967 405 Filium,
981 380 1028 407 per

239 429 321 457 quem
350 426 378 448 et
400 420 433 448 ab
464 420 541 448 initio
570 420 669 447 creatis
701 420 837 451 omnibus,
866 421 962 446 merito
985 423 1028 446 est

241 467 407 494 admirabilis
433 485 442 494 .
466 485 473 493 .
499 485 507 493 .
537 465 767 500 asapientissimo
795 465 902 492 Daniele
930 465 1027 492 iterum

241 513 312 541 Deus
327 519 354 541 et
367 512 448 540 Pater
474 519 552 540 mons
569 511 734 544 nominatur,
750 512 821 538 unde
838 515 865 538 et
878 510 944 546 lapis
969 511 1028 538 sine

241 560 366 588 manibus
397 560 525 594 prmcisus
539 562 595 590 est,
617 558 663 593 qui
681 562 709 584 et
736 565 844 596 aurum,
866 562 1026 593 argentum,

238 614 289 638 res,
305 606 405 633 ferrum
423 604 581 633 comminuit
592 605 625 632 ".
642 604 707 638 Quae
727 605 809 632 etiam
824 604 923 632 Citriin
941 605 1029 640 imago

240 651 301 679 fuit.
315 650 399 677 Natus
412 650 483 677 enim
499 657 531 677 ex
552 651 606 678 Deo
629 649 709 676 Patre
728 649 822 681 Filius,
849 656 928 684 supra
947 656 1027 683 quam

239 697 294 725 dici
310 701 356 724 aut
367 701 456 724 mente
464 696 522 731 capi
532 700 630 730 potest,
639 696 896 729 contrivitregna,ut
904 695 1028 729 deinceps

241 749 326 776 penes
336 750 396 769 eum
411 742 447 768 sit
467 749 547 769 omne
572 741 713 775 imperium
735 748 741 766 :
759 749 768 766 ι
796 740 932 767 Flectetur
956 740 1028 767 enim

240 788 292 821 ipsi
304 795 384 814 omne
399 795 479 822 genu.
509 791 536 814 et
549 787 640 814 omnis
665 787 753 820 lingua
776 786 947 813 conﬁtebitur
967 786 1028 820 quia

242 833 371 860 Dominus
386 833 466 860 Jesus
481 832 605 860 Christus
626 832 748 867 ingloria
760 837 802 859 est
814 832 859 859 Dei
877 831 964 858 Patris
975 832 1025 859 ”.›

239 878 335 913 Itaque
350 883 377 905 ut
391 886 423 905 ex
440 883 531 905 monte
547 878 593 905 Dei
608 882 635 905 et
652 877 741 905 Patris
758 885 880 905 summus
891 877 1028 911 angniaris

237 929 269 951 et
285 923 386 950 electus
401 923 468 958 lapis
481 925 601 950 resectus
614 922 787 955 Deus,factus
797 927 839 949 est
853 922 929 949 nobis
942 922 1027 949 luere-

242 969 351 996 ditas".
364 968 459 996 Vocati
474 969 570 1003 quippe
583 975 676 996 sumus
689 968 717 996 in
729 968 898 1002 adoptionem
913 967 1028 995 liliorum

242 1025 291 1051 per
305 1016 390 1050 ipsum
404 1015 437 1048 ³¹,
452 1015 600 1050 scriptiqne
615 1014 734 1042 hau-edes
750 1015 794 1042 Dei
805 1015 928 1046 viventis,
939 1022 1028 1049 a-qua-

243 1061 316 1088 litate
331 1061 425 1096 gratiaa
443 1061 558 1095 gratiam
579 1059 794 1087 lucrifacicntes.
811 1060 866 1088 lloc
886 1067 950 1087 vero
965 1060 1027 1094 quid

239 1107 308 1135 est?
325 1108 389 1134 Data
404 1111 446 1134 est
460 1107 567 1141 quidem
592 1107 678 1142 gratia
701 1107 808 1140 antiqua
826 1107 867 1133 illa
887 1111 914 1133 et
928 1107 1028 1133 decan-

243 1156 296 1179 tata
311 1161 317 1178 :
331 1152 435 1179 liberati
455 1156 518 1179 sunt
534 1152 606 1179 enim
620 1159 653 1179 ex
671 1151 787 1186 Egypto
802 1151 948 1179 secundum
967 1159 1026 1179 cor-

241 1206 303 1234 pus.
325 1198 527 1233 servilejugum
546 1197 737 1225 dominationis
760 1205 813 1232 quo
837 1199 1029 1232 premebantur

244 1252 258 1270 a
277 1243 426 1271 cervicibus
441 1244 608 1277 deiecerunt,
621 1251 668 1278 per
678 1243 795 1271 medium
822 1251 897 1270 mare
914 1243 1028 1270 traducti

243 1295 316 1322 sunt,
334 1291 509 1318 comederunt
523 1290 660 1320 niannain
674 1290 827 1322 solitudine,
853 1290 938 1325 688
957 1290 1030 1324 pedi-

243 1337 292 1364 bus
303 1336 411 1363 ﬂumina
423 1335 743 1367 transierunt,.lordanem
757 1335 919 1367 videlicel,in
929 1340 1029 1362 terram

241 1381 432 1416 promissionis
447 1380 593 1408 introducti
610 1385 683 1408 sunt.
701 1381 763 1409 Haec
778 1381 860 1416 igitur
872 1381 959 1416 gratia
984 1380 1030 1408 illa

242 1428 339 1461 prima.
358 1427 455 1454 Verum
471 1427 497 1453 in
519 1426 671 1462 aequalitate
685 1431 712 1454 et
726 1427 901 1455 similitudine
913 1427 1031 1462 antiqua:

241 1473 314 1499 illi-us
330 1472 423 1506 gratiae
432 1472 517 1507 gratia
532 1472 666 1506 impertita
681 1477 724 1499 est
734 1471 873 1505 aChristo,
884 1473 929 1507 qui
942 1472 1031 1500 factus

1076 234 1244 270 ορθωμάτων
1269 235 1386 260 ἐποιεῖτο
1406 232 1508 267 λέγων·
1535 242 1544 258 ι
1565 233 1625 259 Ἀπ’
1649 230 1773 266 ἐμαυτοῦ
1804 230 1878 256 ποιῶ

1076 279 1163 307 οὐδέν.
1185 280 1214 306 Ὀ
1227 280 1254 306 δὲ
1269 279 1365 314 Πατὴρ
1382 280 1395 305 ὁ
1410 280 1439 305 ἐν
1458 279 1519 313 ἐμοὶ
1542 278 1642 312 μένων,
1661 276 1784 304 ποιεῖτά
1805 275 1878 311 ἔργα

1077 325 1168 357 αὐτὸς.
1189 335 1197 351 ι
1217 325 1366 359 Εἱργάζετο
1385 324 1439 360 γὰρ
1462 324 1499 356 ὡς
1520 324 1563 351 διὰ
1575 324 1714 359 δυνάμεως
1731 322 1806 354 ιδίας
1828 322 1876 348 τοῦ

1077 371 1155 403 Υίοῦ,
1170 371 1204 397 δι’
1223 369 1253 398 οῦ
1271 371 1318 398 καὶ
1334 372 1361 397 ὲν
1375 370 1472 406 ἀρχαῖς
1492 370 1525 396 τὰ
1548 370 1636 397 πάντα
1658 369 1726 404 πρὸς
1748 368 1783 394 τὸ
1803 366 1876 394 εἶναι

1085 417 1264 454 παρενεγκὼν
1278 417 1389 448 εἰκότως
1406 414 1717 451 οαυμάζεται.....παρὰ
1730 413 1772 449 τῷ
1786 421 1877 447 σοφω-

1077 464 1152 499 τάτῳ
1170 463 1279 499 Δανιὴλ,
1293 463 1330 494 ὡς
1342 462 1404 498 ὅρος
1418 463 1485 498 ἡμῖν
1505 462 1660 497 ὠνόμασται
1677 461 1759 488 πάλιν
1776 462 1790 487 ό
1807 460 1874 491 Θεὸς

1077 511 1125 538 κα)¹
1142 509 1247 545 Πατὴρ,
1267 509 1296 541 ἐξ
1311 506 1341 536 οὗ
1359 510 1406 535 καὶ
1423 508 1496 540 λίϐος
1517 509 1581 535 ἀνευ
1598 507 1687 543 χειρὸς
1702 507 1830 542 ἐτμήθη.
1846 507 1875 538 ii;

1077 555 1125 582 καὶ
1144 555 1272 582 ὲλέπτυνε
1295 555 1325 581 τὺ
1340 554 1461 589 χρυσίον,
1485 555 1530 581 τὸν
1545 555 1674 589 ἄργυρον,
1691 554 1736 580 τὸν
1755 552 1872 588 χαλκὸν,

1077 599 1123 627 τὸν
1144 600 1262 635 σίδηρον,
1284 600 1330 626 καὶ
1351 597 1385 634 ἦν
1415 600 1454 631 είς
1478 599 1562 625 τύπον
1586 599 1632 625 καὶ
1652 598 1710 624 τόδε
1734 595 1872 633 Χριστοῦ.

1077 646 1262 681 Γεγενημένος
1282 646 1336 680 γὰρ
1358 647 1390 672 ὲκ
1410 645 1477 672 Θεοῦ
1494 645 1599 681 Harpe;
1628 645 1796 680 ἀπορρἡως
1826 643 1873 669 καὶ

1078 692 1149 727 ὑπὲρ
1161 692 1222 718 νοῦν
1235 693 1248 718 ὁ
1262 691 1334 722 Υἱὸς,
1354 691 1500 726 συνέτριψε
1517 691 1566 722 τὰς
1582 690 1732 725 βασιλείας,
1750 689 1783 715 ἰν·
1796 688 1873 723 αὐτῷ

1078 738 1170 764 λοιπὸν
1187 737 1217 764 τὺ
1232 736 1303 763 κατὰ
1315 736 1424 762 πάντων
1440 737 1539 772 κράτος
1553 736 1720 770 ἀνάπτηται·
1739 734 1871 768 ιΚάμψει

1078 783 1131 818 γὰρ
1149 782 1224 818 αὺτῷ
1239 783 1291 809 πᾶν
1306 783 1381 817 γόνυ,
1396 783 1443 809 καὶ
1454 783 1530 809 πᾶσα
1544 783 1654 816 γλῶσσα
1669 780 1872 816 ἐξομολογήσε-

1079 838 1134 861 ται,
1157 830 1198 856 ὃτι
1222 829 1323 864 Κύριος
1353 828 1456 864 Ἰησοῦς
1479 830 1594 864 Χριστὸς
1625 829 1664 859 εἰς
1694 827 1775 860 δόξαν
1801 826 1871 852 Θεοῦ

1079 875 1194 911 Πατρός.
1215 885 1224 901 ›
1242 875 1345 902 Οὐκοῦν
1359 875 1395 906 ὡς
1412 875 1440 908 ἐξ
1457 875 1536 910 ὅρους
1550 874 1598 900 τοῦ
1613 873 1681 900 Θεοῦ
1701 874 1748 899 καὶ
1761 872 1872 907 [ἰατρὸς

1078 923 1275 958 ἀκρογωνιαῖος
1295 923 1341 949 καὶ
1353 921 1480 953 ἐκλεκτὸς
1493 920 1660 956 ἀποτμηθεὶς
1675 920 1749 952 λίθος
1765 920 1779 945 ὸ
1791 919 1870 950 Θεὸς,

1079 970 1190 1004 γέγονεν
1207 969 1272 1004 ἡμῖν
1296 968 1474 1004 κληρονομία.
1504 966 1670 1002 Κεκλήμεοα
1683 965 1737 1001 γὰρ
1756 966 1796 996 εἰς
1816 965 1871 991 uio-

1079 1015 1171 1042 θεσίαν
1195 1015 1229 1041 δι’
1249 1014 1343 1048 αὑτοῦ,
1371 1014 1418 1041 καὶ
1443 1013 1606 1049 κληρονόμοι
1629 1012 1784 1047 γεγόναμεν
1801 1010 1869 1037 Θεοῦ

1079 1061 1191 1093 ζῶντος,
1212 1061 1316 1095 ἰσότητι
1338 1060 1447 1096 χάριτος
1473 1059 1573 1095 χάριτα
1593 1058 1792 1093 κερδαίνοντες.
1816 1057 1870 1084 Καὶ

1079 1107 1104 1133 τί
1119 1106 1150 1141 δὴ
1158 1105 1254 1138 τοῦτο;
1268 1106 1377 1132 Δέδοται
1391 1105 1440 1140 μὲν
1453 1105 1592 1140 γὰρχάρις
1603 1113 1643 1136 τις
1657 1103 1697 1139 τῷ
1716 1103 1839 1139 Ἰσραὴλ,
1853 1104 1868 1138 ἡ

1079 1152 1179 1187 ἀρχαία
1193 1160 1222 1178 τε
1239 1152 1331 1186 ἐκείνη
1347 1151 1395 1178 καὶ
1407 1151 1548 1186 διαϐόητος
1558 1157 1565 1164 ·
1578 1150 1761 1185 λελύτρωνται
1773 1149 1830 1184 γὰρ
1841 1148 1868 1181 ἐξ

1079 1199 1216 1232 Αἰγύπτου
1243 1197 1401 1233 σαρκικῶς,
1423 1197 1473 1232 τὴν
1498 1196 1693 1232 ἐπηρτημένην
1719 1196 1816 1227 αὐτοῖς
1839 1196 1868 1221 ὲκ

1081 1245 1237 1278 πλεονεξίας
1253 1244 1434 1271 ἀπεσείσαντο
1447 1243 1579 1276 δουλείαν,
1599 1242 1814 1277 διεόιϐἀσθησαν
1827 1241 1867 1268 διὰ

1081 1291 1216 1325 θαλάσσης
1234 1291 1319 1326 μέσης
1329 1310 1336 1323 ,
1352 1290 1452 1324 ἔφαγον
1466 1289 1496 1316 τὸ
1515 1289 1603 1325 μάννα
1618 1289 1647 1315 ὲν
1658 1290 1690 1324 τῇ
1708 1289 1819 1323 ἐρήμῳ,
1835 1287 1868 1313 δι-

1080 1335 1161 1370 ῆλθον
1178 1336 1207 1362 ἐν
1219 1336 1279 1362 ποδὶ
1305 1335 1448 1370 ποταμοὺς
1471 1333 1710 1370 (διεπεραιώσαντο
1723 1334 1779 1369 γὰρ
1799 1333 1867 1360 οὕτω

1080 1382 1126 1409 τὸν
1145 1381 1303 1417 Ἰορδάνην),
1313 1380 1542 1416 είσεκομίσθησαν
1556 1381 1595 1412 είς
1610 1381 1660 1415 τὴν
1681 1380 1733 1415 γῆν
1747 1379 1800 1414 τῆς
1819 1380 1866 1406 Ert-

1081 1427 1221 1462 αγγελίας.
1240 1427 1313 1463 Αὕτη
1330 1427 1363 1462 δὴ
1380 1425 1426 1454 οὗν
1443 1428 1460 1462 ἡ
1479 1427 1559 1462 χάρις
1579 1427 1596 1462 ἡ
1620 1426 1726 1462 πρώτη.
1749 1426 1822 1453 Ἀλλ’
1840 1427 1866 1452 ὲν

1084 1473 1185 1508 ἰσότητι
1214 1473 1261 1501 καὶ
1274 1473 1412 1508 ὁμοιότητι
1430 1473 1478 1507 τῆς
1490 1472 1607 1508 ἀρχαίας
1621 1472 1730 1508 ἐκείνης
1745 1473 1864 1508 χάριτος,

242 1524 284 1545 est
321 1518 399 1545 nobis
437 1517 503 1552 lapis
525 1521 556 1544 ut
588 1517 805 1550 fundamentum,
825 1518 882 1545 sive
909 1526 1029 1545 summus

1081 1520 1160 1555 χάρις
1174 1519 1278 1546 δέδοται
1294 1519 1367 1555 παρὰ
1382 1519 1512 1554 Χριστοῦ,
1527 1519 1556 1551 ὃς
1575 1519 1686 1554 γέγονεν
1700 1520 1778 1555 ἡμῖν,
1796 1520 1864 1551 λίθος

241 1564 392 1598 angularis,
407 1569 433 1589 et
461 1570 568 1590 rursum
598 1563 684 1590 haeres
702 1569 732 1590 ut
754 1562 850 1590 Filius.
879 1564 931 1591 Per
956 1564 1030 1591 illum

240 1609 342 1642 quippe
355 1609 476 1636 heredes
501 1608 547 1635 Dei
565 1608 682 1636 instituti
714 1616 810 1636 sumus
825 1609 850 1625 ³¹
863 1629 870 1636 .
891 1609 1031 1642 Quomodo

241 1653 325 1688 igitur
342 1653 367 1680 in
384 1654 537 1688 aequalitate
553 1654 646 1688 primae
661 1653 754 1689 gratim
770 1654 908 1682 secunda?
922 1654 986 1687 Quae
1002 1655 1031 1682 in

243 1699 298 1726 illis
316 1700 418 1726 ﬁebant
441 1701 591 1728 secundum
606 1707 728 1735 carnem,
749 1700 806 1728 sive
829 1708 948 1732 sensum.
974 1701 1031 1729 haec

244 1745 370 1772 Christus
384 1745 532 1772 secundum
544 1746 667 1780 spiritum
681 1751 709 1774 et
720 1747 882 1775 intellectum
897 1748 1030 1782 praestitit.

244 1791 350 1826 Eripuit
368 1799 416 1818 nos
429 1798 446 1819 ο
471 1792 600 1819 servitute
619 1792 764 1827 diabolica,
783 1799 833 1821 ceu
858 1801 891 1820 ex
917 1793 972 1820 luto
1004 1798 1032 1820 et

243 1836 367 1863 latere".
384 1837 521 1864 Liberavit
542 1837 728 1866 aﬂ'ectionibus
756 1839 899 1867 mundanis
919 1844 946 1867 et
971 1847 1032 1867 σει-η

245 1881 352 1908 nalibus
383 1881 572 1910 immunditiis.
593 1883 671 1910 Velut
707 1891 757 1918 per
779 1891 853 1911 mare
889 1885 1030 1913 transitum

242 1926 395 1953 concessit:
413 1922 510 1954 ﬂuctus
531 1928 602 1954 enim
626 1927 704 1962 hujus
724 1929 784 1956 vita
810 1934 837 1956 et
854 1931 1030 1957 acerbitatem

243 1972 303 2007 eius
318 1973 529 2000 sollicitudinum
538 1974 920 2008 praeterivimus.Comcdimus
934 1984 1030 2010 panem

243 2019 276 2044 de
290 2018 359 2045 caelo
375 2018 506 2053 (mystice
517 2019 830 2055 loquimur),Jordanem
845 2023 1030 2054 transivimus,

243 2064 476 2091 circumcisionem
487 2065 513 2091 in
523 2065 618 2098 spiritu
629 2067 796 2101 suscepimus
806 2067 838 2100 “,
848 2068 1030 2096 hacreditatem

178 2111 188 2123 '
243 2109 395 2135 audivimus
404 2117 547 2144 supernam
563 2111 781 2144 civitatem,vere
795 2118 915 2140 sanctam
931 2119 1030 2141 terram

243 2153 320 2186 cujus
335 2159 361 2180 et
378 2153 502 2181 Christus
532 2155 588 2189 ipse
605 2157 726 2184 meminit
753 2165 813 2184 cum
835 2158 893 2184 ait:
924 2167 934 2183 ι
956 2158 1030 2186 Beati

245 2199 335 2232 mites,
354 2199 482 2232 quoniam
496 2200 545 2235 ipsi
562 2203 736 2235 possidebunt
764 2208 864 2230 terram
879 2204 911 2230 ³⁵.
931 2214 940 2230 ι
961 2204 1029 2232 Puto
1045 2201 1066 2227 Ι)

243 2249 332 2271 autent
345 2252 393 2280 ego
407 2246 635 2280 sapientissimum
648 2255 755 2283 quoque
772 2249 966 2284 evangelistam
983 2250 1029 2278 Jo-

243 2297 340 2317 annem
358 2291 407 2318 hoc
429 2291 515 2325 ipsum
549 2293 704 2326 signiﬁcare
726 2294 803 2326 velle,
829 2303 889 2322 cum
908 2296 971 2323 dicit
997 2298 1030 2324 de

243 2336 370 2364 Christo:
387 2338 439 2365 «De
450 2338 617 2373 plenitudine
631 2340 690 2374 ejus
699 2348 747 2367 nos
759 2348 854 2367 omnes
864 2342 1027 2377 accepimus,

241 2386 270 2408 et
286 2383 400 2417 gratiam
416 2391 464 2418 pro
480 2384 576 2417 gratia.
593 2384 661 2416 Quia
677 2384 719 2411 lex
734 2392 782 2419 per
796 2384 886 2412 Mosen
902 2388 962 2414 data
977 2393 1032 2421 est,

242 2428 328 2462 gratia
345 2433 372 2455 et
385 2428 485 2455 veritas
501 2436 547 2463 per
561 2428 653 2456 Jesnm
669 2429 806 2456 Christum
824 2431 893 2458 facta
912 2437 953 2460 cst
966 2433 1000 2460 ³⁸.
1018 2444 1028 2460 ›

243 2466 365 2500 Minister
391 2474 462 2500 cnim
491 2478 518 2500 et
561 2474 694 2501 mediator
731 2475 831 2502 veteris
874 2476 944 2505 illius
971 2476 1033 2513 gra-

244 2519 289 2546 tize
329 2519 416 2547 Moses
443 2519 517 2552 fuit;
540 2521 667 2548 secunda:
715 2526 805 2548 autem
848 2524 1034 2558 gratimtlhri—

241 2569 311 2596 stus,
331 2572 390 2600 quae
413 2565 617 2592 similitudinem
643 2566 741 2600 prioris
770 2568 840 2596 illius
852 2569 943 2597 habet.
966 2570 1031 2606 Typi

240 2611 314 2637 enim
327 2611 437 2646 quidam
453 2615 531 2637 erant
561 2611 594 2637 ad
625 2613 783 2647 veritatem,
815 2616 874 2642 sive
908 2617 1032 2645 veritatis

241 2657 324 2684 decus
341 2657 533 2692 parturientes,
551 2662 626 2685 tanto
640 2659 762 2688 melioris
778 2665 805 2688 et
818 2661 1029 2695 excellentioris,

239 2708 343 2737 quanto
366 2710 426 2738 qua:
458 2704 584 2732 sensibus
609 2713 639 2732 ca
675 2713 736 2740 quze
762 2707 819 2734 sola
853 2708 1029 2743 intelligentia

275 2802 298 2817 "
313 2801 516 2842 ._lt_ian._;tv,10.
555 2805 579 2842 ’ἦ
593 2805 657 2842 Dan.
675 2814 706 2837 tt,
722 2807 767 2833 3L.
807 2807 829 2823 "
846 2807 961 2842 Philipp.
977 2816 1008 2840 ιι,

1092 2808 1133 2834 il.
1172 2808 1194 2824 ”
1211 2809 1308 2842 Ephes.
1337 2818 1366 2842 Il,
1387 2810 1431 2838 20.

1084 1566 1133 1601 μὲν
1155 1566 1192 1597 ὡς
1210 1565 1349 1600 Θεμέλιος,
1368 1565 1451 1600 ἤγουν
1471 1566 1677 1601 ἀκρογωνιαῖος,
1700 1565 1865 1601 κληρονόμος

1081 1612 1109 1639 δὲ
1128 1612 1218 1644 πάλιν,
1232 1605 1270 1642 ὤς
1287 1611 1358 1643 Υἱός.
1376 1612 1529 1647 Γεγόναμεν
1547 1612 1600 1648 γὰρ
1614 1613 1648 1639 δι’
1663 1612 1744 1639 αὑτοῦ
1768 1612 1862 1648 κληρο-

1081 1659 1159 1693 νόμοι
1173 1657 1251 1684 Θεοῦ.
1266 1657 1329 1689 Πῶς
1340 1655 1387 1684 οὖν
1402 1658 1430 1683 ὲν
1445 1658 1548 1693 ἰσότητι
1565 1658 1615 1691 τῆς
1631 1659 1743 1694 πρώτης
1758 1658 1865 1694 χάριτος

1081 1704 1098 1738 ὴ
1115 1703 1228 1739 δευτέρα
1239 1703 1285 1735 ;'A
1303 1703 1358 1739 γὰρ
1374 1703 1416 1729 ἐπ’
1427 1703 1542 1735 ἐκείνοις
1553 1703 1703 1738 ἐπράττετο
1717 1703 1863 1739 σαρκικῶς,

1081 1751 1166 1787 ἦγουν
1189 1749 1342 1784 αἰσθητῶς,
1373 1748 1461 1776 ταῦτα
1492 1749 1666 1776 τετελείωκεν
1692 1750 1734 1784 ἐφ’
1761 1751 1828 1785 ἡμῖν
1851 1751 1864 1776 ό

1081 1796 1197 1832 Χριστὸς
1216 1794 1409 1830 πνευματικῶς
1424 1803 1453 1821 τε
1469 1796 1516 1822 καὶ
1528 1795 1639 1830 νοητῶς.
1665 1795 1796 1828 Ἐξείλετο
1808 1796 1863 1823 δου-

1081 1841 1156 1871 λείας
1172 1840 1339 1875 διιιδολικῆς¹
1356 1840 1393 1871 ὡς
1407 1841 1439 1866 ὲκ
1455 1840 1542 1875 πηλοῦ
1568 1841 1614 1867 καὶ
1634 1840 1783 1873 πλινθείας.
1803 1841 1863 1868 Ἆπ-

1081 1885 1179 1922 ήλλαξε
1205 1885 1259 1911 τῶν
1283 1886 1312 1911 ὲν
1337 1885 1432 1920 κόσμῳ
1457 1885 1551 1912 παθῶν
1586 1886 1705 1912 καὶτῶν
1728 1887 1862 1922 σαρκικῶν

1081 1931 1268 1967 ἁκαθαρσιῶν.
1280 1931 1438 1958 Διεΰιὸασεν
1454 1932 1491 1963 ὼς
1505 1932 1548 1958 διὰ
1566 1931 1703 1968 θαλάσσης
1712 1941 1720 1949 ·
1734 1934 1863 1968 παρεδρά-

1083 1986 1169 2014 μομεν
1188 1977 1242 2013 γὰρ
1255 1977 1299 2004 τὸν
1316 1977 1438 2004 κλύδωνα
1451 1977 1498 2004 τοῦ
1523 1979 1656 2014 παρόντος
1671 1978 1740 2013 βίου,
1756 1980 1802 2006 καὶ
1817 1980 1861 2014 τῆς

1081 2026 1110 2052 ὲν
1133 2024 1206 2060 αὑτῷ
1222 2024 1361 2059 φροντίδος
1382 2024 1412 2050 τὸ
1435 2025 1542 2060 πικρόν.
1563 2025 1715 2060 Ἐφάγομεν
1737 2025 1817 2061 ἄρτον
1836 2027 1860 2059 ἐξ

1080 2069 1196 2104 οὐρανοῦ
1209 2068 1351 2103 (μυστικὸς
1364 2069 1378 2095 ό
1393 2068 1494 2102 λόγος),
1510 2070 1720 2105 διεϐιϐἀσοημεν
1735 2071 1780 2098 τὸν
1800 2071 1860 2106 Ἰορ-

1081 2114 1174 2148 δάνην,
1197 2114 1347 2150 περιτομὴν
1369 2115 1526 2150 ἐσχήκαμεν
1541 2116 1590 2151 τὴν
1608 2117 1637 2143 ὲν
1650 2117 1799 2151 πνεύματι,
1819 2126 1861 2143 κε-

1083 2159 1328 2194 κληρονομήκαμεν
1348 2159 1397 2195 τὴν
1419 2159 1475 2186 ἀνω
1488 2160 1577 2192 πόλιν,
1599 2161 1647 2196 τὴν
1662 2161 1769 2196 ἀληθῶς
1788 2162 1861 2196 ἁγίαν

1082 2206 1144 2240 γῆν,
1168 2202 1201 2239 ἦς
1218 2205 1265 2230 καὶ
1287 2204 1367 2236 αὐτὸς
1389 2206 1403 2231 ό
1429 2206 1545 2241 Χριστὸς
1566 2206 1740 2242 διεμέμνητο,
1763 2207 1858 2242 λέγων·

1085 2257 1094 2273 ι
1106 2245 1244 2283 Μακάριοι
1261 2249 1285 2274 οἱ
1301 2249 1408 2283 πραεῖς,
1426 2249 1467 2276 ὅτι
1480 2250 1557 2276 αὐτοὶ
1572 2250 1804 2288 κληρονομήσουσι
1817 2253 1860 2288 τὴν

1083 2293 1145 2327 γῆν.
1166 2303 1175 2319 ι
1193 2291 1277 2328 Οἶμαι
1292 2294 1320 2320 δὲ
1334 2294 1421 2329 ἔγωγε
1437 2295 1540 2322 καὶτὸν
1559 2297 1713 2330 σοφώτατον
1725 2298 1860 2332 εὐαγγελι-

1083 2340 1149 2374 στὴν
1168 2339 1304 2374 Ἰωάννην,
1323 2341 1388 2367 αὐτὸ
1406 2341 1437 2376 δὴ
1456 2340 1535 2368 τοῦτο
1555 2341 1698 2376 βούλεσθαι
1718 2344 1820 2380 δηλοῦν,
1838 2346 1860 2371 ει

1082 2385 1155 2419 λέγοι
1171 2386 1234 2421 περὶ
1245 2387 1266 2412 Χ
1272 2386 1374 2421 ριστοῦ,
1385 2387 1426 2413 ὅτι
1442 2398 1451 2413 t
1463 2388 1510 2414 Ἐκ
1527 2388 1574 2415 τοῦ
1589 2388 1771 2425 πληρώματος
1784 2391 1859 2418 αὐτοῦ

1082 2431 1162 2466 ἡμεῖς
1176 2432 1275 2463 πάντες
1293 2432 1436 2468 ἐλάϐομεν,
1451 2434 1499 2460 καὶ
1513 2435 1592 2470 χάριν
1606 2436 1666 2462 ἀντὶ
1683 2436 1858 2472 χάριτος.”οτι

1081 2478 1095 2504 ό
1111 2478 1192 2513 νόμος
1208 2477 1252 2504 διὰ
1268 2479 1389 2510 Μωσέως
1407 2479 1484 2515 ἐδόοη
1496 2499 1503 2511 ,
1519 2482 1535 2516 ὴ
1559 2481 1636 2517 χάρις
1657 2483 1704 2508 καὶ
1725 2483 1741 2518 ή
1756 2483 1857 2519 ἀλήθεια

1082 2523 1126 2551 διὰ
1146 2524 1232 2559 Ἴησοῦ
1247 2524 1365 2560 Χριστοῦ
1378 2525 1496 2559 ἐγένετο.
1511 2535 1519 2552 ι
1533 2528 1661 2559 Διάκοιιος
1676 2528 1728 2563 μὲν
1742 2529 1793 2564 γὰρ
1816 2529 1857 2556 καὶ

1084 2570 1198 2605 μεσίτης
1212 2570 1260 2605 τῆς
1273 2570 1390 2604 ἀρχαίας
1403 2571 1509 2606 ἐκείνης
1522 2572 1633 2607 χάριτος
1647 2573 1760 2607 γέγονεν
1773 2575 1787 2600 ὸ
1801 2574 1857 2602 Μω-

1083 2617 1141 2651 σῆςν
1149 2616 1200 2650 τῆς
1213 2624 1245 2649 γε
1262 2616 1315 2652 μὴν
1324 2617 1453 2652 δευτέρας
1468 2618 1579 2653 χάριτος
1590 2619 1604 2646 ὁ
1616 2619 1743 2655 Χριστὸς.
1753 2620 1856 2656 ἐχούσης

1083 2662 1131 2697 μὲν
1154 2663 1303 2698 ὁμοιότητα
1329 2663 1398 2698 πρὸς
1420 2664 1529 2699 ἐκείνην
1552 2664 1644 2697 (τύποι
1665 2666 1720 2701 γὰρ
1742 2664 1808 2702 ἦσαν
1823 2666 1855 2698 ὡς

1080 2708 1148 2743 πρὸς
1172 2708 1318 2744 ἀλήθειαν,
1343 2709 1426 2744 ἤγουν
1449 2710 1479 2736 τὸ
1504 2711 1553 2746 τῆς
1577 2712 1706 2747 ἀληθείας
1728 2712 1855 2743 ὡδίνοντες

1482 2811 1502 2828 ³·
1521 2811 1617 2846 Epltes.
1632 2819 1651 2842 ι,
1670 2812 1686 2839 5
1740 2813 1761 2829 ³²
1782 2812 1851 2841 liora.

240 2842 300 2868 Vm.
316 2837 356 2864 l7.
396 2839 417 2854 ³³
433 2839 516 2867 Exod.
539 2848 556 2873 I,
572 2841 615 2868 Η.
654 2842 677 2857 ³⁵
694 2841 778 2869 Exod.
793 2849 847 2875 xt't,
866 2843 874 2869 l
891 2851 897 2874 ;
914 2837 990 2869 δύου.
1002 2837 1029 2868 ’γι

1081 2849 1101 2870 t.
1141 2843 1162 2859 "
1175 2837 1269 2872 Matth.
1283 2853 1307 2877 ι’,
1323 2837 1365 2871 4.’
1388 2846 1410 2862 ³⁸
1426 2837 1505 2875 Joan.
1521 2837 1553 2881 ll:
1562 2837 1668 2881 “3,111.
