1910 3050
52 152 82 180 69

466 145 740 176 COMMENTARIUS
759 145 791 173 IN
812 145 1008 174 ZACIIARIAM
1029 146 1249 175 PROPIIETAM.

1633 148 1668 176 ’10

53 209 165 242 κάλλος),
177 206 322 242 ἀμείνονος
336 206 364 233 δὲ
375 206 422 232 καὶ
430 205 645 241 ὑπερκειμένης,
653 205 707 240 ὅσῳ
719 204 766 231 καὶ
781 203 834 230 τῶν

889 205 1148 239 comprehenduntur
1176 206 1348 234 antecellunt.
1365 205 1475 234 Accedit
1496 206 1573 234 testis
1597 206 1668 234 Pan.

51 253 180 290 αἰσθητῶν
195 253 349 289 ὑπερφέρω
365 251 397 279 ἂν
410 253 522 284 εἰκότως
537 252 571 278 τὰ
584 251 676 286 νοητά.
694 251 749 278 Καὶ
762 259 832 286 μαρ-

52 303 162 336 τυρήσας
178 305 281 334 γράφει
301 301 316 326 ό
331 298 445 330 Παῦλος,
469 298 509 324 ὅτι
533 297 686 333 κρείττονος
699 296 831 332 διαθήκης

51 348 152 383 γέγονεν
168 346 268 380 ἔγγυος
286 344 400 380 Ἰησοῦς.

83 412 134 440 Καὶ
145 411 264 446 ἐγένετο
284 411 375 445 λόγος
391 409 500 443 Kvpt'ov
517 409 589 444 πρός
608 417 656 444 με,
668 407 778 443 λέγων·
798 408 832 434 Al

54 460 141 495 χεῖρες
153 457 321 491 Ζοροϐάϐελ
331 457 533 490 ἑθεμελὶωσιιν
548 456 601 482 τὸν
619 453 703 481 οἷκον
713 454 830 485 τοῦτον,

54 505 97 531 καὶ
118 505 146 530 αι
167 502 268 537 χεῖρες
295 502 388 529 αὑτοῦ
409 500 639 528 ἐπιτελέσωσιν
655 499 763 530 αὐτὸν,
783 499 832 526 καὶ

54 549 194 585 ὲπιγ-νώσῃ
204 548 282 575 διότι
291 548 398 582 Κύριος
407 546 615 581 παντοκράτωρ
624 543 832 578 ἐξαπέσταλκέ

52 605 85 631 με
99 595 168 629 κρὸς
183 593 230 620 σέ.

84 653 151 685 KG’.
173 650 239 677 Ἰδοὺ
271 650 304 684 δὴ
321 648 400 676 πάλιν
414 649 479 683 ἡμῖν
492 648 521 674 ἐν
535 647 674 679 αἰσθητοῖς
690 646 831 681 πράγμασι

54 697 215 732 καταγράφει
234 695 270 722 τὰ
285 694 384 729 νοητά,
400 694 449 720 καὶ
467 693 521 719 τῶν
538 693 582 719 διὰ
603 692 720 728 Χριστοῦ
741 700 830 727 παρα-

54 743 126 775 δόξως
141 741 344 775 τετελεσμένων
366 739 547 775 παρατίθησιν
571 739 610 770 είς
631 738 715 765 τύπον
736 738 766 764 τὺ
788 736 832 764 διὰ

55 789 136 824 χειρὸς
160 787 316 822 Ζοροϐάϐελ
339 785 410 813 κατὰ
435 785 548 819 καιροὺς
575 783 829 820 ὲκπεπερασμένον.

60 835 160 870 Ἐπειδὴ
176 835 243 870 γὰρ,
262 833 379 868 ἀλούσης
395 833 445 868 τῆς
462 832 637 860 Βαϐυλωνίων
655 832 706 859 ὑπὸ
721 831 831 867 Περσῶν

57 882 97 908 καὶ
117 880 206 915 Κύρου
216 899 224 911 ,
239 879 295 906 τῶν
311 879 359 914 τῆς
373 878 494 910 δουλείας
515 879 619 905 ἀνεῖντο
637 877 744 912 δεσμῶν
760 878 783 903 οἰ
801 876 832 908 ἐξ

62 926 168 962 Ἰσραὴλ,
182 926 228 953 καὶ
244 926 279 961 δὴ
293 926 339 952 καὶ
355 926 456 961 ἀνῆκον
471 925 510 955 εἰς
521 923 706 960 Ἰεροσόλυμα,
719 923 832 958 Δαρείου

57 973 138 999 λοιπὸν
159 972 207 1007 τὴν
231 971 374 998 Χαλδαίων
396 971 532 1002 διέποντος
555 970 654 1005 ἀρχὴν,
679 968 833 1005 προῦτρεπε

57 1017 114 1049 Θεὸς
127 1017 188 1048 τοὺς
200 1017 439 1052 ὑπονοστήσαντας
455 1015 498 1042 τὸν
514 1015 584 1042 θεῖον
594 1015 674 1046 εὐθὺς
690 1014 835 1050 ἀναδείμα-

59 1064 112 1090 σθαι
126 1063 194 1096 ναὺν,
206 1062 397 1097 βασιλεύοντος
415 1062 463 1097 μὲν
479 1061 641 1097 Ζοροόάὸελ,
651 1060 834 1097 ἰερατεύοντός

58 1117 85 1142 γε
102 1108 151 1144 μὴν
168 1107 256 1143 Ἰησοῦ
280 1107 328 1134 τοῦ
350 1106 482 1134 Ἰωσεδὲκ.
501 1107 557 1134 Καὶ
579 1107 694 1142 ἥπτοντο
718 1106 767 1141 μὲν
785 1105 833 1132 τοῦ

59 1155 140 1190 ἔργον,
156 1154 202 1181 καὶ
221 1153 254 1189 δὴ
271 1154 319 1180 καὶ
337 1154 366 1180 ὲν
383 1153 505 1189 πρώταις
518 1152 657 1188 κρηπίδων
672 1152 835 1184 καταδολαῖς

59 1201 84 1226 τὸ
99 1200 173 1235 ἔργον
185 1198 229 1234 ἦν,
244 1197 315 1235 ἦρτο
327 1200 355 1226 δὲ
369 1200 415 1226 καὶ
432 1199 500 1234 ὑψοῦ
515 1200 549 1226 τά
564 1200 639 1235 τείχη
655 1199 759 1231 λοιπὸν,
777 1197 835 1226 εἶτα

61 1247 150 1282 μεταξὺ
171 1246 333 1273 κωλυόντων
356 1246 449 1278 τινῶν,
474 1246 521 1273 καὶ
543 1245 670 1280 ἐμποδὼν
692 1245 834 1279 γεγονότος

60 1293 99 1319 τοῦ
121 1293 213 1328 φθόνου
233 1292 290 1319 τῶν
314 1292 460 1328 περιοίκων
479 1291 581 1322 ἐθνῶν.
600 1291 694 1325 γέγονέ
711 1300 752 1322 τις
771 1291 835 1317 ἁνα-

61 1339 137 1374 κωχὴ,
152 1339 197 1365 καὶ
213 1338 431 1373 σπουδασμάτων
446 1337 500 1364 τῶν
524 1337 569 1364 ἐπὶ
591 1339 646 1369 τοῖς
662 1337 751 1372 ἔργοις
769 1336 834 1363 ἀνά-

61 1385 154 1420 ϐλησις.
175 1384 301 1416 Ἀνὲντος
315 1384 342 1411 δὲ
361 1383 440 1411 πάλιν
463 1383 554 1415 αὐτοῖς
569 1383 615 1409 τοῦ
629 1383 697 1410 Θεοῦ
716 1383 747 1409 τὸ
760 1382 836 1409 δύνα-

62 1431 118 1467 σθαι,
136 1430 286 1465 κατορθοῦν
297 1450 304 1462 ,
330 1429 501 1456 τετελείωται
518 1429 594 1464 μόλις
610 1430 624 1455 ὁ
637 1428 720 1460 νεὼς,
747 1429 834 1463 Ἰησοῦ

63 1477 106 1512 μὲν
128 1475 323 1512 ἱερατεύοντος,
348 1475 500 1510 Ζοροῆάὸελ
512 1483 544 1508 γε
570 1475 623 1510 μὴν
650 1475 831 1509 ἐφεστηκότος

62 1523 102 1549 καὶ
123 1521 318 1557 βασιλεύοντος.
341 1520 409 1547 Ἀλλ’
425 1521 453 1547 ἐν
469 1520 574 1552 τούτοις
598 1520 647 1555 μὲν
664 1521 677 1546 ό
693 1521 742 1555 τῆς
767 1522 836 1547 ἱστο-

64 1569 114 1603 pia;
136 1567 365 1603 συμπεπέρασται
389 1566 477 1600 λόγος.
505 1565 614 1600 Ἐπειδὴ
638 1565 666 1591 δὲ
690 1567 729 1597 είς
752 1565 835 1591 τύπον

64 1613 168 1649 Χριστοῦ
192 1612 379 1648 παρείληπται
407 1611 470 1646 παρ’
491 1610 570 1646 ἡμῶν
594 1611 608 1636 ὁ
628 1611 660 1636 ἐκ
685 1610 732 1645 τῆς
753 1610 837 1636 Ἰούδα

63 1660 139 1695 φυλῆς
150 1658 312 1693 Ζοροῦάϐελ,
325 1658 391 1691 φέρε
404 1657 435 1692 δὴ
449 1656 572 1691 λέγωμεν
586 1656 659 1685 ὅπως
674 1664 703 1681 τε
717 1655 763 1682 καί
776 1655 837 1682 τίνα

63 1705 150 1740 τρόπον
164 1705 264 1740 ἧρξατο
287 1703 337 1738 μὲν
353 1702 433 1734 αὐτὸς
448 1702 600 1738 οἰκοδομεῖν
622 1701 667 1728 τὸν
687 1700 760 1729 οἷκον
779 1703 837 1728 Κυ-

65 1751 132 1786 ρίου,
149 1751 310 1778 τετελείωκε
327 1750 349 1776 δ’
365 1746 398 1776 αὖ
422 1750 437 1776 ὁ
453 1749 548 1784 νοητὸς
571 1748 618 1775 καὶ
642 1748 836 1784 πνευματικός.

65 1797 244 1832 Κατεστήσατο
271 1797 321 1831 μὲν
347 1795 399 1832 γὰρ
417 1795 444 1822 ἐν
468 1795 565 1830 ἀρχαῖς
590 1792 664 1821 οἶκόν
685 1803 746 1820 τινα.
791 1793 838 1821 καὶ

65 1842 202 1877 ἑναύλισμα
227 1841 381 1877 θεοπρεπὲς
406 1839 481 1875 αὐτῷ
501 1848 531 1866 τε
553 1840 599 1866 καὶ
618 1839 657 1874 τῷ
672 1839 769 1875 Πατρὶ,
789 1839 838 1876 τὴν

70 1887 192 1915 Ἰουδαίων
215 1887 393 1922 Συναγωγήν.
416 1886 493 1913 Οὗτω
515 1886 569 1921 γὰρ
591 1886 676 1922 αὐτὴν
703 1885 837 1920 ὠνόμαζε,

66 1933 121 1967 περὶ
136 1932 179 1958 τοῦ
198 1932 340 1966 πανσόφου
366 1931 486 1962 Μωσέως
503 1930 586 1957 εἰπών
597 1939 603 1946 ·
621 1941 631 1956 ι
650 1931 712 1958 Ἐὰν
726 1931 839 1965 γένηται

67 1979 194 2014 προφήτης
208 1978 238 2010 ἐξ
251 1978 331 2012 ὑμῶν
342 1977 484 2013 Κυρίῳ,ὲν
498 1977 617 2012 ὁράματι
631 1976 704 2012 αὑτῷ
715 1977 840 2012 γνωσθὴ-

67 2031 154 2058 caput,
170 2025 213 2051 καὶ
228 2026 256 2051 ὲν
277 2024 354 2059 ὕπνῳ
370 2023 478 2058 λαλήσω
497 2022 581 2057 αὐτῷ.
595 2021 652 2058 Οὐχ
670 2022 756 2054 οὕτως
774 2023 812 2054 ὡς
825 2023 839 2049 ό

69 2068 181 2104 θεράπων
204 2078 254 2105 μου
275 2068 390 2103 Μωσῆς,
413 2069 441 2095 ὲν
463 2068 515 2103 ὅλῳ
530 2068 569 2103 τῷ
590 2068 656 2103 οἴκῳ
679 2076 728 2103 μου
746 2068 840 2099 πιστός

69 2115 140 2141 ἐστιν.
158 2125 166 2140 ι
184 2115 292 2142 Οὐκοῦν
311 2114 506 2149 τεθεμελίωται
522 2114 570 2149 μὲν
589 2114 682 2149 ὥσπερ
703 2111 775 2145 οἶκος
797 2113 841 2140 διὰ

70 2158 184 2193 Χριστοῦ·
194 2159 349 2195 καθῄρηται
361 2159 389 2185 δὲ
405 2158 516 2194 μεταξύ.
528 2159 581 2185 Καὶ
596 2158 660 2193 γοῦν
671 2159 685 2185 ὸ
699 2159 841 2194 προφήτης

74 2202 196 2238 Ἱερεμίας
209 2205 246 2236 ὡς
264 2204 429 2231 πεπτωκότα
450 2213 479 2230 τε
504 2204 552 2230 καὶ
581 2204 752 2239 σεσεισμένον
773 2213 840 2231 κατ-

849 909 869 936 Β

850 1587 871 1615 C

884 251 926 278 lus
944 257 1005 277 cum
1022 251 1117 277 scribit.
1133 251 1167 277 ³⁷.
1179 251 1298 279 melioris
1321 252 1476 279 testamenti
1493 253 1668 280 mediatorcm

884 302 943 323 esse
957 293 1062 322 Iesum.

922 402 1002 430 Vens.
1015 401 1042 434 8,
1057 401 1083 429 9.
1099 401 1130 429 Et
1150 401 1236 436 factus
1251 407 1289 429 est
1306 411 1390 430 sermo
1421 404 1524 431 Domini
1552 406 1587 432 ad
1617 414 1668 440 mc,

884 450 1006 476 ditem:
1043 448 1140 475 Manus
1179 447 1324 475 Zorobabel
1357 449 1531 483 fundaverant
1564 451 1668 478 domum

883 495 972 527 istam,
992 499 1015 521 et
1040 501 1133 520 manus
1168 493 1223 527 ejus
1249 494 1411 528 comphbunt
1446 503 1513 528 eam,
1544 501 1568 523 et
1605 498 1668 524 Sciet

884 541 944 575 quia
979 539 1105 566 Dominus
1125 539 1286 574 omnipotens
1300 540 1371 566 misit
1386 548 1425 567 me
1436 540 1470 566 ad
1485 545 1518 568 te.

919 649 1014 676 XXVI.
1027 649 1077 682 En,
1089 657 1196 676 rursum
1214 650 1239 676 in
1255 650 1336 677 rebus
1358 658 1426 685 quas
1453 659 1532 678 sensu
1563 653 1670 688 attingi-

885 703 953 726 mus,
969 702 1016 723 ens
1039 703 1098 730 qua:
1129 695 1217 722 solum
1236 696 1419 731 intelliguntur
1429 697 1587 730 Ldescribit,
1608 704 1634 725 et
1654 706 1669 725 a

884 740 992 768 Christo
1024 741 1221 768 admirabiliter
1251 746 1466 776 perpetratorum
1485 748 1575 778 typum
1610 752 1669 778 pro-

885 787 960 820 ponit
990 787 1015 814 id
1046 788 1117 822 quod
1147 795 1195 821 per
1219 795 1327 814 manum
1360 787 1509 816 Zorohabcl
1523 790 1668 825 aliquando

885 833 1035 859 coniectum
1050 833 1108 859 fuit.
1125 833 1268 867 I‘osmuam
1283 833 1354 860 enim
1368 833 1524 869 Babyloniis
1550 843 1564 861 a
1599 834 1671 871 Cyro

885 877 1028 905 Persarum
1037 886 1100 913 rege
1111 879 1229 906 subactis
1242 879 1341 905 servitu
1347 884 1371 906 te
1382 880 1496 906 exsoluti
1511 886 1573 907 sunt
1585 881 1672 909 Israe-

884 924 947 956 litm,
964 929 990 951 et
1024 925 1134 958 insuper
1171 924 1388 961 Hierosolymam
1417 927 1562 958 redierunt,
1588 928 1672 963 689

884 969 964 998 Dario
984 976 1075 1004 postea
1087 970 1272 998 Chaldaeorum
1284 979 1394 1006 regnum
1411 979 1586 1006 procurante,
1603 974 1668 1000 bor-

886 1021 958 1046 latus
976 1021 1017 1044 est
1047 1017 1118 1043 Dens
1146 1018 1256 1044 reduces
1287 1022 1315 1043 nt
1336 1023 1399 1044 ante
1433 1019 1522 1045 omnia
1553 1020 1671 1047 divinum

887 1062 1014 1096 templum
1044 1061 1248 1093 reasdilicarent,
1276 1069 1339 1096 rege
1367 1062 1475 1096 quidem
1495 1062 1671 1096 Zorobabele,

884 1107 1007 1142 principe
1017 1111 1106 1134 autem
1118 1107 1286 1134 sacerdotum
1295 1106 1356 1133 .Icsu
1370 1107 1423 1134 ῐὶΙιο
1433 1106 1545 1135 .Iosedec
1555 1108 1587 1134 ³³.
1598 1107 1674 1136 Jam-

884 1160 937 1187 que
951 1153 983 1179 ad
1004 1160 1070 1188 opus
1088 1152 1320 1188 aggrediebantur,
1334 1159 1360 1180 et
1376 1153 1460 1188 prima
1494 1153 1672 1183 fundamenta

880 1198 953 1233 jacta
967 1203 1056 1229 erant,
1066 1203 1092 1225 et
1108 1200 1176 1225 muri
1187 1199 1212 1224 in
1228 1197 1309 1224 altum
1324 1199 1424 1231 educti,
1439 1207 1510 1231 cum,
1524 1201 1672 1234 prohibenv

887 1246 956 1272 tibus
981 1245 1141 1279 quibusdam
1163 1248 1190 1271 et
1218 1244 1318 1271 invidia
1351 1244 1525 1272 ﬁnitimarum
1553 1247 1673 1280 gentium

886 1290 1058 1325 impediente.
1075 1297 1089 1316 a
1105 1290 1196 1316 labore
1213 1295 1348 1316 cessatum
1362 1295 1402 1317 est
1422 1296 1448 1317 et
1462 1298 1572 1325 opermn
1585 1291 1672 1318 studia

886 1337 998 1370 prolata.
1033 1335 1085 1361 Dco
1122 1339 1209 1362 autem
1235 1335 1268 1362 ad
1302 1343 1369 1369 opus
1399 1336 1451 1363 rite
1478 1336 1673 1363 conﬁciendum

887 1380 1140 1408 rnrsusl‘acultatem
1153 1381 1398 1415 suppsdilantewix
1409 1381 1513 1408 tandem
1522 1381 1673 1409 absolutum

886 1431 936 1458 est,
953 1426 1017 1453 Jcsu
1031 1434 1165 1454 summum
1182 1432 1292 1461 gerente
1305 1427 1495 1458 sacerdotium.
1509 1427 1674 1455 Zorobabele

886 1479 976 1500 autem
995 1481 1083 1500 rerum
1108 1473 1234 1508 potiente.
1254 1473 1286 1500 Et
1298 1473 1340 1500 his
1359 1473 1465 1508 quidem
1481 1473 1590 1500 historia
1607 1481 1675 1501 con-

887 1519 987 1546 tinetur
1007 1519 1041 1545 ".
1061 1519 1127 1552 Quia
1147 1526 1210 1547 vero
1223 1527 1272 1555 pro
1288 1524 1351 1555 typo
1365 1519 1464 1547 Christi
1480 1519 1674 1547 Zorobabelem

889 1565 921 1591 de
940 1565 1009 1592 tribu
1029 1563 1096 1591 .Iuda
1123 1570 1211 1591 ormm
1237 1566 1444 1600 assumpsimus,
1461 1572 1521 1600 age,
1553 1566 1675 1593 dicamus

889 1610 1026 1644 quomodo
1051 1614 1078 1636 et
1096 1617 1146 1644 qua
1165 1611 1269 1637 ratione
1283 1611 1398 1646 cmperit
1413 1611 1468 1646 ipse
1485 1611 1592 1645 quidem
1607 1611 1674 1638 tedi-

889 1655 970 1681 ticare
984 1655 1091 1682 domum
1110 1655 1229 1682 Domini:
1244 1656 1290 1683 sed
1307 1662 1396 1683 mente
1409 1662 1563 1691 conceptus,
1578 1662 1605 1683 et
1619 1657 1676 1691 spi-

890 1700 998 1728 ritualis
1016 1700 1170 1729 Zorobabel
1198 1709 1257 1729 eam
1288 1707 1382 1736 postea
1401 1701 1545 1736 perfecerit
1561 1707 1588 1729 et
1609 1709 1676 1729 con-

889 1747 1077 1774 sunnnarcril.
1102 1746 1248 1774 Constituit
1290 1747 1362 1774 enim
1405 1748 1537 1782 principio
1567 1748 1674 1775 domum

889 1793 1032 1826 quamdam
1043 1797 1068 1818 et
1085 1793 1250 1820 mansionem
1262 1793 1380 1820 divinam
1393 1793 1443 1820 sibi
1453 1798 1480 1820 et
1491 1791 1676 1820 PatriIuilteo-

890 1845 949 1864 rum
971 1838 1150 1873 Synagogam.
1167 1838 1212 1866 Sic
1225 1846 1341 1878 namque
1370 1839 1444 1866 illam
1472 1839 1626 1873 appellavit,
1642 1839 1676 1866 de

889 1884 1087 1917 sapientissimo
1106 1884 1224 1911 omnium
1237 1884 1310 1912 Mose
1325 1885 1360 1912 ita
1376 1885 1505 1920 loquens:
1523 1896 1532 1912 ι
1550 1885 1578 1913 Si
1595 1888 1676 1914 fuerit

891 1930 1021 1964 propheta
1040 1937 1073 1957 ex
1091 1930 1167 1957 vobis
1183 1930 1308 1961 Domino,
1324 1931 1350 1957 in
1363 1930 1464 1957 visione
1474 1931 1512 1958 illi
1529 1939 1678 1967 cognoscar

890 1979 917 2001 et
938 1975 963 2001 in
983 1983 1079 2002 somno
1093 1975 1187 2010 loquar
1202 1975 1238 2003 ei.
1279 1975 1336 2002 Non
1358 1976 1398 2003 sic
1425 1980 1453 2002 ut
1474 1984 1568 2004 servus
1601 1985 1677 2005 meus

891 2019 988 2051 Moses.
1009 2020 1034 2047 in
1052 2021 1125 2047 onmi
1149 2021 1228 2047 domo
1252 2028 1311 2048 mea
1337 2021 1422 2048 ﬁdelis
1441 2026 1481 2049 est
1496 2021 1519 2038 ⁸⁸
1534 2041 1542 2049 .
1561 2031 1570 2048 ι
1605 2023 1676 2057 Ergo

891 2066 1002 2092 inlidata
1025 2070 1066 2093 est
1080 2071 1205 2100 tanquam
1221 2067 1316 2094 domus
1327 2074 1374 2102 per
1389 2067 1525 2094 Christum
1536 2088 1544 2101 ,
1572 2071 1618 2095 sed
1636 2069 1676 2095 in-

892 2111 1004 2138 tervallo
1017 2119 1122 2138 eversa.
1133 2111 1220 2144 Quare
1236 2112 1364 2146 propheta
1390 2111 1522 2141 Jeremias
1549 2119 1580 2142 ut
1610 2123 1676 2141 con-

891 2164 998 2185 cussam
1025 2163 1051 2184 et
1065 2158 1211 2193 collapsam
1229 2158 1387 2193 deploratin
1403 2159 1459 2186 haec
1474 2161 1575 2188 verba:
1594 2170 1603 2186 ι
1623 2162 1676 2189 Do-

892 2211 951 2230 mus
966 2204 1047 2231 Israel
1060 2204 1169 2236 cecidit,
1197 2209 1225 2231 et.
1249 2212 1300 2232 non
1327 2208 1369 2232 est
1389 2205 1434 2239 qui
1463 2205 1551 2233 denuo
1576 2207 1677 2234 excitet

70 2248 219 2284 ωλοφύρετο,
236 2250 335 2284 λέγων’
350 2259 358 2275 ι
375 2248 454 2281 Οἶκος
462 2249 569 2284 Ἰσραὴλ
584 2250 689 2281 ἔπεσεν,
704 2250 753 2276 οὐκ
765 2250 839 2276 ἔστιν

891 2257 961 2278 eam.
980 2259 990 2276 ι
1016 2250 1204 2277 Verumtamen
1231 2258 1279 2285 per
1292 2250 1428 2278 Christum
1443 2252 1572 2285 excitata,
1596 2258 1623 2280 et
1650 2253 1677 2280 in

69 2294 242 2330 ὀὰναστήσων
269 2295 360 2323 αὐτόν.
377 2305 385 2321 ι
407 2295 480 2330 Πλὴν
499 2296 647 2330 ἐγήγερται
661 2295 704 2322 διὰ
719 2296 838 2331 Χριστοῦ

69 2339 108 2365 καὶ
126 2341 329 2375 μετεσκευάσθη
348 2341 414 2376 πρὸς
434 2341 464 2367 τὸ
489 2341 610 2376 ἄμεινον,
628 2341 839 2377 εἰσκεκομισμέ-

71 2393 114 2411 νων
131 2387 201 2422 αὐτῷ
220 2387 275 2414 τῶν
293 2387 389 2418 ἐθνῶν,
411 2388 457 2413 καὶ
472 2387 674 2423 ἀναδειχθείσης
695 2387 723 2413 ὲν
747 2387 841 2422 κόσμῳ

70 2431 111 2465 τῆς
127 2432 304 2468 Ἑκκλησίας,
325 2442 334 2458 ι
350 2433 412 2467 ἥτις
432 2433 505 2459 ἐστὶν
529 2430 601 2464 οἶκος
616 2433 682 2459 Θεοῦ
703 2432 813 2465 ζῶντος,
829 2442 838 2459 ι

71 2472 98 2510 ἧς
111 2476 153 2503 τοῦ
167 2477 282 2509 κάλλους
300 2477 412 2511 γέγονεν
425 2477 541 2513 ἐραστὴς
558 2479 571 2504 ό
584 2477 636 2504 τῶν
656 2478 723 2505 ὅλων
740 2478 842 2513 Κύριος

72 2521 111 2546 καὶ
123 2522 194 2554 Θεός.
210 2523 272 2550 ’Ὀτι
298 2523 351 2558 γὰρ
373 2524 544 2558 ἁσυγκρίτως
564 2524 681 2559 ἀμείνων
704 2524 779 2560 παρὰ
797 2525 842 2551 τὸν

72 2566 166 2600 πρῶτον
188 2569 202 2594 ὁ
230 2569 259 2595 ὲν
282 2569 407 2603 ἐσχάτοις
429 2570 534 2604 καιροῖς
560 2569 742 2604 ἐγηγερμένος
767 2569 839 2601 ναὸς,

72 2613 204 2646 τουτέστιν,
218 2615 235 2650 ἠ
259 2614 409 2650 Ἐκκλησία
419 2634 426 2647 ,
442 2615 685 2650 πεπληροφόρηκεν
701 2615 785 2642 εἰπὼν
799 2616 843 2642 διὰ

74 2660 153 2695 φωνῆς
173 2661 302 2694 ’Δγγαιου
316 2660 363 2687 τοῦ
380 2661 517 2696 προφήτου
529 2669 536 2675 ·
550 2670 559 2686 ι
576 2660 623 2692 Τίς
635 2662 708 2687 ἐστιν
722 2662 750 2695 ἐξ
766 2662 843 2697 ὑμῶν

74 2703 210 2739 ἄνθρωπος,
225 2706 255 2738 ὃς
270 2704 326 2732 εἶδε
341 2705 385 2733 τὸν
398 2703 471 2732 οἷκον
487 2706 580 2733 τοῦτον
596 2707 625 2733 ἐν
639 2708 671 2742 τῇ
685 2707 747 2743 δόξῃ
761 2707 842 2734 αὑτοῦ

73 2745 103 2784 τῇ
114 2750 278 2786 ἔμπροσθενς
305 2751 360 2778 Καὶ
387 2752 443 2783 πῶς
466 2752 544 2788 ὑμεῖς
567 2753 678 2788 βλέπετε
696 2754 777 2780 αὑτὸν
797 2753 845 2780 νῦν

106 2847 124 2862 ⁵⁷
141 2849 219 2876 liebr.
239 2856 254 2876 ν
273 2849 296 2865 ³⁸
311 2847 321 2875 ι
335 2848 412 2876 Esdr.
430 2857 473 2882 tv,
491 2850 502 2877 ί
519 2857 595 2885 seqq.
634 2850 700 2886 Agg.
720 2851 835 2879 ιΛΞ-Η.

889 2852 896 2867 ³
914 2853 992 2880 Num.
1008 2861 1054 2887 xu,
1071 2853 1098 2886 6,
1117 2854 1144 2882 7.

892 2297 972 2324 aliam
1001 2295 1194 2330 melioremque
1212 2296 1324 2323 formam
1341 2302 1442 2324 mutata
1456 2299 1678 2331 est,inlroductis

891 2342 917 2369 in
933 2343 1017 2377 ipsam
1033 2342 1166 2376 gentibus,
1181 2346 1209 2369 et
1221 2342 1339 2369 exhibita
1363 2343 1388 2369 in
1417 2344 1516 2370 mutulo
1544 2343 1677 2377 Ecclesia,

895 2397 904 2414 ι
916 2395 976 2422 quae
990 2387 1136 2415 estdomus
1156 2387 1201 2414 Dci
1218 2387 1331 2414 viventis
1361 2387 1396 2420 ⁸¹,
1409 2397 1419 2413 ι
1450 2388 1526 2422 cujus
1559 2389 1677 2422 pulchri-

893 2434 1013 2461 tudinem
1028 2433 1213 2461 universorum
1228 2432 1356 2460 Dominus
1371 2441 1401 2461 ac
1427 2433 1496 2461 Deus
1530 2434 1676 2462 adamavit.

892 2478 1000 2506 Etenim
1017 2479 1153 2514 .lemplum
1181 2479 1310 2507 extremis
1348 2480 1677 2514 temporibusexcitatnm,

893 2525 1040 2553 Ecclesiam
1054 2525 1166 2558 scilicet,
1188 2525 1299 2552 inﬁnitis
1307 2525 1431 2560 partibus
1445 2526 1532 2560 primo
1549 2532 1679 2561 praestare

894 2571 959 2598 satis
989 2578 1122 2606 superque
1135 2571 1235 2603 docuit,
1259 2578 1306 2605 per
1324 2571 1482 2606 prophetam
1496 2573 1622 2608 Aggaeum
1642 2573 1678 2600 ita

892 2617 1021 2651 loquens:
1037 2625 1046 2643 t
1061 2616 1125 2650 Quis
1140 2622 1181 2645 est
1196 2625 1227 2644 ex
1246 2617 1320 2645 vobis
1333 2618 1412 2644 homo
1433 2618 1478 2652 qui
1493 2619 1558 2646 vidit
1570 2620 1679 2647 domum

893 2662 963 2690 banc
975 2663 1001 2689 in
1014 2662 1097 2695 gloria
1111 2670 1158 2689 sua
1171 2663 1324 2697 priorc‘lEt
1348 2663 1481 2697 quomodo
1503 2671 1551 2692 vos
1582 2665 1680 2692 videtis

893 2707 980 2742 ipsam
1003 2715 1073 2735 nunc
1096 2707 1166 2734 sicut
1189 2715 1242 2734 non
1271 2709 1447 2736 exsistentem
1477 2709 1504 2736 in
1533 2715 1680 2738 conspectu

895 2759 984 2782 vestro
1000 2754 1021 2770 δ’
1039 2754 1050 2781 ?
1069 2764 1078 2781 ι
1098 2753 1130 2782 Ει
1155 2754 1224 2782 infra
1244 2762 1250 2780 :
1268 2764 1276 2781 I
1301 2755 1368 2788 Quia
1395 2763 1491 2791 magna
1519 2762 1570 2784 erit
1595 2756 1682 2791 gloria

1183 2853 1204 2870 δι
1221 2853 1310 2882 lTim.
1342 2862 1382 2888 ιιι,
1400 2855 1543 2892 1.5"Agg.
1576 2856 1648 2888 ".6.
