1910 3050
252 142 282 168 τι
743 137 770 164 s.
793 134 928 164 cvtttLLt
949 129 1181 162 ALEXANDRINI
1203 123 1362 157 auctum
1843 126 1874 152 ἠ

252 199 349 226 donius
365 197 442 225 istius
462 197 614 225 novissima:
631 203 710 231 super
724 197 849 232 primam,
865 195 930 223 dicit
946 194 1034 222 Domi-

1090 190 1179 222 καῢὼς
1203 190 1251 224 οὐχ
1274 189 1430 224 ὑπάρχοντα
1453 186 1566 213 ἐνώπιον
1592 185 1685 220 opm;
1702 194 1711 210 ι
1737 183 1793 211 Καὶ
1821 191 1852 217 με

253 252 304 271 nus
328 245 497 277 omnipotens
514 243 553 269 ⁸³.
570 252 580 269 ι
610 243 846 270 Verumenitnvero
876 243 925 268 ista
956 241 1040 268 histo-

254 290 310 316 rice
328 289 458 315 duntaxat
480 288 638 322 intelligere,
663 287 727 322 quin
750 294 854 321 magna:
879 286 990 313 insaniae
1006 286 1041 312 sit

254 334 429 360 dubitandum
448 341 499 360 non
521 337 572 365 est,
602 332 624 359 si
651 333 713 366 quis
737 332 896 367 cogitaverit
925 338 1040 365 quonam

253 377 331 405 nimlo
348 379 481 412 posterior
490 378 671 413 gloriatempli
686 378 732 405 Dei
750 377 918 412 praestantior
934 376 1034 411 prioris

259 423 344 457 gloria
360 423 444 450 videri
462 428 557 458 queat:
574 431 634 449 nam
658 423 723 450 illud
739 422 857 449 incendit
883 430 913 449 ac
932 421 1042 456 diripuit

255 468 419 503 Babylonius
433 468 679 496 Nabuchodonosor
696 478 701 496 :
718 469 800 504 690
811 469 861 495 hoc
877 473 965 495 autem
981 473 1041 502 post

256 515 322 542 illud
339 519 506 543 exstructum
523 520 582 550 post
597 520 701 550 tempus
718 515 891 549 captivitatis,
905 513 1041 541 nihilomi-

253 569 304 588 nus
322 568 336 587 a
363 561 492 590 Romanis
506 563 644 589 incensum
660 569 692 588 ac
705 561 847 595 spoliatum
861 565 913 592 est,
930 561 1040 594 ipsaque

254 608 437 642 Hierosolyma
458 613 484 635 et
510 607 601 635 Iudaea
616 607 741 634 universa
765 607 798 634 ⁸³.
825 606 883 633 Non
905 607 986 641 igitur
1007 607 1040 633 ad

252 653 391 680 veritatem
407 652 506 679 suﬂicit
518 653 645 680 historica
661 652 792 679 narratio.
808 651 892 685 Major
905 656 994 678 autem
1013 656 1042 678 et

252 699 423 732 praestantior
442 699 527 734 gloria
555 698 690 734 posterior
715 705 796 732 quam
817 698 899 732 prior,
921 697 1041 724 Ecclesia

251 749 389 778 assumpta
401 753 410 769 ι
425 744 452 771 in
465 744 590 779 templum
608 747 739 775 sanctum,
752 743 778 770 in
799 743 981 770 habitaculum
995 742 1040 770 Dei

252 789 278 816 in
294 789 393 823 Spiritu
411 789 444 816 ".
459 799 468 815 ι
482 789 738 824 Superteditlcamur
749 788 821 816 enim
838 796 920 823 super
943 788 1039 816 funda-

251 840 338 862 menta
352 835 532 869 apostolorum
543 839 569 862 et
578 834 778 869 prophetarum,
790 841 838 867 per
854 841 961 861 omnetn
977 841 1041 861 con-

1855 183 1875 208 υ.

1092 238 1174 272 ἕτερα
1184 244 1190 250 ”
1203 246 1211 262 ι
1225 236 1296 262 Διότι
1312 234 1417 270 μεγάλη
1428 233 1504 259 ἔσται
1554 231 1616 263 δόξα
1632 230 1678 257 τοῦ
1695 229 1770 256 οἴκου
1782 229 1876 256 τούτου

1092 285 1109 318 ἡ
1125 283 1226 318 ἐσχάτη
1250 281 1319 317 ὑπὲρ
1340 281 1389 316 τὴν
1407 278 1537 314 πρώτην,
1563 277 1637 311 λέγει
1659 277 1762 311 Κύριος
1780 284 1863 302 παντο

1092 329 1212 363 κράτωρ.
1231 337 1241 354 ι
1262 327 1330 353 Ἀλλ’
1352 327 1392 352 ὃτι
1410 325 1458 360 μὲν
1475 324 1553 359 μόνον
1575 322 1717 358 ἱστοριχῶς
1735 322 1768 348 τὰ
1792 321 1875 347 τοιάδε

1092 376 1162 402 νοεῖν
1174 374 1360 407 ἀπόπληκτον,
1377 373 1428 398 οὐκ
1442 372 1474 398 ἂν
1489 370 1632 396 ἑνδοιάσειέ
1642 378 1693 400 τις,
1704 367 1876 402 ἐννενοηκὼτ,

1092 421 1132 448 δτι
1154 419 1212 451 πῶς
1235 419 1267 446 ἂν
1283 419 1367 445 νοοῖτο
1383 417 1587 453 προφερεστέρα
1606 416 1655 450 τῆς
1672 415 1797 450 πρώτης,
1816 414 1832 448 ἡ
1851 414 1876 439 ὲν

1092 467 1218 502 ἐσχάτοις
1241 465 1304 497 δόξα
1328 464 1374 491 τοῦ
1398 463 1470 490 θείου
1496 462 1572 493 ναοῦ,
1591 461 1669 495 εἴπερ
1696 461 1800 486 ἐκεῖνον
1830 459 1874 493 μὲν

1094 511 1281 546 κατενέπρησε
1297 510 1350 536 ικαὶ
1379 509 1529 544 διήρπασεν
1551 508 1564 533 ὁ
1585 505 1754 536 Βαϐυλώνιος
1771 505 1874 530 Ναξου-

1092 557 1256 593 χοδονόσωρ·
1280 556 1325 582 τὸν
1348 555 1376 581 δὲ
1397 553 1456 589 μετ’
1474 554 1576 580 ἐκεῖνον
1600 553 1787 587 ἐγηγερμένον
1812 558 1876 585 μετα

1091 604 1137 630 τὸν
1145 603 1195 638 τῆς
1206 601 1392 637 αἰχμαλωσίας
1400 599 1508 636 καιρὸν,
1515 599 1591 626 οὐδὲν
1599 596 1679 634 ἦττον
1694 598 1826 632 Ῥωμαῖοι
1835 606 1867 622 κα

1092 648 1273 682 τενέπρησαν,
1287 644 1563 680 συγκαταδῃώσιιντες
1578 643 1651 678 αὐτῷ
1664 644 1707 670 καὶ
1723 643 1835 679 [ﬂabra
1849 643 1876 668 ti

1098 693 1286 728 Ἱεροσόλυμα,
1311 691 1358 718 καὶ
1377 691 1485 717 ἃπασαν
1499 690 1528 716 δὲ
1549 690 1599 725 τὴν
1616 689 1751 716 Ἰουδαίων
1767 688 1877 724 χώραν;

1093 739 1196 766 Οῠκουν
1213 738 1319 773 ἀπόχρη
1338 737 1404 772 πρὸς
1421 736 1549 771 ἀλήθειαν
1566 736 1582 770 ἡ
1601 736 1651 771 τῆς
1674 735 1796 769 ἱστορίας
1813 734 1876 760 ἀπό-

1091 785 1174 816 δοσις.
1194 784 1326 818 ’Λμείνων
1342 783 1370 809 δὲ
1395 783 1442 809 καὶ
1453 781 1660 817 προφερεστέρα
1674 782 1723 816 τῆς
1737 780 1849 816 πρώτης
1862 781 1876 815 ἡ

1092 830 1235 856 τελευταία
1252 829 1325 862 δόξα,
1342 827 1566 864 παραληφθείσης
1584 827 1802 862 τῆςἘκκλησίας
1822 836 1830 851 ι
1843 827 1877 857 εἰς

251 885 352 908 tactum
376 881 551 915 suppeditata:
577 879 743 914 operationis
768 879 898 913 cujusque
927 878 1030 906 membr

1092 877 1155 903 ναὸν
1178 876 1264 910 ἅγιον,
1289 877 1328 906 είς
1353 875 1563 909 κατοικητήριον
1582 873 1629 899 τοῦ
1653 873 1720 900 Θεοῦ
1745 874 1775 899 ἐν
1794 873 1874 898 πνεὺ‹

250 927 367 962 coaptati
386 931 466 961 atque
483 926 636 961 compositi,
655 930 683 953 et
697 925 778 953 veluti
797 925 867 952 inter
883 932 931 952 nos
956 924 1044 952 foedus

248 973 372 1000 ineuntes
391 973 415 1000 in
440 973 570 1000 unitatem
593 973 654 1000 fidei
668 977 695 999 et
713 971 865 999 dilectionis
883 978 931 1005 per
956 971 1043 1005 Spin-

249 1023 319 1050 tnm,
333 1019 365 1045 ad
382 1019 547 1046 etliciendum
558 1017 685 1052 templum
697 1023 833 1045 sanctum.
847 1016 960 1051 Lapides
971 1017 1042 1043 ettim

249 1063 304 1090 vivi
317 1071 410 1091 sumus
420 1063 454 1090 ⁵⁸.
471 1063 649 1096 Quamobrem
657 1062 765 1090 divinus
773 1062 870 1089 Paulus
878 1061 1042 1089 credentium

249 1109 449 1136 multitudinem
475 1115 545 1136 nunc
560 1108 667 1143 quidem
689 1108 734 1135 Dei
750 1106 953 1142 agriculturam,
971 1113 1042 1132 nunc

250 1153 296 1181 Dei
332 1155 536 1183 aedificationem
574 1154 681 1182 vocavit
694 1153 717 1170 "’
735 1161 742 1179 :
763 1152 840 1187 cujus
874 1157 904 1179 ut
933 1152 1040 1186 sapiens

250 1199 412 1227 architectus
436 1199 636 1226 fundamentum
669 1199 758 1234 posuit
792 1197 873 1225 Iesus
902 1197 1037 1230 Christus,

250 1245 294 1271 cui
322 1251 416 1272 omnes
443 1245 604 1278 innitimur,
639 1251 688 1279 per
716 1251 796 1278 quem
827 1248 854 1270 et
877 1248 991 1274 stamus,
1011 1247 1039 1270 et

251 1289 377 1324 templum
391 1290 570 1323 nominamur,
582 1291 669 1325 ipsum
679 1289 810 1317 habentes
823 1289 849 1316 in
870 1294 961 1316 mente
972 1288 1036 1316 etin

248 1336 340 1367 corde,
358 1343 407 1370 per
420 1335 549 1370 Spiritum
566 1336 732 1363 habitantem
752 1339 779 1362 et
792 1340 944 1362 manentem
959 1335 992 1350 ⁸⁸·

1097 931 1171 958 ματι.
1193 931 1202 947 ι
1226 919 1491 955 Ἐποικοδομούμεθσ.
1507 920 1561 954 γὰρ
1576 919 1622 945 ἐπὶ
1640 919 1678 954 τῷ
1691 919 1812 954 θεμελίῳ
1829 919 1877 944 τῶν

1095 969 1253 997 ἀποστόλων
1276 968 1322 994 καὶ
1349 966 1514 1002 προφητῶν,
1539 966 1584 993 διὰ
1611 967 1701 1002 πάσης
1730 966 1803 1001 ἁφῆς
1833 967 1877 1001 τῆς

1094 1013 1274 1049 ἐπιχορηγίας
1303 1012 1353 1047 τῆς
1386 1012 1446 1038 κατ’
1472 1012 1612 1047 ἐνέργειαν
1639 1013 1754 1039 ἑκάστου
1785 1012 1877 1047 μέλους

1095 1059 1393 1095 συναρμολογούμενοι.
1420 1059 1467 1085 καὶ
1501 1059 1704 1094 συντιθέμενοι,
1728 1059 1776 1085 καὶ
1799 1059 1876 1085 οἱονεί

1094 1114 1153 1137 πως
1169 1105 1294 1140 ἀλλήλοις
1305 1104 1499 1140 συμϐαίνοντες
1513 1106 1551 1136 εἰς
1563 1105 1675 1140 ἑνότητα
1699 1105 1820 1136 πίστεως
1835 1105 1876 1131 καὶ

1092 1151 1202 1185 ἀγάπης
1225 1150 1270 1176 ἐπὶ
1289 1150 1336 1176 τοῦ
1360 1150 1517 1184 Πνεύματος
1543 1151 1584 1182 εἰς
1605 1151 1668 1177 ναὸν
1691 1150 1780 1185 ἅγιον.
1802 1151 1874 1177 Λίϐοι

1092 1197 1147 1232 γάρ
1162 1197 1245 1230 ἐσμεν
1258 1194 1366 1227 ζῶντες.
1384 1195 1439 1221 Καὶ
1453 1194 1518 1228 γοῦν
1531 1195 1545 1220 ὁ
1556 1194 1698 1225 θεσπέσιος
1710 1195 1818 1226 Παῦλος
1831 1195 1875 1229 τὴν

1091 1243 1146 1269 τῶν
1160 1241 1379 1267 πεπιστευκότων
1388 1240 1503 1275 πληθὺν,
1515 1240 1578 1266 ποτὲ
1592 1241 1640 1276 μὲν
1653 1240 1721 1267 Θεοῦ
1734 1241 1874 1276 γεώργιον,

1091 1287 1156 1314 ποτὲ
1173 1287 1200 1313 δὲ
1216 1287 1248 1322 δὴ
1265 1285 1311 1313 οὖν
1330 1286 1377 1313 καὶ
1396 1286 1540 1322 οἰκοδομὴν
1560 1286 1686 1321 ὠνόμαζε
1701 1286 1784 1313 Θεοῦ·
1802 1287 1849 1312 καὶ
1864 1288 1875 1312 ὁ

1091 1334 1172 1368 σοφὸς
1189 1333 1357 1369 ἁρχιτέκτων
1380 1332 1503 1368 Θεμέλιον
1517 1333 1649 1365 τέθεικεν,
1669 1331 1746 1364 οὗτος
1760 1333 1789 1359 δέ
1807 1334 1874 1359 ἐστιν

255 1380 358 1416 Ἰησοῦς
371 1383 385 1408 ὁ
399 1381 515 1417 Χριστὸς
526 1402 533 1414 ,
546 1378 568 1416 ᾧ
581 1382 613 1418 δὴ
627 1382 727 1413 πάντες
744 1381 938 1416 ὲρηρείσμεθα,
968 1380 1001 1407 δι’
1017 1377 1047 1407 οἵ)
1067 1380 1113 1407 καὶ
1132 1380 1298 1415 ἑστήκαμεν,
1326 1379 1372 1405 καὶ
1382 1379 1441 1405 ναοὶ
1453 1378 1668 1415 χρηματίζομεν,
1678 1378 1760 1405 αὑτὸν
1771 1378 1874 1413 ἔχοντες

249 1431 289 1461 εἰς
306 1429 369 1456 νοῦν
381 1430 429 1456 καὶ
441 1430 557 1466 καρδίαν
572 1429 730 1466 ὲνῳκηκότα
744 1439 774 1456 τε
787 1431 833 1456 καὶ
843 1429 1036 1466 ὲνηυλισμένον
1053 1428 1097 1455 διὰ
1112 1427 1160 1455 τοῦ
1176 1427 1344 1462 Πνεύματος.

285 1476 417 1504 VeusJO.
434 1477 498 1510 Quis
513 1477 580 1504 enim
595 1476 711 1510 despexit
729 1476 756 1502 in
785 1476 839 1503 dies
863 1476 976 1510 parvos?
999 1474 1034 1502 Et

1122 1474 1199 1501 Διότι
1215 1473 1260 1506 τις
1276 1472 1483 1504 ὲξουδένωσεν
1495 1473 1538 1505 εἰς
1555 1473 1670 1506 ἡμέρας
1682 1473 1792 1506 μικράς
1803 1479 1812 1503 ;
1822 1473 1872 1498 Kal

248 1522 418 1554 lenbttnlur,
436 1527 458 1548 et
473 1522 594 1549 uidebunt
605 1521 719 1556 lapidem
739 1525 877 1548 utanneum
902 1522 930 1548 in
957 1529 1037 1548 manu

248 1566 401 1594 Zarobabel.
425 1567 526 1601 Septem
544 1567 588 1594 isti
603 1566 672 1594 oculi
688 1565 796 1594 Domini
807 1571 878 1600 sunt,
897 1568 1038 1602 respicien-

248 1618 286 1640 [1⁷8
298 1621 379 1647 ειῳιιν
390 1621 492 1640 omnem
503 1618 610 1640 terram.

284 1701 392 1728 XXVII.
404 1702 460 1729 Non
479 1707 521 1730 est
533 1704 566 1730 de
580 1711 641 1730 mox
658 1703 757 1732 futuris
773 1704 859 1738 visio;
887 1704 933 1730 sed
949 1703 1038 1737 potius

247 1747 281 1775 de
293 1748 456 1775 deducendis
477 1749 510 1775 ad
526 1750 689 1784 propositum
706 1752 796 1782 linem,
821 1753 850 1776 ut
874 1749 1038 1782 temporibus

248 1795 379 1821 adventus
395 1794 512 1820 omnium
537 1801 657 1822 nostrum
684 1795 836 1823 Salvatoris
865 1794 976 1826 Christi,
991 1793 1037 1826 qui

249 1839 275 1866 in
291 1844 411 1866 extrema
427 1844 546 1874 tempora
561 1842 651 1869 smculi
668 1842 747 1876 huius
767 1841 879 1868 incidit:
910 1845 1037 1867 caeterum

248 1894 302 1914 non
326 1887 361 1913 ita
385 1887 430 1914 diu
457 1891 518 1920 post
550 1888 619 1914 hanc
652 1887 821 1922 prophetiam
844 1886 953 1917 editam,
979 1885 1037 1912 sive

249 1930 375 1964 templum
394 1939 440 1966 per
454 1939 563 1958 manum
584 1931 734 1959 Zorobabel
747 1930 904 1958 excitatum.
927 1930 955 1957 Si
977 1930 1037 1964 quis

249 1977 341 2011 igitur,
363 1977 459 2010 inquit,
482 1978 636 2013 despexerit
670 1976 773 2003 medios
793 1976 850 2003 dies
878 1983 976 2011 parvos
1010 1980 1037 2002 et

247 2030 360 2056 paucos,
372 2022 426 2050 sive
441 2023 509 2050 nihil
521 2022 675 2058 pependerit
685 2021 851 2052 dilationem,
861 2029 912 2048 non
924 2025 1037 2048 mmstns

247 2072 354 2102 propter
368 2068 430 2100 hoc,
439 2068 550 2095 omnino
567 2068 638 2094 ontni
655 2067 746 2094 laetitia
759 2067 916 2101 replebitur.
931 2066 1035 2093 Gaude-

247 2113 286 2140 bit
302 2114 384 2145 enim,
396 2118 424 2141 et
435 2114 534 2142 videbit
547 2113 659 2148 lapidem
674 2118 814 2140 statmeum
827 2114 853 2140 in
878 2121 958 2140 manu
985 2112 1036 2140 Zo-

1091 1520 1274 1555 χαρήσονται
1287 1539 1294 1551 ,
1310 1519 1359 1545 καὶ
1375 1518 1500 1553 ὄψονται
1524 1519 1578 1545 τὸν
1594 1519 1682 1545 λίθον
1699 1519 1754 1544 τὸν
1771 1526 1874 1545 κασσι-

1090 1567 1207 1600 τέρινον
1219 1566 1253 1591 ἐν
1269 1564 1344 1598 χειρὶ
1361 1564 1536 1598 Ζοροϐάϐελ.
1559 1565 1652 1591 Ἑπτὰ
1666 1563 1748 1591 οὗτοι
1768 1565 1873 1598 ὀφθαλ-

1087 1611 1137 1646 μοὶ
1162 1611 1273 1644 Κυρίου
1295 1610 1383 1642 εἰσὶν,
1410 1612 1437 1637 οἱ
1461 1610 1685 1644 ἀποϐλέποντες
1703 1611 1753 1637 ἐπὶ
1777 1611 1874 1638 πᾶσαν

1089 1658 1147 1692 τὴν
1163 1658 1231 1692 γῆν.

1124 1704 1186 1730 KZ’.
1207 1704 1244 1730 Οὐ
1261 1703 1325 1738 περὶ
1340 1702 1396 1729 τῶν
1420 1703 1500 1734 εὐθὺς
1523 1703 1660 1738 ἐσομένων
1678 1703 1694 1738 ἡ
1709 1703 1821 1738 ὅρασις,
1834 1703 1873 1729 ὲν-

1088 1750 1277 1785 εχθησομένων
1289 1749 1316 1775 δὲ
1334 1749 1433 1784 μᾶλλον
1446 1750 1485 1780 εἰς
1501 1749 1596 1784 πέρας,
1613 1750 1650 1780 ὡς
1665 1750 1693 1776 ὲν
1709 1751 1817 1784 καιροῖς
1828 1751 1872 1785 τῆς

1089 1795 1236 1830 ἐπιδημίας
1257 1795 1304 1821 τοῦ
1323 1795 1432 1821 πάντων
1455 1795 1534 1830 ἡμῶν
1558 1795 1682 1830 Σωτῆρος
1697 1795 1832 1830 Χριστοῦ,
1858 1796 1872 1830 ἢ

1088 1841 1183 1875 γέγονε
1202 1840 1250 1874 μὲν
1263 1841 1291 1866 ὲν
1306 1840 1430 1874 ἐσχάτοις
1442 1839 1489 1866 τοῦ
1504 1840 1636 1875 παρόντος
1647 1840 1744 1872 αἰῶνος
1757 1842 1870 1875 καιροῖς

1088 1886 1156 1922 πλὴν
1171 1885 1200 1912 οὒ
1212 1894 1253 1912 τοι
1270 1885 1376 1913 πολλοῖς
1394 1885 1462 1920 μετὰ
1474 1885 1561 1912 ταῦτα
1575 1885 1681 1920 χρόνοις
1698 1886 1747 1920 τῆς
1765 1894 1872 1920 προχει-

1089 1931 1174 1965 μένης
1184 1931 1250 1965 ἡμῖν
1267 1930 1445 1965 προφητείας,
1458 1930 1516 1966 ἦτοι
1531 1931 1579 1965 τῆς
1591 1930 1735 1964 οἰκοδομῆς
1750 1930 1798 1956 τοῦ
1811 1931 1872 1956 ναοῦ

1087 1974 1133 2000 τοῦ
1151 1974 1196 2000 διὰ
1222 1975 1312 2009 χειρὸς
1337 1974 1488 2008 Ζοροϐάϐελ
1505 1975 1701 2010 ἐγηγερμένον.
1721 1975 1757 2001 Εἰ
1772 1984 1814 2006 τις
1828 1973 1872 2001 οὖν

1087 2020 1152 2055 ἄρα,
1176 2020 1269 2055 φησὶν,
1298 2019 1484 2051 ὲξουδενὼσειε
1506 2021 1554 2052 τὰς
1577 2021 1677 2055 μεταξὺ
1702 2021 1804 2057 μικρὰς
1829 2023 1873 2048 καὶ

1087 2066 1287 2101 εὐαριθμήτους
1315 2066 1440 2101 ἡμέρας,
1466 2066 1548 2099 ἠγουν
1570 2066 1645 2093 οὐδὲν
1672 2068 1806 2102 ἡγήσαιτο
1825 2069 1872 2103 τὴν

1087 2111 1246 2146 ἀνάϐλησιν,
1259 2112 1309 2137 οὐκ
1321 2111 1470 2147 amatam;
1488 2111 1555 2146 πρὸς
1571 2112 1659 2143 τοῦτο,
1675 2112 1764 2148 πάντη
1782 2121 1812 2139 τε
1827 2115 1871 2139 καὶ

247 2158 365 2186 rohabel.
381 2159 525 2187 Stanneum
540 2147 604 2185 vero
626 2159 738 2194 lapidem
751 2158 887 2186 Christum
904 2158 1034 2186 nominat.

1089 2159 1197 2190 πάντως
1214 2158 1320 2193 ἁπάσης
1331 2158 1406 2184 ἔσται
1418 2158 1550 2194 θυμηδίας
1565 2159 1699 2193 ἔμπλεως.
1714 2160 1871 2195 Χαρήσεται

246 2203 360 2231 Cattsam
374 2205 396 2232 si
413 2205 474 2239 quis
488 2211 568 2231 nosse
585 2205 667 2236 volet,
692 2212 753 2231 mox
780 2204 894 2230 dixerint
915 2208 942 2230 et
975 2211 1034 2237 quae

246 2250 305 2277 aliis
320 2250 455 2282 videntur,
471 2255 498 2278 et
525 2250 602 2277 nobis
633 2257 739 2284 quoque
769 2250 927 2283 probantur.
951 2248 1034 2275 Aiunt

244 2296 315 2322 enim
333 2300 458 2322 stamtum
474 2303 507 2322 ex
526 2303 579 2322 rere
594 2299 621 2322 et
648 2295 756 2330 plumbo
771 2295 925 2328 temperari,
953 2299 1033 2329 atque

246 2341 348 2368 idcirco
369 2349 418 2368 nec
431 2341 540 2368 omnino
553 2348 646 2368 carere
656 2340 764 2373 duritie,
778 2347 827 2367 nec
841 2347 937 2366 vacare
952 2340 1031 2367 etiam

244 2386 420 2413 mollitudine.
445 2386 525 2422 691
541 2386 596 2413 Nos
623 2393 729 2420 quoque
770 2386 967 2420 quodammodo
998 2393 1030 2412 ex

243 2431 344 2459 deitate
359 2439 418 2466 qute
431 2432 457 2459 vi
469 2432 541 2459 nulla
557 2432 644 2465 frangi
664 2439 695 2458 ac
721 2431 854 2458 debilitari
875 2435 971 2466 potest,
1004 2436 1031 2458 et

244 2484 276 2504 ex
290 2478 404 2505 humana
446 2482 553 2509 natura,
579 2477 764 2504 affectionibus
798 2478 875 2512 quasi
903 2479 1027 2511 obnoxia,

243 2520 445 2549 Emmanuelem
477 2522 672 2556 componimus.
698 2521 842 2549 Sciendum
872 2530 951 2557 porro
982 2524 1029 2550 ad—

246 2572 380 2595 amantem
394 2575 501 2602 quoque
519 2567 627 2602 plumbo
644 2568 723 2594 facile
741 2568 885 2602 confringi,
898 2574 926 2595 ut
943 2570 1028 2601 aiunt,

245 2621 306 2641 cum
322 2619 410 2641 tamen
423 2613 598 2648 idperaliam
634 2615 775 2641 materiam
812 2622 864 2641 non
902 2615 1027 2649 patiatur.

247 2660 366 2687 Dicimus
388 2667 451 2694 ergo
465 2659 612 2692 Christum,
634 2661 757 2695 quamvis
780 2661 924 2695 benignum
952 2661 1029 2688 valde

245 2705 375 2740 longeque
393 2707 612 2740 valentissimum,
629 2712 656 2735 et
664 2712 692 2734 ut
709 2707 790 2734 Deum
804 2707 874 2735 nulla
889 2708 1027 2742 prmditnm

244 2751 357 2786 swvitia,
377 2760 424 2780 ceu
440 2753 609 2780 adamantem
628 2753 769 2788 quemdam
789 2752 957 2789 confringere
976 2753 1027 2780 Sa-

278 2842 475 2878 "Agg.tt,10.
514 2842 582 2869 νιν
595 2841 661 2877 Reg.
680 2850 743 2876 xxv,
762 2842 769 2868 l
787 2851 852 2878 s-qq

1087 2205 1152 2241 γὰρ,
1167 2206 1214 2231 καὶ
1229 2205 1323 2240 ὕψεται
1337 2205 1381 2231 τὸν
1403 2205 1475 2231 λίθον
1489 2205 1534 2231 τὸν
1550 2206 1737 2240 κασσιτέρινον
1758 2207 1787 2232 ὲν
1803 2207 1871 2241 χειρὶ

1085 2251 1248 2286 Ζοροϐάϐελ.
1276 2251 1495 2285 Κασσιτέρινον
1519 2251 1548 2277 δὲ
1570 2251 1643 2277 λίθον
1675 2251 1802 2287 ὠνόμασε
1828 2252 1871 2278 τον

1085 2297 1212 2332 Χριστόν.
1229 2297 1284 2324 Καὶ
1300 2298 1379 2328 εἴτις
1396 2296 1517 2331 βούλοιτο
1533 2297 1582 2332 τὴν
1599 2297 1689 2324 αἰτίαν
1706 2298 1870 2332 ἀναμαῡεῖν.

1086 2342 1168 2377 φαίην
1187 2341 1220 2368 ἃν
1235 2342 1315 2373 εὐθὺς
1331 2342 1365 2368 τὰ
1388 2341 1517 2368 δοκοῦντά
1539 2351 1611 2373 τισι,
1635 2343 1682 2368 καὶ
1696 2344 1765 2379 ἡμῖν
1782 2344 1871 2375 αὐτοῖς

1084 2387 1172 2423 ὀρθῶς
1197 2387 1269 2422 ἔχειν
1294 2387 1495 2422 ὑπειλημμένα.
1520 2389 1552 2414 0i
1578 2388 1626 2423 μὲν
1651 2389 1706 2424 γάρ
1734 2398 1802 2423 φασι
1828 2390 1871 2415 τὸν

1084 2433 1245 2468 κασσίτερον
1269 2433 1322 2460 ἀπό
1349 2442 1378 2459 τε
1400 2433 1501 2468 χαλκοῦ
1521 2435 1568 2460 καὶ
1590 2435 1714 2469 μολίὸδου
1737 2437 1789 2471 τὴν
1806 2436 1869 2470 οὐγ-

1083 2487 1183 2513 κρασιν
1202 2478 1284 2513 ἔχειν,
1301 2478 1348 2505 καὶ
1361 2479 1463 2514 ταύτης
1477 2480 1559 2506 ἕνεκα
1576 2481 1626 2515 τῆς
1641 2481 1730 2512 αἰτίας
1745 2481 1808 2508 οὔτε
1823 2483 1869 2508 τοῦ

1083 2522 1152 2550 εἶναι
1171 2524 1287 2559 σκληρὸν
1309 2525 1480 2560 ἀπηλλάχθαι
1498 2526 1648 2559 παντελῶς,
1675 2527 1736 2554 οὔτε
1757 2528 1811 2564 μὴν
1825 2530 1868 2555 ἀν-

1082 2571 1204 2597 αίνεσθαι
1220 2571 1251 2596 τὸ
1270 2570 1342 2606 ἔχειν
1359 2571 1405 2597 καὶ¹
1420 2571 1577 2606 μαλθακῶς.
1599 2573 1767 2608 Συντίθεμεν
1782 2575 1809 2600 δὲ
1824 2575 1869 2600 καὶ

1081 2618 1161 2652 ἡμεῖς
1178 2616 1247 2643 κατὰ
1261 2617 1360 2643 τοιόνδε
1388 2617 1448 2643 τινὰ
1468 2618 1568 2652 τρόπον
1585 2619 1630 2645 τὸν
1647 2619 1824 2655 Ἐμμανουήλ
1838 2621 1868 2646 ἐκ

1080 2671 1110 2688 τε
1130 2663 1179 2698 τῆς
1195 2663 1350 2699 ἀθραύστου
1371 2663 1511 2698 Οεότητος,
1529 2665 1576 2691 καὶ
1595 2666 1626 2691 ὲκ
1644 2665 1694 2700 τῆς
1712 2667 1794 2692 οἱονεί
1811 2675 1867 2698 πως

1080 2707 1220 2742 ἐμπαθοῦς
1244 2707 1464 2743 ἀνθρωπότητος.
1496 2709 1593 2735 ’ἰστέον
1613 2709 1657 2742 δὲ,
1678 2710 1719 2736 ὅτι
1748 2711 1796 2737 καὶ
1824 2710 1866 2736 τον

1081 2754 1221 2788 ἀδάμαντα
1237 2753 1310 2779 λίθον
1333 2753 1450 2788 μολίϐδῳ
1474 2754 1555 2789 φασὶν
1577 2756 1695 2788 εὐκόλως
1721 2757 1866 2792 συνθραὺε-

904 2844 924 2858 ’⁵
939 2842 1034 2878 Epln's.

1100 2842 1144 2870 ‘Zi.
1169 2844 1188 2858 "'
1204 2843 1212 2870 Ι
1227 2844 1296 2870 i'ctr.
1315 2852 1343 2876 It,
1360 2844 1384 2870 5.
1407 2844 1428 2859 ⁸⁷
1450 2843 1532 2871 ICur.
1547 2853 1586 2873 ιιι.
1601 2845 1627 2872 ο.
1659 2846 1682 2861 ³⁸
1697 2845 1863 2874 ibidJO-H.
