  <div class='ocr_page' id='page_1' title='image "/cluster/home/n/w/nwhite01/storage/ocr_20150623/72/njp.32101077772752/062.png"; bbox 0 0 1910 3050; ppageno 0'>
   <div class='ocr_carea' id='block_1_1' title="bbox 51 149 1674 184">
    <p class='ocr_par' dir='ltr' id='par_1_1' title="bbox 51 149 1674 184">
     <span class='ocr_line' id='line_1_1' title="bbox 51 149 1674 184; baseline -0.003 0"><span class='ocrx_word' id='word_1_1' title='bbox 51 156 84 184; x_wconf 76' lang='lat'><strong>73</strong></span> <span class='ocrx_word' id='word_1_2' title='bbox 457 152 731 181; x_wconf 76' lang='lat' dir='ltr'><strong>COMMENTARIUS</strong></span> <span class='ocrx_word' id='word_1_3' title='bbox 747 152 781 180; x_wconf 81' lang='lat' dir='ltr'><strong>IN</strong></span> <span class='ocrx_word' id='word_1_4' title='bbox 801 151 1003 179; x_wconf 74' lang='lat' dir='ltr'><strong>ZACHARIAM</strong></span> <span class='ocrx_word' id='word_1_5' title='bbox 1019 149 1239 179; x_wconf 72' lang='lat' dir='ltr'><strong>PROPllETAM.</strong></span> <span class='ocrx_word' id='word_1_6' title='bbox 1640 151 1674 181; x_wconf 64' lang='grc'><strong>74</strong></span> 
     </span>
    </p>
   </div>
   <div class='ocr_carea' id='block_1_2' title="bbox 50 211 838 250">
    <p class='ocr_par' dir='ltr' id='par_1_2' title="bbox 50 213 837 250">
     <span class='ocr_line' id='line_1_2' title="bbox 50 213 837 250; baseline -0.005 -6"><span class='ocrx_word' id='word_1_7' title='bbox 50 218 122 250; x_wconf 77' lang='grc' dir='ltr'>σθαι,</span> <span class='ocrx_word' id='word_1_8' title='bbox 139 216 231 244; x_wconf 83' lang='grc' dir='ltr'>καίτοι</span> <span class='ocrx_word' id='word_1_9' title='bbox 253 215 333 242; x_wconf 81' lang='grc' dir='ltr'>τοῦτο</span> <span class='ocrx_word' id='word_1_10' title='bbox 354 214 452 242; x_wconf 74' lang='grc' dir='ltr'>παθεῖν</span> <span class='ocrx_word' id='word_1_11' title='bbox 472 214 505 241; x_wconf 87' lang='grc' dir='ltr'><strong>δι’</strong></span> <span class='ocrx_word' id='word_1_12' title='bbox 521 214 618 250; x_wconf 72' lang='grc' dir='ltr'>ἐτέρας</span> <span class='ocrx_word' id='word_1_13' title='bbox 639 214 705 249; x_wconf 80' lang='grc' dir='ltr'>ὕλης</span> <span class='ocrx_word' id='word_1_14' title='bbox 722 215 772 241; x_wconf 84' lang='grc' dir='ltr'>οὐκ</span> <span class='ocrx_word' id='word_1_15' title='bbox 791 213 837 240; x_wconf 78' lang='grc' dir='ltr'><strong>ἀν-</strong></span> 
     </span>
    </p>
   </div>
   <div class='ocr_carea' id='block_1_3' title="bbox 890 211 1674 250">
    <p class='ocr_par' dir='ltr' id='par_1_3' title="bbox 890 211 1674 247">
     <span class='ocr_line' id='line_1_3' title="bbox 890 211 1674 247; baseline 0.003 -9"><span class='ocrx_word' id='word_1_16' title='bbox 890 216 990 243; x_wconf 85' lang='lat' dir='ltr'><strong>tanam,</strong></span> <span class='ocrx_word' id='word_1_17' title='bbox 1008 211 1040 238; x_wconf 91' lang='lat' dir='ltr'><strong>de</strong></span> <span class='ocrx_word' id='word_1_18' title='bbox 1057 218 1109 246; x_wconf 91' lang='lat' dir='ltr'><strong>quo</strong></span> <span class='ocrx_word' id='word_1_19' title='bbox 1122 211 1251 245; x_wconf 86' lang='lat' dir='ltr'><strong>scriptum</strong></span> <span class='ocrx_word' id='word_1_20' title='bbox 1271 216 1376 239; x_wconf 77' lang='lat' dir='ltr'><strong>exstat:</strong></span> <span class='ocrx_word' id='word_1_21' title='bbox 1399 211 1471 239; x_wconf 73' lang='lat' dir='ltr'><strong>«Cor</strong></span> <span class='ocrx_word' id='word_1_22' title='bbox 1483 211 1541 247; x_wconf 81' lang='lat' dir='ltr'><strong>ejus</strong></span> <span class='ocrx_word' id='word_1_23' title='bbox 1567 212 1674 240; x_wconf 84' lang='lat' dir='ltr'><strong>indura-</strong></span> 
     </span>
    </p>
   </div>
   <div class='ocr_carea' id='block_1_4' title="bbox 49 258 837 298">
    <p class='ocr_par' dir='ltr' id='par_1_4' title="bbox 49 258 837 298">
     <span class='ocr_line' id='line_1_4' title="bbox 49 258 837 298; baseline -0.005 -9"><span class='ocrx_word' id='word_1_24' title='bbox 49 263 189 298; x_wconf 68' lang='grc' dir='ltr'>«χύμενον.</span> <span class='ocrx_word' id='word_1_25' title='bbox 206 262 299 297; x_wconf 73' lang='grc' dir='ltr'>Φαμὲν</span> <span class='ocrx_word' id='word_1_26' title='bbox 311 258 369 294; x_wconf 82' lang='grc' dir='ltr'>οὖν,</span> <span class='ocrx_word' id='word_1_27' title='bbox 389 261 430 287; x_wconf 81' lang='grc' dir='ltr'>δτι</span> <span class='ocrx_word' id='word_1_28' title='bbox 451 260 540 286; x_wconf 85' lang='grc' dir='ltr'>καίτοι</span> <span class='ocrx_word' id='word_1_29' title='bbox 563 260 681 296; x_wconf 75' lang='grc' dir='ltr'>χρηστδς</span> <span class='ocrx_word' id='word_1_30' title='bbox 695 259 733 286; x_wconf 82' lang='grc' dir='ltr'>ὢν</span> <span class='ocrx_word' id='word_1_31' title='bbox 756 259 837 293; x_wconf 79' lang='grc' dir='ltr'>ἄγαν,</span> 
     </span>
    </p>
   </div>
   <div class='ocr_carea' id='block_1_5' title="bbox 49 305 839 343">
    <p class='ocr_par' dir='ltr' id='par_1_5' title="bbox 49 305 839 343">
     <span class='ocr_line' id='line_1_5' title="bbox 49 305 839 343; baseline -0.004 -8"><span class='ocrx_word' id='word_1_32' title='bbox 49 309 98 334; x_wconf 74' lang='grc' dir='ltr'>καὶ</span> <span class='ocrx_word' id='word_1_33' title='bbox 111 307 253 343; x_wconf 83' lang='grc' dir='ltr'>παναλκὴς</span> <span class='ocrx_word' id='word_1_34' title='bbox 278 309 293 334; x_wconf 82' lang='grc' dir='ltr'><strong>ὸ</strong></span> <span class='ocrx_word' id='word_1_35' title='bbox 312 307 441 343; x_wconf 76' lang='grc' dir='ltr'>Χριστὸς,</span> <span class='ocrx_word' id='word_1_36' title='bbox 466 306 514 333; x_wconf 74' lang='grc' dir='ltr'>καὶ</span> <span class='ocrx_word' id='word_1_37' title='bbox 530 306 561 333; x_wconf 80' lang='grc' dir='ltr'>τὸ</span> <span class='ocrx_word' id='word_1_38' title='bbox 580 306 684 342; x_wconf 75' lang='grc' dir='ltr'>ἀπηνὲς</span> <span class='ocrx_word' id='word_1_39' title='bbox 698 306 748 333; x_wconf 75' lang='grc' dir='ltr'>οὐκ</span> <span class='ocrx_word' id='word_1_40' title='bbox 769 305 839 341; x_wconf 79' lang='grc' dir='ltr'>ἔχων</span> 
     </span>
    </p>
   </div>
   <div class='ocr_carea' id='block_1_6' title="bbox 48 352 838 389">
    <p class='ocr_par' dir='ltr' id='par_1_6' title="bbox 48 352 838 389">
     <span class='ocr_line' id='line_1_6' title="bbox 48 352 838 389; baseline -0.003 -9"><span class='ocrx_word' id='word_1_41' title='bbox 48 354 87 386; x_wconf 82' lang='grc' dir='ltr'>ὡς</span> <span class='ocrx_word' id='word_1_42' title='bbox 99 354 178 387; x_wconf 74' lang='grc' dir='ltr'>Θεὸς,</span> <span class='ocrx_word' id='word_1_43' title='bbox 186 352 244 381; x_wconf 84' lang='grc' dir='ltr'>οἷον</span> <span class='ocrx_word' id='word_1_44' title='bbox 255 354 399 389; x_wconf 77' lang='grc' dir='ltr'>ἀδάμαντά</span> <span class='ocrx_word' id='word_1_45' title='bbox 412 361 473 380; x_wconf 84' lang='grc' dir='ltr'>τινα</span> <span class='ocrx_word' id='word_1_46' title='bbox 486 352 631 389; x_wconf 85' lang='grc' dir='ltr'>συνθραύει</span> <span class='ocrx_word' id='word_1_47' title='bbox 645 353 690 380; x_wconf 81' lang='grc' dir='ltr'>τὸν</span> <span class='ocrx_word' id='word_1_48' title='bbox 705 353 838 383; x_wconf 81' lang='grc' dir='ltr'><strong>Σατανᾶν,</strong></span> 
     </span>
    </p>
   </div>
   <div class='ocr_carea' id='block_1_7' title="bbox 49 397 839 436">
    <p class='ocr_par' dir='ltr' id='par_1_7' title="bbox 49 397 839 436">
     <span class='ocr_line' id='line_1_7' title="bbox 49 397 839 436; baseline -0.005 -9"><span class='ocrx_word' id='word_1_49' title='bbox 49 400 115 435; x_wconf 71' lang='grc' dir='ltr'>περὶ</span> <span class='ocrx_word' id='word_1_50' title='bbox 137 397 169 427; x_wconf 71' lang='grc' dir='ltr'><strong>οὗ</strong></span> <span class='ocrx_word' id='word_1_51' title='bbox 191 399 364 436; x_wconf 67' lang='grc' dir='ltr'>γέγραπταν</span> <span class='ocrx_word' id='word_1_52' title='bbox 392 409 401 425; x_wconf 78' lang='grc' dir='ltr'><strong>ι</strong></span> <span class='ocrx_word' id='word_1_53' title='bbox 419 400 453 426; x_wconf 81' lang='grc' dir='ltr'><strong>Ἦ</strong></span> <span class='ocrx_word' id='word_1_54' title='bbox 483 399 582 436; x_wconf 82' lang='grc' dir='ltr'>καρδία</span> <span class='ocrx_word' id='word_1_55' title='bbox 604 398 687 426; x_wconf 83' lang='grc' dir='ltr'>αὐτοῦ</span> <span class='ocrx_word' id='word_1_56' title='bbox 715 398 839 432; x_wconf 81' lang='grc' dir='ltr'><strong>πέπηγεν</strong></span> 
     </span>
    </p>
   </div>
   <div class='ocr_carea' id='block_1_8' title="bbox 49 444 835 482">
    <p class='ocr_par' dir='ltr' id='par_1_8' title="bbox 49 444 835 482">
     <span class='ocr_line' id='line_1_8' title="bbox 49 444 835 482; baseline -0.004 -9"><span class='ocrx_word' id='word_1_57' title='bbox 49 446 146 482; x_wconf 84' lang='grc' dir='ltr'>ὥσπερ</span> <span class='ocrx_word' id='word_1_58' title='bbox 161 445 246 478; x_wconf 79' lang='grc' dir='ltr'>λίθος.</span> <span class='ocrx_word' id='word_1_59' title='bbox 263 447 382 482; x_wconf 87' lang='grc' dir='ltr'>Ἔστηκε</span> <span class='ocrx_word' id='word_1_60' title='bbox 397 445 426 472; x_wconf 84' lang='grc' dir='ltr'><strong>δὲ</strong></span> <span class='ocrx_word' id='word_1_61' title='bbox 442 445 536 481; x_wconf 82' lang='grc' dir='ltr'>ὥσπερ</span> <span class='ocrx_word' id='word_1_62' title='bbox 549 445 645 481; x_wconf 80' lang='grc' dir='ltr'>ἄκμων</span> <span class='ocrx_word' id='word_1_63' title='bbox 660 444 804 480; x_wconf 81' lang='grc' dir='ltr'>άνήλατος.</span> <span class='ocrx_word' id='word_1_64' title='bbox 826 453 835 470; x_wconf 77' lang='grc' dir='ltr'><strong>ι</strong></span> 
     </span>
    </p>
   </div>
   <div class='ocr_carea' id='block_1_9' title="bbox 49 487 839 527">
    <p class='ocr_par' dir='ltr' id='par_1_9' title="bbox 49 487 839 527">
     <span class='ocr_line' id='line_1_9' title="bbox 49 487 839 527; baseline -0.003 -9"><span class='ocrx_word' id='word_1_65' title='bbox 49 493 130 519; x_wconf 81' lang='grc' dir='ltr'><strong>Δοκεῖ</strong></span> <span class='ocrx_word' id='word_1_66' title='bbox 153 501 186 526; x_wconf 89' lang='grc' dir='ltr'><strong>γε</strong></span> <span class='ocrx_word' id='word_1_67' title='bbox 211 491 263 527; x_wconf 81' lang='grc' dir='ltr'>μὴν</span> <span class='ocrx_word' id='word_1_68' title='bbox 279 491 327 518; x_wconf 75' lang='grc' dir='ltr'>καὶ</span> <span class='ocrx_word' id='word_1_69' title='bbox 346 491 448 527; x_wconf 70' lang='grc' dir='ltr'>ἑτέρως</span> <span class='ocrx_word' id='word_1_70' title='bbox 467 491 513 518; x_wconf 75' lang='grc' dir='ltr'><strong>τὸν</strong></span> <span class='ocrx_word' id='word_1_71' title='bbox 533 491 705 527; x_wconf 83' lang='grc' dir='ltr'>κασσίτερον,</span> <span class='ocrx_word' id='word_1_72' title='bbox 727 490 776 517; x_wconf 84' lang='grc' dir='ltr'>εἴτ’</span> <span class='ocrx_word' id='word_1_73' title='bbox 792 487 839 516; x_wconf 84' lang='grc' dir='ltr'>οὖν</span> 
     </span>
    </p>
   </div>
   <div class='ocr_carea' id='block_1_10' title="bbox 47 536 839 573">
    <p class='ocr_par' dir='ltr' id='par_1_10' title="bbox 47 536 839 573">
     <span class='ocr_line' id='line_1_10' title="bbox 47 536 839 573; baseline -0.003 -9"><span class='ocrx_word' id='word_1_74' title='bbox 47 538 95 565; x_wconf 80' lang='grc' dir='ltr'>τὸν</span> <span class='ocrx_word' id='word_1_75' title='bbox 120 538 246 573; x_wconf 63' lang='grc' dir='ltr'>μόλιβδον</span> <span class='ocrx_word' id='word_1_76' title='bbox 271 539 311 570; x_wconf 83' lang='grc' dir='ltr'>ιίς</span> <span class='ocrx_word' id='word_1_77' title='bbox 336 537 524 573; x_wconf 82' lang='grc' dir='ltr'><strong>ἀποκάθαρσιν</strong></span> <span class='ocrx_word' id='word_1_78' title='bbox 542 537 592 573; x_wconf 83' lang='grc' dir='ltr'>τὴν</span> <span class='ocrx_word' id='word_1_79' title='bbox 615 537 658 563; x_wconf 85' lang='grc' dir='ltr'><strong>διὰ</strong></span> <span class='ocrx_word' id='word_1_80' title='bbox 681 536 766 572; x_wconf 80' lang='grc' dir='ltr'>πυρὸς</span> <span class='ocrx_word' id='word_1_81' title='bbox 789 536 839 571; x_wconf 82' lang='grc' dir='ltr'>τῆς</span> 
     </span>
    </p>
   </div>
   <div class='ocr_carea' id='block_1_11' title="bbox 49 581 839 619">
    <p class='ocr_par' dir='ltr' id='par_1_11' title="bbox 49 581 839 619">
     <span class='ocr_line' id='line_1_11' title="bbox 49 581 839 619; baseline -0.005 -9"><span class='ocrx_word' id='word_1_82' title='bbox 49 584 150 619; x_wconf 72' lang='grc' dir='ltr'>ἐτέρας</span> <span class='ocrx_word' id='word_1_83' title='bbox 168 583 235 619; x_wconf 85' lang='grc' dir='ltr'><strong>ὕλης</strong></span> <span class='ocrx_word' id='word_1_84' title='bbox 250 583 407 617; x_wconf 76' lang='grc' dir='ltr'>ἀναγκαίως</span> <span class='ocrx_word' id='word_1_85' title='bbox 423 581 685 617; x_wconf 81' lang='grc' dir='ltr'>παραλαμϐάνεσθαι</span> <span class='ocrx_word' id='word_1_86' title='bbox 695 603 703 614; x_wconf 89' lang='lat'><strong>,</strong></span> <span class='ocrx_word' id='word_1_87' title='bbox 721 581 839 616; x_wconf 88' lang='grc' dir='ltr'>μάλιστα</span> 
     </span>
    </p>
   </div>
   <div class='ocr_carea' id='block_1_12' title="bbox 49 626 839 664">
    <p class='ocr_par' dir='ltr' id='par_1_12' title="bbox 49 626 839 664">
     <span class='ocr_line' id='line_1_12' title="bbox 49 626 839 664; baseline -0.005 -8"><span class='ocrx_word' id='word_1_88' title='bbox 49 629 79 656; x_wconf 80' lang='grc' dir='ltr'><strong>δὲ</strong></span> <span class='ocrx_word' id='word_1_89' title='bbox 93 631 152 661; x_wconf 85' lang='grc' dir='ltr'><strong>τοίς</strong></span> <span class='ocrx_word' id='word_1_90' title='bbox 163 629 199 656; x_wconf 82' lang='grc' dir='ltr'>τὰ</span> <span class='ocrx_word' id='word_1_91' title='bbox 214 629 244 661; x_wconf 75' lang='grc' dir='ltr'><strong>ἐξ</strong></span> <span class='ocrx_word' id='word_1_92' title='bbox 255 628 375 664; x_wconf 83' lang='grc' dir='ltr'>ἀργύρου</span> <span class='ocrx_word' id='word_1_93' title='bbox 389 629 562 663; x_wconf 87' lang='grc' dir='ltr'>τεχνουργεῖν</span> <span class='ocrx_word' id='word_1_94' title='bbox 575 627 682 654; x_wconf 76' lang='grc' dir='ltr'><strong>εἰωθόσι</strong></span> <span class='ocrx_word' id='word_1_95' title='bbox 697 627 727 653; x_wconf 81' lang='grc' dir='ltr'>τὸ</span> <span class='ocrx_word' id='word_1_96' title='bbox 742 626 839 662; x_wconf 85' lang='grc' dir='ltr'>χρῆμά</span> 
     </span>
    </p>
   </div>
   <div class='ocr_carea' id='block_1_13' title="bbox 49 673 839 709">
    <p class='ocr_par' dir='ltr' id='par_1_13' title="bbox 49 673 839 709">
     <span class='ocr_line' id='line_1_13' title="bbox 49 673 839 709; baseline -0.005 -7"><span class='ocrx_word' id='word_1_97' title='bbox 49 677 127 702; x_wconf 69' lang='grc' dir='ltr'>ἐστιν</span> <span class='ocrx_word' id='word_1_98' title='bbox 141 676 301 709; x_wconf 82' lang='grc' dir='ltr'>ἀναγκαῖον.</span> <span class='ocrx_word' id='word_1_99' title='bbox 323 675 378 701; x_wconf 79' lang='grc' dir='ltr'><strong>Καὶ</strong></span> <span class='ocrx_word' id='word_1_100' title='bbox 397 674 462 708; x_wconf 78' lang='grc' dir='ltr'>γοῦν</span> <span class='ocrx_word' id='word_1_101' title='bbox 478 673 529 709; x_wconf 74' lang='grc' dir='ltr'><strong>ἔφη</strong></span> <span class='ocrx_word' id='word_1_102' title='bbox 543 682 593 700; x_wconf 86' lang='grc' dir='ltr'><strong>που</strong></span> <span class='ocrx_word' id='word_1_103' title='bbox 607 673 673 705; x_wconf 80' lang='grc' dir='ltr'>Θεὸς</span> <span class='ocrx_word' id='word_1_104' title='bbox 687 673 730 699; x_wconf 84' lang='grc' dir='ltr'>διὰ</span> <span class='ocrx_word' id='word_1_105' title='bbox 746 673 839 707; x_wconf 75' lang='grc' dir='ltr'>φωνῆς</span> 
     </span>
    </p>
   </div>
   <div class='ocr_carea' id='block_1_14' title="bbox 55 717 839 756">
    <p class='ocr_par' dir='ltr' id='par_1_14' title="bbox 55 717 839 756">
     <span class='ocr_line' id='line_1_14' title="bbox 55 717 839 756; baseline -0.006 -8"><span class='ocrx_word' id='word_1_106' title='bbox 55 721 191 756; x_wconf 84' lang='grc' dir='ltr'>Ἰερεμίου</span> <span class='ocrx_word' id='word_1_107' title='bbox 209 721 289 748; x_wconf 84' lang='grc' dir='ltr'>πάλιν</span> <span class='ocrx_word' id='word_1_108' title='bbox 306 721 372 747; x_wconf 81' lang='grc' dir='ltr'>αὐτὸ</span> <span class='ocrx_word' id='word_1_109' title='bbox 386 720 418 755; x_wconf 87' lang='grc' dir='ltr'><strong>δὴ</strong></span> <span class='ocrx_word' id='word_1_110' title='bbox 432 719 511 746; x_wconf 85' lang='grc' dir='ltr'>τοῦτο</span> <span class='ocrx_word' id='word_1_111' title='bbox 526 718 746 754; x_wconf 78' lang='grc' dir='ltr'><strong>αἰνιγματωδῶς·</strong></span> <span class='ocrx_word' id='word_1_112' title='bbox 764 728 773 743; x_wconf 77' lang='grc' dir='ltr'><strong>ι</strong></span> <span class='ocrx_word' id='word_1_113' title='bbox 784 717 839 750; x_wconf 78' lang='grc' dir='ltr'><strong>Ἑξ-</strong></span> 
     </span>
    </p>
   </div>
   <div class='ocr_carea' id='block_1_15' title="bbox 49 764 838 802">
    <p class='ocr_par' dir='ltr' id='par_1_15' title="bbox 49 764 838 802">
     <span class='ocr_line' id='line_1_15' title="bbox 49 764 838 802; baseline -0.005 -9"><span class='ocrx_word' id='word_1_114' title='bbox 49 767 129 794; x_wconf 78' lang='grc' dir='ltr'>ἐλιπε</span> <span class='ocrx_word' id='word_1_115' title='bbox 156 767 283 802; x_wconf 80' lang='grc' dir='ltr'>φυσητὴρ</span> <span class='ocrx_word' id='word_1_116' title='bbox 306 766 360 793; x_wconf 79' lang='grc' dir='ltr'><strong>ἀπὸ</strong></span> <span class='ocrx_word' id='word_1_117' title='bbox 382 766 478 800; x_wconf 80' lang='grc' dir='ltr'>πυρὸς,</span> <span class='ocrx_word' id='word_1_118' title='bbox 503 765 610 797; x_wconf 78' lang='grc' dir='ltr'>ἐξέλιπε</span> <span class='ocrx_word' id='word_1_119' title='bbox 635 764 773 800; x_wconf 75' lang='grc' dir='ltr'>μόλιϐδος,</span> <span class='ocrx_word' id='word_1_120' title='bbox 798 764 838 795; x_wconf 89' lang='grc' dir='ltr'><strong>είς</strong></span> 
     </span>
    </p>
   </div>
   <div class='ocr_carea' id='block_1_16' title="bbox 49 809 834 848">
    <p class='ocr_par' dir='ltr' id='par_1_16' title="bbox 49 809 834 848">
     <span class='ocr_line' id='line_1_16' title="bbox 49 809 834 848; baseline -0.006 -9"><span class='ocrx_word' id='word_1_121' title='bbox 49 813 129 839; x_wconf 79' lang='grc' dir='ltr'>κενὸν</span> <span class='ocrx_word' id='word_1_122' title='bbox 143 812 338 848; x_wconf 82' lang='grc' dir='ltr'>ἁργυροκοπεῖ,</span> <span class='ocrx_word' id='word_1_123' title='bbox 355 810 481 847; x_wconf 77' lang='grc' dir='ltr'>πονηρίαι</span> <span class='ocrx_word' id='word_1_124' title='bbox 494 810 585 838; x_wconf 81' lang='grc' dir='ltr'>αὐτῶν</span> <span class='ocrx_word' id='word_1_125' title='bbox 601 810 650 837; x_wconf 76' lang='grc' dir='ltr'>οὐκ</span> <span class='ocrx_word' id='word_1_126' title='bbox 662 809 807 844; x_wconf 75' lang='grc' dir='ltr'>ἐτάκησαν.</span> <span class='ocrx_word' id='word_1_127' title='bbox 825 818 834 834; x_wconf 79' lang='grc' dir='ltr'><strong>ι</strong></span> 
     </span>
    </p>
   </div>
   <div class='ocr_carea' id='block_1_17' title="bbox 49 855 836 894">
    <p class='ocr_par' dir='ltr' id='par_1_17' title="bbox 49 855 836 894">
     <span class='ocr_line' id='line_1_17' title="bbox 49 855 836 894; baseline -0.005 -9"><span class='ocrx_word' id='word_1_128' title='bbox 49 859 215 894; x_wconf 81' lang='grc' dir='ltr'>Κασσιτέρῳ</span> <span class='ocrx_word' id='word_1_129' title='bbox 225 859 325 890; x_wconf 75' lang='grc' dir='ltr'>τοίνυν,</span> <span class='ocrx_word' id='word_1_130' title='bbox 344 857 429 893; x_wconf 76' lang='grc' dir='ltr'>ἤγουν</span> <span class='ocrx_word' id='word_1_131' title='bbox 446 856 574 892; x_wconf 80' lang='grc' dir='ltr'>μολίϐδῳ,</span> <span class='ocrx_word' id='word_1_132' title='bbox 591 855 756 892; x_wconf 78' lang='grc' dir='ltr'>παρεικάζει</span> <span class='ocrx_word' id='word_1_133' title='bbox 768 855 836 890; x_wconf 86' lang='grc' dir='ltr'>Χρι-</span> 
     </span>
    </p>
   </div>
   <div class='ocr_carea' id='block_1_18' title="bbox 50 901 876 940">
    <p class='ocr_par' dir='ltr' id='par_1_18' title="bbox 50 901 876 940">
     <span class='ocr_line' id='line_1_18' title="bbox 50 901 876 940; baseline -0.006 -9"><span class='ocrx_word' id='word_1_134' title='bbox 50 905 123 935; x_wconf 77' lang='grc' dir='ltr'>στὸν,</span> <span class='ocrx_word' id='word_1_135' title='bbox 142 904 181 936; x_wconf 83' lang='grc' dir='ltr'>ὡς</span> <span class='ocrx_word' id='word_1_136' title='bbox 199 905 351 940; x_wconf 75' lang='grc' dir='ltr'>ἐκτήκοντα</span> <span class='ocrx_word' id='word_1_137' title='bbox 366 904 429 934; x_wconf 84' lang='grc' dir='ltr'>τοὺς</span> <span class='ocrx_word' id='word_1_138' title='bbox 448 902 561 938; x_wconf 80' lang='grc' dir='ltr'><strong>ῥύπους,</strong></span> <span class='ocrx_word' id='word_1_139' title='bbox 581 902 620 934; x_wconf 83' lang='grc' dir='ltr'>ὡς</span> <span class='ocrx_word' id='word_1_140' title='bbox 633 901 838 929; x_wconf 78' lang='grc' dir='ltr'>ἀπαλλάττοντα</span> <span class='ocrx_word' id='word_1_141' title='bbox 855 910 876 939; x_wconf 71' lang='grc' dir='ltr'><strong>Β</strong></span> 
     </span>
    </p>
   </div>
   <div class='ocr_carea' id='block_1_19' title="bbox 48 947 838 985">
    <p class='ocr_par' dir='ltr' id='par_1_19' title="bbox 48 947 838 985">
     <span class='ocr_line' id='line_1_19' title="bbox 48 947 838 985; baseline -0.004 -9"><span class='ocrx_word' id='word_1_142' title='bbox 48 951 104 976; x_wconf 84' lang='grc' dir='ltr'><strong>τῶν</strong></span> <span class='ocrx_word' id='word_1_143' title='bbox 119 949 267 985; x_wconf 79' lang='grc' dir='ltr'><strong>περιττῶν,</strong></span> <span class='ocrx_word' id='word_1_144' title='bbox 283 949 320 981; x_wconf 86' lang='grc' dir='ltr'>ὼς</span> <span class='ocrx_word' id='word_1_145' title='bbox 333 948 553 983; x_wconf 82' lang='grc' dir='ltr'>ἁποκαθαίροντα</span> <span class='ocrx_word' id='word_1_146' title='bbox 570 948 683 983; x_wconf 86' lang='grc' dir='ltr'>νοητῶς.</span> <span class='ocrx_word' id='word_1_147' title='bbox 699 948 730 974; x_wconf 85' lang='grc' dir='ltr'><strong>Εἰ</strong></span> <span class='ocrx_word' id='word_1_148' title='bbox 748 947 779 982; x_wconf 85' lang='grc' dir='ltr'><strong>δή</strong></span> <span class='ocrx_word' id='word_1_149' title='bbox 796 955 838 978; x_wconf 88' lang='grc' dir='ltr'><strong>τις</strong></span> 
     </span>
    </p>
   </div>
   <div class='ocr_carea' id='block_1_20' title="bbox 48 992 837 1032">
    <p class='ocr_par' dir='ltr' id='par_1_20' title="bbox 48 992 837 1032">
     <span class='ocr_line' id='line_1_20' title="bbox 48 992 837 1032; baseline -0.005 -9"><span class='ocrx_word' id='word_1_150' title='bbox 48 994 95 1023; x_wconf 67' lang='grc' dir='ltr'>οὖν</span> <span class='ocrx_word' id='word_1_151' title='bbox 118 995 175 1032; x_wconf 74' lang='grc' dir='ltr'>ἄρα</span> <span class='ocrx_word' id='word_1_152' title='bbox 196 995 456 1030; x_wconf 81' lang='grc' dir='ltr'>κατευμεγεθήσειε,</span> <span class='ocrx_word' id='word_1_153' title='bbox 487 995 564 1029; x_wconf 81' lang='grc' dir='ltr'>φησί,</span> <span class='ocrx_word' id='word_1_154' title='bbox 587 994 636 1028; x_wconf 86' lang='grc' dir='ltr'>τῆς</span> <span class='ocrx_word' id='word_1_155' title='bbox 656 994 710 1020; x_wconf 86' lang='grc' dir='ltr'>τῶν</span> <span class='ocrx_word' id='word_1_156' title='bbox 737 992 837 1028; x_wconf 81' lang='grc' dir='ltr'>μεταξὺ</span> 
     </span>
    </p>
   </div>
   <div class='ocr_carea' id='block_1_21' title="bbox 49 1040 837 1079">
    <p class='ocr_par' dir='ltr' id='par_1_21' title="bbox 49 1040 837 1079">
     <span class='ocr_line' id='line_1_21' title="bbox 49 1040 837 1079; baseline -0.005 -9"><span class='ocrx_word' id='word_1_157' title='bbox 49 1043 155 1079; x_wconf 86' lang='grc' dir='ltr'>καιρῶν</span> <span class='ocrx_word' id='word_1_158' title='bbox 175 1043 312 1077; x_wconf 72' lang='grc' dir='ltr'>εἰσϐολῆς,</span> <span class='ocrx_word' id='word_1_159' title='bbox 333 1042 380 1069; x_wconf 78' lang='grc' dir='ltr'><strong>καὶ</strong></span> <span class='ocrx_word' id='word_1_160' title='bbox 395 1041 471 1068; x_wconf 81' lang='grc' dir='ltr'>οὐδὲν</span> <span class='ocrx_word' id='word_1_161' title='bbox 488 1042 618 1077; x_wconf 79' lang='grc' dir='ltr'>ἡγήσοιτο</span> <span class='ocrx_word' id='word_1_162' title='bbox 633 1041 682 1072; x_wconf 83' lang='grc' dir='ltr'><strong>τὰς</strong></span> <span class='ocrx_word' id='word_1_163' title='bbox 695 1040 739 1067; x_wconf 85' lang='grc' dir='ltr'>διὰ</span> <span class='ocrx_word' id='word_1_164' title='bbox 754 1040 837 1076; x_wconf 84' lang='grc' dir='ltr'>μέσου</span> 
     </span>
    </p>
   </div>
   <div class='ocr_carea' id='block_1_22' title="bbox 51 1085 839 1124">
    <p class='ocr_par' dir='ltr' id='par_1_22' title="bbox 51 1085 839 1124">
     <span class='ocr_line' id='line_1_22' title="bbox 51 1085 839 1124; baseline -0.004 -9"><span class='ocrx_word' id='word_1_165' title='bbox 51 1089 155 1124; x_wconf 77' lang='grc' dir='ltr'>μικρὰς</span> <span class='ocrx_word' id='word_1_166' title='bbox 180 1088 300 1124; x_wconf 81' lang='grc' dir='ltr'>ἡμέρας,</span> <span class='ocrx_word' id='word_1_167' title='bbox 324 1088 473 1123; x_wconf 78' lang='grc' dir='ltr'>χαρήσεται</span> <span class='ocrx_word' id='word_1_168' title='bbox 501 1087 561 1122; x_wconf 85' lang='grc' dir='ltr'>μὲν,</span> <span class='ocrx_word' id='word_1_169' title='bbox 591 1096 601 1112; x_wconf 72' lang='grc' dir='ltr'>ί</span> <span class='ocrx_word' id='word_1_170' title='bbox 620 1087 668 1113; x_wconf 71' lang='grc' dir='ltr'><strong>καὶ</strong></span> <span class='ocrx_word' id='word_1_171' title='bbox 683 1086 776 1121; x_wconf 72' lang='grc' dir='ltr'>ὄψεται</span> <span class='ocrx_word' id='word_1_172' title='bbox 793 1085 839 1113; x_wconf 66' lang='grc' dir='ltr'><strong>τὸν</strong></span> 
     </span>
    </p>
   </div>
   <div class='ocr_carea' id='block_1_23' title="bbox 49 1131 838 1169">
    <p class='ocr_par' dir='ltr' id='par_1_23' title="bbox 49 1131 838 1169">
     <span class='ocr_line' id='line_1_23' title="bbox 49 1131 838 1169; baseline -0.004 -8"><span class='ocrx_word' id='word_1_173' title='bbox 49 1135 124 1161; x_wconf 85' lang='grc' dir='ltr'>λίθον</span> <span class='ocrx_word' id='word_1_174' title='bbox 139 1134 188 1161; x_wconf 74' lang='grc' dir='ltr'>τὸν</span> <span class='ocrx_word' id='word_1_175' title='bbox 203 1134 391 1169; x_wconf 77' lang='grc' dir='ltr'>κασσιτέρινον</span> <span class='ocrx_word' id='word_1_176' title='bbox 406 1135 435 1160; x_wconf 82' lang='grc' dir='ltr'>ὲν</span> <span class='ocrx_word' id='word_1_177' title='bbox 449 1133 521 1168; x_wconf 78' lang='grc' dir='ltr'>χειρὶ</span> <span class='ocrx_word' id='word_1_178' title='bbox 539 1131 701 1168; x_wconf 82' lang='grc' dir='ltr'>Ζοροϐάϐελ.</span> <span class='ocrx_word' id='word_1_179' title='bbox 718 1141 727 1157; x_wconf 74' lang='grc' dir='ltr'><strong>ι</strong></span> <span class='ocrx_word' id='word_1_180' title='bbox 743 1131 799 1158; x_wconf 69' lang='grc' dir='ltr'><strong>Καὶ</strong></span> <span class='ocrx_word' id='word_1_181' title='bbox 811 1131 838 1158; x_wconf 85' lang='grc' dir='ltr'><strong>τί</strong></span> 
     </span>
    </p>
   </div>
   <div class='ocr_carea' id='block_1_24' title="bbox 47 1178 839 1217">
    <p class='ocr_par' dir='ltr' id='par_1_24' title="bbox 47 1178 839 1217">
     <span class='ocr_line' id='line_1_24' title="bbox 47 1178 839 1217; baseline -0.005 -9"><span class='ocrx_word' id='word_1_182' title='bbox 47 1181 79 1216; x_wconf 82' lang='grc' dir='ltr'><strong>δὴ</strong></span> <span class='ocrx_word' id='word_1_183' title='bbox 92 1182 149 1217; x_wconf 81' lang='grc' dir='ltr'>ἄρα</span> <span class='ocrx_word' id='word_1_184' title='bbox 168 1181 228 1207; x_wconf 75' lang='grc' dir='ltr'>ἐστὶ</span> <span class='ocrx_word' id='word_1_185' title='bbox 245 1181 275 1207; x_wconf 72' lang='grc' dir='ltr'><strong>τὸ</strong></span> <span class='ocrx_word' id='word_1_186' title='bbox 290 1181 320 1207; x_wconf 85' lang='grc' dir='ltr'>ὲν</span> <span class='ocrx_word' id='word_1_187' title='bbox 339 1180 411 1215; x_wconf 80' lang='grc' dir='ltr'>χειρὶ</span> <span class='ocrx_word' id='word_1_188' title='bbox 426 1179 593 1215; x_wconf 80' lang='grc' dir='ltr'>Ζοροὸάϐελ;</span> <span class='ocrx_word' id='word_1_189' title='bbox 614 1179 647 1204; x_wconf 82' lang='grc' dir='ltr'><strong>Ἡ</strong></span> <span class='ocrx_word' id='word_1_190' title='bbox 662 1178 839 1209; x_wconf 83' lang='grc' dir='ltr'>θεόπνευστος</span> 
     </span>
    </p>
   </div>
   <div class='ocr_carea' id='block_1_25' title="bbox 48 1223 839 1264">
    <p class='ocr_par' dir='ltr' id='par_1_25' title="bbox 48 1223 839 1264">
     <span class='ocr_line' id='line_1_25' title="bbox 48 1223 839 1264; baseline -0.006 -10"><span class='ocrx_word' id='word_1_191' title='bbox 48 1229 145 1263; x_wconf 76' lang='grc' dir='ltr'>Γραφὴ</span> <span class='ocrx_word' id='word_1_192' title='bbox 161 1228 213 1264; x_wconf 80' lang='grc' dir='ltr'>τὴν</span> <span class='ocrx_word' id='word_1_193' title='bbox 234 1229 312 1263; x_wconf 87' lang='grc' dir='ltr'>χεῖρα</span> <span class='ocrx_word' id='word_1_194' title='bbox 333 1227 439 1262; x_wconf 82' lang='grc' dir='ltr'>δέχεται</span> <span class='ocrx_word' id='word_1_195' title='bbox 465 1227 513 1253; x_wconf 81' lang='grc' dir='ltr'>καὶ</span> <span class='ocrx_word' id='word_1_196' title='bbox 529 1227 569 1257; x_wconf 81' lang='grc' dir='ltr'><strong>εἰς</strong></span> <span class='ocrx_word' id='word_1_197' title='bbox 590 1225 714 1260; x_wconf 84' lang='grc' dir='ltr'>δύναμιν,</span> <span class='ocrx_word' id='word_1_198' title='bbox 731 1223 779 1251; x_wconf 74' lang='grc' dir='ltr'>καὶ</span> <span class='ocrx_word' id='word_1_199' title='bbox 798 1224 839 1255; x_wconf 87' lang='grc' dir='ltr'><strong>είς</strong></span> 
     </span>
    </p>
   </div>
   <div class='ocr_carea' id='block_1_26' title="bbox 48 1269 838 1308">
    <p class='ocr_par' dir='ltr' id='par_1_26' title="bbox 48 1269 838 1308">
     <span class='ocr_line' id='line_1_26' title="bbox 48 1269 838 1308; baseline -0.006 -8"><span class='ocrx_word' id='word_1_200' title='bbox 48 1273 185 1305; x_wconf 77' lang='grc' dir='ltr'>ἐξουσίαν.</span> <span class='ocrx_word' id='word_1_201' title='bbox 206 1273 250 1299; x_wconf 82' lang='grc' dir='ltr'>Ἐν</span> <span class='ocrx_word' id='word_1_202' title='bbox 264 1273 378 1308; x_wconf 80' lang='grc' dir='ltr'>δυνάμει</span> <span class='ocrx_word' id='word_1_203' title='bbox 392 1272 424 1308; x_wconf 82' lang='grc' dir='ltr'><strong>δὴ</strong></span> <span class='ocrx_word' id='word_1_204' title='bbox 441 1271 488 1299; x_wconf 79' lang='grc' dir='ltr'><strong>οὖν</strong></span> <span class='ocrx_word' id='word_1_205' title='bbox 498 1292 506 1304; x_wconf 86' lang='grc'><strong>,</strong></span> <span class='ocrx_word' id='word_1_206' title='bbox 523 1272 606 1307; x_wconf 81' lang='grc' dir='ltr'>ἥγουν</span> <span class='ocrx_word' id='word_1_207' title='bbox 621 1271 668 1297; x_wconf 81' lang='grc' dir='ltr'>καὶ</span> <span class='ocrx_word' id='word_1_208' title='bbox 687 1271 715 1296; x_wconf 77' lang='grc' dir='ltr'>ἐν</span> <span class='ocrx_word' id='word_1_209' title='bbox 729 1269 838 1305; x_wconf 78' lang='grc' dir='ltr'>ἐξουσίᾳ</span> 
     </span>
    </p>
   </div>
   <div class='ocr_carea' id='block_1_27' title="bbox 48 1315 835 1355">
    <p class='ocr_par' dir='ltr' id='par_1_27' title="bbox 48 1315 835 1355">
     <span class='ocr_line' id='line_1_27' title="bbox 48 1315 835 1355; baseline -0.006 -9"><span class='ocrx_word' id='word_1_210' title='bbox 48 1321 81 1355; x_wconf 83' lang='grc' dir='ltr'><strong>τῇ</strong></span> <span class='ocrx_word' id='word_1_211' title='bbox 91 1319 139 1347; x_wconf 77' lang='grc' dir='ltr'><strong>τοῦ</strong></span> <span class='ocrx_word' id='word_1_212' title='bbox 149 1318 305 1354; x_wconf 74' lang='grc' dir='ltr'>Ζοροϐάϐελ</span> <span class='ocrx_word' id='word_1_213' title='bbox 317 1319 413 1354; x_wconf 79' lang='grc' dir='ltr'>δψεται</span> <span class='ocrx_word' id='word_1_214' title='bbox 428 1318 473 1345; x_wconf 80' lang='grc' dir='ltr'>τὸν</span> <span class='ocrx_word' id='word_1_215' title='bbox 488 1318 561 1344; x_wconf 84' lang='grc' dir='ltr'>λίθον</span> <span class='ocrx_word' id='word_1_216' title='bbox 576 1317 621 1344; x_wconf 81' lang='grc' dir='ltr'>τὸν</span> <span class='ocrx_word' id='word_1_217' title='bbox 635 1315 835 1351; x_wconf 81' lang='grc' dir='ltr'>κασσιτέρινον,</span> 
     </span>
    </p>
   </div>
   <div class='ocr_carea' id='block_1_28' title="bbox 47 1362 838 1400">
    <p class='ocr_par' dir='ltr' id='par_1_28' title="bbox 47 1362 838 1400">
     <span class='ocr_line' id='line_1_28' title="bbox 47 1362 838 1400; baseline -0.005 -8"><span class='ocrx_word' id='word_1_218' title='bbox 47 1365 185 1398; x_wconf 77' lang='grc' dir='ltr'>τουτέστι,</span> <span class='ocrx_word' id='word_1_219' title='bbox 199 1365 328 1400; x_wconf 80' lang='grc' dir='ltr'>Χριστόν.</span> <span class='ocrx_word' id='word_1_220' title='bbox 347 1363 500 1399; x_wconf 78' lang='grc' dir='ltr'>Ζοροὸἁὸελ</span> <span class='ocrx_word' id='word_1_221' title='bbox 517 1363 566 1399; x_wconf 75' lang='grc' dir='ltr'>μὲν</span> <span class='ocrx_word' id='word_1_222' title='bbox 583 1363 648 1398; x_wconf 79' lang='grc' dir='ltr'>γὰρ,</span> <span class='ocrx_word' id='word_1_223' title='bbox 663 1362 700 1394; x_wconf 86' lang='grc' dir='ltr'>ὠς</span> <span class='ocrx_word' id='word_1_224' title='bbox 716 1362 795 1398; x_wconf 71' lang='grc' dir='ltr'>ἔφην,</span> <span class='ocrx_word' id='word_1_225' title='bbox 806 1362 838 1388; x_wconf 79' lang='grc' dir='ltr'>ἐκ</span> 
     </span>
    </p>
   </div>
   <div class='ocr_carea' id='block_1_29' title="bbox 48 1407 837 1446">
    <p class='ocr_par' dir='ltr' id='par_1_29' title="bbox 48 1407 837 1446">
     <span class='ocr_line' id='line_1_29' title="bbox 48 1407 837 1446; baseline -0.006 -8"><span class='ocrx_word' id='word_1_226' title='bbox 48 1411 136 1446; x_wconf 82' lang='grc' dir='ltr'>φυλῆς</span> <span class='ocrx_word' id='word_1_227' title='bbox 151 1410 200 1438; x_wconf 82' lang='grc' dir='ltr'><strong>τοῦ</strong></span> <span class='ocrx_word' id='word_1_228' title='bbox 220 1410 304 1437; x_wconf 83' lang='grc' dir='ltr'>Ἰούδα</span> <span class='ocrx_word' id='word_1_229' title='bbox 316 1409 490 1445; x_wconf 77' lang='grc' dir='ltr'>βεϐασίλευκε</span> <span class='ocrx_word' id='word_1_230' title='bbox 507 1409 561 1436; x_wconf 82' lang='grc' dir='ltr'>τῶν</span> <span class='ocrx_word' id='word_1_231' title='bbox 576 1409 605 1442; x_wconf 77' lang='grc' dir='ltr'>ἐξ</span> <span class='ocrx_word' id='word_1_232' title='bbox 618 1408 735 1445; x_wconf 82' lang='grc' dir='ltr'>Ἰσραήλ.</span> <span class='ocrx_word' id='word_1_233' title='bbox 756 1407 837 1434; x_wconf 80' lang='grc' dir='ltr'><strong>Ἐϐα-</strong></span> 
     </span>
    </p>
   </div>
   <div class='ocr_carea' id='block_1_30' title="bbox 48 1453 837 1491">
    <p class='ocr_par' dir='ltr' id='par_1_30' title="bbox 48 1453 837 1491">
     <span class='ocr_line' id='line_1_30' title="bbox 48 1453 837 1491; baseline -0.006 -8"><span class='ocrx_word' id='word_1_234' title='bbox 48 1456 158 1483; x_wconf 80' lang='grc' dir='ltr'>σίλευσε</span> <span class='ocrx_word' id='word_1_235' title='bbox 176 1456 204 1482; x_wconf 75' lang='grc' dir='ltr'><strong>δὲ</strong></span> <span class='ocrx_word' id='word_1_236' title='bbox 219 1456 267 1482; x_wconf 75' lang='grc' dir='ltr'>καὶ</span> <span class='ocrx_word' id='word_1_237' title='bbox 287 1456 302 1482; x_wconf 82' lang='grc' dir='ltr'>ὁ</span> <span class='ocrx_word' id='word_1_238' title='bbox 319 1455 437 1491; x_wconf 81' lang='grc' dir='ltr'>Χριστὸς</span> <span class='ocrx_word' id='word_1_239' title='bbox 456 1455 502 1482; x_wconf 70' lang='grc' dir='ltr'><strong>ἐπὶ</strong></span> <span class='ocrx_word' id='word_1_240' title='bbox 523 1454 569 1481; x_wconf 85' lang='grc' dir='ltr'><strong>τὺν</strong></span> <span class='ocrx_word' id='word_1_241' title='bbox 598 1453 723 1490; x_wconf 83' lang='grc' dir='ltr'>Ἰσραὴλ,</span> <span class='ocrx_word' id='word_1_242' title='bbox 740 1453 790 1479; x_wconf 82' lang='grc' dir='ltr'>οὐκ</span> <span class='ocrx_word' id='word_1_243' title='bbox 809 1453 837 1479; x_wconf 82' lang='grc' dir='ltr'>ὲν</span> 
     </span>
    </p>
   </div>
   <div class='ocr_carea' id='block_1_31' title="bbox 46 1499 837 1538">
    <p class='ocr_par' dir='ltr' id='par_1_31' title="bbox 46 1499 837 1538">
     <span class='ocr_line' id='line_1_31' title="bbox 46 1499 837 1538; baseline -0.006 -9"><span class='ocrx_word' id='word_1_244' title='bbox 46 1503 122 1535; x_wconf 74' lang='grc' dir='ltr'>τάξει</span> <span class='ocrx_word' id='word_1_245' title='bbox 140 1504 175 1538; x_wconf 83' lang='grc' dir='ltr'>τῇ</span> <span class='ocrx_word' id='word_1_246' title='bbox 189 1501 250 1529; x_wconf 85' lang='grc' dir='ltr'>καθ’</span> <span class='ocrx_word' id='word_1_247' title='bbox 268 1503 352 1537; x_wconf 78' lang='grc' dir='ltr'>ἡμᾶς,</span> <span class='ocrx_word' id='word_1_248' title='bbox 370 1502 454 1537; x_wconf 76' lang='grc' dir='ltr'>ἤγουν</span> <span class='ocrx_word' id='word_1_249' title='bbox 475 1499 612 1536; x_wconf 84' lang='grc' dir='ltr'>μετρητὴν</span> <span class='ocrx_word' id='word_1_250' title='bbox 625 1499 673 1526; x_wconf 73' lang='grc' dir='ltr'>καὶ</span> <span class='ocrx_word' id='word_1_251' title='bbox 687 1499 774 1535; x_wconf 85' lang='grc' dir='ltr'>χρόνῳ</span> <span class='ocrx_word' id='word_1_252' title='bbox 788 1506 837 1524; x_wconf 83' lang='grc' dir='ltr'><strong>πε-</strong></span> 
     </span>
    </p>
   </div>
   <div class='ocr_carea' id='block_1_32' title="bbox 48 1545 838 1587">
    <p class='ocr_par' dir='ltr' id='par_1_32' title="bbox 48 1545 838 1587">
     <span class='ocr_line' id='line_1_32' title="bbox 48 1545 838 1587; baseline -0.005 -11"><span class='ocrx_word' id='word_1_253' title='bbox 48 1550 229 1587; x_wconf 80' lang='grc' dir='ltr'>περασμένην</span> <span class='ocrx_word' id='word_1_254' title='bbox 242 1549 291 1585; x_wconf 82' lang='grc' dir='ltr'>τὴν</span> <span class='ocrx_word' id='word_1_255' title='bbox 305 1548 443 1584; x_wconf 83' lang='grc' dir='ltr'>βασιλείαν</span> <span class='ocrx_word' id='word_1_256' title='bbox 459 1548 529 1583; x_wconf 78' lang='grc' dir='ltr'>ἔχων</span> <span class='ocrx_word' id='word_1_257' title='bbox 540 1557 547 1565; x_wconf 93' lang='grc'><strong>·</strong></span> <span class='ocrx_word' id='word_1_258' title='bbox 563 1547 620 1574; x_wconf 78' lang='grc' dir='ltr'>ἁλλ’</span> <span class='ocrx_word' id='word_1_259' title='bbox 638 1547 676 1578; x_wconf 84' lang='grc' dir='ltr'>ὡς</span> <span class='ocrx_word' id='word_1_260' title='bbox 695 1546 760 1577; x_wconf 79' lang='grc' dir='ltr'>Θεὸς</span> <span class='ocrx_word' id='word_1_261' title='bbox 775 1545 838 1581; x_wconf 86' lang='grc' dir='ltr'><strong>ἀλη-</strong></span> 
     </span>
    </p>
   </div>
   <div class='ocr_carea' id='block_1_33' title="bbox 890 256 1673 291">
    <p class='ocr_par' dir='ltr' id='par_1_33' title="bbox 890 256 1673 291">
     <span class='ocr_line' id='line_1_33' title="bbox 890 256 1673 291; baseline 0.005 -7"><span class='ocrx_word' id='word_1_262' title='bbox 890 262 947 284; x_wconf 87' lang='lat' dir='ltr'><strong>tum</strong></span> <span class='ocrx_word' id='word_1_263' title='bbox 964 261 1006 283; x_wconf 89' lang='lat' dir='ltr'><strong>est</strong></span> <span class='ocrx_word' id='word_1_264' title='bbox 1022 256 1081 290; x_wconf 85' lang='lat' dir='ltr'><strong>plus</strong></span> <span class='ocrx_word' id='word_1_265' title='bbox 1098 264 1177 290; x_wconf 85' lang='lat' dir='ltr'><strong>quam</strong></span> <span class='ocrx_word' id='word_1_266' title='bbox 1194 257 1269 291; x_wconf 89' lang='lat' dir='ltr'><strong>lapis.</strong></span> <span class='ocrx_word' id='word_1_267' title='bbox 1292 257 1373 285; x_wconf 86' lang='lat' dir='ltr'><strong>Stetit</strong></span> <span class='ocrx_word' id='word_1_268' title='bbox 1398 263 1487 285; x_wconf 85' lang='lat' dir='ltr'><strong>autem</strong></span> <span class='ocrx_word' id='word_1_269' title='bbox 1502 259 1571 286; x_wconf 83' lang='lat' dir='ltr'><strong>sicut</strong></span> <span class='ocrx_word' id='word_1_270' title='bbox 1598 260 1673 288; x_wconf 84' lang='lat' dir='ltr'><strong>incus</strong></span> 
     </span>
    </p>
   </div>
   <div class='ocr_carea' id='block_1_34' title="bbox 891 302 1672 342">
    <p class='ocr_par' dir='ltr' id='par_1_34' title="bbox 891 302 1672 342">
     <span class='ocr_line' id='line_1_34' title="bbox 891 302 1672 342; baseline 0.009 -12"><span class='ocrx_word' id='word_1_271' title='bbox 891 302 1031 338; x_wconf 86' lang='lat' dir='ltr'><strong>impulsata</strong></span> <span class='ocrx_word' id='word_1_272' title='bbox 1043 302 1076 329; x_wconf 64' lang='grc' dir='ltr'><strong>ι’.</strong></span> <span class='ocrx_word' id='word_1_273' title='bbox 1094 312 1103 328; x_wconf 77' lang='grc' dir='ltr'><strong>ι</strong></span> <span class='ocrx_word' id='word_1_274' title='bbox 1121 302 1154 329; x_wconf 83' lang='grc' dir='ltr'><strong>Ει</strong></span> <span class='ocrx_word' id='word_1_275' title='bbox 1171 303 1269 337; x_wconf 84' lang='lat' dir='ltr'><strong>alioqui</strong></span> <span class='ocrx_word' id='word_1_276' title='bbox 1299 309 1432 339; x_wconf 85' lang='lat' dir='ltr'><strong>stannum,</strong></span> <span class='ocrx_word' id='word_1_277' title='bbox 1460 307 1515 334; x_wconf 86' lang='lat' dir='ltr'><strong>sive</strong></span> <span class='ocrx_word' id='word_1_278' title='bbox 1537 308 1672 342; x_wconf 86' lang='lat' dir='ltr'><strong>plumbum</strong></span> 
     </span>
    </p>
   </div>
   <div class='ocr_carea' id='block_1_35' title="bbox 890 347 1672 382">
    <p class='ocr_par' dir='ltr' id='par_1_35' title="bbox 890 347 1672 382">
     <span class='ocr_line' id='line_1_35' title="bbox 890 347 1672 382; baseline 0.01 -9"><span class='ocrx_word' id='word_1_279' title='bbox 890 348 923 374; x_wconf 85' lang='lat' dir='ltr'><strong>ad</strong></span> <span class='ocrx_word' id='word_1_280' title='bbox 939 347 1125 382; x_wconf 73' lang='lat' dir='ltr'><strong>purgationem</strong></span> <span class='ocrx_word' id='word_1_281' title='bbox 1141 354 1188 382; x_wconf 87' lang='lat' dir='ltr'><strong>per</strong></span> <span class='ocrx_word' id='word_1_282' title='bbox 1208 349 1294 382; x_wconf 72' lang='lat' dir='ltr'><strong>ignem</strong></span> <span class='ocrx_word' id='word_1_283' title='bbox 1308 349 1419 378; x_wconf 77' lang='lat' dir='ltr'><strong>alterius</strong></span> <span class='ocrx_word' id='word_1_284' title='bbox 1444 353 1542 380; x_wconf 88' lang='lat' dir='ltr'><strong>tnetalli</strong></span> <span class='ocrx_word' id='word_1_285' title='bbox 1571 355 1672 381; x_wconf 78' lang='lat' dir='ltr'><strong>assumi</strong></span> 
     </span>
    </p>
   </div>
   <div class='ocr_carea' id='block_1_36' title="bbox 890 392 1673 433">
    <p class='ocr_par' dir='ltr' id='par_1_36' title="bbox 890 392 1673 433">
     <span class='ocr_line' id='line_1_36' title="bbox 890 392 1673 433; baseline 0.009 -14"><span class='ocrx_word' id='word_1_286' title='bbox 890 392 1010 419; x_wconf 81' lang='lat' dir='ltr'><strong>cernitur</strong></span> <span class='ocrx_word' id='word_1_287' title='bbox 1024 393 1190 424; x_wconf 84' lang='lat' dir='ltr'><strong>necessario,</strong></span> <span class='ocrx_word' id='word_1_288' title='bbox 1207 393 1375 427; x_wconf 88' lang='lat' dir='ltr'><strong>potissimutn</strong></span> <span class='ocrx_word' id='word_1_289' title='bbox 1396 396 1464 430; x_wconf 87' lang='lat' dir='ltr'><strong>apud</strong></span> <span class='ocrx_word' id='word_1_290' title='bbox 1478 396 1566 424; x_wconf 92' lang='lat' dir='ltr'><strong>fabros</strong></span> <span class='ocrx_word' id='word_1_291' title='bbox 1580 405 1673 433; x_wconf 71' lang='lat' dir='ltr'><strong>argen-</strong></span> 
     </span>
    </p>
   </div>
   <div class='ocr_carea' id='block_1_37' title="bbox 891 438 1673 476">
    <p class='ocr_par' dir='ltr' id='par_1_37' title="bbox 891 438 1673 476">
     <span class='ocr_line' id='line_1_37' title="bbox 891 438 1673 476; baseline 0.013 -11"><span class='ocrx_word' id='word_1_292' title='bbox 891 439 984 466; x_wconf 88' lang='lat' dir='ltr'><strong>tarios.</strong></span> <span class='ocrx_word' id='word_1_293' title='bbox 997 438 1130 472; x_wconf 83' lang='lat' dir='ltr'><strong>Quocirca</strong></span> <span class='ocrx_word' id='word_1_294' title='bbox 1151 439 1222 467; x_wconf 88' lang='lat' dir='ltr'><strong>Detts</strong></span> <span class='ocrx_word' id='word_1_295' title='bbox 1241 440 1339 468; x_wconf 87' lang='lat' dir='ltr'><strong>alicubi</strong></span> <span class='ocrx_word' id='word_1_296' title='bbox 1356 449 1404 476; x_wconf 93' lang='lat' dir='ltr'><strong>per</strong></span> <span class='ocrx_word' id='word_1_297' title='bbox 1423 442 1567 472; x_wconf 81' lang='lat' dir='ltr'><strong>Jeremiam</strong></span> <span class='ocrx_word' id='word_1_298' title='bbox 1580 454 1673 475; x_wconf 85' lang='lat' dir='ltr'><strong>rursus</strong></span> 
     </span>
    </p>
   </div>
   <div class='ocr_carea' id='block_1_38' title="bbox 890 484 1672 520">
    <p class='ocr_par' dir='ltr' id='par_1_38' title="bbox 890 484 1672 520">
     <span class='ocr_line' id='line_1_38' title="bbox 890 484 1672 520; baseline 0.012 -9"><span class='ocrx_word' id='word_1_299' title='bbox 890 484 941 512; x_wconf 91' lang='lat' dir='ltr'><strong>hoc</strong></span> <span class='ocrx_word' id='word_1_300' title='bbox 961 485 1058 520; x_wconf 90' lang='lat' dir='ltr'><strong>ipsutn,</strong></span> <span class='ocrx_word' id='word_1_301' title='bbox 1073 486 1135 513; x_wconf 84' lang='lat' dir='ltr'><strong>licet</strong></span> <span class='ocrx_word' id='word_1_302' title='bbox 1151 487 1292 515; x_wconf 89' lang='lat' dir='ltr'><strong>obscurius</strong></span> <span class='ocrx_word' id='word_1_303' title='bbox 1319 488 1398 516; x_wconf 90' lang='lat' dir='ltr'><strong>dicit:</strong></span> <span class='ocrx_word' id='word_1_304' title='bbox 1420 498 1429 515; x_wconf 74' lang='grc' dir='ltr'><strong>ι</strong></span> <span class='ocrx_word' id='word_1_305' title='bbox 1450 489 1549 518; x_wconf 88' lang='lat' dir='ltr'><strong>Defecit</strong></span> <span class='ocrx_word' id='word_1_306' title='bbox 1582 493 1672 520; x_wconf 73' lang='grc' dir='ltr'><strong>ευω..-</strong></span> 
     </span>
    </p>
   </div>
   <div class='ocr_carea' id='block_1_39' title="bbox 891 530 1674 573">
    <p class='ocr_par' dir='ltr' id='par_1_39' title="bbox 891 530 1674 573">
     <span class='ocr_line' id='line_1_39' title="bbox 891 530 1674 573; baseline 0.011 -16"><span class='ocrx_word' id='word_1_307' title='bbox 891 530 1031 558; x_wconf 88' lang='lat' dir='ltr'><strong>toriumab</strong></span> <span class='ocrx_word' id='word_1_308' title='bbox 1047 531 1119 565; x_wconf 71' lang='lat' dir='ltr'><strong>igne,</strong></span> <span class='ocrx_word' id='word_1_309' title='bbox 1135 532 1232 560; x_wconf 79' lang='lat' dir='ltr'><strong>defecit</strong></span> <span class='ocrx_word' id='word_1_310' title='bbox 1251 533 1400 568; x_wconf 87' lang='lat' dir='ltr'><strong>plumbum,</strong></span> <span class='ocrx_word' id='word_1_311' title='bbox 1425 535 1526 563; x_wconf 82' lang='lat' dir='ltr'><strong>frustra</strong></span> <span class='ocrx_word' id='word_1_312' title='bbox 1552 544 1674 573; x_wconf 77' lang='lat' dir='ltr'><strong>argenta-</strong></span> 
     </span>
    </p>
   </div>
   <div class='ocr_carea' id='block_1_40' title="bbox 890 575 1673 613">
    <p class='ocr_par' dir='ltr' id='par_1_40' title="bbox 890 575 1673 613">
     <span class='ocr_line' id='line_1_40' title="bbox 890 575 1673 613; baseline 0.013 -11"><span class='ocrx_word' id='word_1_313' title='bbox 890 575 947 603; x_wconf 87' lang='lat' dir='ltr'><strong>rius</strong></span> <span class='ocrx_word' id='word_1_314' title='bbox 966 582 1104 611; x_wconf 76' lang='lat' dir='ltr'><strong>argentum</strong></span> <span class='ocrx_word' id='word_1_315' title='bbox 1121 578 1247 611; x_wconf 82' lang='lat' dir='ltr'><strong>concidit,</strong></span> <span class='ocrx_word' id='word_1_316' title='bbox 1279 579 1388 608; x_wconf 73' lang='lat' dir='ltr'><strong>malitiae</strong></span> <span class='ocrx_word' id='word_1_317' title='bbox 1412 589 1504 609; x_wconf 90' lang='lat' dir='ltr'><strong>eorum</strong></span> <span class='ocrx_word' id='word_1_318' title='bbox 1528 591 1580 610; x_wconf 91' lang='lat' dir='ltr'><strong>non</strong></span> <span class='ocrx_word' id='word_1_319' title='bbox 1612 591 1673 613; x_wconf 90' lang='lat' dir='ltr'><strong>sunt</strong></span> 
     </span>
    </p>
   </div>
   <div class='ocr_carea' id='block_1_41' title="bbox 890 621 1672 661">
    <p class='ocr_par' dir='ltr' id='par_1_41' title="bbox 890 621 1672 661">
     <span class='ocr_line' id='line_1_41' title="bbox 890 621 1672 661; baseline 0.014 -14"><span class='ocrx_word' id='word_1_320' title='bbox 890 621 1040 655; x_wconf 73' lang='lat' dir='ltr'><strong>liquefacta:</strong></span> <span class='ocrx_word' id='word_1_321' title='bbox 1050 623 1083 652; x_wconf 84' lang='lat'><strong>&#39;°.</strong></span> <span class='ocrx_word' id='word_1_322' title='bbox 1101 633 1111 650; x_wconf 74' lang='grc' dir='ltr'><strong>ι</strong></span> <span class='ocrx_word' id='word_1_323' title='bbox 1123 624 1209 657; x_wconf 82' lang='lat' dir='ltr'><strong>Quare</strong></span> <span class='ocrx_word' id='word_1_324' title='bbox 1221 629 1327 659; x_wconf 87' lang='lat' dir='ltr'><strong>stantto,</strong></span> <span class='ocrx_word' id='word_1_325' title='bbox 1344 627 1399 654; x_wconf 87' lang='lat' dir='ltr'><strong>sive</strong></span> <span class='ocrx_word' id='word_1_326' title='bbox 1413 627 1521 661; x_wconf 84' lang='lat' dir='ltr'><strong>plumbo</strong></span> <span class='ocrx_word' id='word_1_327' title='bbox 1536 629 1672 658; x_wconf 85' lang='lat' dir='ltr'><strong>Christum</strong></span> 
     </span>
    </p>
   </div>
   <div class='ocr_carea' id='block_1_42' title="bbox 889 669 1672 705">
    <p class='ocr_par' dir='ltr' id='par_1_42' title="bbox 889 669 1672 705">
     <span class='ocr_line' id='line_1_42' title="bbox 889 669 1672 705; baseline 0.013 -12"><span class='ocrx_word' id='word_1_328' title='bbox 889 673 1029 702; x_wconf 88' lang='lat' dir='ltr'><strong>comparat</strong></span> <span class='ocrx_word' id='word_1_329' title='bbox 1056 673 1086 696; x_wconf 89' lang='lat' dir='ltr'><strong>ut</strong></span> <span class='ocrx_word' id='word_1_330' title='bbox 1111 669 1306 705; x_wconf 78' lang='lat' dir='ltr'><strong>abstergentem</strong></span> <span class='ocrx_word' id='word_1_331' title='bbox 1336 672 1442 704; x_wconf 77' lang='lat' dir='ltr'><strong>sordes,</strong></span> <span class='ocrx_word' id='word_1_332' title='bbox 1464 674 1672 704; x_wconf 85' lang='lat' dir='ltr'><strong>utaufercntem</strong></span> 
     </span>
    </p>
   </div>
   <div class='ocr_carea' id='block_1_43' title="bbox 889 718 1671 750">
    <p class='ocr_par' dir='ltr' id='par_1_43' title="bbox 889 718 1671 750">
     <span class='ocr_line' id='line_1_43' title="bbox 889 718 1671 750; baseline 0.009 -9"><span class='ocrx_word' id='word_1_333' title='bbox 889 720 1066 747; x_wconf 79' lang='lat' dir='ltr'><strong>Supervacua,</strong></span> <span class='ocrx_word' id='word_1_334' title='bbox 1097 719 1126 742; x_wconf 93' lang='lat' dir='ltr'><strong>ut</strong></span> <span class='ocrx_word' id='word_1_335' title='bbox 1145 720 1300 750; x_wconf 81' lang='lat' dir='ltr'><strong>purgantem</strong></span> <span class='ocrx_word' id='word_1_336' title='bbox 1324 718 1470 745; x_wconf 86' lang='lat' dir='ltr'><strong>secundum</strong></span> <span class='ocrx_word' id='word_1_337' title='bbox 1498 719 1671 750; x_wconf 85' lang='lat' dir='ltr'><strong>intellectum.</strong></span> 
     </span>
    </p>
   </div>
   <div class='ocr_carea' id='block_1_44' title="bbox 890 759 1672 803">
    <p class='ocr_par' dir='ltr' id='par_1_44' title="bbox 890 759 1672 803">
     <span class='ocr_line' id='line_1_44' title="bbox 890 759 1672 803; baseline 0.009 -15"><span class='ocrx_word' id='word_1_338' title='bbox 890 759 967 788; x_wconf 85' lang='lat' dir='ltr'><strong>Unde</strong></span> <span class='ocrx_word' id='word_1_339' title='bbox 992 761 1014 788; x_wconf 94' lang='lat' dir='ltr'><strong>si</strong></span> <span class='ocrx_word' id='word_1_340' title='bbox 1042 761 1102 796; x_wconf 87' lang='lat' dir='ltr'><strong>quis</strong></span> <span class='ocrx_word' id='word_1_341' title='bbox 1130 762 1315 797; x_wconf 88' lang='lat' dir='ltr'><strong>intcrjectione</strong></span> <span class='ocrx_word' id='word_1_342' title='bbox 1344 765 1491 792; x_wconf 85' lang='lat' dir='ltr'><strong>mediorum</strong></span> <span class='ocrx_word' id='word_1_343' title='bbox 1523 772 1672 803; x_wconf 84' lang='lat' dir='ltr'><strong>temporum</strong></span> 
     </span>
    </p>
   </div>
   <div class='ocr_carea' id='block_1_45' title="bbox 890 805 1670 849">
    <p class='ocr_par' dir='ltr' id='par_1_45' title="bbox 890 805 1670 849">
     <span class='ocr_line' id='line_1_45' title="bbox 890 805 1670 849; baseline 0.015 -18"><span class='ocrx_word' id='word_1_344' title='bbox 890 805 956 832; x_wconf 81' lang='lat' dir='ltr'><strong>nihil</strong></span> <span class='ocrx_word' id='word_1_345' title='bbox 968 805 1048 832; x_wconf 88' lang='lat' dir='ltr'><strong>fuerit</strong></span> <span class='ocrx_word' id='word_1_346' title='bbox 1062 808 1247 841; x_wconf 83' lang='lat' dir='ltr'><strong>conturbatus,</strong></span> <span class='ocrx_word' id='word_1_347' title='bbox 1264 814 1287 836; x_wconf 90' lang='lat' dir='ltr'><strong>et</strong></span> <span class='ocrx_word' id='word_1_348' title='bbox 1301 816 1349 844; x_wconf 87' lang='lat' dir='ltr'><strong>pro</strong></span> <span class='ocrx_word' id='word_1_349' title='bbox 1364 811 1446 838; x_wconf 78' lang='lat' dir='ltr'><strong>nihilo</strong></span> <span class='ocrx_word' id='word_1_350' title='bbox 1461 813 1564 841; x_wconf 83' lang='lat' dir='ltr'><strong>duxerit</strong></span> <span class='ocrx_word' id='word_1_351' title='bbox 1575 822 1670 849; x_wconf 79' lang='lat' dir='ltr'><strong>parvus</strong></span> 
     </span>
    </p>
   </div>
   <div class='ocr_carea' id='block_1_46' title="bbox 890 851 1668 896">
    <p class='ocr_par' dir='ltr' id='par_1_46' title="bbox 890 851 1668 896">
     <span class='ocr_line' id='line_1_46' title="bbox 890 851 1668 896; baseline 0.015 -19"><span class='ocrx_word' id='word_1_352' title='bbox 890 851 946 878; x_wconf 88' lang='lat' dir='ltr'><strong>dies</strong></span> <span class='ocrx_word' id='word_1_353' title='bbox 964 851 1168 885; x_wconf 88' lang='lat' dir='ltr'><strong>intercedentes,</strong></span> <span class='ocrx_word' id='word_1_354' title='bbox 1184 854 1308 888; x_wconf 78' lang='lat' dir='ltr'><strong>gaudebit</strong></span> <span class='ocrx_word' id='word_1_355' title='bbox 1333 865 1343 881; x_wconf 74' lang='grc' dir='ltr'><strong>ι</strong></span> <span class='ocrx_word' id='word_1_356' title='bbox 1372 862 1398 884; x_wconf 89' lang='lat' dir='ltr'><strong>et</strong></span> <span class='ocrx_word' id='word_1_357' title='bbox 1424 859 1523 886; x_wconf 87' lang='lat' dir='ltr'><strong>videbit</strong></span> <span class='ocrx_word' id='word_1_358' title='bbox 1555 861 1668 896; x_wconf 72' lang='lat' dir='ltr'><strong>lapidem</strong></span> 
     </span>
    </p>
   </div>
   <div class='ocr_carea' id='block_1_47' title="bbox 890 898 1670 940">
    <p class='ocr_par' dir='ltr' id='par_1_47' title="bbox 890 898 1670 940">
     <span class='ocr_line' id='line_1_47' title="bbox 890 898 1670 940; baseline 0.017 -17"><span class='ocrx_word' id='word_1_359' title='bbox 890 902 1031 924; x_wconf 85' lang='lat' dir='ltr'><strong>stanneum</strong></span> <span class='ocrx_word' id='word_1_360' title='bbox 1049 898 1075 925; x_wconf 92' lang='lat' dir='ltr'><strong>in</strong></span> <span class='ocrx_word' id='word_1_361' title='bbox 1091 906 1172 926; x_wconf 87' lang='lat' dir='ltr'><strong>manu</strong></span> <span class='ocrx_word' id='word_1_362' title='bbox 1191 899 1349 928; x_wconf 84' lang='lat' dir='ltr'><strong>Zorobabel.</strong></span> <span class='ocrx_word' id='word_1_363' title='bbox 1371 912 1380 928; x_wconf 84' lang='grc'><strong>)</strong></span> <span class='ocrx_word' id='word_1_364' title='bbox 1398 903 1465 936; x_wconf 87' lang='lat' dir='ltr'><strong>Quid</strong></span> <span class='ocrx_word' id='word_1_365' title='bbox 1485 913 1548 932; x_wconf 90' lang='lat' dir='ltr'><strong>vero</strong></span> <span class='ocrx_word' id='word_1_366' title='bbox 1567 913 1617 940; x_wconf 81' lang='lat' dir='ltr'><strong>est,</strong></span> <span class='ocrx_word' id='word_1_367' title='bbox 1643 910 1670 936; x_wconf 88' lang='lat' dir='ltr'><strong>itt</strong></span> 
     </span>
    </p>
   </div>
   <div class='ocr_carea' id='block_1_48' title="bbox 891 941 1670 987">
    <p class='ocr_par' dir='ltr' id='par_1_48' title="bbox 891 941 1670 987">
     <span class='ocr_line' id='line_1_48' title="bbox 891 941 1670 987; baseline 0.019 -21"><span class='ocrx_word' id='word_1_368' title='bbox 891 949 972 968; x_wconf 82' lang='lat' dir='ltr'><strong>manu</strong></span> <span class='ocrx_word' id='word_1_369' title='bbox 1008 941 1183 970; x_wconf 80' lang='lat' dir='ltr'><strong>Zot‘obabel?</strong></span> <span class='ocrx_word' id='word_1_370' title='bbox 1217 944 1349 973; x_wconf 84' lang='lat' dir='ltr'><strong>Divinitus</strong></span> <span class='ocrx_word' id='word_1_371' title='bbox 1373 948 1501 983; x_wconf 79' lang='lat' dir='ltr'><strong>inspirata</strong></span> <span class='ocrx_word' id='word_1_372' title='bbox 1531 951 1670 987; x_wconf 82' lang='lat' dir='ltr'><strong>Scriptura</strong></span> 
     </span>
    </p>
   </div>
   <div class='ocr_carea' id='block_1_49' title="bbox 890 988 1671 1030">
    <p class='ocr_par' dir='ltr' id='par_1_49' title="bbox 890 988 1671 1030">
     <span class='ocr_line' id='line_1_49' title="bbox 890 988 1671 1030; baseline 0.018 -17"><span class='ocrx_word' id='word_1_373' title='bbox 890 995 998 1014; x_wconf 90' lang='lat' dir='ltr'><strong>manum</strong></span> <span class='ocrx_word' id='word_1_374' title='bbox 1015 988 1112 1023; x_wconf 85' lang='lat' dir='ltr'><strong>accipit</strong></span> <span class='ocrx_word' id='word_1_375' title='bbox 1128 993 1155 1015; x_wconf 88' lang='lat' dir='ltr'><strong>et</strong></span> <span class='ocrx_word' id='word_1_376' title='bbox 1170 997 1218 1024; x_wconf 88' lang='lat' dir='ltr'><strong>pro</strong></span> <span class='ocrx_word' id='word_1_377' title='bbox 1238 991 1347 1025; x_wconf 90' lang='lat' dir='ltr'><strong>virtute,</strong></span> <span class='ocrx_word' id='word_1_378' title='bbox 1369 998 1395 1021; x_wconf 87' lang='lat' dir='ltr'><strong>et</strong></span> <span class='ocrx_word' id='word_1_379' title='bbox 1410 1002 1457 1029; x_wconf 90' lang='lat' dir='ltr'><strong>pro</strong></span> <span class='ocrx_word' id='word_1_380' title='bbox 1484 1002 1625 1030; x_wconf 77' lang='lat' dir='ltr'><strong>potestate.</strong></span> <span class='ocrx_word' id='word_1_381' title='bbox 1643 1001 1671 1028; x_wconf 92' lang='lat' dir='ltr'><strong>ln</strong></span> 
     </span>
    </p>
   </div>
   <div class='ocr_carea' id='block_1_50' title="bbox 889 1031 1672 1072">
    <p class='ocr_par' dir='ltr' id='par_1_50' title="bbox 889 1031 1672 1072">
     <span class='ocr_line' id='line_1_50' title="bbox 889 1031 1672 1072; baseline 0.018 -14"><span class='ocrx_word' id='word_1_382' title='bbox 889 1031 989 1060; x_wconf 73' lang='lat' dir='ltr'><strong>virtute</strong></span> <span class='ocrx_word' id='word_1_383' title='bbox 999 1033 1091 1068; x_wconf 82' lang='lat' dir='ltr'><strong>igitur,</strong></span> <span class='ocrx_word' id='word_1_384' title='bbox 1110 1035 1166 1062; x_wconf 83' lang='lat' dir='ltr'><strong>sive</strong></span> <span class='ocrx_word' id='word_1_385' title='bbox 1184 1036 1265 1063; x_wconf 85' lang='lat' dir='ltr'><strong>etiam</strong></span> <span class='ocrx_word' id='word_1_386' title='bbox 1289 1037 1315 1063; x_wconf 93' lang='lat' dir='ltr'><strong>in</strong></span> <span class='ocrx_word' id='word_1_387' title='bbox 1338 1044 1470 1072; x_wconf 84' lang='lat' dir='ltr'><strong>potestate</strong></span> <span class='ocrx_word' id='word_1_388' title='bbox 1500 1041 1672 1072; x_wconf 78' lang='lat' dir='ltr'><strong>Zorobabelis</strong></span> 
     </span>
    </p>
   </div>
   <div class='ocr_carea' id='block_1_51' title="bbox 889 1078 1671 1118">
    <p class='ocr_par' dir='ltr' id='par_1_51' title="bbox 889 1078 1671 1118">
     <span class='ocr_line' id='line_1_51' title="bbox 889 1078 1671 1118; baseline 0.015 -13"><span class='ocrx_word' id='word_1_389' title='bbox 889 1078 989 1106; x_wconf 82' lang='lat' dir='ltr'><strong>videbit</strong></span> <span class='ocrx_word' id='word_1_390' title='bbox 1004 1079 1119 1114; x_wconf 87' lang='lat' dir='ltr'><strong>lapidem</strong></span> <span class='ocrx_word' id='word_1_391' title='bbox 1132 1086 1285 1116; x_wconf 88' lang='lat' dir='ltr'><strong>stanneum,</strong></span> <span class='ocrx_word' id='word_1_392' title='bbox 1298 1084 1348 1111; x_wconf 89' lang='lat' dir='ltr'><strong>hoe</strong></span> <span class='ocrx_word' id='word_1_393' title='bbox 1369 1090 1420 1118; x_wconf 89' lang='lat' dir='ltr'><strong>est,</strong></span> <span class='ocrx_word' id='word_1_394' title='bbox 1444 1086 1590 1117; x_wconf 87' lang='lat' dir='ltr'><strong>Christum.</strong></span> <span class='ocrx_word' id='word_1_395' title='bbox 1616 1090 1671 1118; x_wconf 93' lang='lat' dir='ltr'><strong>Zo-</strong></span> 
     </span>
    </p>
   </div>
   <div class='ocr_carea' id='block_1_52' title="bbox 889 1124 1672 1167">
    <p class='ocr_par' dir='ltr' id='par_1_52' title="bbox 889 1124 1672 1167">
     <span class='ocr_line' id='line_1_52' title="bbox 889 1124 1672 1167; baseline 0.018 -17"><span class='ocrx_word' id='word_1_396' title='bbox 889 1124 997 1152; x_wconf 87' lang='lat' dir='ltr'><strong>robabel</strong></span> <span class='ocrx_word' id='word_1_397' title='bbox 1012 1127 1122 1160; x_wconf 89' lang='lat' dir='ltr'><strong>etenim,</strong></span> <span class='ocrx_word' id='word_1_398' title='bbox 1135 1132 1166 1154; x_wconf 87' lang='lat' dir='ltr'><strong>ut</strong></span> <span class='ocrx_word' id='word_1_399' title='bbox 1177 1128 1242 1161; x_wconf 80' lang='lat' dir='ltr'><strong>dixi,</strong></span> <span class='ocrx_word' id='word_1_400' title='bbox 1255 1129 1288 1157; x_wconf 92' lang='lat' dir='ltr'><strong>de</strong></span> <span class='ocrx_word' id='word_1_401' title='bbox 1307 1130 1377 1158; x_wconf 89' lang='lat' dir='ltr'><strong>tribu</strong></span> <span class='ocrx_word' id='word_1_402' title='bbox 1400 1131 1468 1159; x_wconf 81' lang='lat' dir='ltr'><strong>Jttda</strong></span> <span class='ocrx_word' id='word_1_403' title='bbox 1482 1139 1570 1167; x_wconf 87' lang='lat' dir='ltr'><strong>natus,</strong></span> <span class='ocrx_word' id='word_1_404' title='bbox 1587 1135 1672 1165; x_wconf 83' lang='lat' dir='ltr'><strong>lsrae-</strong></span> 
     </span>
    </p>
   </div>
   <div class='ocr_carea' id='block_1_53' title="bbox 888 1169 1670 1216">
    <p class='ocr_par' dir='ltr' id='par_1_53' title="bbox 888 1169 1670 1216">
     <span class='ocr_line' id='line_1_53' title="bbox 888 1169 1670 1216; baseline 0.018 -20"><span class='ocrx_word' id='word_1_405' title='bbox 888 1169 905 1196; x_wconf 89' lang='lat' dir='ltr'><strong>li</strong></span> <span class='ocrx_word' id='word_1_406' title='bbox 917 1171 1034 1204; x_wconf 73' lang='lat' dir='ltr'><strong>praefuit.</strong></span> <span class='ocrx_word' id='word_1_407' title='bbox 1050 1171 1084 1199; x_wconf 89' lang='lat' dir='ltr'><strong>Et</strong></span> <span class='ocrx_word' id='word_1_408' title='bbox 1094 1172 1217 1201; x_wconf 88' lang='lat' dir='ltr'><strong>Christus</strong></span> <span class='ocrx_word' id='word_1_409' title='bbox 1231 1182 1338 1210; x_wconf 86' lang='lat' dir='ltr'><strong>quoque</strong></span> <span class='ocrx_word' id='word_1_410' title='bbox 1351 1179 1473 1212; x_wconf 81' lang='lat' dir='ltr'><strong>regnavit</strong></span> <span class='ocrx_word' id='word_1_411' title='bbox 1484 1187 1564 1215; x_wconf 87' lang='lat' dir='ltr'><strong>super</strong></span> <span class='ocrx_word' id='word_1_412' title='bbox 1577 1182 1670 1216; x_wconf 73' lang='lat' dir='ltr'><strong>Israel,</strong></span> 
     </span>
    </p>
   </div>
   <div class='ocr_carea' id='block_1_54' title="bbox 890 1220 1672 1262">
    <p class='ocr_par' dir='ltr' id='par_1_54' title="bbox 890 1220 1672 1262">
     <span class='ocr_line' id='line_1_54' title="bbox 890 1220 1672 1262; baseline 0.018 -20"><span class='ocrx_word' id='word_1_413' title='bbox 890 1223 942 1242; x_wconf 90' lang='lat' dir='ltr'><strong>non</strong></span> <span class='ocrx_word' id='word_1_414' title='bbox 962 1224 1036 1244; x_wconf 87' lang='lat' dir='ltr'><strong>more</strong></span> <span class='ocrx_word' id='word_1_415' title='bbox 1053 1223 1156 1252; x_wconf 88' lang='lat' dir='ltr'><strong>nostro,</strong></span> <span class='ocrx_word' id='word_1_416' title='bbox 1173 1220 1228 1247; x_wconf 89' lang='lat' dir='ltr'><strong>sive</strong></span> <span class='ocrx_word' id='word_1_417' title='bbox 1248 1221 1480 1258; x_wconf 89' lang='lat' dir='ltr'><strong>circumscriptum</strong></span> <span class='ocrx_word' id='word_1_418' title='bbox 1500 1230 1527 1253; x_wconf 89' lang='lat' dir='ltr'><strong>ct</strong></span> <span class='ocrx_word' id='word_1_419' title='bbox 1552 1231 1672 1262; x_wconf 88' lang='lat' dir='ltr'><strong>tetnpore</strong></span> 
     </span>
    </p>
   </div>
   <div class='ocr_carea' id='block_1_55' title="bbox 888 1263 1671 1302">
    <p class='ocr_par' dir='ltr' id='par_1_55' title="bbox 888 1263 1671 1302">
     <span class='ocr_line' id='line_1_55' title="bbox 888 1263 1671 1302; baseline 0.018 -14"><span class='ocrx_word' id='word_1_420' title='bbox 888 1266 962 1290; x_wconf 87' lang='lat' dir='ltr'><strong>certo</strong></span> <span class='ocrx_word' id='word_1_421' title='bbox 979 1263 1117 1291; x_wconf 85' lang='lat' dir='ltr'><strong>definitum</strong></span> <span class='ocrx_word' id='word_1_422' title='bbox 1134 1273 1246 1300; x_wconf 73' lang='lat' dir='ltr'><strong>regnum</strong></span> <span class='ocrx_word' id='word_1_423' title='bbox 1275 1272 1368 1296; x_wconf 87' lang='lat' dir='ltr'><strong>tenens</strong></span> <span class='ocrx_word' id='word_1_424' title='bbox 1386 1271 1449 1297; x_wconf 86' lang='lat' dir='ltr'><strong>:sed</strong></span> <span class='ocrx_word' id='word_1_425' title='bbox 1462 1276 1490 1298; x_wconf 93' lang='lat' dir='ltr'><strong>ut</strong></span> <span class='ocrx_word' id='word_1_426' title='bbox 1515 1280 1577 1300; x_wconf 83' lang='lat' dir='ltr'><strong>vere</strong></span> <span class='ocrx_word' id='word_1_427' title='bbox 1601 1274 1671 1302; x_wconf 85' lang='lat' dir='ltr'><strong>Deus</strong></span> 
     </span>
    </p>
   </div>
   <div class='ocr_carea' id='block_1_56' title="bbox 887 1308 1670 1348">
    <p class='ocr_par' dir='ltr' id='par_1_56' title="bbox 887 1308 1670 1348">
     <span class='ocr_line' id='line_1_56' title="bbox 887 1308 1670 1348; baseline 0.017 -13"><span class='ocrx_word' id='word_1_428' title='bbox 887 1309 920 1335; x_wconf 84' lang='lat' dir='ltr'><strong>ad</strong></span> <span class='ocrx_word' id='word_1_429' title='bbox 935 1308 1039 1336; x_wconf 85' lang='lat' dir='ltr'><strong>infinita</strong></span> <span class='ocrx_word' id='word_1_430' title='bbox 1057 1311 1155 1338; x_wconf 58' lang='lat' dir='ltr'><strong>saecula</strong></span> <span class='ocrx_word' id='word_1_431' title='bbox 1173 1316 1204 1339; x_wconf 61' lang='lat' dir='ltr'><strong>se</strong></span> <span class='ocrx_word' id='word_1_432' title='bbox 1229 1314 1380 1348; x_wconf 83' lang='lat' dir='ltr'><strong>porrigens,</strong></span> <span class='ocrx_word' id='word_1_433' title='bbox 1411 1321 1556 1346; x_wconf 88' lang='lat' dir='ltr'><strong>attestante</strong></span> <span class='ocrx_word' id='word_1_434' title='bbox 1591 1320 1670 1347; x_wconf 84' lang='lat' dir='ltr'><strong>beato</strong></span> 
     </span>
    </p>
   </div>
   <div class='ocr_carea' id='block_1_57' title="bbox 888 1354 1669 1397">
    <p class='ocr_par' dir='ltr' id='par_1_57' title="bbox 888 1354 1669 1397">
     <span class='ocr_line' id='line_1_57' title="bbox 888 1354 1669 1397; baseline 0.014 -16"><span class='ocrx_word' id='word_1_435' title='bbox 888 1354 1013 1383; x_wconf 88' lang='lat' dir='ltr'><strong>Gabriele</strong></span> <span class='ocrx_word' id='word_1_436' title='bbox 1027 1364 1058 1383; x_wconf 84' lang='lat' dir='ltr'><strong>ac</strong></span> <span class='ocrx_word' id='word_1_437' title='bbox 1075 1356 1160 1384; x_wconf 70' lang='lat' dir='ltr'><strong>beata:</strong></span> <span class='ocrx_word' id='word_1_438' title='bbox 1176 1358 1276 1393; x_wconf 77' lang='lat' dir='ltr'><strong>Virgilii</strong></span> <span class='ocrx_word' id='word_1_439' title='bbox 1290 1359 1322 1386; x_wconf 81' lang='lat' dir='ltr'><strong>de</strong></span> <span class='ocrx_word' id='word_1_440' title='bbox 1341 1367 1374 1387; x_wconf 90' lang='lat' dir='ltr'><strong>eo</strong></span> <span class='ocrx_word' id='word_1_441' title='bbox 1389 1361 1503 1395; x_wconf 85' lang='lat' dir='ltr'><strong>dicente,</strong></span> <span class='ocrx_word' id='word_1_442' title='bbox 1522 1364 1669 1397; x_wconf 88' lang='lat' dir='ltr'><strong>parituratn</strong></span> 
     </span>
    </p>
   </div>
   <div class='ocr_carea' id='block_1_58' title="bbox 889 1401 1668 1445">
    <p class='ocr_par' dir='ltr' id='par_1_58' title="bbox 889 1401 1668 1445">
     <span class='ocr_line' id='line_1_58' title="bbox 889 1401 1668 1445; baseline 0.013 -17"><span class='ocrx_word' id='word_1_443' title='bbox 889 1401 989 1434; x_wconf 85' lang='lat' dir='ltr'><strong>filium,</strong></span> <span class='ocrx_word' id='word_1_444' title='bbox 1005 1407 1032 1430; x_wconf 91' lang='lat' dir='ltr'><strong>et</strong></span> <span class='ocrx_word' id='word_1_445' title='bbox 1057 1409 1211 1431; x_wconf 89' lang='lat' dir='ltr'><strong>vocaturam</strong></span> <span class='ocrx_word' id='word_1_446' title='bbox 1231 1412 1327 1433; x_wconf 88' lang='lat' dir='ltr'><strong>nomen</strong></span> <span class='ocrx_word' id='word_1_447' title='bbox 1354 1407 1412 1441; x_wconf 81' lang='lat' dir='ltr'><strong>ejus</strong></span> <span class='ocrx_word' id='word_1_448' title='bbox 1425 1406 1528 1436; x_wconf 82' lang='lat' dir='ltr'><strong>Jesutn.</strong></span> <span class='ocrx_word' id='word_1_449' title='bbox 1546 1419 1554 1435; x_wconf 78' lang='grc' dir='ltr'><strong>ι</strong></span> <span class='ocrx_word' id='word_1_450' title='bbox 1577 1411 1668 1445; x_wconf 78' lang='lat' dir='ltr'><strong>Addit,</strong></span> 
     </span>
    </p>
   </div>
   <div class='ocr_carea' id='block_1_59' title="bbox 890 1447 1669 1491">
    <p class='ocr_par' dir='ltr' id='par_1_59' title="bbox 890 1447 1669 1491">
     <span class='ocr_line' id='line_1_59' title="bbox 890 1447 1669 1491; baseline 0.013 -17"><span class='ocrx_word' id='word_1_451' title='bbox 890 1456 900 1473; x_wconf 74' lang='grc' dir='ltr'><strong>ι</strong></span> <span class='ocrx_word' id='word_1_452' title='bbox 918 1447 1042 1475; x_wconf 81' lang='lat' dir='ltr'><strong>daturum</strong></span> <span class='ocrx_word' id='word_1_453' title='bbox 1065 1449 1101 1476; x_wconf 88' lang='lat' dir='ltr'><strong>illi</strong></span> <span class='ocrx_word' id='word_1_454' title='bbox 1118 1449 1259 1477; x_wconf 91' lang='lat' dir='ltr'><strong>Dominum</strong></span> <span class='ocrx_word' id='word_1_455' title='bbox 1275 1452 1356 1478; x_wconf 89' lang='lat' dir='ltr'><strong>Deum</strong></span> <span class='ocrx_word' id='word_1_456' title='bbox 1376 1454 1466 1481; x_wconf 88' lang='lat' dir='ltr'><strong>sedem</strong></span> <span class='ocrx_word' id='word_1_457' title='bbox 1486 1455 1567 1482; x_wconf 86' lang='lat' dir='ltr'><strong>David</strong></span> <span class='ocrx_word' id='word_1_458' title='bbox 1584 1458 1669 1491; x_wconf 84' lang='lat' dir='ltr'><strong>patris</strong></span> 
     </span>
    </p>
   </div>
   <div class='ocr_carea' id='block_1_60' title="bbox 887 1493 1670 1537">
    <p class='ocr_par' dir='ltr' id='par_1_60' title="bbox 887 1493 1670 1537">
     <span class='ocr_line' id='line_1_60' title="bbox 887 1493 1670 1537; baseline 0.013 -18"><span class='ocrx_word' id='word_1_459' title='bbox 887 1493 956 1528; x_wconf 80' lang='lat' dir='ltr'><strong>ejus,</strong></span> <span class='ocrx_word' id='word_1_460' title='bbox 971 1499 998 1521; x_wconf 88' lang='lat' dir='ltr'><strong>et</strong></span> <span class='ocrx_word' id='word_1_461' title='bbox 1012 1500 1183 1529; x_wconf 81' lang='lat' dir='ltr'><strong>regnaturum</strong></span> <span class='ocrx_word' id='word_1_462' title='bbox 1196 1503 1276 1531; x_wconf 88' lang='lat' dir='ltr'><strong>super</strong></span> <span class='ocrx_word' id='word_1_463' title='bbox 1295 1498 1402 1525; x_wconf 87' lang='lat' dir='ltr'><strong>domum</strong></span> <span class='ocrx_word' id='word_1_464' title='bbox 1421 1499 1501 1527; x_wconf 82' lang='lat' dir='ltr'><strong>lsrael</strong></span> <span class='ocrx_word' id='word_1_465' title='bbox 1528 1502 1552 1528; x_wconf 89' lang='lat' dir='ltr'><strong>in</strong></span> <span class='ocrx_word' id='word_1_466' title='bbox 1570 1504 1670 1537; x_wconf 85' lang='lat' dir='ltr'><strong>sempi-</strong></span> 
     </span>
    </p>
   </div>
   <div class='ocr_carea' id='block_1_61' title="bbox 889 1542 1670 1577">
    <p class='ocr_par' dir='ltr' id='par_1_61' title="bbox 889 1542 1670 1577">
     <span class='ocr_line' id='line_1_61' title="bbox 889 1542 1670 1577; baseline 0.013 -11"><span class='ocrx_word' id='word_1_467' title='bbox 889 1543 1004 1572; x_wconf 89' lang='lat' dir='ltr'><strong>ternum,</strong></span> <span class='ocrx_word' id='word_1_468' title='bbox 1020 1545 1047 1568; x_wconf 87' lang='lat' dir='ltr'><strong>et</strong></span> <span class='ocrx_word' id='word_1_469' title='bbox 1064 1542 1137 1575; x_wconf 77' lang='lat' dir='ltr'><strong>regni</strong></span> <span class='ocrx_word' id='word_1_470' title='bbox 1153 1542 1211 1577; x_wconf 81' lang='lat' dir='ltr'><strong>ejus</strong></span> <span class='ocrx_word' id='word_1_471' title='bbox 1222 1550 1274 1570; x_wconf 90' lang='lat' dir='ltr'><strong>non</strong></span> <span class='ocrx_word' id='word_1_472' title='bbox 1300 1543 1359 1571; x_wconf 84' lang='lat' dir='ltr'><strong>fore</strong></span> <span class='ocrx_word' id='word_1_473' title='bbox 1378 1545 1458 1573; x_wconf 85' lang='lat' dir='ltr'><strong>linem</strong></span> <span class='ocrx_word' id='word_1_474' title='bbox 1473 1547 1505 1574; x_wconf 83' lang='lat'><strong>&quot;.</strong></span> <span class='ocrx_word' id='word_1_475' title='bbox 1521 1556 1530 1573; x_wconf 72' lang='grc' dir='ltr'><strong>ι</strong></span> <span class='ocrx_word' id='word_1_476' title='bbox 1550 1548 1576 1575; x_wconf 87' lang='lat' dir='ltr'><strong>in</strong></span> <span class='ocrx_word' id='word_1_477' title='bbox 1589 1557 1670 1576; x_wconf 87' lang='lat' dir='ltr'><strong>matm</strong></span> 
     </span>
    </p>
   </div>
   <div class='ocr_carea' id='block_1_62' title="bbox 45 1584 838 1631">
    <p class='ocr_par' dir='ltr' id='par_1_62' title="bbox 45 1584 837 1631">
     <span class='ocr_line' id='line_1_62' title="bbox 45 1584 837 1631; baseline -0.006 -8"><span class='ocrx_word' id='word_1_478' title='bbox 45 1584 114 1628; x_wconf 74' lang='grc' dir='ltr'>θῶς,</span> <span class='ocrx_word' id='word_1_479' title='bbox 131 1584 174 1628; x_wconf 80' lang='grc' dir='ltr'><strong>εἰς</strong></span> <span class='ocrx_word' id='word_1_480' title='bbox 186 1584 356 1631; x_wconf 77' lang='grc' dir='ltr'>ἀπεράντους</span> <span class='ocrx_word' id='word_1_481' title='bbox 373 1595 474 1626; x_wconf 86' lang='grc' dir='ltr'>αἰῶνας</span> <span class='ocrx_word' id='word_1_482' title='bbox 485 1593 687 1628; x_wconf 77' lang='grc' dir='ltr'>ἐκτεινομένην·</span> <span class='ocrx_word' id='word_1_483' title='bbox 707 1592 753 1619; x_wconf 76' lang='grc' dir='ltr'>καὶ</span> <span class='ocrx_word' id='word_1_484' title='bbox 768 1600 837 1627; x_wconf 83' lang='grc' dir='ltr'>μαρ-</span> 
     </span>
    </p>
   </div>
   <div class='ocr_carea' id='block_1_63' title="bbox 890 1584 1672 1631">
    <p class='ocr_par' dir='ltr' id='par_1_63' title="bbox 890 1585 1672 1626">
     <span class='ocr_line' id='line_1_63' title="bbox 890 1585 1672 1626; baseline 0.013 -15"><span class='ocrx_word' id='word_1_485' title='bbox 890 1593 954 1620; x_wconf 78' lang='lat' dir='ltr'><strong>ergo</strong></span> <span class='ocrx_word' id='word_1_486' title='bbox 968 1585 1127 1620; x_wconf 84' lang='lat' dir='ltr'><strong>Zorobabel,</strong></span> <span class='ocrx_word' id='word_1_487' title='bbox 1146 1588 1197 1615; x_wconf 90' lang='lat' dir='ltr'><strong>hoc</strong></span> <span class='ocrx_word' id='word_1_488' title='bbox 1212 1593 1253 1615; x_wconf 90' lang='lat' dir='ltr'><strong>est</strong></span> <span class='ocrx_word' id='word_1_489' title='bbox 1274 1588 1300 1615; x_wconf 90' lang='lat' dir='ltr'><strong>in</strong></span> <span class='ocrx_word' id='word_1_490' title='bbox 1315 1590 1413 1617; x_wconf 89' lang='lat' dir='ltr'><strong>virtute</strong></span> <span class='ocrx_word' id='word_1_491' title='bbox 1430 1595 1455 1618; x_wconf 91' lang='lat' dir='ltr'><strong>et</strong></span> <span class='ocrx_word' id='word_1_492' title='bbox 1470 1596 1602 1626; x_wconf 83' lang='lat' dir='ltr'><strong>potestate</strong></span> <span class='ocrx_word' id='word_1_493' title='bbox 1624 1594 1672 1621; x_wconf 84' lang='lat' dir='ltr'><strong>Zo-</strong></span> 
     </span>
    </p>
   </div>
   <div class='ocr_carea' id='block_1_64' title="bbox 43 1637 838 1678">
    <p class='ocr_par' dir='ltr' id='par_1_64' title="bbox 43 1637 838 1678">
     <span class='ocr_line' id='line_1_64' title="bbox 43 1637 838 1678; baseline -0.008 -9"><span class='ocrx_word' id='word_1_494' title='bbox 43 1651 77 1669; x_wconf 94' lang='grc' dir='ltr'><strong>τυ</strong></span> <span class='ocrx_word' id='word_1_495' title='bbox 81 1643 164 1678; x_wconf 86' lang='grc' dir='ltr'>ρήσει</span> <span class='ocrx_word' id='word_1_496' title='bbox 182 1642 268 1676; x_wconf 80' lang='grc' dir='ltr'>λέγων</span> <span class='ocrx_word' id='word_1_497' title='bbox 280 1641 294 1668; x_wconf 84' lang='grc' dir='ltr'><strong><em>ὁ</em></strong></span> <span class='ocrx_word' id='word_1_498' title='bbox 310 1641 444 1676; x_wconf 84' lang='grc' dir='ltr'>μακάριος</span> <span class='ocrx_word' id='word_1_499' title='bbox 454 1639 573 1675; x_wconf 80' lang='grc' dir='ltr'>Γαϐριὴλ</span> <span class='ocrx_word' id='word_1_500' title='bbox 585 1640 617 1674; x_wconf 86' lang='grc' dir='ltr'>τῇ</span> <span class='ocrx_word' id='word_1_501' title='bbox 632 1638 697 1673; x_wconf 86' lang='grc' dir='ltr'>ἁγία</span> <span class='ocrx_word' id='word_1_502' title='bbox 707 1637 838 1673; x_wconf 80' lang='grc' dir='ltr'>Παρθένῳ</span> 
     </span>
    </p>
   </div>
   <div class='ocr_carea' id='block_1_65' title="bbox 47 1684 838 1724">
    <p class='ocr_par' dir='ltr' id='par_1_65' title="bbox 47 1684 838 1724">
     <span class='ocr_line' id='line_1_65' title="bbox 47 1684 838 1724; baseline -0.006 -10"><span class='ocrx_word' id='word_1_503' title='bbox 47 1689 114 1724; x_wconf 72' lang='grc' dir='ltr'>περὶ</span> <span class='ocrx_word' id='word_1_504' title='bbox 129 1687 227 1720; x_wconf 80' lang='grc' dir='ltr'>αὑτοῦ,</span> <span class='ocrx_word' id='word_1_505' title='bbox 242 1688 283 1714; x_wconf 80' lang='grc' dir='ltr'>ὅτι</span> <span class='ocrx_word' id='word_1_506' title='bbox 295 1687 402 1719; x_wconf 80' lang='grc' dir='ltr'>τέξεται</span> <span class='ocrx_word' id='word_1_507' title='bbox 417 1686 484 1719; x_wconf 80' lang='grc' dir='ltr'>υίδν,</span> <span class='ocrx_word' id='word_1_508' title='bbox 504 1686 550 1713; x_wconf 80' lang='grc' dir='ltr'>καὶ</span> <span class='ocrx_word' id='word_1_509' title='bbox 574 1685 682 1712; x_wconf 82' lang='grc' dir='ltr'>καλέσει</span> <span class='ocrx_word' id='word_1_510' title='bbox 704 1684 733 1710; x_wconf 80' lang='grc' dir='ltr'>τὸ</span> <span class='ocrx_word' id='word_1_511' title='bbox 752 1684 838 1719; x_wconf 75' lang='grc' dir='ltr'>ὄνομα</span> 
     </span>
    </p>
   </div>
   <div class='ocr_carea' id='block_1_66' title="bbox 46 1729 838 1769">
    <p class='ocr_par' dir='ltr' id='par_1_66' title="bbox 46 1729 838 1769">
     <span class='ocr_line' id='line_1_66' title="bbox 46 1729 838 1769; baseline -0.006 -9"><span class='ocrx_word' id='word_1_512' title='bbox 46 1732 132 1760; x_wconf 81' lang='grc' dir='ltr'>αὐτοῦ</span> <span class='ocrx_word' id='word_1_513' title='bbox 161 1732 277 1769; x_wconf 83' lang='grc' dir='ltr'>Ἰησοῦν.</span> <span class='ocrx_word' id='word_1_514' title='bbox 302 1732 476 1768; x_wconf 86' lang='grc' dir='ltr'>Προσεπάγει</span> <span class='ocrx_word' id='word_1_515' title='bbox 512 1731 558 1764; x_wconf 79' lang='grc' dir='ltr'><strong>δὲ,</strong></span> <span class='ocrx_word' id='word_1_516' title='bbox 583 1731 623 1757; x_wconf 82' lang='grc' dir='ltr'>ὅτι</span> <span class='ocrx_word' id='word_1_517' title='bbox 651 1740 660 1756; x_wconf 75' lang='grc' dir='ltr'><strong>ι</strong></span> <span class='ocrx_word' id='word_1_518' title='bbox 679 1730 732 1756; x_wconf 73' lang='grc' dir='ltr'><strong>Καὶ</strong></span> <span class='ocrx_word' id='word_1_519' title='bbox 758 1729 838 1756; x_wconf 86' lang='grc' dir='ltr'>δώσει</span> 
     </span>
    </p>
   </div>
   <div class='ocr_carea' id='block_1_67' title="bbox 47 1774 837 1813">
    <p class='ocr_par' dir='ltr' id='par_1_67' title="bbox 47 1774 837 1813">
     <span class='ocr_line' id='line_1_67' title="bbox 47 1774 837 1813; baseline -0.005 -9"><span class='ocrx_word' id='word_1_520' title='bbox 47 1778 124 1813; x_wconf 84' lang='grc' dir='ltr'><strong>αὺτῷ</strong></span> <span class='ocrx_word' id='word_1_521' title='bbox 145 1777 248 1813; x_wconf 81' lang='grc' dir='ltr'>Κύριος</span> <span class='ocrx_word' id='word_1_522' title='bbox 269 1778 283 1804; x_wconf 82' lang='grc' dir='ltr'>ὁ</span> <span class='ocrx_word' id='word_1_523' title='bbox 307 1776 373 1808; x_wconf 82' lang='grc' dir='ltr'>Θεὸς</span> <span class='ocrx_word' id='word_1_524' title='bbox 388 1777 434 1804; x_wconf 78' lang='grc' dir='ltr'>τὸν</span> <span class='ocrx_word' id='word_1_525' title='bbox 456 1776 551 1813; x_wconf 87' lang='grc' dir='ltr'>θρόνον</span> <span class='ocrx_word' id='word_1_526' title='bbox 565 1775 647 1802; x_wconf 79' lang='grc' dir='ltr'><strong>Δαὸὶδ</strong></span> <span class='ocrx_word' id='word_1_527' title='bbox 671 1775 718 1801; x_wconf 89' lang='grc' dir='ltr'><strong>τοῦ</strong></span> <span class='ocrx_word' id='word_1_528' title='bbox 734 1774 837 1810; x_wconf 85' lang='grc' dir='ltr'>πατρὸς</span> 
     </span>
    </p>
   </div>
   <div class='ocr_carea' id='block_1_68' title="bbox 47 1819 838 1858">
    <p class='ocr_par' dir='ltr' id='par_1_68' title="bbox 47 1819 838 1858">
     <span class='ocr_line' id='line_1_68' title="bbox 47 1819 838 1858; baseline -0.006 -7"><span class='ocrx_word' id='word_1_529' title='bbox 47 1824 145 1858; x_wconf 79' lang='grc' dir='ltr'>αὑτοῦ,</span> <span class='ocrx_word' id='word_1_530' title='bbox 162 1824 210 1850; x_wconf 73' lang='grc' dir='ltr'>καὶ</span> <span class='ocrx_word' id='word_1_531' title='bbox 222 1822 374 1858; x_wconf 79' lang='grc' dir='ltr'>βασιλεύσει</span> <span class='ocrx_word' id='word_1_532' title='bbox 389 1821 436 1848; x_wconf 71' lang='grc' dir='ltr'><strong>ἐπὶ</strong></span> <span class='ocrx_word' id='word_1_533' title='bbox 451 1822 497 1849; x_wconf 83' lang='grc' dir='ltr'>τὸν</span> <span class='ocrx_word' id='word_1_534' title='bbox 511 1819 584 1848; x_wconf 79' lang='grc' dir='ltr'>οἶκον</span> <span class='ocrx_word' id='word_1_535' title='bbox 604 1821 712 1857; x_wconf 86' lang='grc' dir='ltr'>Ἰσραὴλ</span> <span class='ocrx_word' id='word_1_536' title='bbox 723 1821 763 1852; x_wconf 86' lang='grc' dir='ltr'><strong>εἰς</strong></span> <span class='ocrx_word' id='word_1_537' title='bbox 777 1821 838 1852; x_wconf 71' lang='grc' dir='ltr'>τοὺς</span> 
     </span>
    </p>
   </div>
   <div class='ocr_carea' id='block_1_69' title="bbox 47 1868 835 1904">
    <p class='ocr_par' dir='ltr' id='par_1_69' title="bbox 47 1868 835 1904">
     <span class='ocr_line' id='line_1_69' title="bbox 47 1868 835 1904; baseline -0.006 -6"><span class='ocrx_word' id='word_1_538' title='bbox 47 1871 164 1903; x_wconf 82' lang='grc' dir='ltr'>αἰῶνας,</span> <span class='ocrx_word' id='word_1_539' title='bbox 177 1870 225 1897; x_wconf 79' lang='grc' dir='ltr'>καὶ</span> <span class='ocrx_word' id='word_1_540' title='bbox 240 1870 290 1904; x_wconf 84' lang='grc' dir='ltr'>τῆς</span> <span class='ocrx_word' id='word_1_541' title='bbox 307 1869 444 1904; x_wconf 85' lang='grc' dir='ltr'>βασιλείας</span> <span class='ocrx_word' id='word_1_542' title='bbox 458 1868 540 1896; x_wconf 86' lang='grc' dir='ltr'>αὐτοῦ</span> <span class='ocrx_word' id='word_1_543' title='bbox 556 1869 606 1895; x_wconf 78' lang='grc' dir='ltr'>οὐκ</span> <span class='ocrx_word' id='word_1_544' title='bbox 626 1868 701 1894; x_wconf 77' lang='grc' dir='ltr'>ἔσται</span> <span class='ocrx_word' id='word_1_545' title='bbox 720 1868 805 1898; x_wconf 79' lang='grc' dir='ltr'>τέλος.</span> <span class='ocrx_word' id='word_1_546' title='bbox 825 1876 835 1893; x_wconf 84' lang='grc'><strong><em>›</em></strong></span> 
     </span>
    </p>
   </div>
   <div class='ocr_carea' id='block_1_70' title="bbox 54 1913 838 1952">
    <p class='ocr_par' dir='ltr' id='par_1_70' title="bbox 54 1913 838 1952">
     <span class='ocr_line' id='line_1_70' title="bbox 54 1913 838 1952; baseline -0.005 -9"><span class='ocrx_word' id='word_1_547' title='bbox 54 1917 100 1943; x_wconf 84' lang='grc' dir='ltr'>Ἐν</span> <span class='ocrx_word' id='word_1_548' title='bbox 112 1917 187 1952; x_wconf 80' lang='grc' dir='ltr'>χειρὶ</span> <span class='ocrx_word' id='word_1_549' title='bbox 199 1916 232 1952; x_wconf 83' lang='grc' dir='ltr'><strong>δὴ</strong></span> <span class='ocrx_word' id='word_1_550' title='bbox 243 1913 291 1942; x_wconf 84' lang='grc' dir='ltr'>οὖν</span> <span class='ocrx_word' id='word_1_551' title='bbox 305 1915 466 1951; x_wconf 75' lang='grc' dir='ltr'>Ζοροϐάϐελ,</span> <span class='ocrx_word' id='word_1_552' title='bbox 475 1914 668 1946; x_wconf 83' lang='grc' dir='ltr'>τουτέστιν,ὠς</span> <span class='ocrx_word' id='word_1_553' title='bbox 683 1915 712 1940; x_wconf 85' lang='grc' dir='ltr'>ὲν</span> <span class='ocrx_word' id='word_1_554' title='bbox 725 1914 838 1949; x_wconf 86' lang='grc' dir='ltr'>δυνάμει</span> 
     </span>
    </p>
   </div>
   <div class='ocr_carea' id='block_1_71' title="bbox 48 1960 838 1999">
    <p class='ocr_par' dir='ltr' id='par_1_71' title="bbox 48 1960 838 1999">
     <span class='ocr_line' id='line_1_71' title="bbox 48 1960 838 1999; baseline -0.006 -8"><span class='ocrx_word' id='word_1_555' title='bbox 48 1973 78 1991; x_wconf 87' lang='grc' dir='ltr'><strong>τε</strong></span> <span class='ocrx_word' id='word_1_556' title='bbox 102 1965 151 1991; x_wconf 84' lang='grc' dir='ltr'>καὶ</span> <span class='ocrx_word' id='word_1_557' title='bbox 170 1964 281 1999; x_wconf 75' lang='grc' dir='ltr'>ἐξουσίᾳ</span> <span class='ocrx_word' id='word_1_558' title='bbox 301 1964 334 1999; x_wconf 82' lang='grc' dir='ltr'><strong>τῇ</strong></span> <span class='ocrx_word' id='word_1_559' title='bbox 359 1962 404 1989; x_wconf 85' lang='grc' dir='ltr'><strong>τοῦ</strong></span> <span class='ocrx_word' id='word_1_560' title='bbox 427 1961 579 1997; x_wconf 77' lang='grc' dir='ltr'>Ζοροὸάϐελ</span> <span class='ocrx_word' id='word_1_561' title='bbox 600 1961 747 1996; x_wconf 80' lang='grc' dir='ltr'>ὀφθήσεται</span> <span class='ocrx_word' id='word_1_562' title='bbox 767 1960 838 1987; x_wconf 86' lang='grc' dir='ltr'>κατὰ</span> 
     </span>
    </p>
   </div>
   <div class='ocr_carea' id='block_1_72' title="bbox 49 2007 838 2046">
    <p class='ocr_par' dir='ltr' id='par_1_72' title="bbox 49 2007 838 2046">
     <span class='ocr_line' id='line_1_72' title="bbox 49 2007 838 2046; baseline -0.005 -9"><span class='ocrx_word' id='word_1_563' title='bbox 49 2011 166 2046; x_wconf 83' lang='grc' dir='ltr'>καιροὺς</span> <span class='ocrx_word' id='word_1_564' title='bbox 179 2011 195 2037; x_wconf 82' lang='grc' dir='ltr'>ὁ</span> <span class='ocrx_word' id='word_1_565' title='bbox 209 2009 281 2041; x_wconf 87' lang='grc' dir='ltr'>λίθος</span> <span class='ocrx_word' id='word_1_566' title='bbox 297 2010 311 2036; x_wconf 80' lang='grc' dir='ltr'>ὁ</span> <span class='ocrx_word' id='word_1_567' title='bbox 326 2008 522 2043; x_wconf 84' lang='grc' dir='ltr'>κασσιτέρινος.</span> <span class='ocrx_word' id='word_1_568' title='bbox 536 2007 675 2043; x_wconf 79' lang='grc' dir='ltr'>Ἐπιφέρει</span> <span class='ocrx_word' id='word_1_569' title='bbox 690 2007 719 2034; x_wconf 80' lang='grc' dir='ltr'><strong>δὲ</strong></span> <span class='ocrx_word' id='word_1_570' title='bbox 734 2007 838 2038; x_wconf 80' lang='grc' dir='ltr'>τούτοις</span> 
     </span>
    </p>
   </div>
   <div class='ocr_carea' id='block_1_73' title="bbox 49 2049 838 2090">
    <p class='ocr_par' dir='ltr' id='par_1_73' title="bbox 49 2049 838 2090">
     <span class='ocr_line' id='line_1_73' title="bbox 49 2049 838 2090; baseline -0.004 -8"><span class='ocrx_word' id='word_1_571' title='bbox 49 2056 132 2087; x_wconf 82' lang='grc' dir='ltr'>εὐθὺς</span> <span class='ocrx_word' id='word_1_572' title='bbox 148 2055 200 2090; x_wconf 83' lang='grc' dir='ltr'>τῆς</span> <span class='ocrx_word' id='word_1_573' title='bbox 213 2054 382 2090; x_wconf 79' lang='grc' dir='ltr'>προφητείας</span> <span class='ocrx_word' id='word_1_574' title='bbox 398 2054 413 2080; x_wconf 84' lang='grc' dir='ltr'>ὁ</span> <span class='ocrx_word' id='word_1_575' title='bbox 423 2053 501 2086; x_wconf 80' lang='grc' dir='ltr'>λόγος</span> <span class='ocrx_word' id='word_1_576' title='bbox 511 2061 519 2068; x_wconf 74' lang='grc' dir='ltr'><strong><em>ο</em></strong></span> <span class='ocrx_word' id='word_1_577' title='bbox 531 2062 540 2079; x_wconf 75' lang='grc' dir='ltr'><strong>ι</strong></span> <span class='ocrx_word' id='word_1_578' title='bbox 552 2052 637 2079; x_wconf 82' lang='grc' dir='ltr'>Ἑπτὰ</span> <span class='ocrx_word' id='word_1_579' title='bbox 650 2049 723 2080; x_wconf 76' lang='grc' dir='ltr'>οὗτοι</span> <span class='ocrx_word' id='word_1_580' title='bbox 738 2052 838 2087; x_wconf 84' lang='grc' dir='ltr'>ὀφθαλ-</span> 
     </span>
    </p>
   </div>
   <div class='ocr_carea' id='block_1_74' title="bbox 52 2099 838 2137">
    <p class='ocr_par' dir='ltr' id='par_1_74' title="bbox 52 2099 838 2137">
     <span class='ocr_line' id='line_1_74' title="bbox 52 2099 838 2137; baseline -0.004 -9"><span class='ocrx_word' id='word_1_581' title='bbox 52 2102 98 2137; x_wconf 77' lang='grc' dir='ltr'>μοὶ</span> <span class='ocrx_word' id='word_1_582' title='bbox 116 2100 225 2137; x_wconf 76' lang='grc' dir='ltr'>Κυρίου</span> <span class='ocrx_word' id='word_1_583' title='bbox 244 2100 331 2132; x_wconf 73' lang='grc' dir='ltr'>εἰσὶν,</span> <span class='ocrx_word' id='word_1_584' title='bbox 350 2100 376 2126; x_wconf 81' lang='grc' dir='ltr'><strong>οἰ</strong></span> <span class='ocrx_word' id='word_1_585' title='bbox 397 2099 588 2131; x_wconf 74' lang='grc' dir='ltr'>ἐπιϐλέποντες</span> <span class='ocrx_word' id='word_1_586' title='bbox 611 2099 656 2126; x_wconf 75' lang='grc' dir='ltr'><strong>ἐπὶ</strong></span> <span class='ocrx_word' id='word_1_587' title='bbox 679 2100 768 2126; x_wconf 81' lang='grc' dir='ltr'>πᾶσαν</span> <span class='ocrx_word' id='word_1_588' title='bbox 789 2099 838 2135; x_wconf 84' lang='grc' dir='ltr'>τὴν</span> 
     </span>
    </p>
   </div>
   <div class='ocr_carea' id='block_1_75' title="bbox 51 2144 840 2186">
    <p class='ocr_par' dir='ltr' id='par_1_75' title="bbox 51 2144 840 2186">
     <span class='ocr_line' id='line_1_75' title="bbox 51 2144 840 2186; baseline -0.004 -9"><span class='ocrx_word' id='word_1_589' title='bbox 51 2152 113 2186; x_wconf 85' lang='grc' dir='ltr'>γῆν.</span> <span class='ocrx_word' id='word_1_590' title='bbox 132 2160 142 2177; x_wconf 73' lang='grc' dir='ltr'><strong>ι</strong></span> <span class='ocrx_word' id='word_1_591' title='bbox 159 2150 216 2178; x_wconf 75' lang='grc' dir='ltr'><strong>Καὶ</strong></span> <span class='ocrx_word' id='word_1_592' title='bbox 231 2149 304 2181; x_wconf 87' lang='grc' dir='ltr'>τίνες</span> <span class='ocrx_word' id='word_1_593' title='bbox 323 2149 356 2176; x_wconf 81' lang='grc' dir='ltr'>ἂν</span> <span class='ocrx_word' id='word_1_594' title='bbox 373 2146 428 2175; x_wconf 74' lang='grc' dir='ltr'>εἷεν</span> <span class='ocrx_word' id='word_1_595' title='bbox 450 2144 522 2175; x_wconf 70' lang='grc' dir='ltr'>οὗτοι</span> <span class='ocrx_word' id='word_1_596' title='bbox 541 2147 639 2179; x_wconf 86' lang='grc' dir='ltr'>πάλιν;</span> <span class='ocrx_word' id='word_1_597' title='bbox 655 2148 690 2174; x_wconf 88' lang='grc' dir='ltr'><em>’Ἡ</em></span> <span class='ocrx_word' id='word_1_598' title='bbox 705 2147 759 2183; x_wconf 85' lang='grc' dir='ltr'><strong>γὰρ</strong></span> <span class='ocrx_word' id='word_1_599' title='bbox 776 2147 840 2178; x_wconf 82' lang='grc' dir='ltr'>τοὺς</span> 
     </span>
    </p>
   </div>
   <div class='ocr_carea' id='block_1_76' title="bbox 49 2190 837 2230">
    <p class='ocr_par' dir='ltr' id='par_1_76' title="bbox 49 2190 837 2230">
     <span class='ocr_line' id='line_1_76' title="bbox 49 2190 837 2230; baseline -0.009 -7"><span class='ocrx_word' id='word_1_600' title='bbox 49 2196 122 2223; x_wconf 66' lang='lat' dir='ltr'><strong>ma</strong></span> <span class='ocrx_word' id='word_1_601' title='bbox 136 2195 260 2230; x_wconf 84' lang='grc' dir='ltr'>λύχνους,</span> <span class='ocrx_word' id='word_1_602' title='bbox 275 2193 323 2226; x_wconf 83' lang='grc' dir='ltr'><strong>οὒς</strong></span> <span class='ocrx_word' id='word_1_603' title='bbox 336 2193 462 2220; x_wconf 84' lang='grc' dir='ltr'>τεθέαται</span> <span class='ocrx_word' id='word_1_604' title='bbox 476 2193 506 2219; x_wconf 80' lang='grc' dir='ltr'>ὲν</span> <span class='ocrx_word' id='word_1_605' title='bbox 520 2192 558 2226; x_wconf 82' lang='grc' dir='ltr'><strong>τῷ</strong></span> <span class='ocrx_word' id='word_1_606' title='bbox 567 2191 722 2227; x_wconf 82' lang='grc' dir='ltr'>λαμπαδίῳ,</span> <span class='ocrx_word' id='word_1_607' title='bbox 736 2190 837 2225; x_wconf 74' lang='grc' dir='ltr'>κέκλη-</span> 
     </span>
    </p>
   </div>
   <div class='ocr_carea' id='block_1_77' title="bbox 51 2235 877 2286">
    <p class='ocr_par' dir='ltr' id='par_1_77' title="bbox 51 2235 877 2286">
     <span class='ocr_line' id='line_1_77' title="bbox 51 2235 877 2286; baseline -0.011 -16"><span class='ocrx_word' id='word_1_608' title='bbox 51 2251 98 2270; x_wconf 72' lang='grc' dir='ltr'><strong>κεν</strong></span> <span class='ocrx_word' id='word_1_609' title='bbox 119 2240 279 2276; x_wconf 71' lang='grc' dir='ltr'>ὀφθαλμοὺς</span> <span class='ocrx_word' id='word_1_610' title='bbox 291 2239 405 2274; x_wconf 79' lang='grc' dir='ltr'>Κυρίου,</span> <span class='ocrx_word' id='word_1_611' title='bbox 427 2239 471 2265; x_wconf 88' lang='grc' dir='ltr'><strong>ῐνα</strong></span> <span class='ocrx_word' id='word_1_612' title='bbox 491 2237 598 2286; x_wconf 58' lang='grc' dir='ltr'>νοῶμεν</span> <span class='ocrx_word' id='word_1_613' title='bbox 611 2237 673 2286; x_wconf 64' lang='grc' dir='ltr'>τους</span> <span class='ocrx_word' id='word_1_614' title='bbox 686 2236 789 2286; x_wconf 63' lang='grc' dir='ltr'>άγίους,</span> <span class='ocrx_word' id='word_1_615' title='bbox 805 2235 838 2286; x_wconf 56' lang='grc' dir='ltr'><strong>ξι*</strong></span> <span class='ocrx_word' id='word_1_616' title='bbox 855 2259 877 2286; x_wconf 77' lang='lat' dir='ltr'><strong>D</strong></span> 
     </span>
    </p>
   </div>
   <div class='ocr_carea' id='block_1_78' title="bbox 50 2281 839 2323">
    <p class='ocr_par' dir='ltr' id='par_1_78' title="bbox 50 2281 839 2323">
     <span class='ocr_line' id='line_1_78' title="bbox 50 2281 839 2323; baseline -0.01 -8"><span class='ocrx_word' id='word_1_617' title='bbox 50 2286 88 2315; x_wconf 82' lang='grc' dir='ltr'>ὧν</span> <span class='ocrx_word' id='word_1_618' title='bbox 103 2289 120 2323; x_wconf 84' lang='grc' dir='ltr'><strong>ὴ</strong></span> <span class='ocrx_word' id='word_1_619' title='bbox 141 2286 275 2322; x_wconf 81' lang='grc' dir='ltr'>σύμπασα</span> <span class='ocrx_word' id='word_1_620' title='bbox 295 2284 515 2319; x_wconf 78' lang='grc' dir='ltr'>καταφωτίζεται</span> <span class='ocrx_word' id='word_1_621' title='bbox 540 2283 594 2318; x_wconf 85' lang='grc' dir='ltr'>γῆ,</span> <span class='ocrx_word' id='word_1_622' title='bbox 620 2283 666 2309; x_wconf 78' lang='grc' dir='ltr'>καὶ</span> <span class='ocrx_word' id='word_1_623' title='bbox 687 2281 839 2316; x_wconf 77' lang='grc' dir='ltr'>ἐπισκοπῆς</span> 
     </span>
    </p>
   </div>
   <div class='ocr_carea' id='block_1_79' title="bbox 51 2328 838 2366">
    <p class='ocr_par' dir='ltr' id='par_1_79' title="bbox 51 2328 838 2366">
     <span class='ocr_line' id='line_1_79' title="bbox 51 2328 838 2366; baseline -0.009 -6"><span class='ocrx_word' id='word_1_624' title='bbox 51 2333 200 2366; x_wconf 75' lang='grc' dir='ltr'>ἀξιωθεῖσα</span> <span class='ocrx_word' id='word_1_625' title='bbox 217 2331 341 2366; x_wconf 85' lang='grc' dir='ltr'>φαίνεται</span> <span class='ocrx_word' id='word_1_626' title='bbox 363 2331 419 2362; x_wconf 82' lang='grc' dir='ltr'>τοῖς</span> <span class='ocrx_word' id='word_1_627' title='bbox 443 2329 519 2365; x_wconf 82' lang='grc' dir='ltr'>παρὰ</span> <span class='ocrx_word' id='word_1_628' title='bbox 540 2328 624 2355; x_wconf 81' lang='grc' dir='ltr'>Θεοῦ·</span> <span class='ocrx_word' id='word_1_629' title='bbox 642 2328 726 2364; x_wconf 72' lang='grc' dir='ltr'>ἤγουν</span> <span class='ocrx_word' id='word_1_630' title='bbox 741 2329 838 2358; x_wconf 83' lang='grc' dir='ltr'>ἐκεῖνο,</span> 
     </span>
    </p>
   </div>
   <div class='ocr_carea' id='block_1_80' title="bbox 51 2373 840 2415">
    <p class='ocr_par' dir='ltr' id='par_1_80' title="bbox 51 2373 840 2415">
     <span class='ocr_line' id='line_1_80' title="bbox 51 2373 840 2415; baseline -0.01 -9"><span class='ocrx_word' id='word_1_631' title='bbox 51 2378 130 2415; x_wconf 76' lang='grc' dir='ltr'>οἶμαι</span> <span class='ocrx_word' id='word_1_632' title='bbox 143 2387 208 2411; x_wconf 87' lang='grc' dir='ltr'>που,</span> <span class='ocrx_word' id='word_1_633' title='bbox 222 2376 439 2412; x_wconf 83' lang='grc' dir='ltr'>κατασημαίνειν</span> <span class='ocrx_word' id='word_1_634' title='bbox 453 2375 579 2411; x_wconf 75' lang='grc' dir='ltr'>ἐροῦμεν,</span> <span class='ocrx_word' id='word_1_635' title='bbox 592 2374 630 2405; x_wconf 85' lang='grc' dir='ltr'>ὡς</span> <span class='ocrx_word' id='word_1_636' title='bbox 643 2373 694 2400; x_wconf 83' lang='grc' dir='ltr'>οὐκ</span> <span class='ocrx_word' id='word_1_637' title='bbox 707 2373 840 2408; x_wconf 82' lang='grc' dir='ltr'>ἀμελήσει</span> 
     </span>
    </p>
   </div>
   <div class='ocr_carea' id='block_1_81' title="bbox 50 2418 837 2456">
    <p class='ocr_par' dir='ltr' id='par_1_81' title="bbox 50 2418 837 2456">
     <span class='ocr_line' id='line_1_81' title="bbox 50 2418 837 2456; baseline -0.008 -7"><span class='ocrx_word' id='word_1_638' title='bbox 50 2423 106 2450; x_wconf 81' lang='grc' dir='ltr'><strong>τῶν</strong></span> <span class='ocrx_word' id='word_1_639' title='bbox 123 2422 198 2449; x_wconf 73' lang='grc' dir='ltr'>ἰδίων</span> <span class='ocrx_word' id='word_1_640' title='bbox 218 2421 376 2456; x_wconf 81' lang='grc' dir='ltr'>κτισμάτων</span> <span class='ocrx_word' id='word_1_641' title='bbox 390 2421 404 2446; x_wconf 80' lang='grc' dir='ltr'>ὁ</span> <span class='ocrx_word' id='word_1_642' title='bbox 422 2419 475 2446; x_wconf 81' lang='grc' dir='ltr'>τῶν</span> <span class='ocrx_word' id='word_1_643' title='bbox 497 2419 565 2446; x_wconf 80' lang='grc' dir='ltr'>ὅλων</span> <span class='ocrx_word' id='word_1_644' title='bbox 581 2418 646 2449; x_wconf 74' lang='grc' dir='ltr'>Θεὸς</span> <span class='ocrx_word' id='word_1_645' title='bbox 666 2418 712 2445; x_wconf 77' lang='grc' dir='ltr'>καὶ</span> <span class='ocrx_word' id='word_1_646' title='bbox 726 2418 820 2452; x_wconf 85' lang='grc' dir='ltr'>Πατήρ</span> <span class='ocrx_word' id='word_1_647' title='bbox 831 2425 837 2431; x_wconf 89' lang='grc'><strong>·</strong></span> 
     </span>
    </p>
   </div>
   <div class='ocr_carea' id='block_1_82' title="bbox 51 2463 839 2499">
    <p class='ocr_par' dir='ltr' id='par_1_82' title="bbox 51 2463 839 2499">
     <span class='ocr_line' id='line_1_82' title="bbox 51 2463 839 2499; baseline -0.009 -4"><span class='ocrx_word' id='word_1_648' title='bbox 51 2468 110 2496; x_wconf 81' lang='grc' dir='ltr'>ἀλλ’</span> <span class='ocrx_word' id='word_1_649' title='bbox 134 2464 192 2494; x_wconf 77' lang='grc' dir='ltr'>οἷον</span> <span class='ocrx_word' id='word_1_650' title='bbox 212 2465 320 2497; x_wconf 82' lang='grc' dir='ltr'>πολλοῖς</span> <span class='ocrx_word' id='word_1_651' title='bbox 340 2474 371 2491; x_wconf 85' lang='grc' dir='ltr'><strong>τε</strong></span> <span class='ocrx_word' id='word_1_652' title='bbox 389 2465 435 2491; x_wconf 66' lang='grc' dir='ltr'>καὶ</span> <span class='ocrx_word' id='word_1_653' title='bbox 451 2465 564 2495; x_wconf 82' lang='grc' dir='ltr'>ἀΰπνοις</span> <span class='ocrx_word' id='word_1_654' title='bbox 581 2464 687 2499; x_wconf 73' lang='grc' dir='ltr'>ὄμμασι</span> <span class='ocrx_word' id='word_1_655' title='bbox 701 2463 735 2489; x_wconf 79' lang='grc' dir='ltr'><strong>τὰ</strong></span> <span class='ocrx_word' id='word_1_656' title='bbox 751 2463 839 2489; x_wconf 83' lang='grc' dir='ltr'>πάντα</span> 
     </span>
    </p>
   </div>
   <div class='ocr_carea' id='block_1_83' title="bbox 52 2507 838 2550">
    <p class='ocr_par' dir='ltr' id='par_1_83' title="bbox 52 2507 838 2550">
     <span class='ocr_line' id='line_1_83' title="bbox 52 2507 838 2550; baseline -0.009 -9"><span class='ocrx_word' id='word_1_657' title='bbox 52 2513 223 2550; x_wconf 82' lang='grc' dir='ltr'>περιαθρῶν,</span> <span class='ocrx_word' id='word_1_658' title='bbox 241 2512 377 2547; x_wconf 82' lang='grc' dir='ltr'>χαριεῖται</span> <span class='ocrx_word' id='word_1_659' title='bbox 387 2513 442 2542; x_wconf 88' lang='grc' dir='ltr'>τοῖς</span> <span class='ocrx_word' id='word_1_660' title='bbox 455 2511 501 2538; x_wconf 68' lang='grc' dir='ltr'><strong>ἐπὶ</strong></span> <span class='ocrx_word' id='word_1_661' title='bbox 517 2510 567 2545; x_wconf 83' lang='grc' dir='ltr'>τῆς</span> <span class='ocrx_word' id='word_1_662' title='bbox 583 2510 634 2544; x_wconf 83' lang='grc' dir='ltr'>γῆς</span> <span class='ocrx_word' id='word_1_663' title='bbox 644 2510 690 2536; x_wconf 68' lang='grc' dir='ltr'><strong>τον</strong></span> <span class='ocrx_word' id='word_1_664' title='bbox 706 2508 777 2535; x_wconf 86' lang='grc' dir='ltr'>λίθον</span> <span class='ocrx_word' id='word_1_665' title='bbox 792 2507 838 2534; x_wconf 80' lang='grc' dir='ltr'><strong>τὸν</strong></span> 
     </span>
    </p>
   </div>
   <div class='ocr_carea' id='block_1_84' title="bbox 53 2552 839 2593">
    <p class='ocr_par' dir='ltr' id='par_1_84' title="bbox 53 2552 839 2593">
     <span class='ocr_line' id='line_1_84' title="bbox 53 2552 839 2593; baseline -0.008 -7"><span class='ocrx_word' id='word_1_666' title='bbox 53 2558 257 2593; x_wconf 82' lang='grc' dir='ltr'>κασσιτέρινον,</span> <span class='ocrx_word' id='word_1_667' title='bbox 278 2557 411 2587; x_wconf 76' lang='grc' dir='ltr'>τουτέστι,</span> <span class='ocrx_word' id='word_1_668' title='bbox 430 2555 561 2591; x_wconf 71' lang='grc' dir='ltr'>Χριστὸν,</span> <span class='ocrx_word' id='word_1_669' title='bbox 583 2555 615 2582; x_wconf 83' lang='grc' dir='ltr'><strong>δι’</strong></span> <span class='ocrx_word' id='word_1_670' title='bbox 631 2552 661 2582; x_wconf 80' lang='grc' dir='ltr'><strong>οὗ</strong></span> <span class='ocrx_word' id='word_1_671' title='bbox 676 2555 772 2589; x_wconf 83' lang='grc' dir='ltr'>γέγονε</span> <span class='ocrx_word' id='word_1_672' title='bbox 791 2553 839 2580; x_wconf 72' lang='grc' dir='ltr'>καὶ</span> 
     </span>
    </p>
   </div>
   <div class='ocr_carea' id='block_1_85' title="bbox 53 2599 838 2639">
    <p class='ocr_par' dir='ltr' id='par_1_85' title="bbox 53 2599 838 2639">
     <span class='ocr_line' id='line_1_85' title="bbox 53 2599 838 2639; baseline -0.005 -9"><span class='ocrx_word' id='word_1_673' title='bbox 53 2605 92 2636; x_wconf 75' lang='grc' dir='ltr'><strong>εἰς</strong></span> <span class='ocrx_word' id='word_1_674' title='bbox 107 2604 184 2639; x_wconf 77' lang='grc' dir='ltr'>ἡμᾶς</span> <span class='ocrx_word' id='word_1_675' title='bbox 199 2603 213 2629; x_wconf 87' lang='grc' dir='ltr'>ὁ</span> <span class='ocrx_word' id='word_1_676' title='bbox 228 2603 279 2638; x_wconf 86' lang='grc' dir='ltr'>τῆς</span> <span class='ocrx_word' id='word_1_677' title='bbox 296 2601 489 2636; x_wconf 77' lang='grc' dir='ltr'>κατασκέψεως</span> <span class='ocrx_word' id='word_1_678' title='bbox 499 2621 506 2633; x_wconf 95' lang='grc'><strong>,</strong></span> <span class='ocrx_word' id='word_1_679' title='bbox 530 2599 579 2628; x_wconf 82' lang='grc' dir='ltr'>εἰτ’</span> <span class='ocrx_word' id='word_1_680' title='bbox 600 2599 647 2627; x_wconf 79' lang='grc' dir='ltr'>οὖν</span> <span class='ocrx_word' id='word_1_681' title='bbox 670 2600 838 2634; x_wconf 74' lang='grc' dir='ltr'>ἐπισκέψεως</span> 
     </span>
    </p>
   </div>
   <div class='ocr_carea' id='block_1_86' title="bbox 52 2646 837 2685">
    <p class='ocr_par' dir='ltr' id='par_1_86' title="bbox 52 2646 837 2685">
     <span class='ocr_line' id='line_1_86' title="bbox 52 2646 837 2685; baseline -0.006 -8"><span class='ocrx_word' id='word_1_682' title='bbox 52 2650 163 2685; x_wconf 82' lang='grc' dir='ltr'>τρόπος.</span> <span class='ocrx_word' id='word_1_683' title='bbox 178 2659 188 2675; x_wconf 72' lang='grc' dir='ltr'><strong>ι</strong></span> <span class='ocrx_word' id='word_1_684' title='bbox 201 2647 387 2682; x_wconf 79' lang='grc' dir='ltr'>Ἐπεσκέψατο</span> <span class='ocrx_word' id='word_1_685' title='bbox 395 2648 448 2683; x_wconf 83' lang='grc' dir='ltr'>γὰρ</span> <span class='ocrx_word' id='word_1_686' title='bbox 461 2648 534 2683; x_wconf 81' lang='grc' dir='ltr'>ἡμᾶς</span> <span class='ocrx_word' id='word_1_687' title='bbox 548 2646 675 2682; x_wconf 84' lang='grc' dir='ltr'>Ἀνατολὴ</span> <span class='ocrx_word' id='word_1_688' title='bbox 683 2646 813 2682; x_wconf 73' lang='grc' dir='ltr'>ὲξύψους,</span> <span class='ocrx_word' id='word_1_689' title='bbox 828 2656 837 2672; x_wconf 78' lang='grc' dir='ltr'><strong>ι</strong></span> 
     </span>
    </p>
   </div>
   <div class='ocr_carea' id='block_1_87' title="bbox 53 2691 841 2729">
    <p class='ocr_par' dir='ltr' id='par_1_87' title="bbox 53 2691 841 2729">
     <span class='ocr_line' id='line_1_87' title="bbox 53 2691 841 2729; baseline -0.005 -7"><span class='ocrx_word' id='word_1_690' title='bbox 53 2695 124 2722; x_wconf 83' lang='grc' dir='ltr'>κατὰ</span> <span class='ocrx_word' id='word_1_691' title='bbox 153 2695 185 2721; x_wconf 82' lang='grc' dir='ltr'>τὸ</span> <span class='ocrx_word' id='word_1_692' title='bbox 217 2693 422 2729; x_wconf 81' lang='grc' dir='ltr'>γεγραμμένον.</span> <span class='ocrx_word' id='word_1_693' title='bbox 453 2693 508 2720; x_wconf 77' lang='grc' dir='ltr'><strong>Καὶ</strong></span> <span class='ocrx_word' id='word_1_694' title='bbox 540 2693 620 2728; x_wconf 74' lang='grc' dir='ltr'>εἴπερ</span> <span class='ocrx_word' id='word_1_695' title='bbox 649 2692 732 2727; x_wconf 86' lang='grc' dir='ltr'>ὲσμὲν</span> <span class='ocrx_word' id='word_1_696' title='bbox 763 2691 841 2727; x_wconf 84' lang='grc' dir='ltr'>σῶμα</span> 
     </span>
    </p>
   </div>
   <div class='ocr_carea' id='block_1_88' title="bbox 54 2736 841 2776">
    <p class='ocr_par' dir='ltr' id='par_1_88' title="bbox 54 2736 841 2776">
     <span class='ocr_line' id='line_1_88' title="bbox 54 2736 841 2776; baseline -0.005 -9"><span class='ocrx_word' id='word_1_697' title='bbox 54 2740 183 2776; x_wconf 79' lang='grc' dir='ltr'>Χριστοῦ,</span> <span class='ocrx_word' id='word_1_698' title='bbox 207 2740 256 2766; x_wconf 86' lang='grc' dir='ltr'>καὶ</span> <span class='ocrx_word' id='word_1_699' title='bbox 281 2739 350 2774; x_wconf 84' lang='grc' dir='ltr'>μέλη</span> <span class='ocrx_word' id='word_1_700' title='bbox 374 2738 406 2764; x_wconf 84' lang='grc' dir='ltr'>ἐκ</span> <span class='ocrx_word' id='word_1_701' title='bbox 428 2738 542 2773; x_wconf 82' lang='grc' dir='ltr'>μέρους,</span> <span class='ocrx_word' id='word_1_702' title='bbox 556 2737 632 2764; x_wconf 79' lang='grc' dir='ltr'>οὐδὲν</span> <span class='ocrx_word' id='word_1_703' title='bbox 649 2736 724 2772; x_wconf 78' lang='grc' dir='ltr'>οἶμαι</span> <span class='ocrx_word' id='word_1_704' title='bbox 741 2737 770 2763; x_wconf 79' lang='grc' dir='ltr'><strong>τὸ</strong></span> <span class='ocrx_word' id='word_1_705' title='bbox 788 2738 841 2764; x_wconf 85' lang='grc' dir='ltr'><strong>ἁπ-</strong></span> 
     </span>
    </p>
   </div>
   <div class='ocr_carea' id='block_1_89' title="bbox 54 2783 840 2820">
    <p class='ocr_par' dir='ltr' id='par_1_89' title="bbox 54 2783 840 2820">
     <span class='ocr_line' id='line_1_89' title="bbox 54 2783 840 2820; baseline -0.005 -7"><span class='ocrx_word' id='word_1_706' title='bbox 54 2786 136 2819; x_wconf 77' lang='grc' dir='ltr'>εικὸς,</span> <span class='ocrx_word' id='word_1_707' title='bbox 152 2787 182 2812; x_wconf 82' lang='grc' dir='ltr'>ὲν</span> <span class='ocrx_word' id='word_1_708' title='bbox 199 2784 349 2820; x_wconf 82' lang='grc' dir='ltr'>ὀφθαλμῶν</span> <span class='ocrx_word' id='word_1_709' title='bbox 361 2783 434 2815; x_wconf 75' lang='grc' dir='ltr'>τάξει</span> <span class='ocrx_word' id='word_1_710' title='bbox 455 2783 625 2818; x_wconf 79' lang='grc' dir='ltr'>τοὺςὰγίους</span> <span class='ocrx_word' id='word_1_711' title='bbox 643 2783 840 2818; x_wconf 78' lang='grc' dir='ltr'>μυσταγωγοὺς</span> 
     </span>
    </p>
   </div>
   <div class='ocr_carea' id='block_1_90' title="bbox 85 2871 625 2905">
    <p class='ocr_par' dir='ltr' id='par_1_90' title="bbox 85 2871 625 2905">
     <span class='ocr_line' id='line_1_90' title="bbox 85 2871 625 2905; baseline -0.011 -2"><span class='ocrx_word' id='word_1_712' title='bbox 85 2872 107 2889; x_wconf 70' lang='grc'>⁴⁹</span> <span class='ocrx_word' id='word_1_713' title='bbox 127 2872 180 2902; x_wconf 74' lang='lat' dir='ltr'><strong>Job</strong></span> <span class='ocrx_word' id='word_1_714' title='bbox 200 2880 256 2905; x_wconf 78' lang='lat' dir='ltr'><strong>xu,</strong></span> <span class='ocrx_word' id='word_1_715' title='bbox 281 2871 324 2898; x_wconf 78' lang='lat' dir='ltr'><strong>l5.</strong></span> <span class='ocrx_word' id='word_1_716' title='bbox 364 2872 386 2887; x_wconf 84' lang='grc'>⁵⁰</span> <span class='ocrx_word' id='word_1_717' title='bbox 405 2871 503 2899; x_wconf 76' lang='lat' dir='ltr'><strong>.lcrem.</strong></span> <span class='ocrx_word' id='word_1_718' title='bbox 526 2879 562 2903; x_wconf 72' lang='grc' dir='ltr'>γι,</span> <span class='ocrx_word' id='word_1_719' title='bbox 581 2871 625 2898; x_wconf 72' lang='lat'><strong>29.</strong></span> 
     </span>
    </p>
   </div>
   <div class='ocr_carea' id='block_1_91' title="bbox 232 2920 604 2951">
    <p class='ocr_par' dir='ltr' id='par_1_91' title="bbox 232 2920 604 2951">
     <span class='ocr_line' id='line_1_91' title="bbox 232 2920 604 2951; baseline 0 -1"><span class='ocrx_word' id='word_1_720' title='bbox 232 2920 373 2950; x_wconf 70' lang='grc' dir='ltr'>Ριτιιοι.</span> <span class='ocrx_word' id='word_1_721' title='bbox 398 2920 454 2949; x_wconf 69' lang='lat' dir='ltr'><strong>lia.</strong></span> <span class='ocrx_word' id='word_1_722' title='bbox 480 2921 604 2951; x_wconf 72' lang='lat' dir='ltr'><strong>Hi.</strong></span> 
     </span>
    </p>
   </div>
   <div class='ocr_carea' id='block_1_92' title="bbox 686 2871 961 2904">
    <p class='ocr_par' dir='ltr' id='par_1_92' title="bbox 686 2871 961 2904">
     <span class='ocr_line' id='line_1_92' title="bbox 686 2871 961 2904; baseline 0 -7"><span class='ocrx_word' id='word_1_723' title='bbox 686 2871 704 2886; x_wconf 84' lang='lat'>“</span> <span class='ocrx_word' id='word_1_724' title='bbox 726 2871 789 2898; x_wconf 81' lang='lat' dir='ltr'><strong>Lut&#39;.</strong></span> <span class='ocrx_word' id='word_1_725' title='bbox 812 2879 831 2904; x_wconf 91' lang='lat' dir='ltr'><strong>t,</strong></span> <span class='ocrx_word' id='word_1_726' title='bbox 852 2871 896 2904; x_wconf 74' lang='grc'><strong>51,</strong></span> <span class='ocrx_word' id='word_1_727' title='bbox 918 2872 961 2898; x_wconf 62' lang='grc'><strong>52.</strong></span> 
     </span>
    </p>
   </div>
   <div class='ocr_carea' id='block_1_93' title="bbox 890 1631 1668 1670">
    <p class='ocr_par' dir='ltr' id='par_1_93' title="bbox 890 1631 1668 1670">
     <span class='ocr_line' id='line_1_93' title="bbox 890 1631 1668 1670; baseline 0.01 -12"><span class='ocrx_word' id='word_1_728' title='bbox 890 1631 1035 1664; x_wconf 87' lang='lat' dir='ltr'><strong>robabelis,</strong></span> <span class='ocrx_word' id='word_1_729' title='bbox 1059 1632 1192 1660; x_wconf 84' lang='lat' dir='ltr'><strong>videbitur</strong></span> <span class='ocrx_word' id='word_1_730' title='bbox 1215 1633 1356 1668; x_wconf 85' lang='lat' dir='ltr'><strong>aliquando</strong></span> <span class='ocrx_word' id='word_1_731' title='bbox 1375 1636 1441 1670; x_wconf 84' lang='lat' dir='ltr'><strong>lapis</strong></span> <span class='ocrx_word' id='word_1_732' title='bbox 1471 1637 1514 1665; x_wconf 89' lang='lat' dir='ltr'><strong>ille</strong></span> <span class='ocrx_word' id='word_1_733' title='bbox 1529 1645 1668 1667; x_wconf 88' lang='lat' dir='ltr'><strong>stantteus.</strong></span> 
     </span>
    </p>
   </div>
   <div class='ocr_carea' id='block_1_94' title="bbox 889 1677 1669 1720">
    <p class='ocr_par' dir='ltr' id='par_1_94' title="bbox 889 1677 1669 1720">
     <span class='ocr_line' id='line_1_94' title="bbox 889 1677 1669 1720; baseline 0.012 -16"><span class='ocrx_word' id='word_1_734' title='bbox 889 1677 1014 1705; x_wconf 80' lang='lat' dir='ltr'><strong>Annectit</strong></span> <span class='ocrx_word' id='word_1_735' title='bbox 1030 1679 1150 1712; x_wconf 85' lang='lat' dir='ltr'><strong>protinus</strong></span> <span class='ocrx_word' id='word_1_736' title='bbox 1168 1680 1209 1707; x_wconf 90' lang='lat' dir='ltr'><strong>his</strong></span> <span class='ocrx_word' id='word_1_737' title='bbox 1221 1682 1391 1715; x_wconf 87' lang='lat' dir='ltr'><strong>propheticus</strong></span> <span class='ocrx_word' id='word_1_738' title='bbox 1407 1690 1495 1710; x_wconf 83' lang='lat' dir='ltr'><strong>sermo</strong></span> <span class='ocrx_word' id='word_1_739' title='bbox 1512 1692 1518 1710; x_wconf 89' lang='lat'><strong>:</strong></span> <span class='ocrx_word' id='word_1_740' title='bbox 1532 1694 1541 1710; x_wconf 82' lang='grc' dir='ltr'><strong>ι</strong></span> <span class='ocrx_word' id='word_1_741' title='bbox 1561 1683 1669 1720; x_wconf 85' lang='lat' dir='ltr'><strong>Septem</strong></span> 
     </span>
    </p>
   </div>
   <div class='ocr_carea' id='block_1_95' title="bbox 889 1724 1671 1764">
    <p class='ocr_par' dir='ltr' id='par_1_95' title="bbox 889 1724 1671 1764">
     <span class='ocr_line' id='line_1_95' title="bbox 889 1724 1671 1764; baseline 0.01 -13"><span class='ocrx_word' id='word_1_742' title='bbox 889 1724 916 1751; x_wconf 92' lang='lat' dir='ltr'><strong>lti</strong></span> <span class='ocrx_word' id='word_1_743' title='bbox 934 1725 1003 1752; x_wconf 90' lang='lat' dir='ltr'><strong>oculi</strong></span> <span class='ocrx_word' id='word_1_744' title='bbox 1017 1726 1120 1753; x_wconf 88' lang='lat' dir='ltr'><strong>Domini</strong></span> <span class='ocrx_word' id='word_1_745' title='bbox 1135 1730 1197 1753; x_wconf 87' lang='lat' dir='ltr'><strong>sunt</strong></span> <span class='ocrx_word' id='word_1_746' title='bbox 1210 1727 1384 1762; x_wconf 78' lang='lat' dir='ltr'><strong>respicientes</strong></span> <span class='ocrx_word' id='word_1_747' title='bbox 1401 1737 1482 1764; x_wconf 78' lang='lat' dir='ltr'><strong>super</strong></span> <span class='ocrx_word' id='word_1_748' title='bbox 1493 1739 1598 1758; x_wconf 88' lang='lat' dir='ltr'><strong>onmem</strong></span> <span class='ocrx_word' id='word_1_749' title='bbox 1617 1737 1671 1759; x_wconf 90' lang='lat' dir='ltr'><strong>ter-</strong></span> 
     </span>
    </p>
   </div>
   <div class='ocr_carea' id='block_1_96' title="bbox 891 1770 1670 1812">
    <p class='ocr_par' dir='ltr' id='par_1_96' title="bbox 891 1770 1670 1812">
     <span class='ocr_line' id='line_1_96' title="bbox 891 1770 1670 1812; baseline 0.01 -15"><span class='ocrx_word' id='word_1_750' title='bbox 891 1777 958 1797; x_wconf 83' lang='lat' dir='ltr'><strong>ram.</strong></span> <span class='ocrx_word' id='word_1_751' title='bbox 975 1780 984 1796; x_wconf 75' lang='grc' dir='ltr'><strong>ι</strong></span> <span class='ocrx_word' id='word_1_752' title='bbox 1007 1770 1120 1803; x_wconf 86' lang='lat' dir='ltr'><strong>Quinam</strong></span> <span class='ocrx_word' id='word_1_753' title='bbox 1136 1773 1179 1799; x_wconf 91' lang='lat' dir='ltr'><strong>isti</strong></span> <span class='ocrx_word' id='word_1_754' title='bbox 1195 1773 1263 1800; x_wconf 89' lang='lat' dir='ltr'><strong>oculi</strong></span> <span class='ocrx_word' id='word_1_755' title='bbox 1279 1773 1290 1799; x_wconf 90' lang='lat'><strong>?</strong></span> <span class='ocrx_word' id='word_1_756' title='bbox 1304 1774 1385 1809; x_wconf 77' lang='lat'><strong>692</strong></span> <span class='ocrx_word' id='word_1_757' title='bbox 1404 1776 1455 1802; x_wconf 82' lang='lat' dir='ltr'><strong>Aut</strong></span> <span class='ocrx_word' id='word_1_758' title='bbox 1478 1777 1548 1803; x_wconf 89' lang='lat' dir='ltr'><strong>ettitn</strong></span> <span class='ocrx_word' id='word_1_759' title='bbox 1569 1783 1670 1812; x_wconf 82' lang='lat' dir='ltr'><strong>septem</strong></span> 
     </span>
    </p>
   </div>
   <div class='ocr_carea' id='block_1_97' title="bbox 890 1815 1672 1853">
    <p class='ocr_par' dir='ltr' id='par_1_97' title="bbox 890 1815 1672 1853">
     <span class='ocr_line' id='line_1_97' title="bbox 890 1815 1672 1853; baseline 0.01 -11"><span class='ocrx_word' id='word_1_760' title='bbox 890 1815 1015 1844; x_wconf 87' lang='lat' dir='ltr'><strong>lucernas</strong></span> <span class='ocrx_word' id='word_1_761' title='bbox 1030 1824 1097 1851; x_wconf 83' lang='lat' dir='ltr'><strong>quas</strong></span> <span class='ocrx_word' id='word_1_762' title='bbox 1113 1817 1177 1844; x_wconf 76' lang='lat' dir='ltr'><strong>vidit</strong></span> <span class='ocrx_word' id='word_1_763' title='bbox 1198 1819 1230 1845; x_wconf 88' lang='lat' dir='ltr'><strong>ad</strong></span> <span class='ocrx_word' id='word_1_764' title='bbox 1252 1818 1412 1853; x_wconf 82' lang='lat' dir='ltr'><strong>lampadem,</strong></span> <span class='ocrx_word' id='word_1_765' title='bbox 1440 1822 1547 1849; x_wconf 84' lang='lat' dir='ltr'><strong>vocavit</strong></span> <span class='ocrx_word' id='word_1_766' title='bbox 1578 1824 1672 1851; x_wconf 84' lang='lat' dir='ltr'><strong>oculos</strong></span> 
     </span>
    </p>
   </div>
   <div class='ocr_carea' id='block_1_98' title="bbox 890 1860 1671 1900">
    <p class='ocr_par' dir='ltr' id='par_1_98' title="bbox 890 1860 1671 1900">
     <span class='ocr_line' id='line_1_98' title="bbox 890 1860 1671 1900; baseline 0.013 -13"><span class='ocrx_word' id='word_1_767' title='bbox 890 1860 1006 1893; x_wconf 89' lang='lat' dir='ltr'><strong>Domini,</strong></span> <span class='ocrx_word' id='word_1_768' title='bbox 1020 1867 1049 1889; x_wconf 90' lang='lat' dir='ltr'><strong>ut</strong></span> <span class='ocrx_word' id='word_1_769' title='bbox 1062 1863 1239 1897; x_wconf 81' lang='lat' dir='ltr'><strong>intelligamus</strong></span> <span class='ocrx_word' id='word_1_770' title='bbox 1252 1870 1371 1897; x_wconf 83' lang='lat' dir='ltr'><strong>sanctos,</strong></span> <span class='ocrx_word' id='word_1_771' title='bbox 1389 1873 1436 1899; x_wconf 91' lang='lat' dir='ltr'><strong>per</strong></span> <span class='ocrx_word' id='word_1_772' title='bbox 1450 1874 1518 1900; x_wconf 88' lang='lat' dir='ltr'><strong>quos</strong></span> <span class='ocrx_word' id='word_1_773' title='bbox 1546 1868 1671 1897; x_wconf 85' lang='lat' dir='ltr'><strong>universa</strong></span> 
     </span>
    </p>
   </div>
   <div class='ocr_carea' id='block_1_99' title="bbox 890 1907 1671 1946">
    <p class='ocr_par' dir='ltr' id='par_1_99' title="bbox 890 1907 1671 1946">
     <span class='ocr_line' id='line_1_99' title="bbox 890 1907 1671 1946; baseline 0.009 -12"><span class='ocrx_word' id='word_1_774' title='bbox 890 1911 962 1934; x_wconf 88' lang='lat' dir='ltr'><strong>terra</strong></span> <span class='ocrx_word' id='word_1_775' title='bbox 978 1907 1151 1941; x_wconf 85' lang='lat' dir='ltr'><strong>illuminatur,</strong></span> <span class='ocrx_word' id='word_1_776' title='bbox 1171 1913 1197 1936; x_wconf 87' lang='lat' dir='ltr'><strong>et</strong></span> <span class='ocrx_word' id='word_1_777' title='bbox 1213 1909 1301 1936; x_wconf 91' lang='lat' dir='ltr'><strong>divina</strong></span> <span class='ocrx_word' id='word_1_778' title='bbox 1319 1910 1473 1938; x_wconf 85' lang='lat' dir='ltr'><strong>visitatione</strong></span> <span class='ocrx_word' id='word_1_779' title='bbox 1490 1913 1597 1946; x_wconf 82' lang='lat' dir='ltr'><strong>dignata</strong></span> <span class='ocrx_word' id='word_1_780' title='bbox 1611 1922 1671 1942; x_wconf 79' lang='lat' dir='ltr'><strong>cer-</strong></span> 
     </span>
    </p>
   </div>
   <div class='ocr_carea' id='block_1_100' title="bbox 890 1954 1670 1992">
    <p class='ocr_par' dir='ltr' id='par_1_100' title="bbox 890 1954 1670 1992">
     <span class='ocr_line' id='line_1_100' title="bbox 890 1954 1670 1992; baseline 0.01 -12"><span class='ocrx_word' id='word_1_781' title='bbox 890 1954 963 1981; x_wconf 88' lang='lat' dir='ltr'><strong>nitur</strong></span> <span class='ocrx_word' id='word_1_782' title='bbox 977 1964 984 1982; x_wconf 90' lang='lat'><strong>:</strong></span> <span class='ocrx_word' id='word_1_783' title='bbox 998 1959 1044 1981; x_wconf 93' lang='lat' dir='ltr'><strong>aut</strong></span> <span class='ocrx_word' id='word_1_784' title='bbox 1059 1961 1132 1982; x_wconf 86' lang='lat' dir='ltr'><strong>certe</strong></span> <span class='ocrx_word' id='word_1_785' title='bbox 1150 1955 1223 1988; x_wconf 88' lang='lat' dir='ltr'><strong>illttd,</strong></span> <span class='ocrx_word' id='word_1_786' title='bbox 1241 1956 1346 1991; x_wconf 90' lang='lat' dir='ltr'><strong>opinor,</strong></span> <span class='ocrx_word' id='word_1_787' title='bbox 1366 1957 1516 1992; x_wconf 77' lang='lat' dir='ltr'><strong>signiﬁcare</strong></span> <span class='ocrx_word' id='word_1_788' title='bbox 1539 1960 1670 1992; x_wconf 87' lang='lat' dir='ltr'><strong>dicemus,</strong></span> 
     </span>
    </p>
   </div>
   <div class='ocr_carea' id='block_1_101' title="bbox 890 2000 1671 2033">
    <p class='ocr_par' dir='ltr' id='par_1_101' title="bbox 890 2000 1671 2033">
     <span class='ocr_line' id='line_1_101' title="bbox 890 2000 1671 2033; baseline 0.009 -7"><span class='ocrx_word' id='word_1_789' title='bbox 890 2000 972 2027; x_wconf 84' lang='lat' dir='ltr'><strong>Deum</strong></span> <span class='ocrx_word' id='word_1_790' title='bbox 986 2005 1014 2027; x_wconf 89' lang='lat' dir='ltr'><strong>et</strong></span> <span class='ocrx_word' id='word_1_791' title='bbox 1030 2000 1136 2028; x_wconf 82' lang='lat' dir='ltr'><strong>Patrem</strong></span> <span class='ocrx_word' id='word_1_792' title='bbox 1163 2001 1348 2029; x_wconf 88' lang='lat' dir='ltr'><strong>universorum</strong></span> <span class='ocrx_word' id='word_1_793' title='bbox 1377 2008 1516 2030; x_wconf 85' lang='lat' dir='ltr'><strong>creaturas</strong></span> <span class='ocrx_word' id='word_1_794' title='bbox 1538 2012 1600 2033; x_wconf 84' lang='lat' dir='ltr'><strong>suas</strong></span> <span class='ocrx_word' id='word_1_795' title='bbox 1618 2014 1671 2033; x_wconf 87' lang='lat' dir='ltr'><strong>non</strong></span> 
     </span>
    </p>
   </div>
   <div class='ocr_carea' id='block_1_102' title="bbox 890 2046 1672 2085">
    <p class='ocr_par' dir='ltr' id='par_1_102' title="bbox 890 2046 1672 2085">
     <span class='ocr_line' id='line_1_102' title="bbox 890 2046 1672 2085; baseline 0.008 -13"><span class='ocrx_word' id='word_1_796' title='bbox 890 2046 1085 2080; x_wconf 77' lang='lat' dir='ltr'><strong>neglecturum,</strong></span> <span class='ocrx_word' id='word_1_797' title='bbox 1101 2047 1147 2074; x_wconf 91' lang='lat' dir='ltr'><strong>sed</strong></span> <span class='ocrx_word' id='word_1_798' title='bbox 1169 2051 1296 2081; x_wconf 85' lang='lat' dir='ltr'><strong>tanquam</strong></span> <span class='ocrx_word' id='word_1_799' title='bbox 1324 2048 1416 2076; x_wconf 85' lang='lat' dir='ltr'><strong>multis</strong></span> <span class='ocrx_word' id='word_1_800' title='bbox 1439 2053 1466 2076; x_wconf 87' lang='lat' dir='ltr'><strong>et</strong></span> <span class='ocrx_word' id='word_1_801' title='bbox 1496 2057 1604 2085; x_wconf 85' lang='lat' dir='ltr'><strong>semper</strong></span> <span class='ocrx_word' id='word_1_802' title='bbox 1632 2053 1672 2078; x_wconf 87' lang='lat' dir='ltr'><strong>vi-</strong></span> 
     </span>
    </p>
   </div>
   <div class='ocr_carea' id='block_1_103' title="bbox 890 2092 1670 2128">
    <p class='ocr_par' dir='ltr' id='par_1_103' title="bbox 890 2092 1670 2128">
     <span class='ocr_line' id='line_1_103' title="bbox 890 2092 1670 2128; baseline 0.008 -10"><span class='ocrx_word' id='word_1_803' title='bbox 890 2092 988 2126; x_wconf 77' lang='lat' dir='ltr'><strong>gilibus</strong></span> <span class='ocrx_word' id='word_1_804' title='bbox 1009 2092 1095 2120; x_wconf 85' lang='lat' dir='ltr'><strong>oculis</strong></span> <span class='ocrx_word' id='word_1_805' title='bbox 1111 2093 1201 2120; x_wconf 90' lang='lat' dir='ltr'><strong>omnia</strong></span> <span class='ocrx_word' id='word_1_806' title='bbox 1215 2094 1489 2128; x_wconf 87' lang='lat' dir='ltr'><strong>circumspicientem,</strong></span> <span class='ocrx_word' id='word_1_807' title='bbox 1508 2095 1670 2124; x_wconf 84' lang='lat' dir='ltr'><strong>donaturum</strong></span> 
     </span>
    </p>
   </div>
   <div class='ocr_carea' id='block_1_104' title="bbox 891 2138 1668 2176">
    <p class='ocr_par' dir='ltr' id='par_1_104' title="bbox 891 2138 1668 2176">
     <span class='ocr_line' id='line_1_104' title="bbox 891 2138 1668 2176; baseline 0.004 -10"><span class='ocrx_word' id='word_1_808' title='bbox 891 2138 1046 2166; x_wconf 83' lang='lat' dir='ltr'><strong>mortalibus</strong></span> <span class='ocrx_word' id='word_1_809' title='bbox 1065 2138 1179 2173; x_wconf 89' lang='lat' dir='ltr'><strong>lapidem</strong></span> <span class='ocrx_word' id='word_1_810' title='bbox 1204 2144 1355 2171; x_wconf 85' lang='lat' dir='ltr'><strong>stanueum,</strong></span> <span class='ocrx_word' id='word_1_811' title='bbox 1383 2140 1434 2168; x_wconf 90' lang='lat' dir='ltr'><strong>hoc</strong></span> <span class='ocrx_word' id='word_1_812' title='bbox 1451 2146 1493 2168; x_wconf 88' lang='lat' dir='ltr'><strong>est</strong></span> <span class='ocrx_word' id='word_1_813' title='bbox 1523 2141 1668 2176; x_wconf 73' lang='lat' dir='ltr'><strong>Christum,</strong></span> 
     </span>
    </p>
   </div>
   <div class='ocr_carea' id='block_1_105' title="bbox 891 2184 1673 2220">
    <p class='ocr_par' dir='ltr' id='par_1_105' title="bbox 891 2184 1673 2220">
     <span class='ocr_line' id='line_1_105' title="bbox 891 2184 1673 2220; baseline 0.005 -10"><span class='ocrx_word' id='word_1_814' title='bbox 891 2191 938 2219; x_wconf 83' lang='lat' dir='ltr'><strong>per</strong></span> <span class='ocrx_word' id='word_1_815' title='bbox 953 2191 1032 2219; x_wconf 86' lang='lat' dir='ltr'><strong>quem</strong></span> <span class='ocrx_word' id='word_1_816' title='bbox 1053 2189 1080 2211; x_wconf 88' lang='lat' dir='ltr'><strong>et</strong></span> <span class='ocrx_word' id='word_1_817' title='bbox 1102 2191 1151 2212; x_wconf 91' lang='lat' dir='ltr'><strong>nos</strong></span> <span class='ocrx_word' id='word_1_818' title='bbox 1165 2184 1294 2218; x_wconf 81' lang='lat' dir='ltr'><strong>visitavit,</strong></span> <span class='ocrx_word' id='word_1_819' title='bbox 1307 2185 1363 2213; x_wconf 84' lang='lat' dir='ltr'><strong>sive</strong></span> <span class='ocrx_word' id='word_1_820' title='bbox 1383 2187 1510 2220; x_wconf 78' lang='lat' dir='ltr'><strong>respexit.</strong></span> <span class='ocrx_word' id='word_1_821' title='bbox 1521 2196 1530 2213; x_wconf 85' lang='grc'><strong><em>‹</em></strong></span> <span class='ocrx_word' id='word_1_822' title='bbox 1550 2187 1673 2215; x_wconf 79' lang='lat' dir='ltr'><strong>Visitavit</strong></span> 
     </span>
    </p>
   </div>
   <div class='ocr_carea' id='block_1_106' title="bbox 891 2229 1673 2269">
    <p class='ocr_par' dir='ltr' id='par_1_106' title="bbox 891 2229 1673 2269">
     <span class='ocr_line' id='line_1_106' title="bbox 891 2229 1673 2269; baseline 0.006 -13"><span class='ocrx_word' id='word_1_823' title='bbox 891 2230 962 2257; x_wconf 88' lang='lat' dir='ltr'><strong>enim</strong></span> <span class='ocrx_word' id='word_1_824' title='bbox 972 2237 1020 2258; x_wconf 81' lang='lat' dir='ltr'><strong>nes</strong></span> <span class='ocrx_word' id='word_1_825' title='bbox 1030 2229 1126 2258; x_wconf 88' lang='lat' dir='ltr'><strong>Oriens</strong></span> <span class='ocrx_word' id='word_1_826' title='bbox 1142 2238 1175 2257; x_wconf 80' lang='lat' dir='ltr'><strong>ex</strong></span> <span class='ocrx_word' id='word_1_827' title='bbox 1190 2230 1252 2263; x_wconf 86' lang='lat' dir='ltr'><strong>alto,</strong></span> <span class='ocrx_word' id='word_1_828' title='bbox 1267 2241 1275 2257; x_wconf 73' lang='grc' dir='ltr'><strong>ι</strong></span> <span class='ocrx_word' id='word_1_829' title='bbox 1294 2235 1323 2258; x_wconf 92' lang='lat' dir='ltr'><strong>ut</strong></span> <span class='ocrx_word' id='word_1_830' title='bbox 1333 2231 1461 2266; x_wconf 90' lang='lat' dir='ltr'><strong>scriptum</strong></span> <span class='ocrx_word' id='word_1_831' title='bbox 1471 2233 1551 2260; x_wconf 82' lang='lat' dir='ltr'><strong>est&quot;.</strong></span> <span class='ocrx_word' id='word_1_832' title='bbox 1563 2233 1596 2260; x_wconf 84' lang='lat' dir='ltr'><strong>Et</strong></span> <span class='ocrx_word' id='word_1_833' title='bbox 1606 2242 1673 2269; x_wconf 85' lang='lat' dir='ltr'><strong>quo-</strong></span> 
     </span>
    </p>
   </div>
   <div class='ocr_carea' id='block_1_107' title="bbox 891 2275 1672 2311">
    <p class='ocr_par' dir='ltr' id='par_1_107' title="bbox 891 2275 1672 2311">
     <span class='ocr_line' id='line_1_107' title="bbox 891 2275 1672 2311; baseline 0.005 -9"><span class='ocrx_word' id='word_1_834' title='bbox 891 2275 963 2303; x_wconf 87' lang='lat' dir='ltr'><strong>niam</strong></span> <span class='ocrx_word' id='word_1_835' title='bbox 976 2283 1069 2304; x_wconf 83' lang='lat' dir='ltr'><strong>sumus</strong></span> <span class='ocrx_word' id='word_1_836' title='bbox 1084 2284 1180 2311; x_wconf 88' lang='lat' dir='ltr'><strong>corpus</strong></span> <span class='ocrx_word' id='word_1_837' title='bbox 1194 2277 1305 2310; x_wconf 82' lang='lat' dir='ltr'><strong>Christi,</strong></span> <span class='ocrx_word' id='word_1_838' title='bbox 1326 2283 1353 2305; x_wconf 87' lang='lat' dir='ltr'><strong>et</strong></span> <span class='ocrx_word' id='word_1_839' title='bbox 1382 2279 1500 2306; x_wconf 88' lang='lat' dir='ltr'><strong>membra</strong></span> <span class='ocrx_word' id='word_1_840' title='bbox 1529 2279 1562 2306; x_wconf 87' lang='lat' dir='ltr'><strong>de</strong></span> <span class='ocrx_word' id='word_1_841' title='bbox 1573 2287 1672 2310; x_wconf 89' lang='lat' dir='ltr'><strong>_metn-</strong></span> 
     </span>
    </p>
   </div>
   <div class='ocr_carea' id='block_1_108' title="bbox 892 2320 1670 2356">
    <p class='ocr_par' dir='ltr' id='par_1_108' title="bbox 892 2320 1670 2356">
     <span class='ocr_line' id='line_1_108' title="bbox 892 2320 1670 2356; baseline 0.005 -9"><span class='ocrx_word' id='word_1_842' title='bbox 892 2320 940 2348; x_wconf 92' lang='lat' dir='ltr'><strong>bro</strong></span> <span class='ocrx_word' id='word_1_843' title='bbox 959 2320 993 2354; x_wconf 89' lang='lat'><strong>&quot;,</strong></span> <span class='ocrx_word' id='word_1_844' title='bbox 1011 2328 1061 2348; x_wconf 93' lang='lat' dir='ltr'><strong>non</strong></span> <span class='ocrx_word' id='word_1_845' title='bbox 1085 2322 1203 2349; x_wconf 89' lang='lat' dir='ltr'><strong>arbitror</strong></span> <span class='ocrx_word' id='word_1_846' title='bbox 1218 2322 1401 2356; x_wconf 79' lang='lat' dir='ltr'><strong>improbabile,</strong></span> <span class='ocrx_word' id='word_1_847' title='bbox 1419 2324 1441 2350; x_wconf 90' lang='lat' dir='ltr'><strong>si</strong></span> <span class='ocrx_word' id='word_1_848' title='bbox 1457 2329 1565 2351; x_wconf 88' lang='lat' dir='ltr'><strong>sanctos</strong></span> <span class='ocrx_word' id='word_1_849' title='bbox 1581 2332 1670 2351; x_wconf 86' lang='lat' dir='ltr'><strong>rerum</strong></span> 
     </span>
    </p>
   </div>
   <div class='ocr_carea' id='block_1_109' title="bbox 892 2366 1674 2400">
    <p class='ocr_par' dir='ltr' id='par_1_109' title="bbox 892 2366 1674 2400">
     <span class='ocr_line' id='line_1_109' title="bbox 892 2366 1674 2400; baseline 0.006 -8"><span class='ocrx_word' id='word_1_850' title='bbox 892 2366 1042 2394; x_wconf 83' lang='lat' dir='ltr'><strong>divinarum</strong></span> <span class='ocrx_word' id='word_1_851' title='bbox 1061 2366 1197 2400; x_wconf 83' lang='lat' dir='ltr'><strong>doctores,</strong></span> <span class='ocrx_word' id='word_1_852' title='bbox 1212 2372 1241 2394; x_wconf 94' lang='lat' dir='ltr'><strong>ut</strong></span> <span class='ocrx_word' id='word_1_853' title='bbox 1260 2367 1320 2395; x_wconf 85' lang='lat' dir='ltr'><strong>aliis</strong></span> <span class='ocrx_word' id='word_1_854' title='bbox 1341 2368 1547 2396; x_wconf 84' lang='lat' dir='ltr'><strong>excellentiores</strong></span> <span class='ocrx_word' id='word_1_855' title='bbox 1570 2375 1596 2396; x_wconf 84' lang='lat' dir='ltr'><strong>et</strong></span> <span class='ocrx_word' id='word_1_856' title='bbox 1628 2377 1674 2397; x_wconf 88' lang='lat' dir='ltr'><strong>stt—</strong></span> 
     </span>
    </p>
   </div>
   <div class='ocr_carea' id='block_1_110' title="bbox 892 2412 1672 2450">
    <p class='ocr_par' dir='ltr' id='par_1_110' title="bbox 892 2412 1672 2450">
     <span class='ocr_line' id='line_1_110' title="bbox 892 2412 1672 2450; baseline 0.003 -10"><span class='ocrx_word' id='word_1_857' title='bbox 892 2412 1042 2446; x_wconf 88' lang='lat' dir='ltr'><strong>blitniores,</strong></span> <span class='ocrx_word' id='word_1_858' title='bbox 1057 2414 1150 2441; x_wconf 91' lang='lat' dir='ltr'><strong>oculos</strong></span> <span class='ocrx_word' id='word_1_859' title='bbox 1166 2414 1325 2449; x_wconf 84' lang='lat' dir='ltr'><strong>appellatos,</strong></span> <span class='ocrx_word' id='word_1_860' title='bbox 1344 2419 1371 2441; x_wconf 87' lang='lat' dir='ltr'><strong>et</strong></span> <span class='ocrx_word' id='word_1_861' title='bbox 1386 2421 1414 2441; x_wconf 90' lang='lat' dir='ltr'><strong>ut</strong></span> <span class='ocrx_word' id='word_1_862' title='bbox 1429 2423 1478 2450; x_wconf 81' lang='lat' dir='ltr'><strong>ego</strong></span> <span class='ocrx_word' id='word_1_863' title='bbox 1491 2416 1589 2448; x_wconf 86' lang='lat' dir='ltr'><strong>sentio,</strong></span> <span class='ocrx_word' id='word_1_864' title='bbox 1602 2416 1672 2447; x_wconf 81' lang='lat' dir='ltr'><strong>hanc</strong></span> 
     </span>
    </p>
   </div>
   <div class='ocr_carea' id='block_1_111' title="bbox 891 2458 1671 2494">
    <p class='ocr_par' dir='ltr' id='par_1_111' title="bbox 891 2458 1671 2494">
     <span class='ocr_line' id='line_1_111' title="bbox 891 2458 1671 2494; baseline 0.003 -9"><span class='ocrx_word' id='word_1_865' title='bbox 891 2458 925 2485; x_wconf 91' lang='lat' dir='ltr'><strong>ob</strong></span> <span class='ocrx_word' id='word_1_866' title='bbox 953 2466 1061 2486; x_wconf 87' lang='lat' dir='ltr'><strong>causam</strong></span> <span class='ocrx_word' id='word_1_867' title='bbox 1090 2459 1170 2487; x_wconf 87' lang='lat' dir='ltr'><strong>etiam</strong></span> <span class='ocrx_word' id='word_1_868' title='bbox 1189 2460 1330 2494; x_wconf 88' lang='lat' dir='ltr'><strong>episcopos</strong></span> <span class='ocrx_word' id='word_1_869' title='bbox 1362 2460 1512 2487; x_wconf 89' lang='lat' dir='ltr'><strong>nominatos</strong></span> <span class='ocrx_word' id='word_1_870' title='bbox 1541 2461 1671 2487; x_wconf 81' lang='lat' dir='ltr'><strong>dicamus.</strong></span> 
     </span>
    </p>
   </div>
   <div class='ocr_carea' id='block_1_112' title="bbox 893 2503 1673 2540">
    <p class='ocr_par' dir='ltr' id='par_1_112' title="bbox 893 2503 1673 2540">
     <span class='ocr_line' id='line_1_112' title="bbox 893 2503 1673 2540; baseline 0.003 -9"><span class='ocrx_word' id='word_1_871' title='bbox 893 2503 1053 2538; x_wconf 87' lang='lat' dir='ltr'><strong>Speculatur</strong></span> <span class='ocrx_word' id='word_1_872' title='bbox 1073 2505 1165 2540; x_wconf 82' lang='lat' dir='ltr'><strong>itaque</strong></span> <span class='ocrx_word' id='word_1_873' title='bbox 1196 2513 1244 2540; x_wconf 83' lang='lat' dir='ltr'><strong>per</strong></span> <span class='ocrx_word' id='word_1_874' title='bbox 1270 2505 1331 2533; x_wconf 87' lang='lat' dir='ltr'><strong>illos</strong></span> <span class='ocrx_word' id='word_1_875' title='bbox 1358 2505 1384 2532; x_wconf 93' lang='lat' dir='ltr'><strong>in</strong></span> <span class='ocrx_word' id='word_1_876' title='bbox 1411 2506 1498 2540; x_wconf 91' lang='lat' dir='ltr'><strong>ipsum</strong></span> <span class='ocrx_word' id='word_1_877' title='bbox 1532 2506 1673 2533; x_wconf 86' lang='lat' dir='ltr'><strong>credentes</strong></span> 
     </span>
    </p>
   </div>
   <div class='ocr_carea' id='block_1_113' title="bbox 892 2549 1674 2585">
    <p class='ocr_par' dir='ltr' id='par_1_113' title="bbox 892 2549 1674 2585">
     <span class='ocr_line' id='line_1_113' title="bbox 892 2549 1674 2585; baseline 0.001 -8"><span class='ocrx_word' id='word_1_878' title='bbox 892 2549 1021 2577; x_wconf 86' lang='lat' dir='ltr'><strong>Dominus</strong></span> <span class='ocrx_word' id='word_1_879' title='bbox 1035 2555 1125 2578; x_wconf 83' lang='lat' dir='ltr'><strong>noster</strong></span> <span class='ocrx_word' id='word_1_880' title='bbox 1137 2550 1214 2578; x_wconf 77' lang='lat' dir='ltr'><strong>Jesus</strong></span> <span class='ocrx_word' id='word_1_881' title='bbox 1226 2550 1358 2578; x_wconf 86' lang='lat' dir='ltr'><strong>Christus.</strong></span> <span class='ocrx_word' id='word_1_882' title='bbox 1386 2551 1496 2578; x_wconf 87' lang='lat' dir='ltr'><strong>Detnum</strong></span> <span class='ocrx_word' id='word_1_883' title='bbox 1522 2551 1588 2585; x_wconf 82' lang='lat' dir='ltr'><strong>lapis</strong></span> <span class='ocrx_word' id='word_1_884' title='bbox 1599 2556 1674 2578; x_wconf 75' lang='lat' dir='ltr'><strong>stan-</strong></span> 
     </span>
    </p>
   </div>
   <div class='ocr_carea' id='block_1_114' title="bbox 893 2596 1670 2632">
    <p class='ocr_par' dir='ltr' id='par_1_114' title="bbox 893 2596 1670 2632">
     <span class='ocr_line' id='line_1_114' title="bbox 893 2596 1670 2632; baseline 0.003 -10"><span class='ocrx_word' id='word_1_885' title='bbox 893 2603 960 2623; x_wconf 91' lang='lat' dir='ltr'><strong>neus</strong></span> <span class='ocrx_word' id='word_1_886' title='bbox 987 2596 1039 2623; x_wconf 88' lang='lat' dir='ltr'><strong>alio</strong></span> <span class='ocrx_word' id='word_1_887' title='bbox 1060 2604 1165 2630; x_wconf 83' lang='lat' dir='ltr'><strong>quoque</strong></span> <span class='ocrx_word' id='word_1_888' title='bbox 1191 2597 1270 2624; x_wconf 90' lang='lat' dir='ltr'><strong>modo</strong></span> <span class='ocrx_word' id='word_1_889' title='bbox 1294 2596 1419 2625; x_wconf 86' lang='lat' dir='ltr'><strong>Christus</strong></span> <span class='ocrx_word' id='word_1_890' title='bbox 1443 2601 1528 2631; x_wconf 88' lang='lat' dir='ltr'><strong>potest</strong></span> <span class='ocrx_word' id='word_1_891' title='bbox 1548 2597 1670 2632; x_wconf 77' lang='lat' dir='ltr'><strong>intelligi.</strong></span> 
     </span>
    </p>
   </div>
   <div class='ocr_carea' id='block_1_115' title="bbox 892 2641 1672 2678">
    <p class='ocr_par' dir='ltr' id='par_1_115' title="bbox 892 2641 1672 2678">
     <span class='ocr_line' id='line_1_115' title="bbox 892 2641 1672 2678; baseline 0.001 -9"><span class='ocrx_word' id='word_1_892' title='bbox 892 2641 1025 2669; x_wconf 88' lang='lat' dir='ltr'><strong>Stannum</strong></span> <span class='ocrx_word' id='word_1_893' title='bbox 1034 2643 1105 2670; x_wconf 91' lang='lat' dir='ltr'><strong>enim</strong></span> <span class='ocrx_word' id='word_1_894' title='bbox 1114 2643 1249 2677; x_wconf 85' lang='lat' dir='ltr'><strong>disjuncta</strong></span> <span class='ocrx_word' id='word_1_895' title='bbox 1259 2642 1463 2677; x_wconf 72' lang='lat' dir='ltr'><strong>conjungit,vitn</strong></span> <span class='ocrx_word' id='word_1_896' title='bbox 1473 2643 1672 2678; x_wconf 79' lang='lat' dir='ltr'><strong>conglutinundi</strong></span> 
     </span>
    </p>
   </div>
   <div class='ocr_carea' id='block_1_116' title="bbox 892 2688 1674 2723">
    <p class='ocr_par' dir='ltr' id='par_1_116' title="bbox 892 2688 1674 2723">
     <span class='ocr_line' id='line_1_116' title="bbox 892 2688 1674 2723; baseline -0.003 -7"><span class='ocrx_word' id='word_1_897' title='bbox 892 2689 1005 2716; x_wconf 88' lang='lat' dir='ltr'><strong>habens.</strong></span> <span class='ocrx_word' id='word_1_898' title='bbox 1017 2688 1091 2715; x_wconf 84' lang='lat' dir='ltr'><strong>Fecit</strong></span> <span class='ocrx_word' id='word_1_899' title='bbox 1110 2688 1234 2723; x_wconf 83' lang='lat' dir='ltr'><strong>quiddam</strong></span> <span class='ocrx_word' id='word_1_900' title='bbox 1250 2689 1301 2716; x_wconf 84' lang='lat' dir='ltr'><strong>tale</strong></span> <span class='ocrx_word' id='word_1_901' title='bbox 1318 2693 1345 2715; x_wconf 89' lang='lat' dir='ltr'><strong>et</strong></span> <span class='ocrx_word' id='word_1_902' title='bbox 1363 2690 1440 2716; x_wconf 89' lang='lat' dir='ltr'><strong>nobis</strong></span> <span class='ocrx_word' id='word_1_903' title='bbox 1471 2688 1604 2720; x_wconf 82' lang='lat' dir='ltr'><strong>Christus,</strong></span> <span class='ocrx_word' id='word_1_904' title='bbox 1637 2689 1674 2715; x_wconf 56' lang='lat' dir='ltr'><strong>si-</strong></span> 
     </span>
    </p>
   </div>
   <div class='ocr_carea' id='block_1_117' title="bbox 892 2734 1671 2770">
    <p class='ocr_par' dir='ltr' id='par_1_117' title="bbox 892 2734 1671 2770">
     <span class='ocr_line' id='line_1_117' title="bbox 892 2734 1671 2770; baseline -0.004 -7"><span class='ocrx_word' id='word_1_905' title='bbox 892 2736 1001 2770; x_wconf 85' lang='lat' dir='ltr'><strong>quidem</strong></span> <span class='ocrx_word' id='word_1_906' title='bbox 1020 2743 1111 2762; x_wconf 89' lang='lat' dir='ltr'><strong>verttm</strong></span> <span class='ocrx_word' id='word_1_907' title='bbox 1125 2740 1176 2768; x_wconf 85' lang='lat' dir='ltr'><strong>est,</strong></span> <span class='ocrx_word' id='word_1_908' title='bbox 1193 2743 1253 2762; x_wconf 89' lang='lat' dir='ltr'><strong>eum</strong></span> <span class='ocrx_word' id='word_1_909' title='bbox 1274 2735 1300 2762; x_wconf 90' lang='lat' dir='ltr'><strong>in</strong></span> <span class='ocrx_word' id='word_1_910' title='bbox 1316 2743 1396 2762; x_wconf 93' lang='lat' dir='ltr'><strong>unutn</strong></span> <span class='ocrx_word' id='word_1_911' title='bbox 1422 2742 1518 2761; x_wconf 86' lang='lat' dir='ltr'><strong>novum</strong></span> <span class='ocrx_word' id='word_1_912' title='bbox 1535 2734 1671 2760; x_wconf 84' lang='lat' dir='ltr'><strong>hominem</strong></span> 
     </span>
    </p>
   </div>
   <div class='ocr_carea' id='block_1_118' title="bbox 893 2780 1673 2816">
    <p class='ocr_par' dir='ltr' id='par_1_118' title="bbox 893 2780 1673 2816">
     <span class='ocr_line' id='line_1_118' title="bbox 893 2780 1673 2816; baseline -0.003 -8"><span class='ocrx_word' id='word_1_913' title='bbox 893 2781 959 2808; x_wconf 82' lang='lat' dir='ltr'><strong>duos</strong></span> <span class='ocrx_word' id='word_1_914' title='bbox 979 2781 1090 2816; x_wconf 90' lang='lat' dir='ltr'><strong>populos</strong></span> <span class='ocrx_word' id='word_1_915' title='bbox 1124 2781 1285 2813; x_wconf 84' lang='lat' dir='ltr'><strong>condidisse,</strong></span> <span class='ocrx_word' id='word_1_916' title='bbox 1308 2790 1317 2806; x_wconf 83' lang='grc' dir='ltr'><strong>ι</strong></span> <span class='ocrx_word' id='word_1_917' title='bbox 1344 2780 1485 2808; x_wconf 81' lang='lat' dir='ltr'><strong>facientem</strong></span> <span class='ocrx_word' id='word_1_918' title='bbox 1515 2787 1618 2815; x_wconf 85' lang='lat' dir='ltr'><strong>pacem,</strong></span> <span class='ocrx_word' id='word_1_919' title='bbox 1645 2784 1673 2807; x_wconf 86' lang='lat' dir='ltr'><strong>et</strong></span> 
     </span>
    </p>
   </div>
   <div class='ocr_carea' id='block_1_119' title="bbox 1019 2870 1555 2904">
    <p class='ocr_par' dir='ltr' id='par_1_119' title="bbox 1019 2870 1555 2904">
     <span class='ocr_line' id='line_1_119' title="bbox 1019 2870 1555 2904; baseline 0 -7"><span class='ocrx_word' id='word_1_920' title='bbox 1019 2872 1039 2886; x_wconf 84' lang='grc'>³¹</span> <span class='ocrx_word' id='word_1_921' title='bbox 1061 2871 1123 2897; x_wconf 61' lang='grc' dir='ltr'>Ιιῖιικ</span> <span class='ocrx_word' id='word_1_922' title='bbox 1147 2879 1165 2904; x_wconf 82' lang='grc'>1,</span> <span class='ocrx_word' id='word_1_923' title='bbox 1187 2871 1228 2897; x_wconf 77' lang='lat' dir='ltr'><strong>7S.</strong></span> <span class='ocrx_word' id='word_1_924' title='bbox 1287 2870 1309 2886; x_wconf 78' lang='grc'><strong>⁵³</strong></span> <span class='ocrx_word' id='word_1_925' title='bbox 1331 2871 1339 2896; x_wconf 87' lang='grc' dir='ltr'><strong>ι</strong></span> <span class='ocrx_word' id='word_1_926' title='bbox 1360 2870 1420 2897; x_wconf 71' lang='grc' dir='ltr'><strong>(ῖίιτ.</strong></span> <span class='ocrx_word' id='word_1_927' title='bbox 1443 2879 1492 2902; x_wconf 86' lang='lat' dir='ltr'><strong>xtt,</strong></span> <span class='ocrx_word' id='word_1_928' title='bbox 1510 2870 1555 2897; x_wconf 68' lang='lat'><strong>9.7.</strong></span> 
     </span>
    </p>
   </div>
   <div class='ocr_carea' id='block_1_120' title="bbox 1462 2920 1478 2948">
    <p class='ocr_par' dir='ltr' id='par_1_120' title="bbox 1462 2920 1478 2948">
     <span class='ocr_line' id='line_1_120' title="bbox 1462 2920 1478 2948; baseline 0 0"><span class='ocrx_word' id='word_1_929' title='bbox 1462 2920 1478 2948; x_wconf 74' lang='lat'><strong>3</strong></span> 
     </span>
    </p>
   </div>
  </div>
