1910 3050
233 114 266 142 79
741 114 770 140 S.
791 112 929 140 CYRILLI
950 111 1183 140 ALEXANDRINI
1204 111 1363 141 ARCHIEP.
1823 111 1857 138 80

231 170 312 200 veluti
324 171 446 206 praecisa,
465 170 620 205 visioueque
645 171 679 198 ad
706 170 785 198 aliam
805 171 1001 205 contemplatio.

1063 170 1156 205 ὥσπερ
1169 170 1218 205 τῆς
1234 170 1361 205 πρώτης,
1391 169 1438 196 καὶ
1463 168 1667 205 μεταφοιτώσης
1688 168 1739 203 τῆς
1766 166 1859 202 ὅψεως

227 225 292 244 .nem
309 221 476 250 transeunte,
491 217 601 244 nomine
617 217 805 244 conversionis
823 218 849 244 id
862 217 933 251 quod
948 224 1011 244 eve—

222 263 271 290 -uit
292 263 372 289 tacite
398 262 508 289 indicat.
537 262 634 290 Mentis
661 263 743 296 igitur
767 263 860 290 oculos
884 263 909 289 in
929 262 1011 289 altum

231 308 309 340 tollit,
323 307 420 335 deinde
433 307 528 335 falcem
546 309 604 335 avis
621 308 707 335 instar
721 308 747 335 in
770 307 884 335 sublime
901 307 1011 340 elatam,

229 354 342 388 etquasi
359 353 384 380 in
407 358 491 380 tottun
515 355 608 381 orbem
634 354 802 382 desilientem
819 353 901 381 videt.
929 352 1011 389 695

218 398 266 426 .Ea
285 403 345 426 erat
358 406 490 434 perquam
510 399 565 426 lata
590 404 618 427 et
634 399 723 434 longa.
741 399 809 426 Nam
825 399 913 426 viceni
927 399 1011 427 cubiti

227 443 365 480 longitudo
375 444 443 478 ejus,
465 444 542 479 cujus
559 444 698 472 dimidium
719 444 831 473 latitudo
846 444 1009 472 continebat.

223 489 370 524 .Quaereute
389 497 498 517 rursum
520 489 617 525 angelo
637 489 700 524 quid
727 494 809 523 esset,
834 494 862 518 et
880 490 1010 526 propheta

225 536 415 571 respondente,
429 542 458 563 se
473 536 579 563 nescire
593 544 600 562 :
613 545 622 561 ι
639 535 712 568 Haec,
730 536 818 571 inquit
830 536 936 570 ille,est
950 543 1009 563 ma-

225 582 335 610 ledictio
348 582 492 617 egrediens
511 589 592 616 super
611 582 707 610 facictn
730 583 865 610 universae
887 587 975 615 teme,
995 591 1005 609 ›

225 633 253 656 et
284 628 372 663 ptenis
399 628 624 663 respondentibus
653 628 766 656 induens
799 627 949 664 perjurum,
981 632 1009 655 et

223 680 285 700 cum
302 679 334 700 eo
349 672 448 700 furem.
466 672 498 699 Et
513 673 587 707 quod
613 672 720 708 quidem
738 673 771 700 ad
792 673 1007 700 manifestiorctu

225 718 304 753 hujus
320 719 421 746 ostenti
439 718 651 746 declarationem
673 719 779 751 attinet,
795 719 868 746 nulla
886 724 928 746 est
941 718 1008 746 difﬁ-

221 764 321 791 cultas.
354 763 506 792 Maledictio
527 763 598 792 enim
624 764 713 791 divina
735 764 808 792 fures
834 770 862 792 et
882 772 942 792 cum
965 765 1007 793 his

207 810 343 845 ,prjerare
366 809 461 838 solitos
483 809 562 844 plane
584 811 738 844 occupabit,
761 815 788 837 et
813 810 1005 845 propemodum

220 856 290 883 falce
300 860 443 891 protervos
454 856 604 888 demetens,
615 855 705 882 fenum
718 860 848 883 tectorqu
860 857 952 883 reddet
962 857 984 872 ⁶¹
996 877 1004 890 ,

208 907 248 929 ~et
261 902 315 937 igni
325 902 483 929 alimentum
498 901 582 934 dabit,
595 906 622 928 et
636 901 661 928 in
682 901 789 928 domum
806 901 856 928 \‘iri
873 902 1002 935 ingressa,

222 947 302 974 talem
319 953 414 974 rursus
432 946 524 980 ipsum.
542 945 679 977 conﬁciet,
703 950 730 973 et
750 946 860 980 agitabit
884 951 1002 974 strenue.

220 994 325 1020 Censeo
345 999 426 1026 porro
450 999 546 1019 causas
571 991 729 1026 proficiendi
756 991 844 1018 studio
869 993 1003 1019 curiosius

210 1039 442 1074 ,perscrutandas,
457 1037 492 1065 ob
509 1045 578 1072 quas
593 1045 713 1073 praesens
727 1045 809 1072 quam
832 1038 857 1064 in
881 1039 1004 1065 manibus

223 1086 355 1113 habemus
371 1084 441 1112 visio
461 1084 566 1111 caeteris
588 1084 694 1119 adjungi
714 1083 817 1111 debuit.
840 1083 927 1116 Quare
952 1084 1004 1120 (in-

220 1131 297 1165 quict
314 1128 410 1164 aliquis
428 1129 565 1165 aequitatis
588 1129 784 1162 studiosorum)
805 1135 866 1155 cum
887 1129 1002 1163 plurima

219 1181 330 1212 peccata
346 1176 582 1204 committerentur
602 1175 627 1202 in
649 1175 715 1206 vita,
735 1180 761 1202 et
783 1179 838 1202 tttm
855 1175 900 1201 lilii
921 1175 1003 1202 Israel

219 1221 334 1248 diversis
353 1227 382 1247 se
403 1219 564 1247 criminibus
584 1220 839 1253 corumaculasscnt,
857 1220 921 1247 solis
938 1219 1004 1247 furi-

211 1268 269 1294 .hus
291 1270 318 1293 et
342 1265 458 1300 perjuris
486 1264 647 1298 supplicium
679 1264 753 1292 falcis
770 1265 903 1300 ingruisse
926 1265 1001 1298 dicit,

218 1311 276 1338 sive
296 1310 388 1345 egredi
409 1310 637 1342 tualedictionem,
660 1310 850 1338 detondentem
871 1319 938 1345 quos
958 1312 1003 1338 de-

210 1356 402 1392 prehenderit,
423 1360 450 1382 et
462 1360 665 1383 consumentem
683 1356 814 1390 penitus?
830 1358 871 1384 Ad
883 1357 941 1384 haec
959 1365 1000 1385 rec

223 1403 397 1436 spondemus,
411 1402 493 1431 Deum
514 1401 627 1436 singulis
647 1402 810 1436 temporibus
823 1403 1002 1430 conducentia

219 1449 338 1475 locutunt
367 1454 429 1475 esse
446 1454 500 1482 per
526 1447 671 1481 prophetas
696 1451 804 1474 sanctos
832 1447 1001 1474 audietttibus

217 1501 324 1529 semper
339 1493 536 1520 consulentem.
554 1491 602 1518 lllo
621 1492 703 1527 igitur
717 1497 837 1527 tempore
851 1493 1002 1520 viventibus

218 1523 287 1566 hanc
302 1538 434 1566 visionem
450 1537 568 1564 maxime
584 1541 674 1563 notam
692 1544 754 1564 esse
767 1537 920 1571 oportebat.
933 1538 1001 1563 Cau-
1015 1523 1036 1551 (ἶ

218 1593 261 1613 sas
275 1583 461 1618 subjiciemus,
474 1586 500 1610 et
511 1582 766 1617 opportunissimam
782 1583 867 1610 fuisse
886 1584 998 1611 demon-

216 1631 372 1659 strabimus.
389 1629 495 1656 Etenim
511 1629 590 1655 simul
604 1633 684 1663 atque
698 1628 824 1656 Chaldaca
850 1630 955 1662 relicta,
973 1635 1001 1657 ct

217 1685 232 1704 ιι
245 1677 310 1711 jugo
332 1675 473 1703 servitutis
489 1673 615 1701 vindicati
630 1673 757 1702 Israelita:
773 1675 798 1702 in
820 1674 939 1703 Judaeum
955 1683 1000 1702 rc-

216 1726 367 1755 verterunt,
387 1720 654 1754 liierosolymamque
676 1726 850 1755 receperunt,
874 1729 934 1749 cum
954 1729 1000 1749 eos

218 1768 355 1795 veteribus
374 1767 427 1794 illis
444 1766 548 1793 delictis
565 1766 673 1793 tuodttm
688 1774 800 1800 ponere,
816 1772 842 1795 et
862 1775 1000 1802 regressus

213 1813 250 1841 ad
267 1813 416 1845 salutaria,
442 1817 566 1839 anteacta
590 1813 744 1846 emendare,
769 1818 795 1840 et
815 1813 998 1846 liberatorem,

216 1860 344 1887 voluntati
354 1859 412 1894 ejus
427 1858 573 1886 serviendo
592 1865 715 1886 recreare
728 1860 894 1892 conveniret,
905 1860 1000 1888 nihilo-

215 1905 314 1938 minus_
329 1905 355 1932 in
373 1904 476 1932 scelere
492 1904 710 1938 perseverabant,
740 1905 894 1940 praescripta
910 1905 998 1940 legum

215 1952 301 1980 libere
314 1951 452 1979 violantes.
471 1950 537 1977 Nam
558 1959 618 1978 cum
632 1951 761 1978 Veluisset
775 1951 862 1979 Moses
877 1952 997 1987 coniugia

215 2005 276 2025 cum
299 1996 460 2031 alienigenis
483 1996 644 2024 mulieribus
657 1997 679 2012 ⁸³
692 2016 699 2029 ,
720 1996 758 2023 illi
776 1996 857 2030 hujus
879 1997 997 2024 mandati

214 2043 314 2076 securi,
331 2050 391 2070 cum
406 2042 513 2070 ﬁliabus
527 2042 676 2069 vicinarum
691 2042 809 2077 gentium
822 2050 936 2077 corpora
953 2049 997 2070 eoo

214 2089 353 2123 pulabant,
383 2088 588 2122 aiienorumquc
618 2088 763 2116 liberorum
788 2093 878 2123 patres
899 2087 998 2116 eﬂicie-

215 2136 324 2166 bantur,
340 2138 366 2160 ct
379 2133 488 2168 insuper
505 2138 627 2161 sanctam
642 2135 779 2161 civitatem
796 2133 879 2168 impio
894 2134 997 2161 semine

1064 217 1107 245 ἐπὶ
1128 215 1243 251 θεωρίαν
1265 216 1371 250 ἑτέραν,
1388 215 1427 250 τῷ
1444 215 1494 251 τῆς
1511 214 1678 249 ἐπιστροφῆς
1694 213 1811 248 ὀνόματι
1829 214 1859 239 τὸ

1064 260 1172 294 συμϐὰν
1197 259 1352 292 ὑποφαίνει.
1367 259 1444 295 Αἴρει
1465 259 1553 286 τοίνυν
1572 260 1611 290 είς
1628 258 1694 293 ὕψος
1718 257 1772 293 τῆς
1797 257 1858 284 δια.-

1063 305 1135 337 νοίας
1153 306 1216 337 τοὺς
1232 305 1405 340 ὀφθαλμοὺς,
1426 302 1485 331 εἶτα
1506 304 1637 340 δρέπανον
1658 304 1726 339 ὁρᾷ,
1750 303 1858 337 πτηνοῦ

1061 351 1150 386 δίκην,
1166 351 1234 386 ὑψοῦ
1255 359 1284 377 τε
1297 351 1427 387 ἠρμένον,
1443 350 1490 377 καὶ
1508 348 1563 377 οἷον
1582 351 1622 381 είς
1641 350 1730 376 πᾶσαν
1746 349 1859 384 διᾷπον

1061 396 1110 432 τὴν
1126 397 1188 432 γῆν.
1200 394 1254 423 Ἦν
1270 396 1298 423 δὲ
1323 396 1354 432 δὴ
1370 396 1429 422 λίαν
1449 395 1514 431 εὐρύ
1537 403 1568 422 τε
1590 395 1636 421 καὶ
1652 394 1786 429 εῠμηκες,
1807 394 1857 420 Είη

1061 443 1204 478 κοσόιπηχυ
1220 442 1271 478 μὲν
1286 442 1339 477 γὰρ
1352 441 1383 468 τὸ
1398 442 1484 477 μῆκος
1498 441 1581 476 αὐτῷ,
1595 441 1624 467 ἐν
1639 440 1732 476 ἡμίσει
1745 439 1775 466 δὲ
1791 439 1858 466 τού-

1059 497 1107 515 του
1121 488 1152 514 τὸ
1168 488 1279 520 πλάτος.
1297 488 1445 524 Ἐρομένου
1461 487 1489 513 δὲ
1505 486 1551 513 τοῦ
1571 486 1698 520 ἀγγέλου,
1713 486 1741 512 τί
1759 485 1794 512 ἂν
1811 485 1856 520 εἴη

1060 534 1158 567 πάλιν,
1183 535 1230 561 καὶ
1254 534 1292 569 μὴ
1317 533 1417 560 εἰδέναι
1443 533 1591 568 φάσκοντος
1616 532 1663 559 τοῦ
1690 531 1855 567 προφήτου,

1063 589 1072 606 ‹
1086 580 1171 615 Αὕτη,
1186 581 1278 615 φησὶν,
1293 581 1310 615 ἡ
1325 579 1411 615 ἀρὰ¹ἠ
1426 579 1629 614 ἐκπορευομένη
1644 578 1691 604 ἐπὶ
1704 577 1856 613 πρόσωπον

1059 627 1150 661 πάσης
1165 628 1214 662 τῆς
1234 626 1296 661 γῆς,
1310 636 1319 652 ι
1336 626 1384 652 καὶ
1401 627 1462 657 ταῖς
1477 626 1544 661 αὐτῇ
1563 625 1732 661 πρεπούσαις
1747 625 1854 651 ὲνιεῖσα

1059 673 1164 704 ποιναῖς
1177 673 1222 699 τὸν
1232 673 1370 708 ἐπίορκον,
1386 672 1432 699 καὶ
1447 672 1494 698 σὺν
1507 672 1581 706 αὐτῷ
1594 671 1638 698 τὸν
1653 671 1784 705 κλέπτην.
1798 670 1855 695 Καὶ

1057 717 1119 744 ὅσον
1137 718 1187 750 μὲν
1202 718 1263 753 ἥκει
1277 718 1317 749 είς
1330 716 1536 752 ἐμφανεστέραν
1558 716 1674 751 δήλωσιν
1687 715 1737 750 τὴν
1750 713 1799 740 ὲπί
1820 721 1854 747 γε

1057 764 1095 800 τῷ
1109 764 1281 799 δεδειγμένῳ,
1294 764 1422 799 δυσχερὲς
1436 764 1521 790 οὐδέν.
1541 762 1606 797 ’Δρά
1620 762 1674 797 γὰρ
1687 761 1746 788 θεία
1759 761 1851 795 πάντη

1056 819 1086 837 τε
1103 810 1150 837 καὶ
1168 810 1276 841 πάντως
1298 810 1555 846 κατανεμηθήσεται
1569 810 1632 841 τοὺς
1649 809 1780 841 κλέπτας,
1803 808 1852 834 καὶ

1021 847 1042 877 Β
1056 856 1167 892 προσέτι
1191 856 1240 882 σὺν
1262 855 1367 887 τούτοις
1391 856 1452 887 τοὺς
1472 856 1631 890 ψευδορκεῖν
1656 854 1785 885 εἰωθότας
1804 855 1852 881 καί

1056 901 1198 936 μονονουχὶ
1211 901 1335 937 δρεπάνῳ
1351 902 1413 933 τοὺς
1430 901 1559 937 ὑϐριστὰς
1572 900 1766 936 ἀποκείρουσα,
1781 900 1850 935 χόρ-

1055 955 1099 973 τον
1112 947 1245 981 ἀποφανεῖ
1256 947 1397 981 δωμάτων,
1411 947 1458 973 καὶ
1473 947 1538 982 πυρὶ
1562 946 1657 972 *δώσει
1671 945 1785 982 τροφὴν,
1800 946 1849 972 καὶ

1054 992 1095 1023 εἰς
1110 990 1183 1019 οἷκον
1207 992 1302 1028 ἀνδρὸς
1325 992 1474 1025 εἰσελῶσα,
1491 992 1613 1019 τοιοῦτον
1637 992 1794 1019 συντελέσει
1819 1000 1849 1018 τε

1055 1037 1135 1064 πάλιν
1153 1038 1245 1069 αὑτὸν,
1269 1038 1316 1064 καὶ
1338 1038 1514 1074 καταδονήσει
1538 1038 1679 1072 γεννικῶς.
1696 1038 1806 1074 Χρῆναι
1821 1038 1849 1064 δὲ

1054 1081 1129 1118 οἶμαι
1149 1083 1303 1119 φιλομαθῶς
1319 1084 1553 1120 πολυπραγμονεῖν
1566 1085 1615 1115 τὰς
1631 1084 1728 1116 αἰτίας,
1746 1085 1791 1119 ἐφ’
1804 1082 1847 1115 αἷς

1055 1129 1071 1163 ἠ
1087 1128 1221 1163 παροῦσα,
1235 1129 1282 1154 καὶ
1296 1129 1324 1154 ὲν
1341 1129 1434 1164 χερσὶν
1457 1130 1522 1164 ἡμῖν
1537 1130 1640 1164 ὅρασις,
1654 1130 1692 1161 ὡς
1708 1129 1846 1163 ἀναγκαῖα

1053 1175 1112 1206 ταῖς
1127 1174 1219 1206 ἄλλαις
1234 1175 1494 1210 συνεισκεκόμισται.
1515 1175 1584 1201 ‘AvO'
1595 1176 1656 1202 ὅτου
1669 1175 1708 1206 δὲ,
1723 1175 1791 1210 φαίη
1805 1184 1845 1206 τις

1054 1220 1086 1247 ἂν
1109 1220 1162 1247 τῶν
1179 1221 1397 1256 ἐπιεικεστέρων,
1415 1221 1548 1247 πλείστων
1572 1229 1601 1247 τε
1623 1221 1692 1247 ὅσων
1713 1221 1844 1256 πλημμε-

1053 1265 1180 1300 λημάτων
1203 1267 1286 1294 ὄντων
1311 1267 1382 1294 κατὰ
1402 1267 1448 1293 τὸν
1478 1266 1544 1301 βίον,
1567 1267 1614 1292 καὶ
1634 1267 1687 1302 μὴν
1703 1267 1732 1292 ὲν
1751 1266 1844 1300 διαφό-

1054 1319 1110 1346 ροις
1127 1311 1210 1338 ὄντων
1227 1312 1397 1346 αἰτιαμάτων
1413 1311 1443 1338 τὸ
1457 1312 1586 1347 τηνικάδε
1599 1312 1653 1338 τῶν
1671 1311 1700 1344 ἐξ
1723 1311 1842 1347 Ἰσραὴλ,

1053 1355 1124 1383 κατὰ
1139 1356 1226 1391 μόνων
1241 1357 1363 1384 κλεπτῶν
1377 1366 1406 1384 τε
1417 1357 1465 1384 καὶ
1478 1357 1650 1392 ψευδομοτῶν
1669 1357 1718 1392 τὴν
1731 1357 1777 1383 διὰ
1796 1356 1843 1383 τοῦ

1052 1401 1185 1438 δρεπάνου
1209 1403 1304 1439 ποινὴν
1329 1403 1499 1439 ἐπηρτῆσθαι
1527 1412 1618 1438 φησιν,
1643 1404 1727 1438 ἤγουν
1758 1404 1842 1429 ὲκπο-

1055 1447 1179 1482 ρεύεπθαι
1191 1448 1239 1484 τὴν
1254 1449 1333 1484 ἀρὰν,
1350 1450 1549 1485 ἀποκείρουσαν
1561 1449 1623 1481 τοὺς
1636 1449 1840 1484 ἁλισκομένους,

1053 1495 1100 1521 καὶ
1120 1495 1297 1522 συντελοῦσαν
1314 1496 1352 1527 είς
1368 1495 1459 1529 ἅπαν,
1477 1496 1548 1531 Πρὸς
1563 1496 1594 1531 δὴ
1610 1496 1644 1522 τὰ
1657 1495 1772 1522 τοιαῦτά
1791 1504 1841 1530 φα-

1054 1548 1114 1574 μεν,
1130 1541 1170 1567 ὅτι
1189 1541 1223 1567 τὰ
1240 1541 1347 1576 ἑκάστῳ
1371 1543 1494 1576 χρήσιμα
1511 1541 1600 1576 καιρῷ
1616 1541 1659 1568 διὰ
1682 1541 1736 1568 τῶν
1757 1541 1840 1576 ἁγίων

1052 1586 1197 1621 προφητῶν
1211 1586 1298 1613 ἐλάλει
1309 1587 1385 1618 Θεὸς,
1399 1586 1442 1613 ἀεί
1457 1595 1515 1618 πως
1529 1586 1640 1620 ὠφελῶν
1654 1585 1716 1618 τοὺς
1730 1587 1840 1613 ἀκούον-

1051 1640 1109 1662 τας.
1130 1629 1183 1658 ’Ἦν
1205 1630 1251 1658 οὖν
1276 1633 1422 1665 ἀναγκαῖον
1440 1633 1496 1664 τοῖς
1515 1632 1545 1659 τὸ
1569 1632 1694 1666 τηνικάδε
1722 1632 1838 1667 μάλιστα

1051 1675 1152 1711 ταύτην
1176 1676 1249 1711 σαφῆ
1275 1675 1404 1710 γενέσθαι
1426 1677 1475 1712 τὴν
1497 1677 1602 1713 ὅρασιν.
1628 1675 1789 1711 Ἐποίσομεν
1811 1677 1837 1703 δὲ

1051 1721 1099 1753 τὰς
1113 1722 1210 1753 αἰτίας,
1227 1722 1438 1757 ἐπικαιροτάτην
1452 1719 1533 1749 οὖσαν
1547 1722 1710 1754 δεικνύντες.
1729 1721 1836 1756 Ἐπειδὴ

1050 1766 1104 1802 γὰρ
1118 1766 1166 1803 τὴν
1183 1767 1237 1794 τῶν
1250 1768 1390 1795 Χαλδαίων
1405 1769 1518 1803 ἀφέντες
1535 1769 1610 1804 μόλις
1628 1769 1652 1795 οἱ
1668 1768 1697 1800 ἐξ
1718 1767 1835 1803 Ἰσραὴλ,

1051 1813 1098 1838 καὶ
1121 1813 1166 1839 τὸν
1191 1814 1240 1848 τῆς
1263 1814 1383 1845 δουλείας
1404 1814 1604 1849 ἀπολυσάμενοι
1626 1813 1718 1848 ζυγὸν,
1741 1813 1835 1840 ἀπενό-

1050 1866 1151 1893 στησαν
1165 1859 1204 1890 εἰς
1224 1858 1275 1894 τὴν
1293 1859 1432 1893 Ἰουδαίαν,
1448 1861 1494 1886 καὶ
1515 1857 1584 1895 ἦσαν
1599 1860 1628 1886 ὲν
1647 1861 1704 1891 τοῖς
1726 1859 1836 1894 Ἱεροσο-

1048 1903 1155 1939 λύμοις,
1171 1904 1230 1931 δέον
1244 1905 1393 1941 ἀπέχεσθαι
1408 1906 1463 1933 τῶν
1478 1907 1599 1941 ἀρχαίων
1613 1906 1725 1933 ἐκείνων
1746 1905 1833 1940 πλημ-

1050 1951 1224 1986 μελημάτων,
1236 1952 1282 1979 καὶ
1297 1954 1356 1985 ταῖς
1367 1954 1406 1985 εἰς
1416 1954 1447 1980 τὸ
1459 1954 1569 1988 ἄμεινον
1581 1953 1745 1988 ἀναδρομαῖς
1758 1953 1837 1979 ἔπαν-

1049 1998 1143 2032 ορθοῦν
1157 2007 1187 2025 τε
1210 1998 1244 2025 τὰ
1261 1999 1412 2034 φθάσαντα,
1435 1999 1480 2025 καὶ
1499 2000 1708 2035 κατευφραίνειν
1724 1998 1770 2025 τὸν
1791 1998 1834 2026 λνη

1047 2042 1164 2078 τρωτὴν,
1179 2043 1212 2070 τὰ
1223 2043 1297 2078 αὐτῷ
1308 2043 1437 2070 δοκοῦντα
1451 2043 1569 2079 πληροῦν
1582 2043 1746 2079 ᾑρημένους,
1760 2043 1832 2069 οὐδὲν

1047 2085 1128 2124 ἦττον
1139 2087 1209 2124 ἦσαν
1224 2090 1309 2115 ὁποῖοι
1324 2089 1370 2115 καί
1384 2097 1459 2122 ποτε,
1475 2089 1658 2124 παραλύοντες
1672 2089 1832 2123 ἀφυλάκτως

1048 2134 1077 2160 τδ
1088 2134 1126 2170 τῷ
1145 2134 1218 2170 νόμῳ
1234 2135 1339 2162 δοκοῦν.
1357 2135 1572 2171 Ἀποφάσκοντος
1585 2136 1638 2171 γὰρ
1654 2135 1700 2162 τοῦ
1712 2135 1830 2167 Μωσέως

217 2180 367 2214 replebant.
384 2179 470 2206 Erant
485 2186 568 2214 porro
585 2179 692 2214 quidam
711 2180 782 2207 inter
797 2179 857 2206 illos
877 2180 995 2206 honora-

1050 2179 1077 2206 τὸ
1091 2179 1144 2206 δεῖν
1155 2180 1253 2212 αὐτοὺς
1265 2180 1423 2215 ἀλλοφύλοις
1435 2180 1628 2216 ἐπιμίγνυσθαι
1640 2180 1776 2216 γυναιξὶν,
1788 2181 1831 2206 αὐε-

215 2227 298 2252 ιὶοι-ει
315 2225 348 2252 ab
368 2224 553 2258 hujuscemodi
567 2224 672 2259 piaculo
688 2225 758 2252 haud
772 2225 914 2259 immunes,
927 2225 998 2259 quod

214 2271 318 2298 Esdras
334 2269 545 2304 deﬂebat;quin
565 2274 592 2297 et
604 2269 736 2298 accedens
760 2270 792 2297 ad
814 2269 930 2297 divinam
949 2271 998 2297 do-

213 2323 286 2343 mum
305 2322 352 2350 pro
371 2315 462 2350 impiis
479 2314 607 2342 fundebat
622 2321 726 2349 preces.
741 2314 824 2350 696
842 2315 910 2348 Quid
926 2319 998 2350 post-

213 2361 323 2388 modum
339 2361 471 2392 eveuerit,
489 2368 523 2387 ex
540 2360 648 2394 scriptis
662 2360 720 2394 ejus
736 2367 940 2394 cognoscemus,
953 2360 996 2387 ubi

212 2408 251 2434 ita
264 2407 379 2442 legimus
393 2416 399 2434 :
418 2417 427 2432 I
443 2406 476 2433 Et
491 2410 631 2441 postquam
645 2413 726 2433 orans
739 2405 838 2433 Esdras
851 2407 922 2440 quod
937 2410 996 2432 erat

213 2455 414 2490 exposuitﬂens
436 2459 463 2481 et
482 2453 555 2481 humi
573 2454 671 2480 cadens
697 2460 787 2480 coram
807 2453 914 2488 templo,
940 2452 994 2480 col-

206 2501 275 2528 ‘lecti
292 2505 356 2528 sunt
372 2500 405 2527 ad
421 2507 480 2526 eum
497 2499 531 2526 ab
547 2498 740 2532 Hierosolymis
756 2498 840 2526 turbat
851 2498 940 2525 multae
957 2499 996 2525 ui-

214 2546 275 2578 mis,
284 2546 335 2573 viri
349 2550 377 2572 et
391 2545 515 2572 mulieres
539 2548 566 2570 et
579 2544 782 2571 adolescentes:
801 2552 913 2579 magnus
924 2545 995 2572 enim

205 2595 274 2618 eerat
284 2590 363 2617 ﬂetus
383 2590 409 2616 in
423 2589 529 2623 populo.
539 2589 572 2615 Et
588 2589 753 2622 respOndeus
766 2589 909 2617 Jeclumias
925 2589 995 2616 ﬁlius

208 2635 280 2664 Jeeli
295 2635 328 2662 de
344 2635 406 2662 filiis
425 2634 517 2667 Israel,
536 2634 602 2661 divit
617 2634 708 2661 Esdrre
725 2644 730 2662 :
748 2634 801 2662 Nos
823 2635 994 2669 praevaricati

211 2689 307 2708 sumus
319 2681 348 2707 in
367 2681 506 2707 Dominum
523 2680 617 2712 Deum,
640 2685 665 2708 el
684 2682 810 2708 duximus
832 2681 910 2708 nobis
927 2688 994 2708 uto-

212 2734 257 2755 res
270 2727 371 2754 alienas
383 2727 415 2754 de
430 2726 534 2761 populis
554 2731 641 2760 terrm,
658 2731 684 2754 et
703 2727 841 2754 cohabitat
858 2727 909 2753 illis
934 2734 994 2753 om-

1048 2225 1089 2252 τοὶ
1107 2225 1160 2252 τῶν
1178 2225 1395 2261 τεθεσπισμένων
1420 2225 1498 2260 ὀλίγα
1522 2226 1750 2261 πεφροντικότες,
1774 2227 1830 2257 ταῖς

1047 2269 1101 2296 τῶν
1113 2270 1218 2306 ὁμόρων
1238 2270 1322 2297 ἐθνῶν
1341 2270 1535 2297 συνεπλέκοντο
1550 2271 1709 2305 θυγατράσι,
1723 2271 1772 2298 καὶ
1788 2271 1829 2297 τέ’

1048 2323 1118 2341 κνων
1136 2313 1205 2351 ἦσαν
1222 2315 1369 2351 ἀλλοτρίων
1392 2316 1525 2351 πατέρες,
1549 2316 1595 2342 καὶ
1616 2316 1722 2342 ἀνοσίου
1749 2316 1830 2351 σπέρ-

1049 2369 1132 2395 ματος
1153 2361 1242 2396 πλήρη
1266 2361 1346 2388 πάλιν
1365 2361 1558 2396 ἀποφαίνοντες
1580 2361 1629 2397 τὴν
1646 2362 1725 2396 ἀγίαν
1743 2362 1827 2388 πόλιν.

1048 2403 1138 2432 Ἦσαν
1150 2406 1177 2432 δέ
1192 2415 1264 2438 τινες
1278 2407 1324 2433 καὶ
1337 2408 1390 2433 τῶν
1403 2408 1430 2433 ὲν
1442 2407 1533 2438 αὐτοῖς
1546 2407 1765 2443 ἑπιφανεστέρων
1777 2409 1828 2438 τοῖς

1048 2451 1176 2482 τοιούτοις
1196 2452 1364 2487 ὲνισχημένοι
1384 2453 1566 2488 πταίσμασιν,
1587 2449 1617 2478 οὗ
1635 2452 1666 2487 δὴ
1691 2453 1829 2486 γεγονότος

1049 2498 1208 2532 κατεθρήνει
1223 2498 1272 2533 μὲν
1285 2498 1298 2523 ὁ
1311 2498 1438 2532 Ἔσδρας,
1453 2497 1500 2524 καὶ
1514 2497 1544 2532 δὴ
1556 2498 1603 2524 καὶ
1614 2497 1658 2524 τὸν
1673 2497 1744 2524 θεῖον
1758 2495 1828 2524 οἷκον

1049 2543 1219 2575 καταλαϐὼν,
1243 2543 1291 2574 τὰς
1316 2543 1384 2578 ὑπέρ
1406 2552 1437 2577 γε
1453 2543 1506 2570 τῶν
1522 2543 1694 2578 ἠσεϐηκότων
1714 2544 1828 2570 ἐποιεῖτο

1047 2588 1131 2619 λιτάς.
1146 2586 1212 2614 Είτα
1229 2589 1255 2614 τί
1275 2588 1399 2622 γενέσθαι
1414 2589 1595 2624 συμϐέϐηκεν,
1613 2589 1642 2620 ἐξ
1658 2590 1747 2616 αὐτῶν
1762 2590 1828 2616 είοό-
1864 2595 1867 2600 ’

1049 2634 1117 2669 μεθα
1137 2634 1190 2661 τῶν
1207 2634 1280 2669 αὐτῷ
1299 2635 1510 2670 γεγραμμένων·
1528 2635 1583 2670 ἔχει
1602 2635 1628 2661 δὲ
1646 2634 1733 2662 οὖτω⁸
1754 2645 1763 2662 t
1778 2636 1828 2662 Kal

1047 2680 1091 2705 ὅτε
1114 2679 1327 2715 προσευχόμενος
1342 2681 1458 2715 Ἔσδρας
1478 2680 1702 2716 ἀνθωμολογεῖτο,
1720 2681 1827 2714 κλαίων,
1871 2695 1873 2701 ι

1048 2725 1220 2761 χαμαιπετὴς
1245 2725 1399 2761 ἔμπροσθεν
1423 2726 1469 2753 τοῦ
1497 2727 1586 2763 ἱεροῦ,
1612 2727 1828 2764 ἐπισυνήχθησαν

246 2804 268 2820 ﬂ
291 2813 361 2842 l’sal.
381 2822 491 2848 cxxvm,
514 2815 539 2841 6.
580 2816 601 2830 θ’
622 2815 705 2842 ΕΚῡ-Ι.
729 2822 818 2848 xxxiv,
843 2814 874 2841 16
895 2822 901 2847 ;
927 2812 1001 2841 Deut.
1024 2821 1071 2846 \‘lt,
1093 2813 1108 2840 ὅ
1135 2820 1211 2848 seqq.
