1910 3050
54 199 82 228 8i
469 193 747 223 COMMENTARIUS
769 193 800 220 IN
821 193 1022 222 ZACHARIM‘I
1040 194 1263 224 PROPHETAM.
1642 202 1676 230 εξ

57 256 116 292 πρὸς
129 254 208 283 αὑτὸν
227 253 282 282 ἀπὸ
298 252 492 290 Ἰεροσολύμων
513 253 586 289 ὄχλοι
609 253 702 280 πολλοὶ
717 254 818 290 σφόδρα
828 274 835 287 ,

899 254 930 281 iis
949 255 1042 282 lsracl.
1056 255 1086 281 in
1107 255 1159 282 hoc
1172 256 1355 289 percutiamus
1375 255 1463 284 fmdus
1482 262 1542 283 cum
1562 255 1674 284 Domino

57 303 151 336 ἄνδρες,
166 301 212 327 καὶ
225 302 365 334 γυναῖκες,
382 299 429 327 καὶ
443 299 546 326 νεανίαι
556 308 563 315 ·
583 299 720 336 κλαυθμὸς
736 300 790 336 γὰρ
804 298 838 336 ἦν

59 349 136 385 μέγας
149 347 177 374 ὲν
197 347 238 383 τῷ
255 346 361 382 πλήθει.
378 345 433 372 Καὶ
450 346 579 382 φωνήσας
596 346 722 381 Ἰεχονίας
738 346 837 381 Ἰεήλου

57 394 103 420 τῶν
117 393 179 420 υἱῶν
194 392 305 429 Ἰσραὴλ
320 389 394 418 εἶπεν
407 391 524 428 Ἔσδρᾳ·
541 401 550 418 ι
572 392 666 427 Ἡμεῖς
678 393 838 429 ἡμάρτομεν

59 441 92 472 εἰς
111 439 207 474 Κύριον
222 439 270 465 τὸν
295 438 372 472 Θεὸν,
392 438 440 465 καὶ
455 438 645 473 συνῳκίσαμεν
665 439 771 471 ἑαυτοῖς
789 447 839 473 γυ-

60 487 143 516 ναῖκας
159 484 313 518 ἀλλογενεῖς
326 483 380 511 ἀπὸ
394 484 448 510 τῶν
462 484 547 510 ἐθνῶν
561 484 611 519 τῆς
627 484 693 519 γῆς,
709 485 757 511 καὶ
777 484 839 511 σύν-

58 537 124 556 εστιν
137 528 230 559 αὑταῖς
246 529 301 559 πᾶς
320 528 438 564 Ἰσραήλ.
459 529 503 555 Ἐν
523 528 611 564 τούτῳ
628 529 749 564 γενέσθω
773 531 839 566 ἡμῖν

59 573 203 609 ὑρκωμοσία
224 573 294 608 πρὸς
312 573 357 600 τὸν
381 573 496 609 Κύριον,
523 573 648 600 ὲκὸαλεῖν
675 575 763 606 πάσας
790 574 840 607 τὰς

59 621 179 655 γυναῖκας
206 619 298 655 ἡμῶν,
328 619 377 651 τὰς
401 620 433 646 ἐκ
451 620 505 646 τῶν
528 620 692 655 ἀλλογενῶν,
717 621 764 647 σὺν
784 622 840 653 τοῖς

58 665 152 698 τέκνοις
166 665 268 697 αὐτῶν,
285 665 323 696 ὡς
341 665 440 701 ἐκρίθη
458 666 500 693 σοὶ
515 667 562 693 καὶ
578 666 634 693 ὅσοι
661 666 839 702 πειθαρχοῦσι

60 710 93 746 τῷ
103 711 183 746 νόμῳ.
200 710 330 743 Ἀνάστα,
343 710 474 737 ἐπιτέλει·
487 710 554 747 πρὸς
565 710 595 737 σὲ
607 709 661 746 γὰρ
672 710 702 737 τὸ
713 711 839 745 πρᾶγμα,

60 758 101 784 καὶ
117 757 195 792 ἡμεῖς
213 755 284 791 μετὰ
301 756 347 782 σοῦ
363 757 440 791 ἰσχὺν
457 757 551 783 ποιεῖν.
574 756 628 783 Καὶ
643 756 761 788 ἀναστὰς
776 757 841 783 Ἐσ-

60 803 127 839 δρας,
144 802 245 839 ὥρκισε
262 802 326 834 τοὺς
342 803 497 839 φυλάρχους
511 802 564 829 τῶν
580 803 685 838 ἱερέων,
701 803 748 829 καὶ
765 803 842 829 Λευῖ-

61 851 107 878 τῶν
122 850 220 882 παντὸς
238 849 347 886 Ἰσραὴλ
369 850 478 885 ποιῆσαι
500 849 570 877 κατὰ
586 850 682 883 ταῦτα,
705 850 753 877 καὶ
767 849 839 885 ὡμο-

62 906 114 924 σαν.
127 906 137 922 ι
157 898 332 933 Ὀμωμοκὸσι
347 896 379 932 δὴ
394 894 440 923 οὗν
455 895 493 931 τῷ
518 896 595 932 νόμῳ
618 895 750 923 δοκοῦντα
772 895 842 931 πλη-

888 300 921 327 ad
936 299 1096 334 ejiciendum
1114 308 1208 327 omnes
1228 300 1354 329 mulieres
1376 305 1484 330 nostras
1496 309 1530 329 ex
1548 301 1675 336 alienige-

888 353 941 379 nis,
957 353 1019 373 cum
1037 345 1131 374 liberis
1145 346 1278 381 ipsarum,
1295 350 1324 374 ut
1338 347 1487 382 iudicatum
1506 351 1548 375 est
1564 354 1579 373 a
1600 351 1636 380 te,
1649 350 1680 374 et

888 393 1014 419 omnibus
1029 392 1072 427 qui
1091 393 1154 420 huic
1167 392 1218 428 legi
1233 393 1431 428 obtemperant.
1452 393 1549 428 Surge,
1571 393 1625 426 fac,
1643 393 1678 420 ad

889 442 916 465 te
929 438 1000 465 enim
1019 437 1156 473 negotium
1180 438 1311 473 pertinet,
1332 443 1359 465 et
1384 446 1433 466 nos
1457 443 1543 465 tecum
1561 439 1594 465 ad
1613 445 1678 465 con-

889 486 1054 514 fortandum.
1071 486 1104 513 Et
1121 485 1240 514 surrexit
1254 485 1365 518 Esdras,
1384 489 1411 512 et
1427 484 1562 518 adjuravit
1577 483 1679 519 princi-

889 539 936 567 pes
956 531 1126 559 sacerdotum
1145 537 1173 559 et
1193 530 1351 558 chitarum
1380 530 1462 558 totius
1487 528 1569 557 Israel
1587 534 1616 556 ut
1642 527 1680 555 ia-

890 581 984 604 ceran
1003 577 1151 604 secundum
1165 577 1237 610 haec;
1260 581 1287 604 et
1298 575 1460 611 juraverunt
1480 574 1513 602 ⁸³.
1531 584 1540 601 ι
1555 574 1620 602 Cum
1637 573 1681 609 ju-

890 626 997 648 rasscnt
1019 622 1102 656 igitur
1124 622 1158 649 de
1178 622 1268 657 legum
1290 621 1409 649 decretis
1424 619 1617 655 exsequendis,
1639 626 1683 647 ne-

891 668 1039 695 cessarium
1064 673 1124 696 erat
1149 668 1367 696 maledictionem
1393 675 1476 702 supra
1502 671 1585 702 caput
1610 673 1680 698 esse.

891 722 952 749 qum
972 715 1096 750 peierare
1113 715 1208 743 solitos
1224 714 1402 742 inclementer
1424 713 1538 745 invadit,
1558 718 1586 740 ut
1604 712 1682 748 jura-

893 762 927 788 tis
940 765 1053 789 starent.
1069 761 1214 796 Postquam
1233 766 1322 789 autem
1351 760 1450 795 templo
1472 760 1564 787 divino
1580 759 1682 786 exaedi-

894 807 998 834 ﬁcando
1025 807 1134 842 grandis
1152 808 1265 843 pecunia
1281 811 1376 835 exacta
1398 811 1452 838 est,
1476 806 1574 840 partim
1603 805 1683 832 Dario

893 854 1021 886 donante,
1040 854 1138 889 partim
1163 854 1261 889 populo
1277 853 1419 886 olierente,
1442 852 1592 880 verisimile
1614 856 1682 882 erat,

893 899 1026 932 quosdam
1050 899 1084 926 ad
1107 906 1166 926 eam
1193 899 1402 934 dispensandam
1424 897 1589 926 constitutos
1609 904 1684 932 quae-

63 943 127 979 ροῦν,
145 940 178 979 ἦν
197 951 257 973 πως
274 943 420 977 ἀναγκαῖον
439 942 593 978 ὲπαρτῆσαι
612 942 662 977 τὴν
687 941 767 976 ἀρὰν,
795 942 843 976 τὴν

899 944 956 971 dam
979 944 1012 971 ad
1037 944 1084 972 Dei
1108 944 1222 979 gloriam
1242 945 1334 972 oblata
1359 949 1482 972 avertere
1497 943 1530 971 “.
1547 943 1636 976 Quare
1656 947 1686 970 et

60 991 109 1020 τοῖς
118 988 275 1023 ψευδορκεῖν
292 988 413 1015 εἰωθόσιν
426 988 539 1024 ἀπηνῶς
552 987 786 1023 ἑπιθρώσκουσαν,
800 987 843 1014 ἴνα

62 1036 102 1062 καὶ
117 1034 235 1070 γένοιντο
255 1035 376 1070 φύλακες
389 1035 442 1061 τῶν
455 1034 671 1070 ὀμωμοσμένων.
693 1033 801 1069 Ἐπειδὴ
814 1033 843 1059 δὲ

61 1081 278 1116 οἰκοδομουμένου
306 1080 352 1107 τοῦ
382 1080 456 1107 θείου
483 1081 548 1107 ναοῦ
575 1080 659 1115 πολλὴ
695 1080 844 1116 χρημάτων

61 1124 171 1161 ἄθροισις
190 1123 236 1160 ἦν,
258 1124 337 1152 τοῦτο
356 1125 404 1160 μὲν
422 1125 535 1160 Δαρείου
553 1125 693 1160 νέμοντος,
718 1125 797 1151 τοῦτο
813 1124 841 1150 δὲ

61 1172 102 1197 τοῦ
121 1170 182 1198 λαοῦ
198 1171 462 1207 προσκεκομικότος,
478 1169 538 1198 εἶτά
554 1179 631 1202 τινας
651 1168 684 1206 ἦν
701 1170 774 1202 εἰκὸς
788 1170 844 1197 τῶν

61 1217 92 1244 τὰ
109 1218 197 1244 τοιάδε
221 1218 334 1244 διοικεῖν
363 1218 585 1253 ἐπιτεταγμένων
616 1216 845 1252 ἁπονοσφίζεσθαι

62 1272 116 1291 τινα
129 1264 180 1290 τῶν
195 1265 234 1296 εἰς
256 1263 335 1296 δόξαν
352 1264 419 1290 Θεοῦ
440 1264 730 1300 προσκεκομισμένων.
750 1263 842 1299 Ταύτῃ

63 1319 98 1338 τοι
113 1312 156 1338 καὶ
177 1311 249 1337 κατὰ
266 1310 390 1337 κλεπτῶν
415 1311 482 1337 ἰέναι
505 1311 553 1347 τὴν
573 1310 642 1347 ἀρὰν
660 1310 732 1346 μάλα
750 1310 843 1346 φησὶν,

63 1357 100 1383 ἵνα
115 1358 159 1384 καὶ
181 1359 262 1385 αὐτοὶ
288 1358 439 1393 λημμάτων
455 1357 575 1393 αἰσχρῶν
597 1357 740 1391 γεγονότες
764 1356 844 1392 ἀμεί-

63 1412 132 1435 νους,
150 1405 187 1440 μὴ
208 1405 264 1431 τῶν
286 1405 367 1440 ἱερῶν
386 1404 511 1431 ἆπτοιντο
532 1404 692 1438 χρημάτων,
716 1404 755 1435 εἰς
779 1404 845 1436 ιδίας

897 991 1115 1019 malcdictionem
1146 991 1251 1019 furibus
1277 995 1501 1026 superventuram
1533 989 1685 1017 rectissime

897 1037 972 1069 dicit,
990 1042 1019 1065 ut
1045 1042 1072 1064 et
1090 1037 1140 1072 ipsi
1157 1045 1172 1064 a
1198 1037 1269 1072 turpi
1289 1042 1391 1072 quaestu
1412 1036 1517 1070 invicti,
1543 1036 1684 1070 pecuniam

897 1091 1001 1111 sacram
1021 1091 1055 1111 ne
1075 1083 1256 1118 attingerent,
1273 1085 1306 1111 ad
1319 1084 1440 1118 privatos
1454 1090 1519 1109 usus
1536 1090 1595 1109 eam
1616 1089 1686 1109 con.

897 1130 1026 1157 ferentes.
1043 1129 1131 1165 Atque
1158 1130 1216 1157 haec
1239 1130 1353 1158 visionis
1372 1135 1414 1157 est
1439 1128 1557 1157 occasio.
1582 1127 1687 1155 Fortui-

899 1177 987 1204 danda
1006 1181 1097 1204 autem
1119 1181 1162 1204 est
1186 1175 1341 1204 maledictio
1365 1180 1392 1203 et
1413 1175 1491 1202 falcis
1509 1174 1594 1202 sectio
1614 1173 1687 1200 furto

899 1227 926 1249 et
939 1223 1057 1257 perjnrio
1071 1223 1199 1254 assuetis,
1215 1221 1342 1257 quoniam
1355 1221 1428 1249 Deus
1448 1221 1483 1248 ad
1507 1220 1610 1248 exitum
1626 1227 1686 1247 om-

899 1268 962 1295 nino
981 1269 1113 1303 perducet
1130 1276 1190 1303 quae
1207 1268 1337 1301 decrevit,
1353 1273 1381 1295 et
1399 1275 1486 1302 neque
1499 1267 1615 1300 furibus,
1640 1274 1688 1294 ne-

898 1321 950 1348 que
964 1314 1026 1342 aliis
1038 1319 1141 1349 parcet.
1165 1314 1228 1342 Odit
1247 1315 1320 1342 enim
1343 1322 1451 1350 semper
1466 1314 1586 1341 divinam
1611 1322 1687 1341 suam

899 1360 1011 1392 gloriam
1039 1364 1254 1393 contemnentes,
1269 1365 1296 1387 et
1322 1360 1415 1387 animo
1441 1360 1597 1395 inexplebili
1619 1359 1689 1387 nihil

900 1405 934 1432 ad
951 1413 980 1433 se
992 1406 1154 1440 pertinentia
1169 1407 1403 1441 concupiscentes.

63 1450 125 1477 αὐτὰ
137 1439 318 1484 δαπανῶντες
328 1452 432 1487 χρείας.
452 1451 527 1486 Αὕτη
548 1450 597 1486 μὲν
620 1448 666 1477 οὖν
685 1451 702 1486 ἡ
733 1450 783 1485 τῆς
815 1452 938 1486 ὁράσεως
970 1439 1118 1488 πρόφασις.
1141 1453 1202 1489 Χρὴ
1221 1439 1386 1480 δὲ-δεδιέναι
1407 1453 1456 1489 τὴν
1470 1439 1550 1489 ἀρὰν,
1572 1452 1620 1479 καὶ
1640 1450 1688 1484 τὴν

63 1497 103 1522 τοῦ
123 1496 254 1531 δρεπάνου
272 1497 357 1532 τομὴν
375 1496 436 1527 τούς
455 1505 486 1522 τε
508 1495 664 1531 κλέπτεινῆ
684 1495 843 1531 ψευδορκεῖν
862 1497 1003 1530 εἰωθότας,
1035 1499 1075 1526 ὅτι
1092 1499 1181 1535 πάντη
1196 1509 1225 1526 τε
1247 1499 1295 1526 καὶ
1314 1500 1424 1531 πάντως
1443 1501 1482 1532 εἰς
1517 1499 1604 1535 πέρας
1621 1497 1689 1524 οἴσει

63 1543 121 1574 Θεὸς
139 1546 172 1571 τὰ
186 1544 370 1580 διωρισμένα,
394 1545 440 1572 καὶ
462 1545 523 1572 οὔτε
549 1544 684 1576 κλεπτῶν,
705 1544 767 1571 οὔτε
788 1545 841 1580 μὴν
860 1545 913 1572 τῶν
945 1546 1046 1580 ἐτέρων
1077 1546 1211 1581 φείσεται.
1228 1547 1348 1573 Ποιεῖται
1362 1546 1417 1582 γάρ
1430 1555 1489 1578 πως
1503 1546 1547 1573 ἀεὶ
1558 1552 1691 1573 κατεστυ-

63 1590 181 1625 γμένους,
191 1592 258 1623 τοὺς
271 1593 321 1627 τῆς
333 1591 406 1623 θείας
416 1591 497 1618 αὑτοῦ
528 1591 765 1626 καταφρονοῦντας
774 1591 863 1627 δόξης,
883 1593 930 1619 καὶ
951 1593 1014 1624 τοὺς
1047 1592 1179 1629 ἀπλήστῳ
1195 1592 1293 1629 γνώμῃ
1314 1593 1367 1620 τῶν
1388 1593 1466 1620 οὐδὲν
1489 1593 1581 1624 αὐτοῖς
1604 1599 1690 1627 προσ-

62 1637 174 1673 ηκόντων
189 1638 250 1672 ἐφιε
255 1637 361 1673 μένους.

94 1683 145 1710 Kal
160 1683 294 1717 ἐξῆλθεν
309 1685 324 1710 ό
343 1684 478 1719 ἅγγελος,
497 1685 514 1712 d
529 1684 632 1712 λαλῶν
650 1684 686 1712 ἐν
699 1684 779 1720 ἐμοὶ,
800 1683 846 1712 καὶ

939 1684 1020 1711 Vens.
1045 1683 1105 1711 5-8.
1125 1683 1158 1710 Et
1182 1691 1301 1718 egressus
1320 1687 1360 1711 est
1379 1683 1489 1718 angelus
1509 1684 1554 1716 qui
1567 1684 1691 1719 loqueba-

63 1727 121 1756 εἷπε
139 1729 213 1764 πρός
232 1738 289 1764 με·
310 1729 493 1764 ’Ἀνάϐλεψον
510 1730 573 1763 τοῖς
599 1730 763 1765 ὀφθαλμοῖς
780 1738 849 1764 σου,

62 1775 107 1802 καὶ
131 1775 174 1802 ws
192 1775 227 1802 τὸ
254 1775 493 1810 ἐκπορευόμενον
515 1776 613 1804 τοῦτο.
638 1776 694 1803 Καὶ
710 1775 796 1804 εἶπα·
821 1777 852 1803 Τί

64 1820 136 1852 ἑστι;
150 1820 204 1848 Kal
221 1819 288 1848 εἶπε
298 1829 305 1836 ·
322 1821 413 1848 Τοῦτο
427 1822 460 1848 τὸ
478 1822 589 1857 μέτρον
605 1823 638 1850 τὸ
655 1823 851 1858 ἐκπορευόμε-

66 1875 122 1894 νον.
136 1868 189 1894 Kal
209 1866 311 1895 εἶπεν·
336 1869 417 1903 Αὕτη
437 1869 456 1902 ἢ
477 1869 577 1897 ἀδικία
601 1870 700 1897 αὐτῶν
717 1870 752 1897 ἐν
766 1870 850 1905 πάσῃ

64 1913 97 1947 τῇ
110 1913 155 1949 γῇ.
169 1914 224 1942 Kal
243 1914 310 1942 ἰδοὺ
324 1915 473 1943 τάλαντον
484 1916 631 1950 μολίϐδου
646 1917 848 1952 ἐξαιρόμενον,

64 1958 107 1984 καὶ
125 1959 186 1986 ιδοὺ
201 1959 282 1994 γυνὴ
303 1960 357 1994 μία
377 1959 505 1994 ἐκάθητο
521 1961 555 1988 ἐν
565 1961 649 1996 μέσῳ
665 1962 718 1989 τοῦ
729 1962 850 1996 μέτρου.

64 2003 111 2031 Kal
134 2003 234 2032 εἶπεν·
262 2005 342 2040 Αὕτη
369 2006 454 2033 ἐστὶν
470 2007 489 2041 ὴ
510 2007 627 2041 ἀνομία.
645 2007 700 2034 Kal
729 2007 853 2042 ἕρῤιψεν

65 2051 153 2085 αὐτὴν
181 2053 226 2085 είς
254 2051 353 2087 μέσον
373 2052 427 2079 τοῦ
451 2053 573 2088 μέτρου,
597 2053 647 2081 καὶ
671 2053 777 2089 ἕρῤιψε
798 2055 852 2082 τὸν

64 2097 143 2124 λίθον
160 2098 213 2125 τοῦ
225 2098 374 2132 μολίϐδου
392 2099 436 2132 εὶς
452 2099 484 2125 τὸ
502 2099 600 2134 στόμα
621 2099 727 2134 αὐτῆς.

95 2144 131 2171 Λ¹.
143 2144 252 2175 Φθάσας
266 2144 346 2179 ἔφην,
360 2144 410 2180 τῆς
423 2146 463 2177 εἰς
478 2145 524 2172 τὸν
539 2146 683 2181 προφήτην
701 2146 852 2182 σαφηνείας

64 2189 218 2226 ἀρχόμενος,
239 2191 281 2217 ὅτι
311 2191 380 2226 μετὰ
405 2192 455 2227 τὴν
477 2192 510 2219 ὲκ
527 2192 688 2225 Βαϐυλῶνος
710 2193 851 2226 ἐπάνοδον,

65 2236 128 2272 ἅπερ
142 2238 170 2263 ὲν
185 2237 225 2273 τῷ
237 2236 328 2272 καιρῷ
337 2236 387 2272 τῆς
401 2237 590 2272 αἰχμαλωσίας
602 2238 747 2271 τέθεινται,
765 2239 852 2266 ταῦτα

65 2284 115 2315 τοῖς
136 2283 354 2319 λελυτρωμένοις
382 2284 529 2319 ἀφηγεῖται
559 2284 712 2320 χρησίμως.
742 2285 853 2320 Ἐπειδὴ

65 2329 113 2365 γὰρ
127 2330 226 2361 αὐτοὺς
239 2329 335 2356 ἐθεᾶτο
347 2330 626 2367 καταῤῥᾳθυμοῦντας
639 2330 709 2365 ἄγαν
721 2330 767 2357 τοῦ
781 2331 851 2366 χρῆ-

65 2384 103 2403 ναι
115 2376 236 2412 πληροῦν
250 2376 287 2403 τὰ
309 2377 500 2412 νενομισμένα,
516 2378 563 2406 καὶ
586 2377 784 2410 ἀποκλίναντας
801 2377 851 2413 μὲν

64 2422 217 2455 ἀκαθέκτως
235 2423 276 2454 εἵς
287 2430 320 2456 γε
334 2423 364 2449 τὸ
378 2422 469 2457 σφισιν
482 2423 573 2455 αὐτοῖς
589 2423 637 2459 ἡδύ
654 2432 684 2450 τε
701 2423 748 2449 καὶ
763 2423 849 2458 φίλον,

65 2467 136 2501 ὀλίγα
147 2468 175 2494 δὲ
190 2467 335 2499 παντελῶς
348 2467 402 2495 τῶν
425 2468 468 2494 διὰ
488 2468 610 2500 Μωσέως
637 2468 852 2504 πεφροντικότας

65 2513 148 2548 νόμων
169 2514 380 2549 (συνεπλέκοντο
399 2515 453 2550 γὰρ
475 2514 524 2541 καὶ
548 2514 707 2549 ἀλλοφύλοις
733 2514 850 2549 γυναιξὶ,

66 2559 109 2586 καὶ
120 2560 170 2596 ήδη
185 2560 260 2591 τινὲς
282 2560 434 2598 ὁλοτρόπως
449 2559 502 2592 ἔξω
522 2559 658 2595 βαίνοντες
675 2559 720 2586 τοῦ
736 2560 850 2593 εἰκότος,

65 2605 241 2641 ἑτελέσθησαν
267 2604 396 2638 εἰδώλοις,
414 2605 460 2631 καί
475 2613 536 2631 τινα
558 2605 627 2641 πρὸς
642 2604 748 2636 τούτοις
767 2604 852 2639 ἔδρων

64 2650 81 2678 ἃ
99 2651 163 2687 μηδὲ
188 2651 272 2687 θέμις
293 2651 402 2685 εἰπεῖν)·
425 2650 579 2685 ἀναγκαίαν
601 2652 616 2677 ὀ
640 2651 783 2686 προφήτης
799 2651 854 2678 τῶν

65 2698 205 2734 δραμάτων
221 2698 340 2724 ποιεῖται
354 2697 404 2733 τὴν
420 2697 568 2733 ἀφήγησιν,
586 2697 619 2724 ἵν’
634 2696 727 2723 εἰδεῖεν
743 2697 767 2723 οἱ
780 2696 854 2722 λελυ-

64 2744 195 2779 τρωμένοι
222 2744 310 2779 μόλις,
327 2744 433 2776 ὁποίαις
447 2743 597 2779 ἀνθρώπων
611 2743 656 2770 καὶ
667 2743 753 2778 ἁγίων
770 2742 854 2777 ἀγγέ-

65 2789 115 2817 λων
131 2791 221 2823 λιταῖς
235 2791 266 2818 τὸ
278 2792 374 2827 χρῆμα
385 2791 570 2827 κερδαίνοντες
582 2790 669 2824 αὐτοὶ,
692 2790 762 2818 κατὰ
778 2791 854 2826 σφῶν

67 2837 252 2871 παραθήγουσι
266 2837 347 2864 πάλιν
357 2837 402 2864 τὴν
415 2837 468 2864 τῶν
479 2837 548 2864 ὅλων
567 2837 643 2869 Θεὸν,
661 2838 720 2868 ταῖς
736 2836 790 2863 τῶν
806 2838 855 2872 ἀρ-

97 2924 118 2940 ⁶³
135 2923 144 2952 I
164 2924 246 2953 Esdr.
269 2934 293 2955 κ.
319 2925 342 2953 l.
363 2925 388 2951 9.
429 2925 449 2940 “"
469 2925 477 2952 l
497 2925 572 2953 Esdr.
596 2933 630 2955 γι,
656 2925 663 2952 Ι
688 2932 762 2954 sequ.

902 1735 946 1757 tur
956 1731 983 1757 in
999 1738 1048 1764 me,
1061 1735 1085 1757 el
1097 1730 1167 1757 dixit
1178 1730 1212 1757 ad
1228 1737 1285 1757 me:
1299 1729 1408 1764 Suspice
1421 1729 1501 1756 oculis
1516 1730 1581 1763 tuis,
1598 1736 1621 1757 et
1633 1731 1691 1758 vide

901 1777 964 1812 quid
978 1781 1016 1804 eu
1032 1777 1080 1803 hoc
1097 1777 1167 1812 quod
1180 1776 1324 1812 egreditur.
1345 1775 1378 1802 Et
1398 1775 1474 1802 dixi:
1491 1775 1562 1808 Quid
1578 1781 1614 1802 est
1626 1777 1639 1802 ?
1656 1775 1691 1804 Et

902 1824 987 1850 dixit;
1006 1823 1071 1850 Ηίιτ
1091 1827 1130 1851 est
1154 1831 1278 1850 mensura
1298 1830 1357 1858 qua:
1383 1823 1527 1858 egreditur.
1554 1821 1587 1848 Et
1603 1822 1691 1849 dixit:

904 1869 968 1897 [hec
981 1874 1020 1896 est
1034 1869 1160 1904 iniquitas
1178 1877 1268 1896 eorum
1290 1869 1318 1896 in
1339 1869 1410 1895 enini
1424 1873 1505 1895 terra.
1524 1867 1559 1894 Et
1573 1875 1632 1895 ecce
1650 1873 1693 1895 ta-

902 1916 1000 1943 lentum
1013 1915 1111 1950 plumbi
1126 1916 1265 1948 elevatum,
1278 1919 1301 1943 et
1320 1923 1378 1942 ecce
1399 1915 1494 1942 mulier
1514 1923 1566 1941 una
1586 1916 1692 1942 sedebat

902 1964 931 1991 in
945 1963 1029 1990 medio
1045 1971 1186 1995 mensurae.
1204 1962 1237 1989 Et
1251 1962 1321 1989 dixit
1334 1969 1344 1988 :
1357 1961 1422 1988 Hac
1439 1965 1477 1988 ut
1499 1961 1636 1995 iniquitas.
1656 1960 1691 1987 Et

902 2009 1014 2044 projecit
1026 2017 1085 2035 eam
1104 2009 1134 2035 in
1155 2008 1270 2036 medium
1291 2014 1430 2039 mensum,
1454 2011 1478 2033 et
1494 2006 1605 2041 projecit
1621 2006 1692 2040 lapi-

902 2055 961 2083 dem
976 2054 1076 2090 plumbi
1087 2054 1116 2081 in
1130 2062 1159 2081 os
1172 2054 1239 2088 ejus.

937 2145 1020 2181 697
1051 2144 1137 2172 XXX.
1167 2144 1247 2172 initio
1267 2143 1482 2172 deciarationum
1513 2149 1634 2170 mearum
1664 2141 1692 2169 in

903 2191 976 2219 hunc
1005 2191 1163 2226 prophetam
1178 2190 1269 2223 docui,
1285 2197 1346 2217 eum
1362 2193 1423 2224 post
1440 2188 1556 2217 reditum
1572 2195 1587 2216 e
1601 2187 1693 2223 Baby-

904 2238 976 2270 lone,
1008 2244 1068 2271 quae
1088 2241 1211 2272 tempore
1227 2235 1394 2271 captivitatis
1421 2235 1584 2267 acciderint.
1613 2234 1694 2262 liber-

904 2287 959 2310 tate
982 2283 1076 2317 potitis
1109 2282 1249 2310 I‘ructuose
1273 2289 1395 2309 narrare.
1410 2280 1545 2315 Quoniam
1556 2280 1628 2309 enim
1646 2287 1694 2308 eos

903 2329 937 2356 ad
962 2329 1068 2357 sancita
1096 2328 1186 2364 legum
1206 2329 1358 2364 praestanda
1387 2328 1564 2355 vehementer
1595 2333 1694 2361 segnes

905 2374 1095 2410 perspiciebat,
1125 2380 1155 2402 et
1176 2375 1209 2402 ad
1226 2374 1380 2409 voluptates
1398 2381 1462 2401 suas
1478 2372 1626 2407 explendas
1636 2376 1694 2399 toto

906 2424 1007 2458 impetu
1034 2422 1195 2454 declinasse,
1211 2426 1238 2449 et
1267 2421 1340 2457 leges
1352 2419 1418 2448 Mosi
1437 2420 1465 2447 in
1476 2418 1622 2454 postremis
1638 2418 1690 2446 dn-

905 2476 968 2497 cere
1001 2469 1117 2504 coepisse
1139 2468 1343 2505 (implicuerant
1369 2466 1441 2496 enim
1459 2472 1522 2494 sese
1536 2463 1695 2500 lperegrinis

906 2513 1076 2547 mulieribus,
1105 2518 1132 2541 et
1145 2513 1201 2548 jam
1238 2511 1360 2540 nonnulli
1391 2515 1478 2539 metas
1501 2509 1695 2546 aequitatispe-

907 2561 980 2588 nitus
1006 2560 1121 2596 egressi.
1154 2559 1232 2587 idolis
1245 2558 1345 2586 initiati
1374 2561 1462 2590 erant,
1485 2560 1512 2584 et
1528 2556 1640 2591 insuper
1653 2555 1695 2583 fa-

906 2607 1014 2635 ciebant
1025 2614 1085 2642 qua:
1101 2605 1225 2642 proferre
1238 2605 1325 2640 pudor
1340 2604 1439 2639 vetat),
1460 2603 1615 2631 necessario
1629 2609 1694 2637 pro-

904 2653 984 2688 pheta
991 2659 1052 2687 qua:
1060 2656 1120 2679 acla
1133 2654 1197 2679 sunt
1209 2654 1416 2682 commemorat,
1436 2653 1465 2676 ut
1477 2651 1644 2684 cognoscant
1661 2647 1694 2674 li-

904 2700 992 2727 berati
1021 2699 1149 2731 tandem,
1175 2697 1274 2733 quibus
1302 2696 1443 2724 hominum
1482 2700 1695 2728 sanctorumque

905 2744 1063 2779 angelorum
1084 2743 1211 2779 precibus
1240 2742 1393 2770 libertatem
1424 2741 1523 2775 adepti,
1537 2743 1632 2767 contra
1651 2746 1694 2766 se-

905 2791 1036 2825 metipsos
1065 2790 1154 2818 denuo
1179 2789 1366 2817 universorum
1395 2787 1479 2815 Deum
1507 2785 1656 2818 concitent,
1674 2791 1690 2811 a

906 2836 1029 2872 pristinis
1043 2836 1149 2864 delictis
1162 2839 1291 2863 tanouam
1302 2833 1402 2862 morbis
1413 2832 1540 2867 correpti.
1554 2831 1598 2858 Ait
1610 2837 1692 2864 ergo:
