1910 3050
230 172 265 200 83
736 175 765 202 S.
786 174 921 203 CYRILLI
941 174 1174 202 ALEXANDRINI
1195 176 1352 204 ARCHIEP.
1815 173 1847 201 εἴ

228 244 240 262 ε
257 234 387 268 Egressus
416 237 456 258 est
483 231 594 266 angelos
614 232 658 267 qui
679 232 844 268 loquebatur
882 233 908 259 io
923 239 976 260 me.
997 242 1005 258 ι

1060 232 1144 268 καίων
1155 232 1325 267 αίτιαμάτων
1333 231 1533 267 ἐμπλεκόμενοι
1543 230 1649 262 λαϐαῖς.
1665 230 1738 265 Ἔφη
1749 229 1850 263 τοίνυν,

226 280 285 314 Quo
300 278 446 313 egressus?
461 282 507 305 aut
520 278 564 305 ubi
585 279 690 305 tandem
706 279 787 306 erat?
800 280 841 306 Ab
854 279 1010 306 ostensione

227 326 304 352 taleis
319 325 351 352 ad
369 325 533 360 propositam
551 325 692 360 visionem,
706 325 740 352 dc
758 333 884 353 mensura
895 326 1008 358 Scilicet,

226 372 297 399 facta
320 377 362 399 est
387 372 517 407 egressio.
542 371 622 398 Tollit
645 380 709 407 ergo
739 373 869 407 propheta
883 372 909 398 in
927 372 1009 398 altum

225 418 329 449 oculos,
355 418 452 452 quibus
468 418 499 444 ad
516 417 640 444 sublimia
654 418 835 452 percurrendo
852 417 1010 445 exercitatis

226 464 267 491 fas
280 465 315 491 sit
338 472 398 491 ctttn
413 464 504 490 divina
521 464 620 491 virtute
639 465 794 499 mysterium
818 464 1007 499 contemplari.

225 509 326 543 Quaerit
348 510 429 545 igitur
453 510 516 544 qttid
546 511 592 542 sit,
609 510 680 545 quod
695 510 856 537 ostenditur.
878 510 946 536 Tum
961 518 1010 536 an-

225 556 319 591 gelus:
339 565 348 581 ι
370 555 431 583 Hzec
442 561 492 588 est,
524 556 623 590 inquit,
643 563 770 582 mensura
788 563 849 590 quae
861 556 1007 589 egreditur.

226 601 288 628 Ilaec
303 607 342 628 est
363 602 491 636 iniquitas
503 609 594 628 eorum
607 603 631 628 iu
641 602 714 628 omni
729 606 809 628 terra.
834 611 842 627 ι
862 601 920 628 Jam
944 601 1008 635 quid

225 655 351 675 mensura
364 649 408 679 sit,
440 649 583 675 videndum
596 653 646 679 est.
663 648 783 675 Dicimus
800 649 891 682 itaque
911 653 1008 674 natura

225 693 324 719 bonum
352 697 378 720 et
406 693 545 720 hominum
571 698 706 720 amantem
736 701 795 721 esse
818 694 1008 721 universorum

224 738 378 764 Dominum.
391 737 537 765 Peccantes
553 739 623 765 enim
637 739 744 770 tolerat,
758 738 886 772 ctinique
898 744 1008 773 agentes

223 783 351 816 susliuct,
375 783 586 818 uniuscujusque
617 784 806 818 pmnitentiam
834 789 1007 818 exspectans.

223 830 301 863 Quod
325 831 347 857 si
376 831 435 864 quis
451 831 531 857 etiam
548 830 592 856 diu
621 829 756 864 peccando
771 830 946 864 processerit,
963 837 1008 857 su-

222 884 399 911 pretnamque
426 876 472 903 Dei
501 875 658 909 patientiam
682 881 808 909 expertus
830 875 921 908 luerit,
950 881 1005 902 ttun

1061 280 1100 305 ὅτι
1121 289 1128 304 ι
1151 278 1275 313 Ἐξῆλθεν
1290 280 1303 305 ό
1314 278 1429 313 ἄγγελος
1445 279 1459 305 ὀ
1474 277 1562 304 λαλῶν
1575 277 1602 303 ὲν
1615 277 1686 310 ἐμοί.
1709 286 1717 302 ι
1739 275 1848 310 Ἐξῆλθε

1061 325 1088 351 δὲ
1104 326 1179 357 ὃποι;
1196 324 1246 351 ποῦ
1263 325 1317 361 γὰρ
1337 323 1371 361 ἦν
1394 325 1477 357 ὅλως;
1493 323 1597 351 Οὐκοῦν
1613 325 1644 350 ὲκ
1665 324 1714 358 τῆς
1730 322 1779 350 τοῦ
1792 323 1850 358 δρε-

1061 372 1146 398 πάνου
1158 371 1266 405 δείξεως
1284 372 1329 398 ἐπὶ
1351 371 1400 407 τὴν
1417 371 1600 406 προκειμένην
1615 369 1720 405 ὅρασιν,
1739 369 1789 404 τὴν
1805 369 1850 395 ὲπι

1060 427 1102 452 γε,
1117 418 1198 453 φημὶ,
1225 417 1264 453 τῷ
1290 418 1391 454 μέτρῳ,
1408 418 1438 444 τὸ
1451 419 1500 453 τῆς
1522 417 1611 450 ἐξόδου
1635 417 1729 451 γέγονε
1744 417 1848 451 χρῆμα.

1060 464 1137 498 Αἴρει
1156 472 1187 498 γε
1204 464 1257 498 μὴν
1273 465 1287 490 ὁ
1305 464 1448 498 προφήτης
1461 465 1501 495 εἰς
1520 462 1587 497 ὕψος
1605 462 1667 494 τοὺς
1681 462 1849 497 ὀφθαλμοὺς,

1060 506 1100 540 οἷς
1112 509 1228 544 διᾴττειν
1239 509 1306 544 ὑψοῦ
1321 509 1528 544 μεμελετηκόσι,
1541 509 1640 544 πρέποι
1652 509 1684 535 ἂν
1696 508 1809 539 εἰκότως
1821 508 1851 534 τὺ

1060 556 1106 582 καὶ
1118 555 1176 591 θείᾳ
1186 556 1299 592 δυνάμει
1315 556 1461 592 καταθρεῖν
1473 557 1630 591 μυστήριον.
1649 556 1684 582 Ἤ
1690 563 1751 591 ρετο
1762 555 1793 590 δὴ
1805 553 1851 582 οὖν

1059 601 1086 626 τί
1112 600 1164 635 ἄρα
1193 601 1250 627 ἔστι
1278 601 1308 627 τὸ
1334 600 1517 636 δεικνύμενον.
1541 600 1569 627 Ὀ
1599 600 1626 626 δὲ
1655 599 1723 634 πρὸς
1752 599 1849 626 αὐτόν’

1063 655 1072 672 ι
1094 646 1189 678 Τοῦτο,
1208 647 1286 682 φησὶ,
1309 647 1338 674 τὸ
1365 646 1464 682 μέτρον
1481 646 1512 672 τὸ
1533 646 1761 680 ἐκπορευόμενον.
1777 645 1850 680 Αὖτη

1060 692 1133 719 ἐστὶν
1149 693 1164 727 ἡ
1180 692 1269 718 ἀδικία
1287 692 1375 718 αὐτῶν
1391 693 1418 718 ἐν
1434 692 1508 727 πάσῃ
1527 693 1559 726 τῇ
1576 693 1621 726 γῇ.
1641 701 1649 716 ι
1666 690 1722 717 Καὶ
1734 690 1760 717 τί
1774 689 1806 725 δὴ
1821 690 1852 716 τὸ

1061 738 1169 774 μέτρον,
1192 737 1398 773 ἀναλογίζεσθαι
1414 738 1477 773 χρή.
1494 738 1547 764 Καὶ
1565 737 1597 772 δὴ
1613 737 1659 763 καί
1682 744 1785 770 φαμεν,
1811 736 1851 764 ὅτι

1060 783 1139 818 φύσει
1155 783 1282 819 χρηστὸς,
1295 784 1342 810 καὶ
1362 783 1553 818 φιλάνθρωπος
1566 783 1580 809 ὁ
1599 782 1651 809 τῶν
1666 782 1734 809 ὅλων
1749 781 1852 807 Δεσπό-

1059 838 1119 864 της.
1131 829 1324 864 Πλημμελοῦσι.
1339 828 1394 864 γὰρ
1411 828 1577 860 ἀνεξικακεῖ,
1592 828 1640 854 καὶ
1657 826 1852 863 παρανομούν-

1059 884 1114 902 των
1135 876 1269 911 ἀνέχεται,
1286 875 1440 911 περιμένων
1462 874 1512 910 τὴν
1532 874 1649 901 ἑκάστου
1668 873 1850 909 μετάγνωσιν.

222 920 338 954 deniqtte
366 920 453 954 poenis
481 920 689 954 subjicictttr,et
702 926 754 947 tam
767 921 901 948 diuturna:
915 928 1003 948 socor-

1061 921 1089 947 Ei
1108 920 1136 947 δὲ
1151 921 1181 956 δή
1196 929 1238 952 τις
1255 921 1288 947 ἱόι
1309 921 1356 948 καὶ
1377 920 1458 956 μέκρι
1477 919 1574 947 πολλοῦ
1591 919 1659 955 πρὸς
1674 919 1704 945 τὸ
1725 919 1853 953 πλημμε-

219 966 272 994 diae
288 973 438 1002 pnetexere
452 968 519 995 nihil
541 968 640 1002 potcrit
658 977 664 994 :
682 975 730 995 uec
740 967 813 994 illum
834 969 976 1002 quisquam
992 975 1007 994 a

222 1011 319 1046 poenis,
353 1012 506 1039 commissis
523 1012 580 1046 ejus
614 1012 725 1046 paribus
751 1013 858 1047 eripiet.
884 1013 1007 1046 Quapro-

221 1062 281 1091 pter
297 1057 422 1084 Christus
437 1058 535 1092 populo
553 1057 715 1091 Judmorum,
733 1058 871 1092 impotenti
897 1058 1006 1085 vesania

220 1103 254 1129 ad
270 1103 378 1138 quidvis
406 1104 536 1130 nefarium
570 1105 669 1135 ruenti,
693 1105 779 1139 inquit
795 1115 800 1130 :
822 1113 831 1129 ι
846 1104 877 1130 Ει
893 1111 940 1130 vos
956 1105 1004 1130 im-

220 1149 314 1182 plestis
330 1157 483 1176 mensuram
501 1155 606 1184 patrum
622 1156 772 1177 vestrorum
793 1150 826 1176 ".
849 1159 857 1173 ι
875 1149 1004 1176 Mensura

221 1196 304 1229 igitur
327 1203 386 1230 quae
408 1197 565 1230 apparebat.
583 1201 753 1230 peccatorum
770 1195 858 1230 populi
875 1196 900 1222 iu
915 1195 1004 1229 ipsum

220 1242 387 1267 citinulatam
417 1242 615 1268 multitudinem
636 1242 806 1268 ostendebat.
832 1241 860 1268 Ιιι
880 1249 1005 1268 mensura

221 1294 302 1320 porro
313 1287 410 1313 mulier
421 1287 544 1317 sedebat,
564 1287 714 1321 iniquitatis
744 1287 851 1312 modum
879 1294 1006 1312 consum-

221 1340 306 1364 matis,
325 1337 350 1359 et
365 1333 436 1358 velut
452 1325 498 1366 per
510 1340 538 1359 se
554 1333 734 1366 capacitatem
752 1332 866 1364 impletis
881 1341 886 1358 :
908 1332 1006 1358 fortas-

219 1378 258 1404 sis
274 1378 354 1404 etiam
374 1376 550 1410 supercllusa,
567 1382 593 1404 et
611 1385 663 1412 qua
674 1377 810 1408 exstabat,
825 1378 1004 1411 prospiciens.

222 1432 231 1448 ι
254 1423 284 1449 Et
299 1431 373 1455 ecce,
388 1423 483 1457 inquit,
497 1423 627 1450 talentum
643 1423 742 1458 plumbi
755 1423 839 1458 698
856 1424 1004 1456 elevatum,

219 1476 246 1496 et
262 1469 375 1504 proiecit
404 1469 468 1495 illud
491 1470 517 1496 in
548 1477 578 1496 os
592 1470 662 1502 eius.
681 1479 690 1495 ι
707 1470 938 1496 υθδιτίιιὶιιιιιιειιι
959 1477 1005 1496 no-

219 1517 260 1542 Itis
285 1516 454 1550 iniquilalcm
479 1515 546 1542 visio
569 1516 595 1542 in
614 1516 704 1542 habitu
720 1515 884 1542 mulierculae
902 1523 908 1541 :
927 1521 1005 1549 typus

218 1562 291 1588 enim
302 1562 446 1595 voluptatis
460 1567 539 1596 atque
560 1562 641 1587 ctiam
657 1561 822 1588 inﬁrmitatis
835 1565 877 1587 est
890 1561 1003 1587 mulier:
1020 1578 1042 1606 Ο

219 1608 345 1634 etomnis
358 1607 486 1642 iniquitas
509 1614 560 1634 non
573 1607 651 1633 aliter
679 1607 869 1638 committitur,
887 1607 938 1633 nisi
957 1614 1005 1633 vo—

219 1653 320 1687 luptate
335 1653 424 1686 aliqua
445 1653 476 1678 ad
491 1652 590 1678 malum
619 1652 769 1684 inescante,
799 1656 826 1678 et
848 1651 1007 1678 inﬁrmitate

219 1700 320 1726 mentis
345 1699 377 1726 ad
405 1700 454 1725 hoc
483 1698 678 1725 consentiente.
712 1697 778 1724 Nam
792 1697 813 1724 si
849 1698 960 1723 tnensiu
978 1704 1007 1724 se

221 1746 298 1772 ﬁrma
320 1751 346 1772 et
362 1744 448 1771 virilis
475 1744 564 1776 fuerit,
588 1751 724 1777 nunquam
750 1751 780 1770 se
797 1743 829 1769 ad
850 1743 944 1769 vitium
960 1743 1007 1769 de-

219 1791 291 1819 ﬂecti
315 1791 442 1825 patietur.
462 1791 490 1817 Si
518 1795 608 1817 autem
633 1789 753 1816 etnollita
773 1794 799 1816 et
814 1790 951 1816 incantata
972 1789 1005 1815 ad

220 1837 398 1871 voluptatem,
422 1837 573 1863 molestiam
603 1836 712 1862 sentiet.
739 1834 865 1869 Pingitur
888 1842 964 1868 ergo,
981 1838 1007 1861 et

221 1888 402 1918 congruenter
416 1882 504 1915 valde,
519 1882 608 1915 specie
620 1881 741 1908 mulieris
755 1881 895 1915 iniquitas.
913 1880 1006 1906 Plum-

220 1931 246 1957 bi
264 1936 352 1957 autetn
381 1927 510 1956 talentum
534 1929 667 1956 clet'atttm
697 1934 723 1955 et
739 1928 868 1954 obturaus
887 1935 917 1954 os
938 1927 1006 1961 ejus,

220 1975 287 2002 nihil
303 1975 387 2007 aliud.
413 1975 518 2008 opinor,
546 1974 772 2009 potestiulelligi,
800 1978 898 2007 praeter
916 1972 1008 2000 Domi-

221 2029 284 2048 nutn
299 2026 420 2047 nostrum
432 2019 523 2047 Jesum
537 2019 685 2050 Christum,
699 2018 745 2053 qui
762 2025 809 2052 per
827 2025 935 2044 crucem
945 2025 1007 2050 pre-

221 2067 322 2093 tiosam
352 2066 498 2097 exaltatus,
516 2070 544 2092 et
561 2065 717 2098 iniquitates
733 2070 841 2091 nostras
858 2063 967 2090 sustulit
980 2064 1006 2090 in

220 2121 319 2148 corptts
331 2121 408 2139 sunto
416 2120 495 2146 Super
510 2112 612 2144 lignum
628 2111 662 2143 “,
675 2115 702 2137 et
715 2110 925 2144 chirographum
941 2117 1008 2136 con-

219 2164 261 2185 tra
278 2167 326 2186 nos
345 2158 518 2192 triumphavit
532 2158 565 2190 ⁸⁷,
580 2162 619 2190 ιιι,
635 2157 703 2183 sicut
721 2156 759 2182 ait
773 2156 879 2183 divinus
893 2162 1005 2182 cantor:

223 2215 232 2230 ι
249 2205 343 2231 Omnis
372 2204 499 2237 iniquitas
524 2204 624 2237 oppilet
648 2209 678 2229 os
701 2209 778 2228 stium
803 2200 837 2227 “.
861 2210 870 2227 ι
894 2200 1007 2227 Plumbo

221 2256 307 2278 autem
336 2255 362 2277 et
390 2250 446 2284 ipse
474 2253 647 2282 comparatur
670 2258 675 2275 :

220 2298 285 2329 tlixi,
306 2297 442 2331 plumbum
456 2296 489 2321 ab
509 2294 671 2328 argentariis
686 2293 836 2319 artiﬁcibus
852 2293 886 2318 ad
909 2299 1005 2326 purga-

221 2343 321 2369 tionem
337 2349 430 2367 eornm
448 2347 507 2374 qua:
537 2339 700 2366 conﬂantur.
723 2338 796 2365 Talis
807 2337 1007 2371 quodammodo

219 2389 307 2415 virtus
333 2387 432 2415 Christi
460 2387 486 2413 itt
501 2386 589 2412 ttohis.
606 2385 634 2412 Si
656 2385 727 2411 enim
753 2384 778 2410 in
791 2389 906 2410 tnetttetn
923 2388 950 2410 et
960 2390 1007 2410 cor

219 2435 333 2464 venerit.
363 2440 457 2459 omnes
477 2432 570 2458 sorites
593 2438 704 2464 prorsus
733 2428 1007 2464 abstergit.Ccnsent

219 2481 340 2514 quidam,
360 2479 512 2513 projectum
539 2484 599 2504 esse
620 2476 756 2510 plumbum
770 2477 796 2502 in
818 2483 849 2502 os
875 2475 1006 2509 iniquita-

220 2526 417 2559 tis,velutDco
438 2523 503 2551 illud
525 2524 680 2555 obturante,
710 2526 737 2550 et
765 2522 908 2548 immodice
934 2521 1004 2548 ultra

219 2576 376 2607 peccatores
403 2577 533 2596 accusare
554 2576 605 2595 non
637 2568 821 2602 permittente.
855 2566 957 2593 Idcirco
978 2570 1006 2593 et

219 2617 295 2652 quasi
308 2617 369 2643 fune
386 2614 628 2647 circumscribitur,
640 2614 759 2640 omnium
779 2612 937 2639 miseratore
952 2612 1005 2639 Deo

220 2662 433 2696 uniuscujusque
451 2668 558 2696 ρωιιιιιιι
582 2659 731 2687 sceleribus
756 2659 931 2694 proportione
961 2666 1005 2686 re-

219 2709 396 2740 spondentem
414 2707 570 2733 deﬁniente.

1058 966 1112 999 λὲς,
1128 967 1176 993 καὶ
1191 968 1231 998 εἰς
1247 966 1332 1002 πέρας
1344 967 1406 1001 ἥκοι
1421 965 1516 993 λοιπὸν
1533 966 1583 1001 τῆς
1595 965 1669 1001 αὐτῷ
1684 964 1851 1000 νεμηθείσης

1057 1011 1242 1044 ἀνεξικακίας,
1254 1012 1284 1038 τὸ
1296 1011 1423 1046 τηνικάδε
1437 1010 1529 1038 λοιπὸν
1543 1011 1647 1042 ποιναῖς
1662 1011 1850 1040 ὑποκείσεται,

1058 1059 1105 1085 καὶ
1120 1058 1198 1092 λόγος
1216 1057 1290 1093 αὐτῷ
1314 1059 1363 1092 τῆς
1384 1057 1455 1084 οὕτω
1472 1058 1580 1092 μακρᾶς
1602 1056 1738 1092 ῥᾳθυμίας
1749 1056 1850 1087 οὐδεὶς,

1057 1105 1110 1130 οὐδ’
1128 1103 1160 1130 ἄν
1176 1103 1291 1136 ἐξέλοιτο
1312 1104 1358 1130 τοῦ
1381 1104 1479 1138 χρῆναι
1497 1103 1590 1130 λαϐεῖν
1615 1103 1778 1138 ἰσομέτρους
1804 1102 1851 1128 αὺ-

1057 1150 1121 1183 τῶν,
1137 1147 1174 1176 ὧν
1194 1150 1226 1176 ἂν
1240 1150 1360 1185 φαίνοιτο
1376 1149 1513 1184 δεδρακὼς
1531 1150 1580 1179 τὰς
1597 1149 1686 1180 δίκας.
1713 1149 1769 1175 Καὶ
1786 1148 1851 1182 γοῦν

1057 1196 1108 1231 ἔφη
1124 1205 1174 1223 που
1200 1196 1316 1232 Χριστὸς
1338 1196 1407 1231 πρὸς
1432 1196 1496 1227 τοὺς
1511 1196 1566 1222 τῶν
1590 1195 1724 1222 Ἰουδαίων
1747 1195 1851 1230 δήμους

1056 1242 1193 1276 ἁχαλίνοις
1207 1242 1346 1272 ἀπονοίαις
1361 1242 1429 1277 προς
1448 1242 1502 1268 πᾶν
1515 1241 1568 1267 τῶν
1587 1240 1711 1267 ἐκτόπων
1727 1241 1850 1267 διάττον-

1056 1297 1122 1319 τας”
1142 1298 1151 1314 ι
1171 1288 1226 1314 Καὶ
1245 1289 1322 1323 ὑμεῖς
1337 1286 1550 1323 ἀνεπληρώσατε
1565 1287 1595 1313 τὺ
1615 1287 1713 1322 μέτρον
1727 1287 1781 1312 τῶν
1797 1295 1849 1312 πα-

1055 1333 1142 1368 τέρων
1157 1332 1244 1367 ὑμῶν.
1264 1341 1273 1357 ι
1291 1332 1395 1358 Οὐκοῦν
1419 1332 1518 1367 μέτρον
1534 1329 1568 1366 ἦν
1585 1331 1616 1358 τὸ
1633 1331 1784 1366 ὁρώμενον,
1801 1331 1850 1366 τῆς

1055 1379 1110 1404 τῶν
1125 1377 1196 1404 λαῶν
1211 1378 1400 1413 πλημμελείας
1415 1378 1457 1412 ἐφ’
1474 1377 1562 1412 ἐαυτῷ
1576 1377 1698 1404 δεικνύον
1714 1377 1763 1412 τὴν
1783 1379 1849 1404 ἁνα-

1056 1424 1207 1459 πλήρωσιν.
1234 1424 1373 1458 Ἐνίδρυτο
1394 1423 1422 1449 δὲ
1441 1423 1479 1458 τῷ
1507 1424 1598 1458 μέτρῳ
1621 1424 1699 1458 γυνὴ,
1717 1425 1768 1458 τῆς
1788 1425 1849 1449 ἀνο-

1057 1470 1121 1506 μίας
1136 1470 1276 1505 πληροῦσα
1288 1470 1332 1495 τὸν
1349 1470 1440 1500 τόπον,
1458 1469 1506 1495 καὶ
1525 1466 1581 1495 οἷον
1601 1468 1802 1503 ἀναπιμπλᾶσα
1815 1468 1848 1493 δι’

1056 1515 1156 1550 ἑαυτῆς
1172 1515 1202 1541 τὸ
1228 1515 1397 1550 κεχωρηκὸς,
1412 1515 1482 1549 τάχα
1499 1524 1550 1541 που
1578 1514 1623 1540 καὶ
1645 1514 1847 1549 ὑπερχεομένη,

1058 1561 1105 1588 καὶ
1125 1560 1163 1595 τῷ
1184 1561 1303 1596 περιττῷ
1324 1560 1519 1588 διακύπτουσα.
1544 1570 1552 1585 ι
1583 1560 1652 1586 Ἀλλ’
1677 1560 1743 1588 ἰδοὺ,
1769 1560 1846 1594 φησι,

1057 1608 1187 1634 τάλαντον
1204 1606 1328 1641 μολίϐδου
1340 1606 1524 1642 ὲξαιρόμενον,
1542 1607 1588 1632 καὶ
1604 1605 1716 1641 ἔρριψεν
1730 1605 1797 1631 αὐτὸ
1811 1606 1849 1636 εἰς

1057 1654 1086 1680 τὸ
1098 1653 1184 1688 στόμα
1199 1653 1293 1687 αὐτῆς.
1310 1662 1319 1678 ι
1332 1653 1434 1688 Γράφει
1448 1653 1476 1679 δὲ
1487 1654 1552 1688 ἡμῖν
1567 1652 1615 1688 τὴν
1625 1653 1740 1687 ἀνομίαν
1751 1653 1767 1684 ἡ
1783 1652 1848 1688 ’ὀρα-

1058 1709 1100 1732 σις
1114 1701 1152 1731 εἰς
1169 1699 1199 1726 τὸ
1213 1699 1260 1726 τοῦ
1273 1700 1384 1734 γυναίου
1406 1700 1496 1734 σχῆμα
1508 1708 1515 1714 ·
1539 1701 1623 1731 τύπος
1640 1699 1694 1733 γὰρ
1714 1698 1815 1734 ἡδονῆς
1831 1699 1846 1733 ἡ

1057 1747 1135 1783 γυνὴ,
1161 1747 1209 1774 καὶ
1236 1747 1327 1782 μέντοι
1348 1746 1396 1773 καὶ
1424 1746 1583 1776 ἀσθενείας·
1608 1745 1707 1780 ἀνομία
1723 1744 1751 1770 δὲ
1774 1745 1848 1770 πᾶσι

1057 1791 1143 1827 apo-.0
1156 1791 1188 1818 ἂν
1201 1791 1249 1826 οὐχ
1271 1791 1382 1826 ἑτέρως,
1401 1791 1471 1826 πλὴν
1487 1791 1527 1817 ὅτι
1547 1790 1591 1816 διά
1605 1798 1677 1821 τινος
1693 1789 1791 1824 ἡδονῆς
1805 1789 1848 1815 δε-

1057 1838 1207 1873 λεαζούσης
1224 1838 1269 1864 ἐπὶ
1285 1838 1315 1863 τὸ
1331 1837 1442 1871 φαῦλον,
1464 1836 1666 1871 συμϐαινούσης
1679 1836 1750 1871 πρὸς
1760 1835 1849 1870 τούτῳ

1057 1885 1105 1911 καὶ
1115 1885 1163 1919 τῆς
1176 1885 1215 1916 είς
1237 1884 1297 1910 νοῦν
1312 1883 1463 1914 ἀσθενείας.
1486 1883 1516 1908 Εἰ
1536 1882 1584 1916 μὲν
1597 1881 1650 1917 γὰρ
1663 1881 1705 1916 εἴη
1723 1880 1848 1916 βεὸηκὼς

1057 1930 1099 1964 ἐφ’
1113 1929 1212 1964 ἐαυτῷ,
1226 1929 1273 1955 καὶ
1286 1928 1407 1964 ἀνδρεῖος
1419 1929 1434 1954 ὁ
1450 1926 1523 1958 νοῦς,
1535 1927 1583 1953 οὐκ
1600 1926 1632 1953 ἂν
1648 1926 1734 1952 ἕλοιτο
1750 1926 1849 1952 παθεῖν

1056 1975 1105 2010 τὴν
1124 1975 1164 2006 είς
1180 1975 1210 2000 τὺ
1231 1973 1332 2008 φαῦλον
1353 1974 1449 2009 ῥοπήν.
1467 1973 1499 1999 Et
1519 1972 1547 1998 δὲ
1562 1972 1594 2007 δὴ
1618 1971 1802 2007 μαλακισοείη
1818 1979 1848 1997 τε

1057 2021 1104 2048 καὶ
1131 2019 1292 2056 γοητευοείη
1310 2019 1378 2055 πρὸς
1396 2017 1502 2054 ἡδονὴν,
1530 2017 1653 2043 πείσεται
1677 2016 1708 2042 τὸ
1733 2015 1846 2042 λυποῦν.

1057 2066 1194 2100 Γράφεται
1208 2066 1240 2101 δὴ
1254 2064 1311 2096 οὖν,
1327 2065 1374 2090 καὶ
1388 2064 1460 2099 μάλα
1470 2063 1569 2099 ὀρθῶς,
1584 2063 1624 2093 είς
1636 2061 1752 2096 ἀνομίαν
1766 2061 1782 2096 ἡ
1799 2069 1847 2094 γυ-

1057 2111 1101 2145 νή.
1118 2110 1251 2136 Μολίῦδου
1279 2109 1306 2136 δὲ
1319 2110 1451 2135 τάλαντον
1472 2108 1502 2134 τὸ
1515 2107 1700 2143 ὲξαιρόμενον,
1721 2107 1769 2132 καὶ
1795 2106 1847 2141 μὴν

1058 2157 1104 2183 καὶ
1118 2156 1272 2190 ὲμφράττον
1286 2155 1315 2181 τὸ
1330 2155 1416 2189 στόμα
1427 2154 1520 2188 αὐτῆς,
1539 2154 1647 2189 νοηθείη
1668 2153 1700 2179 ἂν
1720 2153 1769 2187 οὐχ
1790 2153 1848 2179 ἓτε-

1060 2210 1115 2237 ρον,
1131 2199 1217 2236 οἶμαι,
1236 2201 1311 2236 παρὰ
1323 2202 1368 2226 τὸν
1383 2200 1485 2235 Κύριον
1498 2198 1577 2234 ἡμῶν
1599 2198 1701 2234 Ἰησοῦν
1716 2198 1845 2233 Χριστὸν,

696 2247 844 2273 assumitur
869 2247 952 2275 enim.
976 2249 1006 2272 ιιι

1058 2247 1086 2278 ὃς
1101 2247 1194 2281 ὑψώθη
1210 2246 1254 2273 διὰ
1276 2247 1321 2272 τοῦ
1336 2247 1427 2280 τιμίου
1446 2245 1573 2280 σταυροῦ,
1591 2244 1637 2271 καὶ
1658 2244 1708 2275 τὰς
1731 2243 1847 2278 ἀνομίας

1058 2293 1135 2328 ἡμῶν
1147 2293 1295 2327 ἀνήνεγκεν
1315 2293 1342 2319 ὲν
1363 2292 1401 2327 τῷ
1417 2291 1522 2327 σώματι
1543 2290 1624 2317 αὐτοῦ
1646 2291 1692 2317 ἐπὶ
1707 2290 1737 2317 τὸ
1757 2291 1847 2323 ξύλον,

1043 2338 1256 2374 ’τεθριάμϐευκέ
1278 2347 1307 2365 τε
1330 2339 1360 2364 τδ
1381 2338 1441 2364 καθ’
1466 2337 1544 2372 ἡμῶν
1567 2337 1759 2372 χειρόγραφον.
1777 2337 1846 2368 Ἵνα,

1057 2383 1129 2410 καθά
1148 2392 1230 2419 φησιν
1253 2385 1268 2410 ὸ
1287 2383 1431 2415 θεσπέσιος
1455 2382 1598 2417 Μελῳδὸς,
1614 2392 1624 2408 ι
1647 2383 1724 2408 Πᾶσα
1747 2382 1847 2417 ἀνομία

1057 2432 1183 2469 ἐμφράξῃ
1201 2432 1231 2458 τὸ
1245 2432 1332 2467 στόμα
1357 2431 1451 2465 αὐτῆς.
1474 2440 1482 2456 ι
1502 2430 1628 2465 Μολίὸδῳ
1647 2430 1676 2455 δὲ
1697 2429 1744 2455 καὶ
1767 2429 1848 2460 αὐτὸς

1058 2478 1269 2513 παρεικάζεται·
1290 2477 1534 2512 παραλαμϐάνεται
1551 2476 1590 2508 δὲ,
1605 2476 1642 2506 ὡς
1653 2475 1732 2510 ἔφην,
1745 2476 1759 2501 ό
1773 2474 1847 2510 μόλι-

1058 2525 1119 2556 ϐδος
1135 2525 1210 2559 παρὰ
1218 2525 1273 2550 τῶν
1283 2525 1462 2560 ἀργυροχοεῖν
1473 2523 1617 2554 εἰωθότων,
1632 2523 1672 2554 είς
1687 2522 1847 2557 ἀποκάθαρ-

1061 2579 1102 2597 σιν
1115 2570 1169 2597 τῶν
1188 2570 1390 2605 χωνευομένων.
1407 2569 1523 2604 Τοιαύτη
1542 2569 1570 2595 δέ
1590 2578 1647 2601 πως
1663 2568 1710 2595 τοῦ
1728 2567 1846 2604 Χριστοῦ

1059 2615 1075 2649 ἠ
1089 2614 1202 2650 δύναμις
1217 2616 1245 2640 ἐν
1261 2616 1334 2650 ἡμῖν.
1354 2615 1385 2640 Εἰ
1398 2613 1453 2649 γὰρ
1467 2615 1506 2646 εἰς
1521 2613 1583 2640 νοῦν
1597 2614 1700 2646 γένοιτο
1717 2613 1765 2639 καὶ
1780 2621 1848 2648 uap-

1058 2660 1126 2692 δίαν,
1139 2661 1226 2687 πάντα
1236 2661 1268 2695 δὴ
1285 2661 1393 2691 πάντως
1409 2661 1518 2695 ἐκτήκει
1532 2659 1625 2695 ῥύπον.
1641 2661 1719 2686 Δοκεῖ
1733 2659 1763 2685 δέ
1776 2667 1847 2686 τισιν

1057 2706 1185 2742 ὲῤῥίφθαι
1208 2707 1255 2734 τὸν
1279 2706 1401 2742 μόλιῶον
1423 2707 1463 2737 είς
1479 2707 1508 2732 τὸ
1530 2706 1580 2740 τῆς
1605 2706 1719 2740 ἀνομίας
1747 2706 1844 2740 στόμα,

1849 2599 1856 2629 Ι

218 2751 274 2780 οῖον
289 2753 491 2789 ὲμφράττοντος
508 2752 573 2779 αὐτὸ
589 2751 635 2778 τοῦ
652 2750 730 2783 Θεοῦ,
748 2751 795 2778 καὶ
818 2751 890 2786 πέρα
923 2751 1023 2786 μέτρου
1043 2753 1177 2788 καταεοᾷν
1210 2753 1264 2779 τῶν
1278 2752 1476 2788 ἡμαρτηκότων
1495 2752 1544 2779 οὐκ
1557 2752 1677 2786 ἐφιέντος
1690 2752 1739 2779 ἔτι.
1754 2752 1845 2787 Ταύτῃ

219 2800 273 2835 γὰρ
288 2800 319 2834 δή
349 2808 390 2826 τοι
412 2799 458 2826 καὶ
488 2799 579 2834 μέτρῳ
609 2797 849 2833 περισχοινιζεται,
878 2797 1151 2832 συναναμετροῦντος,
1173 2795 1249 2831 οἶμαί
1287 2806 1350 2829 που,
1377 2798 1424 2824 τοῦ
1446 2798 1550 2829 πάντας
1573 2796 1752 2832 οἰκτείροντος
1776 2796 1843 2823 Θεοῦ

219 2846 277 2876 τοῖς
301 2845 354 2871 τῶν
381 2845 558 2880 πταισμάτων
587 2844 742 2878 ἐγκλήμασι
762 2842 810 2874 τὰς
831 2843 874 2876 ἐφ’
898 2842 1005 2877 ἑκάστῳ
1022 2843 1108 2874 δίκας.

255 2899 277 2916 ⁸⁸
300 2901 393 2930 Matth.
415 2910 491 2934 χχιιι,
512 2901 555 2929 ὅξ.
615 2901 661 2928 “l
683 2901 753 2928 Petr.
775 2908 804 2932 ιι,
824 2900 868 2926 24.

907 2900 928 2915 ⁵⁷
948 2899 1050 2928 Coloss.
1075 2909 1103 2930 tt,
1129 2901 1168 2926 Η.

1210 2901 1231 2916 ⁶¹⁸
1252 2900 1319 2928 Psal.
1342 2908 1396 2932 cn,
1415 2900 1457 2926 42.
