1910 3050
70 162 106 191 85
486 164 765 193 COMMENTARIUS
786 165 817 192 IN
840 165 1040 196 ZACllARlAM
1060 167 1281 197 PROPHETAM.
1673 173 1708 203 86

104 220 159 248 Kal
181 217 240 256 ἦρα
261 219 334 255 τοὺς
355 221 527 257 ὀφθαλμούς
542 232 614 257 μου,
635 222 685 250 καὶ
713 222 788 255 ἴδον,
815 222 864 250 καὶ

955 225 1037 258 Vens,
1049 226 1078 259 9,
1099 226 1140 253 10.
1155 226 1188 253 Et
1205 227 1286 254 levat-2'
1302 227 1390 254 oculos
1406 237 1486 261 meat,
1501 234 1525 256 at
1538 230 1600 262 ridi,
1617 237 1640 258 ει
1651 241 1708 260 ecca

69 267 134 295 ιδοὺ
157 267 212 295 δύο
236 267 379 302 γυναῖκες
403 268 644 303 ἑκπσρευόμεναι,
673 268 721 296 καὶ
746 269 865 303 πνεῦμα

67 313 103 339 ἐν
118 312 184 345 ταῖς
198 312 343 346 πτέρυξιν
359 313 467 346 αὐτῶν,
488 314 538 340 καὶ
557 311 645 342 αὗται
661 312 745 349 εἶχον
762 313 865 348 πτέρυ-

68 367 123 393 Tac
137 358 263 391 ἔποπος,
288 359 339 386 καὶ
360 358 509 386 ἀνέλαϐον
530 359 563 386 τὸ
577 359 689 393 μέτρον
711 359 865 394 ἁναμέσον

68 404 126 438 τῆς
140 404 209 440 γῆς,
233 405 283 432 καὶ
302 405 457 440 ἁναμέσον
474 405 527 432 τοῦ
548 406 690 440 οὐρανοῦ.
716 406 771 434 Kal
795 405 865 435 εἶπα

69 450 147 483 πρὸς
166 451 221 476 τὸν
238 450 379 485 ἄγγελον,
399 451 452 477 τὸν
475 451 630 478 λαλοῦντα
650 451 686 477 ἐν
699 451 764 486 ἐμοι
775 461 782 468 ·
803 452 864 479 Ποῦ

67 493 158 523 αὗται
171 496 358 530 ἀποφέρουσι
374 496 405 522 τὸ
422 495 553 531 μέτρον-ς
566 496 619 523 Kal
635 495 700 523 εἷπε
717 498 792 531 πρός
807 507 846 533 με
856 506 862 512 ·

71 541 274 577 Οἰκοδομῆσαι
292 541 373 575 αὐτῷ
390 544 490 570 οὶκίαν
509 543 544 569 ἐν
558 542 596 578 τῇ
611 543 798 577 Βαϐυλῶνος,
815 544 864 571 καὶ

69 587 236 622 ἑτοιμάσαι,
252 588 299 614 καὶ
314 587 464 621 θήσουσιν
482 587 555 614 αὐτὸ
574 589 639 615 ἐκεῖ
654 589 702 615 ἐπὶ
716 588 774 622 τὴν
789 589 863 616 ἐτοι-

66 633 186 667 μασιάν
202 633 306 660 αὑτοῦ.

103 679 168 706 AA'.
191 678 224 705 Τί
239 679 272 706 ἂν
288 678 409 714 βούλοιτο
431 679 526 714 δηλοῦν
542 679 596 706 τῶν
615 679 751 713 γυναικῶν
767 681 783 716 ἡ
803 679 864 712 ξυν-

68 724 149 760 ωρὶς,
172 725 189 760 ἢ
205 725 278 756 τίνος
301 724 333 751 ἂν
355 722 410 751 εἶεν
428 726 468 757 είς
495 725 590 756 τύπον,
617 727 766 760 ἀναγκαῖον
787 724 864 760 οἶμαί

69 778 121 796 που
139 771 185 797 καὶ
200 770 253 806 πρό
267 779 298 804 γε
309 770 364 796 τῶν
374 770 462 797 ἄλλων
474 771 571 798 εἰπεῖν.
586 772 657 806 Ἔφη
671 771 759 798 τοίνυν
774 773 788 798 ὁ
799 771 864 803 esi):

69 815 108 850 τῷ
123 817 255 852 προφήτῃ
276 816 405 852 Ίεξεχιήλ
417 824 423 830 ·
440 826 450 842 ι
467 817 513 843 Υἱὲ
535 816 690 852 ἀνθρώπου,
713 817 759 844 δύο
773 820 865 851 γυναῖ-

69 871 117 894 κες
136 860 220 898 ἦσαν,
246 862 396 898 θυγατέρες
412 863 515 899 μητρὸς
541 865 615 899 μιᾶς.
638 863 685 890 καὶ
711 864 865 899 ὲξεπόρνευ-

920 271 981 299 dure
996 273 1118 300 mulieres
1135 273 1340 307 egredientes,et
1357 274 1466 308 spiritus
1482 275 1508 302 in
1522 275 1708 310 alisipsarum,

919 322 944 344 et
959 318 1023 351 ipsa:
1042 319 1170 345 habebant
1189 318 1247 345 alas
1262 326 1366 353 upupa,
1380 323 1403 346 et
1419 319 1582 347 elevaverunt
1603 329 1707 349 mensu-

920 372 977 391 ram
991 365 1060 392 inter
1083 369 1179 392 terram
1197 369 1221 392 et
1253 365 1354 392 calum.
1381 365 1414 393 Et
1437 367 1494 393 dixi
1513 367 1547 393 ad
1571 368 1707 402 angelum,

919 411 1159 446 quiloquebaturin
1177 419 1217 437 me
1231 419 1241 438 :
1254 410 1312 444 Quo
1327 412 1385 439 iure
1400 412 1519 445 deferunt
1534 421 1682 440 mensuram
1695 413 1708 440 Ρ

922 456 955 484 El
968 458 1036 484 dixit
1052 458 1085 484 ad
1107 465 1146 484 me
1159 466 1167 484 :
1186 456 1220 484 Ut
1239 457 1367 491 utili/irim!
1379 459 1402 484 ei
1413 458 1517 484 domum
1528 459 1554 485 in
1568 465 1637 486 terra
1653 459 1705 486 Ba-

920 503 1031 538 bylonis.
1048 507 1239 538 etpra'parent,
1255 508 1278 530 ιι
1296 509 1393 538 ponant
1408 503 1482 530 illam
1503 504 1625 539 ibisuper
1638 513 1704 537 prte-

918 550 1079 584 parationem
1088 558 1174 577 suam.

1714 623 1720 640 Ω

954 681 1050 710 XXXI.
1066 683 1134 716 Quid
1160 690 1208 716 par
1233 683 1378 710 mulierum
1405 683 1514 716 indicet,
1533 687 1561 710 et
1571 682 1650 717 cuius
1666 683 1705 711 rei

919 733 1010 764 typum
1036 734 1122 763 gerat,
1151 734 1213 756 ante
1228 730 1318 756 omnia
1329 729 1517 764 exponendum
1536 737 1643 757 censeo.
1661 729 1706 757 Ait

918 775 1010 809 itaque
1043 774 1112 802 Deus
1138 775 1273 809 prophetae
1299 775 1431 802 Ezecltieli
1451 783 1483 801 ε(
1504 775 1553 802 Fili
1578 775 1704 807 hominis,

921 821 980 847 dna:
996 820 1121 847 mulieres
1136 825 1224 853 erant,
1241 820 1301 847 filiae
1315 821 1409 848 matris
1425 821 1516 854 unius,
1527 826 1554 848 et
1568 821 1706 849 fornicata)

919 871 982 893 sunt
994 867 1019 894 in
1035 866 1165 901 IEgypto,
1177 867 1203 893 in
1216 867 1397 894 adolescentia
1413 875 1462 894 sua
1475 867 1614 895 fornicata
1630 873 1703 900 sunt.

70 917 120 935 σαν
131 909 161 935 ὲν
172 910 207 944 τῇ
222 909 364 945 Αἰγύπτῳ,
379 910 408 936 ὲν
421 910 453 945 τῇ
467 910 572 945 νεότητι
585 909 674 936 αὐτῶν
686 910 865 945 ἐπόρνευσαν,

919 912 973 939 illic
998 913 1154 940 cecidi-runt
1182 915 1264 940 ubera
1287 921 1381 940 earnm
1406 913 1441 941 θ’.
1464 922 1473 939 ι
1490 913 1573 940 Addit
1597 913 1649 945 his,
1670 914 1704 941 il-

68 957 128 982 ἐκεῖ
142 955 243 982 ἔπεσον
260 956 284 982 oi
312 956 410 991 μαστοὶ
429 955 529 982 αὐτῶν.
549 965 558 982 ι
578 955 736 991 Προσετίθει
751 955 780 982 δὲ
803 956 865 983 τού-

67 1010 134 1033 τοις,
163 1003 334 1038 σαφέστερον
361 1002 491 1034 καθιστὰς
516 1002 546 1028 τὸ
569 1002 774 1038 διηγγελμένον,
792 1013 801 1028 ι
821 1004 867 1030 καὶ

66 1048 100 1075 τὰ
115 1048 241 1083 ὀνόματα
260 1049 362 1082 αὐτῶν,
378 1049 521 1084 Σαμάρεια
538 1049 554 1084 ἧ
569 1049 650 1080 Οολὰ,
665 1050 712 1075 καὶ
731 1049 866 1085 Ἰερουσαο

66 1093 122 1128 λὴμ
130 1094 147 1130 ἢ
156 1094 269 1122 Οολιὸά.
276 1104 286 1121 ι
299 1095 357 1122 Μία
372 1095 421 1130 μὲν
430 1095 484 1130 γὰρ
493 1093 528 1130 ἦν
539 1094 590 1131 [ἐν]
600 1096 696 1131 ἀρχαῖς
705 1097 721 1131 ἡ
734 1096 788 1122 τῶν
803 1096 868 1122 Ἰου-

65 1139 150 1166 δαίων
173 1142 329 1176 συναγωγή.
360 1141 438 1168 Κατὰ
459 1141 487 1167 δέ
514 1150 545 1176 γε
562 1141 608 1168 τὸν
629 1142 725 1176 καιρὸν
745 1142 794 1177 τῆς
819 1141 866 1168 τοῦ

72 1186 196 1221 Ῥοὸοὰμ
209 1187 359 1222 βασιλείας,
373 1188 573 1223 ἀπορραγεῖσαι
588 1187 643 1214 τῶν
659 1189 747 1215 ἄλλων
762 1190 789 1215 αί
799 1189 866 1216 δέκα.

66 1233 162 1267 φυλαὶ,
184 1234 366 1269 κατῳκήκασι
389 1234 557 1269 Σαμάρειαν,
579 1234 625 1261 καὶ
649 1234 866 1270 πεπορνεύκασιν

66 1279 113 1306 ἐπὶ
129 1281 193 1312 ταῖς
219 1280 353 1316 δαμάλεσι
375 1282 434 1312 ταῖς
460 1281 586 1316 χρυσαῖς,
608 1280 641 1312 ἃς
666 1280 866 1307 κατεσκεύασεν

72 1324 218 1361 Ἰεροὸοὰμ
237 1326 294 1358 υίὸς
322 1326 426 1353 Ναὸάτ.
453 1326 526 1361 Πλὴν
552 1327 602 1352 οὐκ
628 1325 680 1358 ἔξω
702 1326 752 1361 τῆς
776 1326 866 1358 αἰτίας

67 1371 164 1405 γέγονε
202 1391 210 1398 .
249 1390 257 1398 .
297 1392 305 1400 .
343 1391 352 1400 .
391 1391 399 1400 .
439 1391 446 1399 .
486 1393 493 1400 .
532 1391 540 1399 .
589 1371 738 1403 τουτέστιν,
767 1371 866 1407 Ἰερου-

68 1416 173 1452 σαλήμ·
191 1417 398 1453 ὲκπεπόρνευκε
425 1417 480 1453 γὰρ
504 1417 551 1444 καὶ
573 1417 643 1452 αὕτη
667 1417 737 1444 κατὰ
753 1418 866 1450 πολλοὺς

67 1463 198 1499 τρόπους,
213 1463 291 1490 τοῦτο
305 1465 355 1498 μὲν
367 1463 486 1495 εἰδώλοις
499 1463 762 1498 προσκεκυνηκότων
773 1464 864 1497 τινῶν,

69 1510 117 1537 καὶ
136 1509 256 1536 θυόντων
279 1511 312 1545 τῇ
331 1509 413 1541 Βαὰλ,
441 1511 472 1545 τῇ
498 1510 643 1545 Ἀστάρτῃ.
669 1511 726 1541 τοῖς
749 1509 864 1544 βουνοῖς,

69 1555 150 1590 ήΗῳ,
171 1556 271 1591 σελήνῃ
302 1555 349 1582 καὶ
368 1556 477 1591 ἄστροις
495 1555 618 1590 ἑτέροις·
639 1555 720 1582 τοῦτο
745 1555 774 1581 δὲ
797 1555 866 1590 πρὸς

69 1602 162 1629 πᾶσαν
184 1601 303 1636 ἑτοίμως
321 1601 415 1628 ἰόντων
435 1601 618 1637 ἀκαθαρσίαν,
637 1601 684 1628 καὶ
709 1602 773 1638 παρ’
789 1602 865 1629 οὐδὲν

67 1646 104 1672 τὰ
122 1647 168 1674 διὰ
183 1647 229 1674 τοῦ
250 1647 389 1682 πανσόφου
405 1648 526 1680 Μωσέως
543 1647 763 1683 τεθεσπισμένων
779 1648 866 1675 τιθέν-

69 1702 134 1722 των.
151 1694 208 1726 Τὰς
220 1694 268 1720 δύο
277 1694 310 1729 δὴ
326 1692 373 1721 οὖν
388 1694 441 1721 τῶν
455 1694 484 1728 ἐξ
505 1694 613 1730 Ἰσραὴλ
626 1693 789 1728 συναγωγὰς
803 1694 865 1722 δυσὶ

69 1739 194 1774 γυναιξὶν
211 1739 338 1774 ἀφομοιοῖ
356 1739 471 1774 πάλιν.ή
490 1739 596 1774 ὅρασις,
617 1737 650 1769 ἃς
665 1738 711 1764 καί
727 1737 865 1772 πτέρυγας

71 1785 173 1817 ἔποπος
185 1785 333 1820 ἐσχηκέναι
346 1785 439 1820 φησὶν,
455 1785 498 1811 ἵνα
511 1785 560 1820 τὴν
574 1784 685 1811 ἐνοῦσαν
697 1784 787 1815 αὐτοῖς
801 1783 867 1810 ἀκά-

72 1831 171 1868 θαρτον
190 1831 303 1867 γνώμην
329 1831 377 1858 καὶ
398 1831 429 1857 τὺ
443 1831 511 1866 πρὸς
535 1831 589 1857 πᾶν
605 1830 694 1857 ὁτιοῦν
717 1830 771 1856 τῶν
791 1831 867 1857 ἐκτό-

71 1886 131 1904 mv
155 1877 268 1909 εὺπετὲς
293 1874 322 1904 εὖ
343 1877 416 1912 μάλα
440 1876 670 1911 κατασημήνειεν.
688 1875 718 1902 '0
741 1875 791 1911 μὲν
811 1876 866 1909 γὰρ

72 1922 145 1958 Ir:qu
169 1923 310 1958 στρουθίον
328 1924 402 1949 ἐστὶν
418 1923 466 1949 οὐκ
491 1923 609 1957 ἄσημον,
626 1921 820 1957 φιλοϐόρῦορον
837 1922 865 1948 δὲ

71 1970 120 1997 καὶ
132 1970 311 2006 κοπροϐόρον,
328 1970 375 1996 καὶ
389 1971 449 2001 ταῖς
468 1969 616 2004 σκωλήκων
634 1969 747 2002 ἀγέλαις
762 1969 866 2003 ἀγρίως

72 2016 294 2052 ἑπιμαινόμενον,
311 2015 359 2042 καὶ
372 2015 474 2051 τροφὴν
488 2015 532 2041 ἀεὶ
546 2014 680 2040 ποιεῖσθαι
693 2014 867 2048 κατειθισμέ-

72 2069 118 2088 νον
132 2062 182 2096 τὴν
204 2061 323 2095 ἐσχάτην
346 2059 527 2095 ἀκαθαρσίαν.
542 2059 668 2090 Τοιοῦτος
694 2059 722 2085 δὲ
738 2068 796 2091 πως
820 2060 866 2086 καὶ

71 2109 130 2139 τοῖς
146 2105 385 2142 εἰδωλοὶιατροῦσιν
398 2105 493 2132 ὕπεστι
514 2105 586 2137 νοῦς.
603 2105 662 2132 Οὐκ
674 2105 784 2140 ἔρχεται
799 2113 866 2131 κατο

73 2153 139 2182 seei:
155 2153 202 2180 τοῦ
226 2153 379 2188 πρέποντος
389 2160 396 2168 ·
421 2152 478 2179 ἀλλ’
493 2152 546 2184 ἔξω
562 2152 675 2187 φέρεται
689 2151 737 2178 τοῦ
751 2151 864 2185 εἰκότος,

73 2200 120 2228 τὸν
135 2200 206 2227 θεῖον
226 2200 277 2227 οὐκ
297 2197 351 2226 οἶδε
368 2199 459 2234 νόμον.
477 2199 554 2225 Ἔστι
574 2198 602 2224 δὲ
623 2198 731 2233 ἁπάσης
745 2198 866 2233 ἀκαθαρ-

918 958 1036 986 lustrans
1049 959 1132 994 699
1148 959 1218 994 quod
1234 960 1384 991 nuntiabat,
1403 968 1413 985 ‹
1434 965 1461 987 et
1479 961 1586 987 nomina
1598 967 1703 993 earnm,

918 1004 1053 1037 Samaria,
1070 1006 1126 1032 sive
1146 1005 1222 1038 00in,
1244 1010 1271 1032 et
1281 1004 1440 1036 Jerusalem.
1455 1005 1512 1032 sive
1523 1004 1620 1032 Oolina
1636 1005 1671 1032 "°.
1689 1014 1699 1030 ι

917 1050 1052 1085 Principio
1077 1051 1149 1078 enim
1166 1058 1217 1077 una
1248 1050 1298 1077 fuit
1323 1050 1477 1077 Judutorum
1489 1058 1635 1085 synagoga.
1654 1051 1705 1078 Re-

917 1101 1017 1132 gnante
1028 1101 1116 1123 autem
1131 1096 1262 1128 Roboam,
1277 1095 1398 1130 abruptze
1413 1097 1446 1123 ab
1469 1096 1530 1124 aliis
1540 1097 1636 1124 decem
1656 1097 1706 1123 tri-

918 1143 978 1173 bus.
997 1143 1151 1169 habitarunt
1169 1141 1332 1174 Samariam,
1349 1146 1376 1168 et
1393 1141 1532 1170 fornicata
1541 1148 1604 1170 sunt
1624 1143 1650 1169 in
1665 1143 1706 1169 vi-

918 1189 982 1216 tulis
990 1188 1090 1220 aureis,
1104 1195 1173 1223 quos
1184 1187 1247 1215 fecit
1260 1186 1403 1215 Jeroboam
1418 1189 1490 1216 lilius
1499 1188 1584 1216 Nabal
1597 1189 1631 1215 “.
1648 1188 1706 1216 Ca:-

919 1241 1004 1262 terum
1037 1243 1089 1262 non
1121 1235 1179 1262 sine
1193 1242 1274 1262 causa
1291 1234 1449 1261 factumest.
1467 1254 1474 1261 .
1491 1255 1498 1263 .
1515 1255 1522 1262 .
1542 1254 1549 1261 .
1571 1253 1578 1261 .
1598 1253 1605 1261 ο
1626 1252 1633 1261 ι
1648 1252 1655 1260 ι
1672 1253 1679 1260 .
1697 1254 1703 1260 .

917 1281 970 1308 hoc
995 1286 1047 1312 est,
1068 1280 1219 1308 Jerusalem
1236 1290 1243 1307 :
1259 1281 1317 1314 ipsa
1331 1280 1404 1308 enim
1419 1287 1526 1314 quoque
1541 1279 1633 1306 multis
1649 1287 1706 1308 mo-

917 1326 959 1354 dis
974 1326 1106 1354 fornicata
1120 1330 1172 1358 est,
1190 1326 1351 1361 quibusdam
1364 1331 1419 1353 tum
1431 1326 1500 1362 idola
1517 1325 1704 1359 adorantibus,

916 1377 944 1400 et
954 1372 1171 1400 sacriﬁcantibus
1183 1371 1258 1406 Baal,
1279 1372 1405 1405 Astarte,
1418 1371 1544 1403 collibus.
1563 1371 1630 1402 Soli.
1649 1371 1704 1398 Lu-

917 1426 970 1452 nae,
995 1419 1131 1446 sideribus
1155 1418 1266 1453 reliquis
1282 1426 1289 1445 :
1305 1423 1359 1445 tum
1386 1418 1419 1446 ad
1437 1425 1545 1446 omnem
1562 1417 1705 1445 immundi-

918 1465 981 1491 tiam
998 1465 1096 1498 cupide
1120 1464 1294 1497 abeuntibus,
1310 1468 1338 1491 et
1352 1464 1442 1491 divina
1455 1464 1581 1490 mandata
1595 1464 1705 1498 sapien-

918 1511 1014 1538 tissimi
1031 1510 1113 1537 Mosis
1133 1517 1183 1537 nec
1197 1510 1243 1537 bili
1258 1509 1429 1537 facientibus.
1445 1509 1515 1537 Duas
1530 1510 1620 1543 itaque
1636 1508 1707 1545 Syn-

916 1563 1017 1590 agogas
1043 1554 1152 1582 lsraelis
1175 1555 1280 1582 duabus
1301 1554 1460 1582 mulieribus
1480 1555 1578 1581 iterum
1594 1554 1647 1581 hac
1664 1554 1706 1582 vi-

917 1602 992 1629 sione
1017 1605 1158 1636 comparat
1172 1609 1180 1627 :
1198 1608 1265 1635 quas
1279 1604 1306 1628 et
1320 1600 1376 1627 alas
1386 1608 1482 1635 upupa)
1493 1601 1621 1628 habuisse
1631 1600 1705 1628 aflir-

916 1652 984 1679 mel,
999 1651 1029 1674 ut
1047 1647 1178 1681 impuram
1194 1654 1299 1678 earum,
1315 1652 1432 1673 mentem
1453 1651 1478 1673 el
1490 1647 1522 1672 ad
1539 1654 1707 1682 qurecunqno

917 1693 1019 1721 nefaria
1053 1692 1209 1719 facilitatem
1222 1692 1422 1726 appositissime
1451 1692 1581 1719 declaret.
1610 1691 1705 1727 Upupa

916 1740 989 1767 enim
1021 1744 1113 1766 notum
1138 1743 1180 1766 est
1201 1746 1286 1773 genus
1313 1738 1442 1772 passeris,
1475 1746 1570 1766 amans
1583 1739 1665 1772 cmni,
1678 1743 1706 1766 et

919 1785 1145 1819 stercorivornm,
1173 1790 1200 1812 et
1216 1785 1242 1811 in
1260 1792 1354 1820 greges
1364 1785 1526 1812 crabronum
1542 1785 1706 1813 ferocinsin-

917 1833 1038 1864 saniens,
1067 1836 1095 1860 et
1118 1831 1336 1859 immundissima
1356 1838 1471 1866 quaeque
1500 1839 1549 1866 pro
1576 1831 1707 1859 alimento

918 1885 1049 1913 usurpare
1073 1877 1194 1905 solitum.
1213 1876 1287 1904 Talis
1313 1877 1513 1910 quodammodo
1532 1884 1609 1904 mens
1623 1876 1705 1904 etiam

918 1924 1068 1951 idololatris
1093 1924 1175 1950 inest.
1203 1921 1263 1950 Non
1292 1927 1367 1949 recto
1389 1922 1488 1949 itinere
1514 1922 1548 1949 ad
1563 1922 1706 1949 honestum

917 1970 1067 2002 contendit,
1082 1970 1128 1997 sed
1140 1973 1216 1996 extra
1229 1968 1266 2000 id,
1282 1968 1353 2002 quod
1369 1972 1580 1995 consentaneum
1599 1972 1640 1995 est.
1653 1967 1707 1995 fer-

917 2019 972 2043 tur.
996 2016 1042 2042 Dei
1061 2016 1146 2049 legem
1169 2022 1221 2041 non
1240 2016 1325 2047 novit,
1341 2014 1417 2050 plena
1431 2014 1505 2041 omni
1523 2014 1705 2046 immunditia.

917 2067 945 2088 et
957 2068 1038 2088 omne
1052 2068 1137 2096 genus
1160 2060 1344 2094 improbitatis
1376 2061 1466 2088 cibum
1486 2067 1564 2087 suum
1590 2059 1704 2087 ducens.

917 2107 1021 2134 Idcirco
1039 2111 1067 2134 et
1085 2106 1142 2134 alas
1157 2113 1252 2141 npupte
1266 2106 1431 2133 mulierculis
1446 2110 1551 2141 aptatas
1565 2113 1655 2133 sermo
1669 2105 1707 2132 vi-

917 2153 1002 2180 sionis
1018 2157 1120 2185 narrat,
1136 2152 1252 2180 similem
1271 2159 1379 2187 quoque
1399 2156 1517 2179 mentem
1532 2157 1560 2180 et
1573 2151 1705 2187 judicium

917 2199 970 2227 illis
994 2190 1084 2227 inesse
1108 2200 1216 2227 docens.
1251 2199 1403 2233 Capessunt
1432 2203 1522 2226 autem
1553 2205 1706 2226 mensuram

75 2246 137 2278 σίας
162 2246 298 2282 ἔμπλεως,
325 2245 372 2272 καὶ
397 2245 450 2272 πᾶν
476 2242 545 2276 εἶδος
569 2243 735 2278 φαυλότητος
759 2244 864 2278 ἡγεῖται

919 2246 1063 2280 iniquitate
1093 2245 1234 2280 repletam.
1254 2244 1368 2280 Oportet
1393 2244 1465 2272 enim
1491 2245 1639 2280 quamlibet
1652 2245 1707 2272 ani-

73 2294 189 2329 τροφήν.
206 2292 342 2329 Ταύτῃτοι
359 2292 405 2318 καὶ
424 2291 560 2326 πτέρυγας
581 2290 682 2322 ἔποπος
698 2288 865 2324 ὲνηρμόσθαι

74 2341 132 2371 τοίς
159 2339 280 2373 γυναίοις
301 2339 316 2365 ὁ
331 2339 380 2373 τῆς
403 2338 523 2372 ὁράσεως
547 2337 598 2372 ἔφη
623 2336 711 2370 λόγος,
736 2335 785 2372 τὴν
805 2336 865 2370 ἴσην

75 2386 187 2412 ἐκείνων
202 2385 314 2420 γνώμην
333 2384 379 2411 καὶ
394 2385 485 2415 αὐτοῖς
504 2385 602 2410 ἐνεῖναι
618 2383 760 2409 διδάσκων.
786 2383 865 2408 Ἀνα-

75 2432 245 2468 λαμὸάνουσι
261 2431 290 2458 δὲ
310 2431 340 2457 τδ
362 2430 459 2466 μέτρον
475 2431 507 2465 τῇ
523 2429 624 2465 ἀνομίᾳ
644 2429 864 2464 μεμεστωμένον.

77 2479 122 2505 Δεῖ
145 2478 201 2513 γὰρ
224 2471 345 2510 ἑκάστην
370 2477 459 2511 ψυχὴν
475 2477 514 2510 τῷ
538 2476 595 2511 ιδίῳ
618 2475 865 2510 καταφορτίζεσοαι

79 2523 167 2559 βάρει,
182 2523 221 2558 τῷ
237 2523 289 2558 τῆς
314 2522 465 2558 ἁμαρτίας,
483 2522 567 2557 φημί.
595 2521 704 2556 Ἐπειδὴ
721 2521 750 2547 δὲ
772 2521 816 2548 [aa
836 2529 866 2547 τε

77 2571 179 2606 ἀμφοῖν
193 2569 241 2596 καὶ
253 2569 356 2604 ἀδελφὰ
368 2569 402 2596 τὰ
411 2569 582 2604 ἐγκλήματα,
592 2569 643 2603 τῆς
655 2576 684 2594 τε
700 2567 866 2603 mpii-upside,

78 2615 161 2651 φημὶ,
181 2615 228 2642 καὶ
247 2614 298 2649 τῆς
319 2613 506 2649 Ἰερουσαλὴμ,
531 2612 661 2649 ταύτῃτοι
690 2614 737 2640 καὶ
758 2613 787 2640 ἐν
817 2612 868 2648 ι’σῳ

77 2662 172 2697 τρόπῳ
193 2659 415 2696 κατηχθεσμέναι
440 2659 479 2695 τῷ
506 2659 599 2695 μέτρῳ
621 2658 670 2686 καὶ
692 2660 727 2695 τῇ
759 2658 868 2695 ἀνομίᾳ,

60 2697 63 2710 ί
79 2708 235 2743 πνεύματος
256 2706 438 2742 ὶμπίπιιοντος
457 2706 518 2737 ταῖς
546 2705 674 2740 πτέρυξιν
697 2705 796 2737 αὐτῶν,
816 2704 872 2737 ὀξεῖ

78 2755 125 2782 καὶ
136 2753 354 2791 ἁπαραποδίστῳ
369 2753 498 2788 φέρονται
511 2752 604 2788 δρόμῳ
620 2752 688 2788 πρὸς
701 2751 750 2787 τὴν
764 2751 817 2778 τῶν
830 2751 873 2778 ἀλ-

77 2799 202 2835 λοφύλων
221 2799 327 2836 χώραν,
347 2798 427 2834 δῆλον
447 2798 476 2826 δὲ
492 2797 532 2825 ὅτι
545 2798 595 2833 τὴν
610 2797 665 2824 τῶν
683 2796 869 2824 Βαϐυλωνίων.

130 2891 152 2907 ¹⁹
169 2890 274 2919 Ezeclt.
292 2897 370 2922 χχιιι,
390 2889 455 2920 1.3.
493 2888 515 2904 "
536 2887 599 2915 ibid.
620 2887 645 2913 4.

921 2300 992 2319 mam
1010 2299 1059 2319 suo
1072 2299 1155 2320 onere
1170 2291 1290 2325 onerari,
1303 2291 1407 2325 peccati
1421 2291 1542 2326 inquam.
1556 2291 1623 2324 Quia
1642 2298 1707 2319 vero

920 2337 997 2373 paria
1017 2341 1079 2365 sunt
1104 2337 1246 2364 ambarum
1275 2341 1303 2364 et
1330 2341 1445 2371 cognata
1466 2340 1588 2371 peccata,
1610 2336 1706 2364 Sama-

919 2384 967 2411 riae
1001 2383 1133 2411 nimirum
1158 2389 1185 2410 et
1207 2381 1368 2415 Jerusalem,
1396 2382 1455 2410 ideo
1480 2381 1574 2408 eodem
1599 2389 1707 2416 quoque

919 2428 998 2456 modo
1024 2433 1143 2455 onerata:
1167 2435 1292 2455 mensura
1315 2432 1343 2454 et
1363 2426 1517 2460 iniquitate.
1541 2426 1636 2459 spiritu
1657 2425 1707 2452 alis

919 2482 1013 2502 earum
1039 2474 1186 2505 incidente,
1216 2473 1297 2500 celeri
1318 2479 1349 2499 ac
1371 2479 1422 2498 non
1437 2471 1566 2506 impedito
1580 2478 1662 2498 cursu
1673 2471 1707 2498 ad

920 2520 1133 2555 alienigenarum
1162 2519 1299 2553 regionem
1325 2516 1532 2552 Babyloniorum
1557 2517 1650 2551 utique
1665 2515 1705 2544 fe-

921 2571 1029 2594 runtur.
1057 2565 1198 2592 lmmundo
1224 2565 1296 2592 enim
1321 2565 1416 2599 spiritu
1431 2565 1464 2590 ad
1478 2562 1643 2598 peccandum
1660 2571 1707 2590 eas

921 2611 1088 2646 impellente.
1111 2615 1140 2638 et
1162 2610 1306 2645 iniquitate
1336 2613 1534 2644 praegravante,
1548 2609 1574 2636 in
1598 2609 1708 2644 captivi-

920 2660 1003 2684 tatem
1034 2657 1189 2688 abstractte,
1203 2660 1230 2683 et
1243 2655 1294 2683 sub
1306 2655 1389 2689 pedes
1402 2654 1572 2681 inimicorum
1594 2655 1708 2681 redactae

920 2707 993 2731 sunt.
1008 2702 1154 2737 Postquam
1180 2706 1271 2729 autem
1298 2700 1366 2728 dixit
1392 2700 1488 2728 beatus
1522 2699 1643 2735 angelus,
1660 2706 1708 2727 eos

920 2750 1027 2777 deferre
1041 2755 1195 2776 mensuram
1224 2747 1259 2776 ad
1281 2747 1468 2774 aediﬁcandam
1485 2746 1534 2781 ipsi
1551 2747 1662 2773 domum
1679 2745 1706 2772 in

921 2800 994 2824 terra
1020 2794 1175 2831 Babylonis,
1206 2793 1372 2829 accipiamus
1394 2793 1446 2822 hoc
1473 2792 1537 2820 licet
1554 2798 1603 2827 pro
1619 2791 1706 2826 signo.

703 2888 722 2902 ⁷·
748 2886 780 2913 lll
803 2886 868 2920 Reg.
884 2894 931 2917 χιι,
953 2885 987 2912 28
1004 2892 1082 2919 seqq.
