1910 3050
60 192 88 219 89

474 178 750 211 COMMENTARIUS
769 177 802 205 1N
823 162 1024 204 ZACIIARIAM
1041 173 1264 203 PROPHETAM.

1638 169 1673 199 90

58 247 220 285 χερδὰκασιν.
242 244 273 271 Εἰ
288 244 342 279 γάρ
360 251 385 269 τι
400 241 446 268 καὶ
460 240 617 281 δεδράκασι,
631 238 677 265 καὶ
691 235 835 272 κατηνδρί-
850 261 851 264 η

897 233 959 260 nine
975 232 1037 260 mali
1052 233 1102 259 hoc
1117 231 1177 259 loco
1186 228 1356 257 atilictionem
1371 225 1528 262 accipimus)
1538 226 1673 261 quomodo

983 278 1010 285 η-
1103 282 1108 285 .
1162 281 1181 285 Α.
1203 276 1265 285 νεὼ-ε
1293 283 1317 285 __
1347 275 1510 285 Δ-....ε--Α-α
1539 272 1560 285 ..ζ
1574 272 1631 285 2......
1646 277 1672 285 ..ι

57 302 128 322 σαντο
147 291 246 327 χωρῶν
266 290 283 325 ἢ
312 289 430 320 πόλεων,
457 285 539 313 αὑτοῦ
565 283 769 314 κατανεύοντος,
796 281 836 312 είς

56 341 126 368 τιῦτο
138 338 169 374 δὴ
184 337 269 363 πάλιν
287 334 421 370 προῆλθον
438 331 540 367 ἰσχύος.
553 331 585 357 Et
600 330 655 365 γάρ
676 330 748 355 ἐστιν
768 327 836 362 ἅλη-

56 388 98 421 θὴς
111 386 124 411 ὁ
136 382 281 417 προφήτης
292 380 379 413 λέγων
390 387 397 394 ’
416 388 424 403 ι
445 378 502 404 Οὐκ
518 377 575 403 ἔστι
598 375 682 403 κακία
700 375 729 401 ὲν
748 373 834 405 πόλει,

55 418 84 468 ἦν
99 430 195 465 Κύριος
211 428 263 455 οὐκ
276 426 404 461 ἐποίησε·
427 434 436 450 ι
455 423 553 450 κακίαν
574 422 602 449 δέ
621 429 712 456 φαμεν
731 421 759 446 ὲν
775 418 837 445 τού-

56 487 105 509 τοις
115 477 162 512 τὴν
172 475 297 502 κάκωσιν
310 481 317 488 ·
330 471 389 502 πῶς
406 470 439 497 ἂν
450 469 551 496 ἐκεῖναι
571 468 736 502 κατίσχυσαν
751 463 836 492 ὲθνῶν

57 524 97 551 καὶ
113 521 218 558 χωρῶν,
236 521 274 556 μὴ
291 519 352 555 οὐχὶ
370 519 402 555 δὴ
419 517 510 548 πάλιν,
529 515 613 543 αὐτοῦ
628 514 658 540 τδ
672 511 836 547 κατισχύσαι

56 557 174 604 νέμοντος
188 565 387 602 οἰκονομικῶς;
405 564 484 594 Τίνες
497 562 525 589 δὲ
541 561 573 596 δὴ
591 560 636 587 καὶ
650 560 678 586 αί
692 557 835 593 βασιλεῖαι,

57 601 142 651 καιρὸς
165 613 335 649 ἧδτλλέγειν.
361 610 465 637 Οὐκοῦν
478 611 506 636 ὲν
527 609 575 644 μὲν
600 607 639 642 τῷ
669 606 772 641 ἅρματι
797 601 836 638 τῷ

57 649 156 697 πρώτῳ,
169 659 265 695 φησὶν,
280 656 476 692 ἴπποιπυῤῥοὶ,
487 654 536 690 τῆς
546 652 685 680 Χαλδαίων
698 649 837 685 βασιλείας

57 696 252 737 ἀνατυποῦντες
270 704 313 740 ἐφ’
333 703 438 734 ἑαυτοῖς
459 701 508 737 τὴν
532 700 671 736 ὡμότητα.
694 696 837 733 Πυρῤότης

58 755 105 790 γὰρ
118 754 179 789 ἡμῖν
203 751 255 788 τὴν
280 751 395 786 αῖματος
409 748 487 785 χύσιν
504 746 687 774 ὑπαινίττοιτο
702 744 746 777 ἂν,
766 741 838 769 κατά.

58 786 240 836 -ίνεπτδμεὶκόςλ
258 797 416 833 φιλαίματοι
439 793 494 830 γὰρ
517 792 577 819 λίαν
602 791 627 818 οἱ
652 786 836 816 Βαϐυλώνιοι·

59 855 121 884 εἶλον
135 855 187 891 γὰρ
214 853 293 881 αὐτοὶ
313 853 363 888 τὴν
385 849 526 881 Ἰουδαίαν,
552 847 600 874 καὶ
618 845 668 877 τὰς
691 846 720 871 ὲν
737 844 770 879 τῇ
784 842 837 891 Σαῗ-

62 887 152 939 μσρεία
165 887 265 932 πόλεις,
288 887 395 934 φειδοῦς
415 896 524 930 ἁπάσης
547 892 728 930 ἐξῃρημένης.
749 889 794 939 :Ev
808 887 837 939 δὲ

60 933 204 984 τῷιᾶρματι
218 946 260 981 τῷ
277 933 396 980 δευτέρῳ
409 944 487 970 ἵπποι
499 941 623 977 μέλανες.
639 939 731 965 Ἔοικε
747 935 778 984 δε
788 933 838 969 τὴν

61 981 163 1029 Περσών
177 1000 208 1018 τε
225 991 275 1019 καὶ
285 990 384 1025 Μήδων
398 988 448 1023 τὴν
457 987 509 1014 ὑπό
519 994 550 1020 γε
562 985 656 1020 Κύρῳ,
667 982 749 1018 φημὶ,
767 981 840 1016 βασι-

61 1027 127 1067 λείαν
143 1036 303 1073 ὑποδηλοῦν.
330 1035 423 1062 Μέλαν
436 1034 464 1060 δὲ
479 1033 527 1060 καὶ
544 1031 650 1062 τούτοις
669 1027 840 1064 περιτέθεικε

61 1087 159 1122 χρῶμα,
173 1084 218 1112 διὰ
231 1084 274 1115 τὸ,
288 1080 375 1117 οἶμαι,
395 1079 519 1107 πλεῖστόν
536 1087 566 1105 τε
581 1077 642 1103 ὅσον
656 1075 703 1103 καὶ
717 1073 841 1109 ἀμέτρη-

62 1118 101 1159 ζτον
114 1118 169 1163 τοῖς
189 1129 332 1156 Χαλδαίων
356 1127 460 1153 ἔθνεσιν
484 1123 627 1160 ὲπιρρίψαι
652 1121 778 1151 θάνατον,
795 1118 842 1146 καὶ

62 1180 119 1214 ὃλην
137 1178 227 1208 αὺτοῖς
253 1175 301 1210 τὴν
315 1174 406 1210 χώραν
428 1173 458 1198 ὲν
485 1170 578 1197 πένθει
601 1166 727 1203 γενέσθαι
750 1173 840 1200 παρα-

64 1210 193 1252 σκευάσαι.
218 1222 338 1252 Πὲνθους
357 1220 386 1246 δὲ
403 1218 452 1245 καὶ
469 1217 585 1244 θανάτου
600 1214 630 1241 τὸ
653 1213 733 1248 φαιὸν
751 1211 783 1238 ἂν
797 1210 840 1245 εἴη

64 1270 196 1306 σύμϐολον.
211 1268 335 1299 Λευκοὺς
351 1266 379 1293 δὲ
397 1263 467 1292 εἷναί
483 1271 550 1298 φησι
565 1261 627 1292 τοὺς
645 1260 674 1286 ὲν
687 1258 790 1294 ἅρματι
802 1255 841 1291 τῷ

64 1303 147 1353 τρίτῳ,
161 1315 210 1351 τὴν
226 1314 362 1349 Ἑλλήνων
379 1320 430 1338 που
449 1310 519 1345 τάχα
539 1308 585 1336 καὶ
598 1305 762 1334 Μακεδόνων
776 1303 842 1329 ὑπο-

66 1349 157 1398 φαίνων
170 1349 270 1397 ἀρχὴν,
288 1359 337 1386 εἴτ’
353 1356 399 1385 οὖν
424 1357 474 1392 τὴν
496 1353 671 1388 Ἀλεξάνδρου
691 1349 840 1386 βασιλείαν.

66 1395 154 1437 Ᾰευκοὶ
167 1395 271 1440 δέίὸτι
290 1406 337 1433 καὶ
357 1403 532 1439 ἁϐροδίαιτοι,
549 1401 596 1427 καὶ
615 1400 645 1426 ὲν
669 1397 778 1427 λευκαῖς
804 1395 842 1426 ὡς

66 1455 155 1482 ἐπίπαν
170 1453 277 1484 στολαῖς
289 1451 323 1478 τὰ
341 1450 475 1485 Ἑλλήνων
486 1448 550 1482 ἔθνη
559 1455 566 1462 ·
583 1445 631 1472 καὶ
643 1445 684 1471 ὅτι
696 1443 745 1478 τὴν
757 1440 843 1476 γλῶτ-

66 1510 108 1527 ταν
119 1500 220 1534 σαφεῖς,
235 1498 288 1532 τῆς
308 1496 444 1532 βαρὸάρου
465 1495 556 1529 φωνῆς
567 1491 597 1518 τὸ
612 1489 692 1518 οἱονεὶ
706 1486 843 1515 σκοτεινὸν

67 1547 110 1572 οὐκ
118 1545 230 1579 ἔχοντες.
246 1544 293 1570 Ἐν
306 1543 334 1569 δὲ
350 1541 388 1576 τῷ
398 1539 531 1575 τετάρτῳ,
546 1537 636 1572 φησὶν,
650 1535 753 1570 ἅρματι
765 1534 844 1559 ἵπποι

67 1578 212 1627 τινὲςγῆσαν
230 1589 350 1616 ποικίλοι
373 1587 419 1614 καὶ
434 1585 525 1621 ψαροί
546 1583 634 1610 ίστέον
646 1582 685 1614 δὲ,
700 1582 741 1608 ὅτι
757 1581 773 1616 ή
790 1578 844 1605 τῶν

73 1624 194 1672 Ἐϐραίων
214 1635 332 1667 ἔκδυσις,
358 1633 406 1660 καὶ
429 1632 517 1666 ἕτεροι
539 1629 567 1655 δέ
582 1636 653 1659 τινες
680 1626 734 1652 τῶν
758 1624 844 1652 ἄλλων
859 1627 880 1657 c

69 1670 241 1718 ὲρμήνευτῶν,
256 1681 317 1708 ἀντὶ
327 1679 385 1712 τοῦ,
398 1677 500 1713 ψαροὶ,
512 1675 649 1703 τεθείκασι
662 1673 703 1706 τὸ,
714 1670 843 1706 ἰσχυροί.

71 1729 135 1764 Πλὴν
147 1729 192 1756 καὶ
219 1728 322 1762 ταύτην
336 1724 406 1752 εἷναί
429 1732 518 1759 φαμεν
538 1722 586 1757 τὴν
607 1720 751 1756 Ῥωμαίων
769 1718 845 1754 βασι-

70 1775 145 1807 λείαν,
163 1774 205 1801 ἀεί
219 1782 278 1805 πως
291 1773 406 1807 ἔχουσαν
421 1771 449 1797 ὲν
465 1771 519 1801 τοῖς
532 1767 603 1796 κατὰ
614 1765 727 1802 καιροὺς
738 1765 847 1800 βεϐασι-

72 1821 168 1848 λευχόσι
183 1820 213 1847 τὺ
230 1819 351 1847 ποικίλον
370 1819 410 1849 είς
431 1816 462 1843 τὸ
487 1813 614 1849 εὐμαθὲς,
635 1813 683 1839 καὶ
707 1810 774 1846 βαού
789 1818 847 1840 πως

71 1869 105 1900 εἰς
128 1867 235 1904 φρένας.
256 1864 438 1892 Συνετώτατοι
461 1861 515 1897 γὰρ
545 1860 592 1887 καὶ
616 1858 684 1895 πρός
707 1866 739 1892 γε
760 1855 847 1891 τούτῳ

72 1914 113 1941 καὶ
133 1903 316 1949 ἀλκιμώτατοι
337 1908 465 1945 γεγόνασί
479 1916 509 1934 τε
530 1907 577 1934 καὶ
599 1905 677 1937 εἰσὶν,
701 1904 726 1931 οἱ
746 1903 780 1930 τὰ
799 1903 848 1938 τῆς

77 1961 208 1995 Ῥωμαίων
223 1960 312 1995 ἀρχῆς
326 1957 464 1987 διέποντες
484 1953 583 1994 κράτη.
601 1952 740 1980 Τέοεινται
753 1949 781 1975 δὲ
803 1949 848 1975 καὶ

72 2007 208 2035 τελευταῖοι
233 2004 304 2041 μετὰ
324 2003 386 2035 τοὺς
411 2001 535 2038 πρώτους
555 1999 627 2027 κατά
650 2006 681 2032 γε
701 1997 764 2029 τοὺς
786 1995 848 2031 χρό-

73 2061 135 2084 νους.
144 2053 257 2087 Ἴδωμεν
267 2051 294 2078 δὲ
306 2050 352 2077 καὶ
362 2049 412 2084 τὴν
423 2048 539 2075 ἑκάστου
552 2046 606 2073 τῶν
616 2043 757 2080 ἁρμάτων,
765 2042 848 2086 ᾕγουν

74 2099 210 2134 βασιλείας,
226 2097 327 2130 ἔξοδον,
346 2096 413 2122 ὅπου
431 2103 461 2122 τε
473 2092 639 2123 διανένευκε,
655 2090 701 2117 καὶ
713 2089 759 2115 ἐπὶ
773 2084 848 2114 ’τίσιν

855 920 875 947 Β

73 2133 181 2181 ἔρχεται.
197 2143 357 2179 Σαφεστάτη
377 2141 431 2177 γὰρ
449 2140 520 2167 οὕτω
534 2137 631 2174 γένοιτ’
644 2136 677 2164 ἂν
690 2137 755 2172 ἡμῖν
768 2135 784 2170 ἡ
799 2133 849 2168 τῆς

73 2179 178 2227 Θεωρίας
189 2190 326 2220 ἀπόδοσις.
335 2188 461 2222 Τέσσαρα
473 2185 522 2221 μὲν
532 2185 585 2219 γὰρ
595 2185 609 2211 ό
625 2183 767 2219 προφήτης
780 2179 849 2207 εἶναί

74 2226 141 2273 φησι,
156 2237 338 2272 ὃιαμέμνηται
350 2233 379 2260 δὲ
394 2232 488 2268 τριῶν,
500 2231 549 2258 καὶ
563 2229 692 2265 σεσίγηκε
707 2228 754 2255 τοῦ
771 2226 848 2264 πρώ-

887 287 968 315 regna
983 278 1028 306 illa
1049 282 1142 313 gentes
1157 281 1184 303 et
1196 276 1319 310 regiones
1344 275 1523 305 domuissent,
1538 272 1560 300 si
1574 272 1632 307 ipse
1646 277 1675 299 ut

887 325 1000 352 domare
1030 327 1141 359 possent
1165 319 1397 349 administratorie
1412 319 1464 347 illis
1478 326 1530 346 non
1547 318 1677 345 donavis-

887 371 948 400 sct?
961 370 1026 404 Quae
1054 373 1144 396 autem
1159 374 1240 402 regna
1255 367 1305 393 ista
1323 365 1434 395 fuerim.
1456 364 1577 399 sequitur
1587 368 1617 390 ut
1628 363 1670 390 di-

887 423 990 443 camus.
1008 415 1036 442 in
1060 421 1140 443 curru
1164 413 1246 447 igitur
1274 411 1372 446 primo,
1402 410 1501 445 inquit,
1520 409 1583 444 equi
1612 407 1673 442 ruﬁ,

887 460 1072 488 Chaldaeorum
1115 455 1277 485 monarohia'
1310 453 1495 482 crudelitatem
1527 460 1674 488 repraesen-

888 510 988 533 tantes.
1019 504 1105 532 Rufus
1130 503 1201 530 enim
1213 502 1288 529 color
1322 499 1461 535 sanguinis
1489 498 1674 533 profusionem

887 551 965 579 nobis
992 555 1053 585 apte
1066 550 1202 582 insinuat;
1216 545 1383 582 sanguinarii
1415 544 1486 573 enim
1499 544 1673 571 vehementer

886 596 1027 631 Babylonii
1044 596 1114 630 :ipsi
1146 595 1217 622 enim
1244 592 1367 621 Judmam
1394 595 1421 618 et
1441 591 1522 618 urbes
1546 589 1676 617 Samaria:

887 641 955 669 citra
978 647 1085 668 omnem
1103 637 1317 667 misericordiam
1338 639 1521 664 vastaverunt.
1539 634 1569 661 in
1595 641 1676 661 curru

888 684 1006 713 secundo
1018 684 1079 719 equi
1092 683 1170 718 nigri.
1191 682 1250 715 Quo
1266 681 1410 709 Persarum
1425 684 1453 708 et
1471 679 1609 707 Medorum
1627 679 1677 705 sub

888 731 959 766 Cyro
998 729 1195 761 monarchiam,
1229 728 1350 762 inquam,
1380 726 1487 754 videtur
1514 725 1675 759 signiﬁcare.

889 776 974 812 Niger
1000 775 1075 803 color
1092 774 1134 802 his
1149 774 1287 807 tribuitur,
1301 773 1372 808 quod
1391 772 1469 806 longe
1496 770 1626 806 plurimas
1651 774 1679 797 et

889 823 1039 850 immensas
1058 821 1084 848 in
1102 819 1226 848 Chaldaaa
1235 823 1315 853 gente
1339 823 1443 852 strages
1463 815 1615 848 ediderunt,
1637 817 1678 842 to-

893 872 1004 902 tumque
1032 872 1144 901 regnum
1163 865 1190 893 in
1203 864 1303 892 luctum
1323 863 1504 898 coniecerunt.
1520 861 1619 888 Luctus
1630 867 1680 887 au-

893 918 946 941 tem
975 917 1003 941 et
1018 911 1114 939 mortis
1130 909 1280 944 symbolum
1299 909 1375 944 niger
1387 908 1463 936 color
1486 911 1538 934 est.
1556 905 1583 933 In
1597 905 1678 933 tertio

890 960 927 987 ait
942 966 1003 987 esse
1028 958 1113 990 albos,
1143 956 1298 984 Graecorum
1316 955 1434 982 fortasse
1460 957 1488 980 et
1502 951 1677 979 Macedonum

889 1004 1043 1039 imperium,
1056 1004 1113 1031 sive
1130 1001 1275 1029 Alexandri
1295 1008 1406 1035 regnum
1419 998 1604 1027 subindicans.
1616 996 1676 1024 Albi

889 1053 991 1082 autem,
1004 1048 1067 1084 quia
1080 1047 1192 1075 delicate
1205 1046 1337 1078 viventes,
1349 1049 1377 1071 et
1389 1044 1457 1071 albis
1469 1043 1589 1070 vestibus
1609 1049 1679 1077 pene

887 1101 983 1122 omnes
1014 1092 1161 1128 gaudentes
1184 1091 1296 1119 Graeciae
1324 1089 1414 1125 populi
1432 1098 1440 1117 :
1458 1093 1485 1116 et
1500 1089 1563 1123 quia
1595 1087 1621 1114 in
1636 1087 1677 1114 lo-

889 1140 998 1176 quendo
1020 1139 1154 1175 perspicui
1181 1138 1250 1166 citra
1266 1137 1364 1172 lingua
1379 1136 1500 1164 barbarae
1516 1134 1588 1162 velut
1602 1139 1678 1161 tene-

890 1187 964 1214 bras.
978 1186 1006 1213 in
1034 1189 1132 1221 quarto
1156 1191 1248 1216 curru,
1264 1183 1360 1218 inquit,
1380 1182 1442 1217 equi
1459 1185 1537 1208 erant
1552 1180 1621 1208 varii
1652 1185 1680 1207 et

892 1231 1077 1259 multicolores
1094 1239 1101 1264 ;
1121 1231 1193 1257 scias
1216 1229 1289 1261 licet,
1314 1227 1452 1256 Hebraeum
1480 1226 1638 1256 editionem,
1653 1229 1680 1253 ct

891 1278 1021 1312 quosdam
1049 1277 1212 1310 interpretes
1230 1282 1279 1309 pro
1292 1273 1377 1310 ψαροί
1391 1294 1398 1307 ,
1418 1272 1609 1303 multicolores,
1632 1279 1681 1306 po-

891 1323 978 1351 suisse
994 1322 1109 1358 ίσχυροί,
1119 1322 1210 1354 validi,
1223 1328 1269 1348 seu
1284 1319 1399 1348 robusti.
1408 1318 1599 1347 Verumtamen
1612 1318 1680 1344 hanc

894 1370 1076 1396 iiomanorum
1105 1367 1293 1394 monarchiam
1310 1373 1370 1394 esse
1390 1365 1516 1397 dicimus,
1534 1371 1593 1399 quae
1608 1371 1680 1391 sent-

893 1423 941 1450 por
957 1415 1026 1441 inter
1052 1413 1168 1441 diversis
1190 1411 1356 1446 temporibus
1379 1415 1523 1445 regnantes
1549 1410 1680 1436 varietate

893 1460 1038 1488 docilitatis
1055 1459 1135 1494 702
1153 1463 1179 1486 et
1205 1457 1258 1484 alta
1271 1457 1442 1491 intelligentia
1454 1456 1547 1483 valuit.
1558 1455 1680 1482 Pruden-

895 1506 993 1534 tissimi
1014 1505 1085 1532 enim
1099 1510 1126 1532 et
1150 1505 1262 1539 insuper
1279 1503 1420 1530 fortissimi
1434 1502 1553 1534 fuerunt,
1570 1506 1681 1535 etsunt,

896 1551 1011 1579 Romani
1056 1550 1223 1584 principatus
1267 1547 1409 1583 imperium
1450 1547 1681 1574 administrantes.

896 1597 1036 1625 Ponuntur
1045 1601 1135 1624 autem
1151 1595 1210 1623 loco
1225 1599 1361 1629 postremo
1373 1602 1388 1621 a
1407 1594 1515 1627 primis,
1533 1593 1682 1620 secundum

897 1649 1028 1678 tempora.
1038 1642 1247 1670 Consideremus
1263 1640 1320 1675 jam
1352 1638 1562 1673 uniuscuiusque
1574 1645 1681 1671 currus,

896 1697 943 1717 seu
974 1687 1138 1715 monarchire
1166 1693 1319 1721 egressum,
1346 1692 1399 1720 quo
1425 1684 1545 1718 inclinet,
1573 1688 1602 1711 et
1629 1690 1684 1718 quo

899 1735 1002 1762 tendat.
1030 1733 1076 1761 Sic
1091 1733 1164 1760 enim
1186 1739 1266 1766 quam
1279 1731 1436 1766 planissime
1446 1730 1518 1765 quod
1529 1730 1684 1758 considera-

898 1787 957 1807 mus
983 1778 1196 1813 explanabimus.
1222 1776 1342 1810 Quatuor
1367 1776 1476 1811 quidem
1508 1775 1596 1811 inquit
1621 1782 1684 1802 esse

898 1825 1041 1860 propheta,
1053 1824 1099 1851 sed
1116 1824 1198 1850 trium
1211 1821 1477 1858 egressusmeminil,
1503 1821 1582 1856 primi
1603 1824 1683 1849 tacet.

898 1871 1025 1907 Repetam
1043 1869 1135 1904 paucis
1148 1869 1220 1904 quod
1247 1868 1313 1896 dixi.
1330 1867 1357 1894 ln
1375 1868 1463 1903 primo
1473 1868 1511 1895 ait
1537 1867 1611 1894 rul'os
1625 1873 1685 1894 esse

899 1924 994 1951 equos.
1024 1914 1120 1949 incipit
1149 1919 1240 1941 autem
1265 1921 1281 1940 a
1295 1912 1425 1945 secundo,
1438 1911 1538 1940 etait:
1556 1921 1566 1938 ι
1589 1911 1617 1938 1η
1630 1918 1685 1946 quo

899 1967 977 1990 erant
993 1963 1054 1996 equi
1067 1960 1147 1996 nigri,
1161 1959 1371 1994 egrediebantur
1384 1957 1418 1985 ad
1427 1962 1527 1984 terram
1540 1956 1685 1991 aquilonis,

900 2014 924 2036 et
946 2008 1000 2036 albi
1012 2007 1196 2041 sequebantur
1223 2012 1281 2032 eos.
1296 2004 1329 2032 Et
1343 2003 1411 2030 varii
1427 2002 1636 2037 egrediebantur
1650 1997 1685 2028 ad

901 2060 1000 2082 terram
1024 2051 1181 2080 australem.
1198 2060 1207 2076 ι
1221 2049 1275 2077 Sed
1296 2049 1421 2084 quamvis
1432 2048 1514 2075 addat
1534 2047 1685 2074 multicolo-

901 2108 950 2132 res,
968 2105 1020 2126 non
1037 2097 1095 2125 ideo
1103 2100 1220 2131 quatuor
1236 2101 1333 2122 currus
1358 2091 1519 2120 memorabit
1532 2100 1540 2119 :
1552 2099 1614 2118 nam
1629 2098 1686 2118 eos-
1717 2118 1728 2128 κ

900 2146 961 2172 dem
981 2151 1042 2171 esse
1070 2149 1132 2170 cum
1164 2141 1247 2168 variis
1275 2139 1412 2174 ponimus.
1440 2138 1487 2166 Ait
1512 2137 1585 2165 enim
1599 2132 1615 2165 ἶ
1625 2146 1635 2163 ι
1656 2137 1685 2164 in

901 2198 982 2218 curru
1007 2193 1103 2225 quarto
1127 2191 1205 2215 erant
1228 2186 1291 2221 equi
1319 2185 1386 2212 varii
1412 2188 1440 2212 et
1460 2183 1655 2211 multicolores.
1673 2192 1683 2209 ι

901 2239 993 2266 Trium
1027 2235 1159 2268 meminit,
1172 2235 1260 2270 primo
1279 2233 1429 2269 praeterito.
1443 2232 1509 2266 Quae
1524 2231 1560 2260 sit
1569 2239 1635 2266 ergo
1646 2236 1684 2259 to<

74 2293 113 2313 τυυ
124 2284 169 2320 τὴν
183 2283 283 2315 ἔξοδον.
304 2280 464 2315 Ἀναμνήσω
476 2277 504 2304 δὲ
518 2277 562 2304 διὰ
578 2276 711 2312 βραχέων,
721 2274 759 2306 ὡς
769 2274 847 2309 ἔφην.

903 2286 956 2312 tius
969 2282 1129 2312 (economize
1143 2281 1224 2314 ratio,
1240 2287 1290 2315 age
1306 2278 1482 2307 docilioribus
1492 2285 1541 2312 pro
1556 2276 1626 2304 virili
1640 2285 1687 2304 no-

80 2331 117 2357 Ἐν
133 2319 180 2365 μὲν
202 2328 257 2364 γὰρ
273 2326 312 2362 τῷ
329 2325 429 2361 πρώτῳ
455 2324 522 2359 φησὶ
544 2321 666 2358 πυρῤοὺς
689 2319 760 2348 εἶναι
785 2320 849 2351 τοὺς

74 2377 172 2408 ῐντπους.
189 2375 321 2409 ’Δρχεται
337 2372 364 2398 δὲ
386 2370 440 2398 ἀπὸ
459 2369 506 2396 τοῦ
526 2368 661 2404 δευτέρου,
678 2367 724 2394 καί
751 2373 846 2401 φησιν’

76 2430 84 2447 ι
103 2422 143 2448 Ἐν
153 2418 174 2455 ᾧ
186 2419 257 2457 ἦσαν
273 2420 298 2446 oi
320 2419 398 2445 ἵπποι
411 2417 435 2443 ot
452 2415 576 2452 μέλανες,
591 2413 783 2448 ἐξεπορεύοντο
804 2412 851 2438 ἐπὶ

74 2467 118 2503 γῆν
134 2467 227 2503 βορρᾶ,
243 2466 290 2493 καὶ
310 2466 335 2492 ot
357 2464 449 2492 λευκοὶ
471 2460 662 2497 ἐξεπορεύοντο
685 2458 850 2487 κατόπισθεν

75 2513 163 2540 αὑτῶν.
177 2513 233 2540 Καὶ
244 2513 269 2540 oi
283 2511 398 2539 ποικίλοι
413 2508 604 2545 ἐξεπορεύοντο
618 2508 664 2534 ὲπί
674 2507 725 2542 γῆν
735 2505 821 2533 νότου.
837 2513 846 2530 i

75 2560 102 2587 Εί
113 2561 139 2587 δὲ
152 2559 184 2595 δὴ
204 2558 375 2595 προσεπάγει
392 2557 456 2588 τοὺς
467 2554 593 2590 ψαρσὺς,
609 2554 640 2581 οὺ
649 2552 790 2588 τεσσάρων
805 2552 851 2587 ἅρ-

77 2607 159 2642 μάτων
174 2606 398 2642 διαμεμνήσεται·
415 2604 478 2635 τοὺς
496 2602 551 2638 γὰρ
567 2600 666 2632 αὐτοὺς
681 2597 750 2626 εἷναι
770 2597 850 2625 δεδώ-

76 2661 153 2688 καμεν
168 2655 223 2685 τοῖς
245 2652 387 2684 ποικίλοις.
404 2660 413 2677 ί
435 2651 479 2678 Ἕν
495 2649 549 2685 γὰρ
570 2648 609 2684 τῷ
630 2647 733 2683 ἅρματι
747 2645 787 2681 τῷ
806 2653 850 2672 τεο

76 2699 167 2734 τάρτῳ,
182 2699 274 2734 φησὶν,
290 2696 361 2734 ἦσαν
371 2698 450 2725 ῐπποι
458 2696 576 2723 ποικίλοι
588 2694 635 2721 καὶ
645 2692 738 2729 ψαροί.
752 2701 760 2718 ι
776 2692 850 2730 Οὖτι-

76 2743 117 2770 ιῦν
131 2744 213 2780 τριῶν
227 2744 421 2780 διαμέμνηται,
438 2742 579 2777 σιωπήσας
607 2739 638 2766 τδ
666 2739 774 2774 πρῶτον
803 2737 852 2768 Τίς

77 2787 117 2815 οὖν
132 2791 184 2825 ἆρα
197 2790 257 2817 ἐστὶ
267 2790 316 2825 τῆς
329 2789 392 2824 ὅλης
409 2788 564 2823 οίκονομίας
578 2788 593 2813 ὀ
607 2786 696 2820 λόγος,
711 2783 779 2823 φέρε
797 2785 854 2814 τοῖς

78 2835 288 2872 εὐμαθεστέροις,
305 2836 342 2867 ὼς
357 2835 406 2866 ἔνι,
427 2834 560 2869 λέγωμεν.
575 2833 644 2863 Τοὺς
656 2832 778 2867 πυῤῥοὺς
785 2829 856 2857 εἶναι

79 2882 291 2917 διεϐεϐαιούμεοα
307 2882 356 2917 τήν
367 2882 528 2916 φιλαίματον
543 2880 596 2907 τῶν
608 2878 747 2906 Χαλδαίων
756 2878 852 2914 ἀρχὴν,

903 2337 957 2358 stru
968 2329 1131 2365 aperiamus.
1140 2326 1230 2362 Equos
1246 2325 1322 2353 rufos
1335 2324 1507 2352 assentimus
1519 2330 1580 2351 esse
1589 2330 1687 2350 cruen-

905 2382 960 2404 tum
991 2374 1182 2402 Chaldaeorum
1206 2371 1362 2407 imperium,
1386 2370 1458 2405 quod
1472 2369 1593 2397 funditus
1604 2372 1685 2396 totam

903 2422 1023 2450 Judaeam
1044 2419 1154 2452 evertit,
1169 2423 1198 2447 et
1225 2418 1347 2446 incensis
1358 2416 1417 2450 eius
1433 2414 1546 2443 urbibus
1557 2413 1685 2442 lsraelem

903 2467 1040 2503 captivum
1051 2466 1161 2494 abduxit
1174 2463 1301 2498 ;nomine
1312 2463 1465 2499 nigrorum,
1476 2459 1620 2487 Persarum
1629 2458 1686 2486 Mo-

908 2514 1060 2547 dorumque
1082 2509 1266 2538 monarchiam
1294 2506 1457 2542 accepimus.
1484 2503 1514 2532 In
1528 2503 1597 2531 albis
1607 2509 1688 2538 porro

904 2558 1049 2587 Alexandri
1078 2562 1106 2585 et
1122 2555 1298 2584 Macedonum
1313 2553 1457 2588 imperium
1470 2549 1688 2581 describebatur,

902 2612 964 2640 qua:
980 2603 1060 2630 ambo
1084 2600 1217 2629 Chaldaaaa
1230 2606 1305 2627 arma
1317 2596 1476 2629 intulerunt,
1490 2601 1605 2629 eamque
1619 2593 1689 2621 bello

904 2648 1035 2677 acerrimo
1043 2649 1220 2681 occuparunt,
1239 2644 1358 2680 primum
1371 2642 1481 2678 quidem
1496 2641 1596 2677 Cyrus,
1613 2643 1688 2675 post—

902 2703 934 2723 ea
960 2693 1122 2726 Alexander,
1147 2691 1193 2724 qui
1214 2695 1243 2718 et
1280 2690 1367 2724 ipsum
1394 2687 1504 2716 Darium
1532 2686 1603 2721 cepit
1614 2685 1690 2720 juxta

903 2740 1166 2773 lssum,utvocatur,
1180 2737 1272 2764 urbem
1288 2735 1400 2767 Ciliciae,
1422 2733 1536 2762 inﬁnitis
1546 2732 1688 2760 Persarum

905 2786 1021 2814 millibus
1045 2783 1223 2818 interemptis.
1248 2782 1331 2810 Fama
1358 2785 1410 2813 est,
1424 2786 1550 2815 maguum
1581 2777 1688 2805 ossium

906 2839 1033 2859 acervum
1047 2830 1193 2858 excitatum
1203 2829 1236 2856 de
1246 2828 1289 2861 iis,
1301 2827 1346 2861 qui
1367 2825 1465 2853 ibidem
1480 2824 1664 2852 occubuerunt
1677 2826 1684 2849 ξ

906 2878 1020 2904 incisum
1030 2880 1072 2903 est
1085 2881 1192 2910 quoque
1208 2873 1372 2908 epitaphium
1385 2872 1411 2898 in
1426 2871 1482 2898 haec
1494 2869 1572 2896 verba
1589 2879 1594 2895 :

80 2927 94 2958 ᾗ
110 2929 153 2955 καὶ
169 2931 256 2956 πᾶσαν
277 2927 397 2955 ἐκποδὼν
413 2927 498 2964 ᾕρηκε
519 2926 567 2963 τὴν
586 2926 728 2957 Ἰουδαίων,
746 2925 792 2952 καὶ
805 2924 851 2956 τὰς
866 2924 892 2950 ἰν
936 2924 1002 2957 αὐτῇ
1027 2920 1247 2956 κατεμπιπρῶσα
1268 2918 1367 2949 πόλεις.
1398 2915 1563 2944 ἀπεκόμισεν
1579 2913 1617 2944 είς
1642 2911 1685 2938 ai-
