1910 3050
231 197 266 224 95
728 201 757 228 s.
779 200 917 229 CYRILLI
938 202 1175 231 ALEXANDIUNI
1195 203 1355 232 ARClllEP.
1831 197 1868 224 οδ

233 258 289 285 Deo
304 257 330 285 in
341 258 420 286 domo
434 258 503 293 ejus,
532 260 646 295 gratiam
676 262 836 296 concilians,
854 269 881 292 et
907 264 1017 299 gloriam

1074 262 1143 292 εἶναι
1160 265 1248 291 κοινὸν
1270 265 1301 291 τὸ
1323 265 1374 301 τῆς
1399 264 1536 300 βασιλείας
1558 265 1606 292 καὶ
1626 265 1666 301 τῷ
1683 263 1756 301 μετὰ
1773 266 1871 301 χεῖρας

234 302 534 338 pariensofl’erentibus,
549 304 781 342 Josiaa,.‘inquam,
806 313 833 336 et
853 310 1022 344 captivitatis

233 348 355 383 utilibus,
372 353 399 377 et
413 350 578 384 principibus
604 353 672 388 ejus.
700 354 823 382 Dedicari
846 359 936 383 autem
964 364 1018 384 non

234 393 333 421 frustra
348 404 355 422 :
371 396 417 424 sed
434 401 462 424 ut
481 398 637 426 cantoribus
652 400 756 435 templi,
773 406 801 428 et
825 402 912 430 sacris
927 403 1022 438 psaltis

233 440 358 468 cantandi
374 447 560 476 argumentum
575 444 619 471 sit.
645 445 731 478 Tunc,
747 445 868 480 inquam,
882 456 892 473 ι
926 453 954 475 et
976 449 1020 483 qtti

233 482 313 518 longe
336 485 369 512 ab
383 485 445 518 illis,
466 487 538 516 IiIOC
562 493 613 521 est,
637 491 682 524 qui
702 491 735 518 de
760 491 820 519 aliis
835 492 958 526 gentibus
974 482 1020 521 ve-

233 529 319 562 nient,
335 535 363 558 et
375 533 526 561 adorabunt
543 535 697 564 Dominum.
709 536 846 566 Eventura
860 543 951 566 autent
969 540 1018 567 ista

232 575 357 608 aflirmat,
368 579 389 605 si
408 579 492 607 velint
506 581 666 609 obedientiaa
675 588 834 612 ornamento
858 592 889 612 se
905 593 1019 613 venera-

232 621 300 649 biles
316 623 439 656 reddere,
455 630 482 652 et
501 627 595 654 attdire
608 635 701 655 vocem
716 629 819 657 Domini
838 629 898 658 Dei.
913 631 1019 659 Actum

232 667 351 700 demum,
381 670 425 697 ubi
466 673 646 706 praenuntiata
677 675 768 702 exitus
790 677 1019 710 comprobaverit.

231 712 303 742 haud
320 714 563 752 dubiecognituros
579 719 739 754 prophetam
758 721 871 748 missum
899 729 961 750 esse
990 726 1020 750 nt

231 758 279 786 Dei
291 760 454 789 voluntatent
476 763 542 798 ipsis
565 766 693 800 aperiret,
714 774 766 794 non
797 772 885 795 autem
913 773 942 796 ut
970 777 1020 804 pro

230 813 308 834 more
337 809 514 842 quorumdam
545 812 731 840 mentientium
751 815 841 842 cordis
868 815 910 842 sui
938 822 1018 844 sensa

231 850 395 886 loqueretur.
413 861 494 882 verax
507 857 606 890 potius.
620 865 669 885 nec
685 857 811 887 falsitatis
825 860 944 888 nuntius.
956 860 1018 889 [hoc

228 894 358 924 facillima
377 903 404 926 et
429 900 508 927 obvia
536 907 579 930 cst
602 903 723 932 historia:
737 905 893 939 explicatio.

1072 310 1159 346 ἔχοντι
1184 310 1233 346 τὴν
1255 310 1422 346 ἱερουργίαν,
1435 310 1465 337 τό
1488 319 1520 345 γε
1543 311 1598 346 μὴν
1624 311 1672 337 τοῦ
1697 310 1796 346 ἱερέως
1821 312 1871 338 καὶ

1072 356 1146 392 αὺτῴ
1167 357 1345 392 προσκεῖσθαι
1361 356 1400 392 τῷ
1421 356 1605 392 βασιλεύοντι⁸
1621 357 1697 384 ἔσται
1713 357 1744 384 δὲ
1765 358 1871 393 ἀμφοῖν

1071 402 1119 429 καὶ
1142 402 1265 437 βούλημα
1287 403 1436 438 εἰρηνικὸν,
1450 403 1488 435 ὡς
1504 403 1576 430 κατά
1597 411 1625 429 τι
1651 403 1716 437 γοῦν
1738 403 1810 434 ὅλως
1831 403 1869 438 μὴ

1071 447 1358 483 ὲτερογνωμονοῦντας
1387 447 1514 484 ὁρᾶσθαι.
1538 446 1605 475 Εἶτα
1628 449 1692 481 τοὺς
1717 449 1870 483 στεφάνως

1070 494 1197 530 λαμπρὸν
1222 494 1345 529 γίνεσθαι
1371 495 1555 531 προστέταχεν
1580 495 1721 530 ἀνάθημα,
1745 495 1785 531 τῷ
1809 494 1870 530 Θεῷ

1070 540 1312 576 είσκεκομισμένον
1337 542 1377 573 είς
1401 541 1447 568 τὸν
1467 539 1542 568 οἷκον
1563 540 1658 574 αὑτοῦ,
1673 541 1745 568 ὥστε
1765 541 1814 568 καὶ
1828 541 1868 572 εις

1070 585 1160 621 χάριν,
1180 586 1239 621 ἦτοι
1255 587 1399 622 καύχημα,
1417 587 1545 621 γενέσθαι
1560 587 1615 614 τῶν
1624 588 1868 623 προσαγηοχότων,

1075 632 1177 660 Ἰωσίου
1187 641 1227 666 τε,
1237 633 1319 668 φημὶ,
1331 633 1378 660 καὶ
1389 633 1443 660 τῶν
1452 633 1502 668 τῆς
1511 632 1700 668 αἰχμαλωσίας
1710 633 1867 669 χρησίμων,

1070 679 1117 706 καὶ
1132 679 1187 706 τῶν
1203 679 1342 715 ἀρχόντων
1357 679 1454 714 αὐτῆς.
1464 679 1648 706 ’Δνατεθεῖναι
1662 679 1700 712 δὲ,
1716 680 1748 706 οὐ
1765 680 1867 714 μάτην,

1069 725 1125 752 ἀλλ’
1137 725 1208 752 ὥστε
1221 726 1268 752 καὶ
1280 725 1351 760 ᾠδῆς
1366 725 1492 759 γενέσθαι
1506 725 1642 761 πρόφασιν
1656 727 1713 756 τοῖς
1726 725 1807 760 ᾠδοῖς
1820 725 1868 751 τοῦ

1069 770 1134 798 ναοῦ
1147 772 1193 798 καὶ
1210 771 1392 807 ἱεροψάλταις.
1410 772 1478 798 Τότε
1501 780 1533 806 γε
1546 772 1578 808 δή
1594 780 1666 807 φημι
1683 781 1693 798 ι
1705 772 1752 799 καὶ
1768 773 1794 798 oi.
1814 779 1866 806 μα-

1069 818 1139 853 κρὰν
1169 817 1217 843 ἀπ’
1240 817 1341 850 αὐτῶν,
1361 826 1371 843 ι
1399 817 1550 850 τουτέστιν,
1578 817 1603 844 οἶ
1630 818 1662 844 ἑκ
1683 817 1739 845 τῶν
1763 816 1868 852 ἑτέρων

1069 863 1153 890 ὲθνῶν
1168 863 1273 898 ἥξουσι,
1286 863 1334 890 καὶ
1349 864 1572 899 προσκυνήσουσι
1584 863 1623 899 τῷ
1636 864 1742 900 Κυρίῳ,
1755 863 1866 898 Συμδή-

1069 910 1164 935 σεσθαι
1189 908 1218 935 δὲ
1245 908 1278 936 τὰ
1302 909 1391 936 τοιάδε
1415 910 1508 945 φησὶν,
1523 910 1603 945 εἰπερ
1628 909 1730 936 ἕλοιντο
1752 908 1793 945 τῷ
1815 909 1866 944 τῆς

229 943 384 977 εὐπειθείας
397 949 648 984 κατασεμνύνισθαι
660 951 766 987 κόσμῳ,
782 953 830 980 καὶ
845 953 954 981 ἀκούειν
967 955 1017 990 τῆς
1035 956 1129 990 φωνῆς
1145 955 1247 992 Κυρίου
1281 955 1329 983 τοῦ
1344 943 1426 984 Θεοῦ,
1440 943 1497 984 Καὶ
1528 943 1592 984 τότε
1610 956 1703 984 λοιπὸν
1720 957 1761 989 εις
1777 943 1866 992 ττέράς

230 991 419 1027 ἑκϐεὸηκότων
445 994 500 1022 τῶν
532 997 763 1032 προηγγελμένων
777 1019 785 1032 ,
815 999 1016 1034 ὲπιγνώσεσθαι
1036 1002 1139 1036 σαφῶς,
1160 991 1200 1029 ὅτι
1213 1002 1250 1029 τὰ
1280 1002 1358 1039 παρὰ
1388 1003 1456 1030 Θεοῦ
1477 1004 1550 1038 σαφῆ
1569 1004 1750 1039 καταστήσων
1765 1003 1779 1030 ὁ

230 1039 318 1074 φήτης
329 1041 481 1076 ἀπεστάλη,
495 1043 543 1069 καὶ
556 1043 616 1078 οὐχὶ
628 1043 660 1079 δὴ
677 1045 777 1080 μᾶλλον
792 1047 863 1073 κατά
872 1055 949 1079 τινας
961 1047 1016 1075 τῶν
1033 1048 1192 1083 ψευδοεπεϊν
1224 1049 1369 1081 εἰωθότων,
1379 1049 1413 1077 τὰ
1425 1050 1480 1077 ἀπὸ
1507 1050 1622 1085 καρδίας
1632 1050 1727 1082 αὐτοῖς
1741 1049 1864 1085 λαλήσει,

229 1085 275 1112 καὶ
290 1085 391 1122 ἀληθὴς
401 1086 430 1114 δὲ
444 1087 554 1122 μᾶλλον,
569 1089 616 1116 καὶ
629 1089 659 1116 οὺ
672 1089 864 1126 ψευδάγγελος.
880 1092 954 1128 Αὕτη
966 1093 1015 1128 μὲν
1031 1093 1048 1129 ή
1081 1094 1243 1130 ἑτοιμοτάτη
1269 1095 1317 1122 καὶ
1333 1095 1480 1131 πρόχειρος
1501 1095 1556 1122 τῶν
1578 1096 1608 1122 ὲν
1625 1095 1758 1131 ἱστορίαις
1795 1096 1865 1122 ἁπό-

227 1132 310 1164 δοσις.

263 1179 372 1206 Certum
399 1185 440 1208 est
469 1189 561 1216 porro,
589 1183 776 1213 dubitaturum
805 1187 952 1219 neminem,
981 1187 1015 1215 ad

1102 1188 1187 1224 Δῆλον
1202 1188 1232 1215 δὲ
1246 1189 1288 1216 ὅτι
1304 1188 1335 1216 τὸ
1349 1189 1444 1225 χρῆμα
1463 1189 1494 1216 τὸ
1518 1189 1638 1224 Χριστοῦ
1657 1189 1821 1224 μυστήριον,
1838 1192 1865 1216 εξ

228 1225 327 1253 Christi
343 1227 501 1261 mysterium
517 1236 574 1256 rem
588 1235 722 1265 spectare,
740 1232 763 1259 si
781 1232 849 1260 bene
862 1233 1014 1268 indagetur.

226 1269 451 1299 (Ionﬁrmavimus
473 1273 545 1300 enim
585 1274 620 1302 ab
653 1275 740 1308 initio,
764 1277 790 1304 in
817 1277 962 1306 Zorobabel
989 1282 1018 1306 et

226 1315 289 1343 Jesu
301 1316 476 1345 informatum
489 1326 550 1347 esse
562 1319 713 1354 Christum,
725 1323 894 1357 etsigillatim
906 1324 932 1350 in
942 1329 1016 1352 utro-

226 1362 278 1394 vis,
291 1367 319 1389 et
332 1363 358 1389 in
373 1363 504 1392 ambobus
516 1366 693 1401 coniunctim,
724 1371 753 1395 ut
767 1375 861 1395 unum.
875 1369 924 1396 Est
943 1369 1015 1397 enim

226 1407 296 1434 idem
308 1413 335 1435 et
370 1416 417 1436 rex
435 1409 530 1443 lsrael,
541 1415 569 1438 et
600 1419 714 1447 magnus
743 1414 880 1448 sacerdos,
909 1423 920 1442 ι
947 1415 1016 1442 San-

224 1455 447 1488 ctus,innocens.
472 1456 630 1492 impollutus
654 1459 685 1486 ⁷⁸.
707 1468 716 1485 ι
745 1460 877 1492 Quoniam
892 1468 956 1489 vero
982 1461 1016 1489 de

223 1501 296 1529 tribu
314 1501 380 1529 Juda
395 1503 565 1538 progenerati
579 1511 690 1539 regnum
721 1506 965 1539 administrabant,
987 1512 1015 1535 et

222 1546 277 1574 orti
292 1546 326 1574 de
347 1548 416 1575 tribu
433 1547 496 1576 Levi
523 1551 666 1578 sacerdotii
692 1559 789 1579 munus
817 1552 938 1584 obibant,
955 1554 1014 1582 ideo

225 1599 274 1626 per
286 1593 352 1621 duos
365 1594 390 1621 itt
405 1602 487 1621 unum
500 1594 642 1623 Dominum
659 1597 878 1631 transformatur,
892 1603 1012 1634 tttpatet.

223 1639 313 1671 Quare
339 1640 361 1667 si
389 1641 462 1668 dicat
486 1641 556 1669 Deus
585 1643 620 1670 de
648 1643 809 1677 Zorobabel,
828 1654 838 1671 ι
856 1645 950 1673 Manus
963 1646 1014 1674 Zo-

223 1686 335 1713 robabel
348 1686 497 1715 fundarunt
507 1688 616 1716 domum
630 1690 719 1723 istam,
735 1695 763 1718 et
778 1699 873 1719 manus
887 1692 946 1727 ejus
957 1701 1014 1728 per-

223 1732 313 1759 ﬁcient
343 1740 402 1760 eam
413 1733 447 1766 ",
464 1743 473 1760 ι
494 1735 621 1763 historice
639 1737 746 1771 quidem
760 1737 793 1764 de
807 1745 840 1764 eo
854 1738 954 1766 dictum
966 1747 1012 1767 ac-

1070 1234 1204 1270 ὲρευνῷτο
1227 1235 1328 1268 καλῶς,
1344 1236 1395 1262 οὐκ
1411 1235 1445 1262 ἂν
1461 1235 1606 1262 ὲνδοιάσειέ
1628 1243 1681 1267 τις.
1701 1235 1865 1262 Διεσεὸαιὼ-

1071 1279 1141 1313 μεθα
1154 1279 1208 1315 γὰρ
1220 1279 1250 1312 ἐξ
1264 1280 1361 1315 ἀρχῆς,
1384 1280 1422 1312 ὡς
1439 1280 1468 1306 ἐν
1483 1289 1516 1314 γε
1531 1280 1571 1315 τῷ
1591 1279 1743 1316 Ζοροϐάϐελ
1754 1281 1802 1307 καὶ
1815 1282 1865 1315 μέν

1069 1333 1120 1358 τοι,
1135 1325 1273 1361 καὶἸησοῦ
1285 1325 1532 1362 διαμεμορφῶσθαι
1543 1326 1669 1362 Χριστὸν,
1687 1326 1734 1353 καὶ
1746 1326 1799 1353 ἀνά
1813 1327 1861 1361 μέ-

1071 1380 1116 1407 ρος
1132 1372 1161 1398 tv
1175 1372 1308 1408 ἑκατέρῳ,
1324 1372 1372 1399 καὶ
1392 1373 1422 1399 ὲν
1445 1373 1548 1407 ἀμφοῖν
1568 1372 1728 1408 συλλήϐδην,
1744 1372 1783 1404 ὥς
1806 1373 1863 1400 ἕνα.

1070 1417 1149 1444 Ἐστι
1163 1417 1218 1453 γὰρ
1230 1418 1260 1445 ὲν
1275 1418 1366 1454 ταυτῷ
1388 1419 1436 1446 καὶ
1461 1418 1588 1454 βασιλεὺς
1610 1419 1656 1446 τοῦ
1672 1419 1794 1455 Ἰσραὴλ,
1818 1420 1865 1446 καὶ

1070 1463 1157 1499 μέγας
1188 1464 1344 1500 ἀρχιερεὺς,
1375 1474 1384 1491 ‹
1400 1465 1511 1498 Ὀσιος,
1537 1465 1658 1497 ἄκακος,
1687 1465 1831 1500 ἀμίαντος.
1852 1475 1862 1492 ι

1074 1508 1183 1544 Ἐπειδὴ
1197 1509 1225 1535 δὲ
1237 1509 1262 1535 οι
1279 1510 1327 1544 μὲν
1337 1510 1370 1536 ὲκ
1384 1509 1470 1544 φυλῆς
1482 1509 1569 1537 Ἰούδα
1582 1510 1645 1541 τοὺς
1655 1510 1706 1545 τῆς
1722 1510 1864 1545 βασιλείας

1067 1553 1169 1581 διεῖπον
1189 1553 1304 1586 θώκους,
1323 1555 1348 1581 οι
1369 1554 1397 1581 δὲ
1414 1554 1464 1589 τῆς
1479 1553 1547 1587 Asti
1563 1554 1682 1582 τέθειντο
1699 1555 1767 1591 πρὸς
1784 1556 1864 1590 ἱερω-

1068 1600 1163 1636 σύνην,
1186 1600 1315 1636 ταύτῃτοι
1338 1601 1433 1636 σαφῶς
1447 1601 1491 1628 διὰ
1514 1601 1568 1628 τῶν
1583 1601 1654 1628 δυοῖν
1673 1602 1713 1633 είς
1734 1602 1785 1629 ἕνα
1797 1610 1864 1637 μορ-

1068 1646 1165 1681 φοῦται
1176 1646 1287 1682 Κύριον.
1305 1646 1410 1674 Οὐκοῦν
1424 1647 1448 1673 ει
1462 1647 1536 1681 λέγοι
1549 1647 1615 1679 Θεὸς
1633 1647 1697 1682 περὶ
1715 1647 1763 1673 τοῦ
1780 1648 1864 1683 Ζορο-

1068 1692 1164 1726 ϐάϐελ,
1183 1692 1222 1724 ὼς
1247 1701 1257 1717 ι
1273 1693 1305 1718 Δί
1329 1693 1420 1728 χεῖρες
1437 1692 1590 1728 Ζοροὸάὸελ
1613 1692 1799 1728 ἑθεμελίωσαν
1818 1694 1865 1719 τὸν

1066 1737 1141 1766 οἷκον
1156 1738 1260 1772 τοῦτον,
1276 1738 1323 1765 καὶ
1343 1738 1372 1765 ai.
1386 1739 1478 1774 χεῖρες
1493 1738 1576 1765 αὐτοῦ
1591 1738 1797 1765 ὲπιτελέσουσιν
1813 1740 1864 1766 αὺ-

222 1778 326 1812 cipies;
343 1779 491 1807 secundum
520 1781 592 1808 aliud
613 1789 677 1809 vero
704 1783 776 1817 quod
789 1783 957 1818 intelligitur,
979 1786 1012 1813 ad

1071 1784 1121 1817 ιδν,
1139 1794 1148 1812 ι
1168 1784 1374 1820 ίστορικώτερον
1393 1785 1442 1819 μὲν
1459 1785 1502 1811 ἐπ’
1517 1785 1634 1816 ἐκείνου,
1646 1785 1756 1820 νοήσεις
1772 1785 1802 1811 δὲ
1817 1786 1864 1812 ἐπὶ

223 1823 361 1850 Christum
379 1825 489 1853 referes.
505 1826 563 1860 lpse
575 1827 646 1854 enitn
675 1827 761 1856 factus
778 1833 821 1856 est
846 1830 924 1857 nobis
949 1830 1013 1858 fun-

1071 1828 1185 1864 Χριστὸν
1203 1828 1316 1864 νοητὼς.
1331 1828 1416 1860 Αὐτὸς
1438 1829 1492 1865 γὰρ
1517 1829 1596 1864 ἡμῶν
1616 1829 1712 1864 γέγονε
1726 1829 1863 1865 θεμέλιος,

224 1871 392 1903 damentttm,
406 1877 433 1900 et
459 1880 542 1908 super
560 1874 646 1908 ipsum
663 1882 758 1902 omnes
787 1875 965 1910 spiritualiter
988 1877 1014 1904 in

1071 1873 1114 1900 καὶ
1130 1873 1205 1908 αὐτῷ
1218 1873 1319 1905 πάντες
1334 1873 1588 1909 ὲποικοδομοὺμεθα
1601 1873 1808 1909 πνευματικῶς,
1823 1875 1863 1906 είς

224 1917 353 1951 templum
387 1923 510 1946 sanctum
537 1920 663 1948 aedificati
701 1928 812 1955 sumus;
847 1922 904 1957 ipse
935 1923 1011 1951 nobis

1071 1918 1126 1946 ναὸν
1143 1919 1230 1954 ἀγιον·
1256 1919 1338 1951 αὐτὸς
1350 1919 1430 1954 ἡμῶν
1448 1920 1465 1954 ὴ
1481 1919 1552 1955 ἀρχὴ
1567 1920 1615 1946 καὶ
1630 1920 1661 1946 τὸ
1677 1920 1774 1955 πέρας.
1788 1922 1864 1956 Παρ-

223 1963 306 1999 706
319 1965 478 2000 principium
493 1970 521 1993 et
541 1966 604 1994 linis
623 1971 675 1994 est.
708 1967 763 1995 Nos
792 1968 864 1996 enim
889 1970 1012 1997 sanctill-

1071 1964 1153 2000 ἶστησι
1168 1965 1222 2001 γὰρ
1239 1965 1313 2000 ἡμᾶς
1326 1964 1510 2000 ἡγιασμένους
1525 1965 1554 1991 ὲν
1571 1965 1719 2001 πνεύματι,
1736 1966 1865 2001 λαμπρόν

224 2014 298 2036 catos
310 2010 335 2036 in
349 2009 448 2045 Spiritu
460 2031 467 2043 ,
481 2012 697 2047 praeclarumque
711 2018 738 2040 et
754 2018 876 2041 sanctum
904 2014 1012 2042 habita-

1071 2019 1093 2037 :s
1117 2010 1164 2037 καὶ
1191 2010 1262 2046 ἱερὸν
1288 2010 1450 2046 ἐνδιαίτημα
1474 2011 1563 2046 ἑαυτῷ
1587 2020 1617 2037 τε
1641 2011 1690 2038 καὶ
1706 2011 1746 2046 τῷ
1763 2013 1864 2048 Πατρὶ,

223 2054 312 2081 culutn
340 2056 390 2083 sibi
419 2062 447 2084 et
479 2057 564 2090 Patri,
584 2058 673 2086 deleto
699 2064 811 2093 peccato
839 2060 960 2088 funditus
985 2065 1013 2088 et

1071 2057 1272 2093 πιεριῃρημένης
1288 2057 1328 2089 είς
1343 2056 1418 2084 ἅπαν
1431 2057 1481 2093 τῆς
1493 2058 1641 2094 ἁμαρτίας,
1656 2059 1703 2085 καὶ
1717 2067 1788 2094 κατη
1795 2068 1845 2095 ργη
1855 2074 1863 2079 -

223 2103 394 2137 corruptione
410 2103 521 2136 abolita,
543 2103 675 2131 exhibuit.
692 2099 751 2139 l'pse
772 2106 844 2133 enim
871 2111 912 2134 est
933 2105 1013 2134 Jestts

1071 2102 1148 2138 ιένης
1169 2103 1219 2138 ⁸ιςῆς
1233 2103 1346 2138 φθορᾶς.
1360 2103 1446 2135 Αὐτὸς
1462 2103 1517 2138 γάρ
1533 2104 1606 2130 ἐστιν
1626 2104 1729 2139 Ἰησοῦς
1744 2105 1833 2140 ἱερεὺς
1850 2106 1864 2132 6

223 2147 350 2175 sacerdos
365 2156 487 2184 magnus,
507 2154 534 2177 et
545 2155 623 2178 sonat
636 2151 743 2185 quidem
761 2151 841 2180 Jesus
855 2153 928 2180 salua
961 2161 1012 2188 po-

1071 2149 1161 2184 ιὲγας,
1180 2150 1226 2176 καὶ
1243 2149 1426 2185 ἑρμηνεύεται
1444 2149 1493 2184 μὲν
1506 2149 1609 2184 Ἰησοῦς
1623 2150 1757 2184 σωτηρία
1771 2151 1862 2177 λαοῦ.

223 2192 288 2226 puli.
301 2193 346 2221 Sic
358 2203 475 2230 namque
501 2196 609 2224 divinus
639 2197 749 2226 Gabriel
781 2199 815 2226 ad
844 2198 1012 2234 Virginem:

1071 2194 1141 2222 )i’atu
1155 2194 1209 2230 γὰρ
1224 2196 1272 2221 καὶ
1285 2196 1299 2221 ό
1315 2195 1459 2226 Θεσπέσιος
1472 2194 1593 2230 Γαὸριὴλ
1612 2194 1680 2230 πρὸς
1694 2195 1745 2230 τὴν
1756 2195 1864 2231 Παρθέ-

226 2247 236 2264 ι
257 2239 288 2266 Et
311 2247 387 2275 ecce,
413 2242 549 2277 concipics
570 2243 596 2270 in
619 2248 706 2276 utero.
718 2249 745 2272 et
760 2245 850 2280 paries
865 2245 960 2277 illium,
986 2250 1014 2274 et

1071 2249 1109 2268 ρον
1125 2241 1208 2277 φησίν
1218 2249 1224 2255 ·
1243 2250 1252 2266 t
1270 2241 1326 2268 Kal.
1343 2241 1397 2268 ἰδοὺ
1413 2241 1535 2276 συλλήψῃ
1551 2241 1580 2267 εν
1594 2241 1704 2276 γαστρὶ.
1716 2242 1765 2267 καὶ
1775 2241 1863 2274 τέξεις

222 2285 333 2313 vocabis
344 2294 443 2314 nomen
459 2287 517 2321 ejus
527 2287 619 2316 Iesum
638 2287 681 2322 ⁸⁶;
697 2288 754 2324 ipse
768 2289 840 2317 enim
853 2290 957 2317 salvum
974 2290 1013 2317 fa-

1071 2287 1131 2320 iibv,
1147 2289 1194 2315 καὶ
1208 2287 1333 2320 καλέσεις
1347 2288 1377 2314 τὺ
1391 2287 1477 2322 ὄνομα
1491 2286 1573 2313 αὐτοῦ
1585 2286 1700 2321 Ἰησοῦνν
1715 2287 1799 2318 αὐτὸς
1808 2288 1864 2322 γὰρ

220 2331 277 2361 .ciet
291 2332 418 2367 populum
434 2341 512 2361 sttum
530 2342 544 2361 a
570 2335 689 2369 peccatis
713 2343 807 2362 eorum
825 2335 859 2363 ⁸⁸.
876 2345 885 2362 ι
901 2335 1015 2364 Josedec

1071 2333 1146 2360 σώσει
1169 2334 1216 2360 τὸν
1234 2334 1297 2360 λαὸν
1312 2333 1393 2360 αὑτοῦ
1405 2333 1461 2360 ἀπὸ
1484 2333 1540 2360 τῶν
1563 2333 1705 2368 ἁμαρτιῶν
1730 2333 1828 2360 αὑτοῦ.
1851 2344 1859 2358 ι

224 2382 314 2406 autem
337 2379 458 2407 redditur
479 2380 586 2414 jutitia
612 2381 670 2408 Dei.
697 2380 845 2409 Justiflcati
876 2382 949 2409 ettim
987 2383 1013 2409 in

1071 2380 1194 2407 Ἰωσεδὲκ
1207 2380 1235 2406 δὲ
1250 2381 1350 2406 νοεῖται
1363 2379 1542 2413 δικαιοσύνη
1558 2379 1643 2406 Θεοῦ.
1654 2379 1863 2415 Δεδικαιώμεοα

224 2424 282 2458 ipso
303 2431 350 2459 per
362 2424 440 2452 [idem
450 2425 485 2459 “,
495 2430 545 2453 eta
561 2427 687 2454 sordibus
699 2431 820 2454 veterum
839 2431 1014 2461 peccatorum

1071 2425 1118 2461 τὰρ
1131 2426 1161 2452 ἐν
1174 2425 1248 2460 αὐτῷ
1264 2425 1309 2451 διὰ
1325 2425 1454 2457 πίστεως,
1467 2425 1514 2451 καὶ
1525 2424 1579 2451 τῶν
1593 2424 1718 2460 ἀρχαίων
1731 2426 1862 2461 αἰτιαμὰ-

224 2470 306 2497 abluti
329 2478 432 2498 sumus.
452 2471 514 2506 Ipse
540 2479 590 2500 nos
604 2472 725 2507 captivos
748 2472 872 2500 liberavit
897 2472 933 2505 ⁸³,
946 2479 973 2500 et
999 2481 1015 2501 ο

1071 2480 1117 2498 των
1136 2472 1183 2498 τὸν
1205 2471 1291 2507 ῥύπον
1305 2471 1510 2506 ἀπενιψάμεθα.
1527 2470 1613 2502 Αὐτὸς
1717 2471 1859 2521 αἰχμαλω-

223 2515 362 2549 scrvitute,
395 2523 476 2552 quam
507 2522 597 2545 mente
620 2518 743 2553 capimus
767 2526 816 2546 nos
845 2520 955 2553 exemit,
986 2525 1014 2547 et

1071 2525 1127 2549 τους
1144 2517 1225 2548 ὄντας
1246 2516 1390 2552 ἐρρύσατο,
1406 2517 1452 2543 καὶ
1469 2516 1519 2551 τῆς
1534 2516 1634 2551 νοητῆς
1649 2515 1774 2568 δουλείας
1790 2516 1861 2568 ξςεί·

224 2569 354 2596 unquam
376 2570 408 2590 ex
431 2564 574 2598 peregrina
608 2569 636 2592 et
664 2564 875 2600 alienigenarum
891 2565 1010 2600 regione.

1071 2563 1138 2594 λετο,
1156 2563 1203 2589 καὶ
1216 2560 1317 2598 οἷάπερ
1341 2562 1372 2594 ἐξ
1395 2561 1549 2597 ἀλλοδαπῆς
1562 2561 1610 2588 καὶ
1629 2561 1680 2596 τῆς
1700 2561 1861 2595 ἀλλοφύλων

223 2616 259 2635 ex
287 2609 417 2637 diabolica
448 2610 605 2638 seductione
629 2611 663 2639 ad
689 2611 737 2640 Dei
764 2612 955 2647 cognitionem,
985 2617 1012 2640 et

1071 2609 1115 2644 τῆς
1128 2607 1320 2643 δαιμονιώδους
1342 2608 1450 2643 ἀπάτης
1475 2607 1674 2642 ἀνακεκύμικεν
1689 2607 1730 2638 εις
1743 2606 1860 2640 θεογνω-

225 2658 380 2682 sanctorum
399 2655 535 2684 civitatem
551 2657 690 2691 eximiam,
710 2664 773 2686 vere
812 2662 933 2686 sanctam
964 2657 1012 2686 Je-

1071 2655 1137 2686 τίαν,
1154 2654 1203 2681 καὶ
1223 2654 1264 2685 εις
1279 2653 1329 2689 τὴν
1345 2653 1400 2680 τῶν
1418 2653 1504 2688 ἀτίων
1521 2652 1689 2684 καλλίπολιν,
1705 2652 1757 2687 τὴν
1776 2651 1861 2686 ἁγίαν

226 2699 356 2733 rssalem,
389 2707 449 2736 quze
474 2707 517 2729 est
545 2702 676 2736 Ecclesia,
708 2703 825 2732 reduxit.
843 2703 1013 2738 Quapropter

1071 2699 1173 2736 ἀληθῶς
1191 2699 1384 2736 Ἰερουσαλὴμ,
1404 2700 1467 2735 ἥτις
1487 2699 1561 2726 ἔστὶν
1586 2699 1603 2734 ἡ
1622 2698 1784 2733 Ἐκκλησία.
1811 2697 1860 2724 Διὰ

224 2749 300 2773 recta
325 2750 354 2774 et
382 2746 517 2783 inculpata
543 2748 605 2782 fide,
627 2753 655 2777 et
687 2749 817 2778 virtutum
843 2748 1013 2785 ornamentis

1071 2747 1144 2773 τοῦτο
1156 2745 1335 2781 στεφανοῦται
1347 2746 1416 2782 πρὸς
1430 2745 1509 2781 ήμῶν
1521 2745 1588 2782 ὀρθῇ
1601 2745 1649 2772 καὶ
1660 2745 1859 2781 ἀνεπιπλήκτῳ

225 2790 391 2826 hymnisque
399 2793 500 2828 gratias
516 2795 659 2830 agentibus
675 2802 690 2822 a
701 2795 782 2823 nobis
794 2799 951 2823 coronatur.
980 2793 1013 2820 Et

1071 2793 1168 2827 πίστει,
1185 2793 1232 2820 καὶ
1253 2794 1311 2826 τοϊς
1335 2793 1376 2826 εἰς
1394 2793 1496 2829 ἀρετὴν
1520 2793 1687 2829 αὐχήμασιν,
1706 2791 1803 2828 ὕμνοις
1828 2800 1857 2818 τι

228 2843 337 2864 coronae
349 2838 456 2872 quidem
471 2839 522 2868 illae
551 2847 640 2869 aurem
662 2845 690 2869 et
717 2845 849 2876 argentea
872 2844 960 2871 erant.
985 2843 1014 2867 et

1071 2841 1120 2872 τοῖς
1135 2840 1330 2877 χαριστηρίοις.
1354 2840 1409 2868 Καὶ
1428 2841 1452 2866 οἱ
1471 2840 1520 2876 μὲν
1534 2840 1565 2867 τὸ
1579 2839 1707 2875 τηνικάδε
1729 2839 1857 2880 στέφανιι

263 2923 288 2941 ⁷⁸
307 2925 386 2955 Hebr.
410 2937 455 2963 νη,
475 2930 520 2958 26.
560 2931 581 2946 ⁷³
602 2930 715 2958 Zacltar.
735 2938 770 2963 tv,
788 2930 812 2958 9.
852 2931 872 2946 ³⁰
890 2929 954 2958 Luc.
978 2931 1017 2965 1,3

1088 2930 1109 2946 “
1127 2929 1220 2957 Matth.
1241 2937 1261 2962 ι,
1278 2929 1322 2956 ‘21.
1362 2930 1383 2945 "
1405 2928 1481 2956 Rom.
1499 2935 1525 2961 ν,
1539 2928 1561 2954 l.
1602 2927 1625 2943 ⁸³
1645 2926 1733 2956 Galat.
1758 2934 1794 2960 ιν,
1814 2926 1856 2954 3i.
