1910 3050
47 127 74 154 97
454 120 733 150 COMMENTARIUS
754 121 788 148 IN
808 122 1014 151 ZACIIARIAM'
1030 123 1251 152 PROPHETAM.
1622 127 1659 157 98

45 182 130 219 χρυσοῖ
142 190 171 208 τε
186 178 269 216 ἦσαν,
280 181 328 207 καὶ
338 179 465 216 ἀργυροῖ,
479 180 527 207 καὶ
540 179 570 212 ἐξ
581 180 650 215 ὕλης
661 181 823 208 κατεσκευά·

878 188 911 208 ex
927 183 1037 209 materia
1050 183 1168 217 peritura
1182 184 1291 212 ﬁebant.
1304 185 1404 220 Atqure
1415 192 1429 211 a
1447 185 1525 213 nobis
1539 187 1660 220 plectun-

45 232 110 262 ζοντο
122 228 169 263 τῆς
186 227 320 263 φθαρτῆς.
333 227 365 253 0i.
381 226 408 253 δέ
424 234 457 261 γε
472 227 540 262 πρὸς
551 225 632 262 ἡμῶν
645 225 827 262 πεπλεγμένοι

44 283 67 302 τε
83 274 126 300 καὶ
138 270 328 307 ἀνημ[μ]ένοι,
344 272 437 306 γήϊνον
450 271 501 306 μὲν
510 271 618 306 ἔχουσιν
625 270 714 298 οὐδέν’
732 271 826 299 συντέ-

44 320 134 345 θεινται
147 317 175 344 δὲ
191 316 293 352 μᾶλλον
308 317 341 343 ἐκ
357 316 406 352 τῆς
422 316 461 352 τῷ
477 316 537 352 Θεῷ
557 316 719 353 πρεπούσης
735 317 824 353 δόξης.

49 363 210 398 Ἀνατίοεμεν
219 362 274 397 γὰρ
284 362 358 398 αὗτῷ
366 362 403 394 ὡς
414 362 515 398 χρυσὸν
526 362 584 398 μὲν,
598 362 653 390 τῶν
667 363 733 398 περὶ
743 363 825 390 αὐτοῦ

43 409 170 444 δογμάτων
185 407 239 444 τὴν
253 407 362 442 ἀπλανῆ
378 407 511 443 Θεωρίανο
529 407 568 440 ὡς
586 408 708 444 ἄργυρον
720 408 759 441 δὲ,
775 408 825 444 τὴν

43 456 69 489 ἐξ
80 456 161 491 ἔργων
184 454 298 488 ἀγαθῶν
311 454 478 490 φαιδρότητα
500 454 611 489 νοητήν.
623 455 701 481 Ἔστι
728 453 758 481 δὲ
777 453 824 480 καὶ

42 502 130 537 ἑτέρως
143 501 313 535 στέφανόςξτε
325 501 372 528 καὶ
382 500 446 533 δόξα
459 499 590 536 Χριστοῦ,
600 500 654 527 τῶν
666 501 731 536 παρ’
739 499 823 527 αὑτοῦ

44 545 207 580 σεσωσμένων
224 545 240 580 ή
258 544 389 580 σωτηρία.
403 544 540 572 Σέσωσται
554 545 609 581 γὰρ
626 545 676 572 οὐκ
688 545 763 578 ἔθνος
781 545 821 578 ἓν,

43 590 154 625 καθάπερ
175 589 275 625 ἀμέλει
303 590 350 616 καὶ
375 590 460 617 πάλαι
483 590 528 617 διὰ
540 591 661 622 Μωσέως
674 592 689 618 ὁ
702 590 822 627 Ἰσραὴλ,

43 635 90 660 ἀλλ’
109 634 154 669 ὅλη
171 634 268 660 λοιπὸν
285 635 330 661 ὑπ’
343 635 475 671 οὐρανόν*
491 635 595 672 ἔπρεπε
611 636 665 671 γὰρ
680 637 727 662 καὶ
742 636 822 663 τοῦτο

44 682 75 716 τῷ
84 680 300 717 Χριστῷ.”Δθρει
314 681 353 715 δὲ,
369 682 444 714 ὅπως
460 682 536 718 παρὰ
549 682 602 709 τῶν
617 683 760 718 χρησίμων
771 684 820 710 αὐ-

43 727 84 761 τῆς
101 726 143 752 καὶ
163 725 218 752 τῶν
245 726 442 760 ἐπεγνωκότων
466 727 555 763 ,αὐτὴν
578 727 612 754 τὰ
640 729 680 759 εἰς
702 727 752 762 τὴν
766 729 820 755 τῶν

45 773 168 806 στεφάνων
181 773 355 808 κατασκευὴν
371 773 612 808 προσκομίζονται.
629 774 661 800 Οἱ
680 774 734 810 γὰρ
748 774 820 801 λαῶν

43 818 99 852 ήγού
103 826 183 853 μενοι,
194 819 243 845 καὶ
253 819 294 850 εις
304 818 389 854 ἀρχὰς
399 819 552 854 τεθειμένοι
563 819 612 851 τὰς
623 820 730 847 τοιάσδε
744 820 820 856 παρὰ

879 230 924 254 tur
934 227 1173 263 imponunturque,
1198 234 1333 257 terrenum
1360 230 1427 258 nihil
1449 232 1566 259 habent:
1593 233 1658 268 quin

877 272 966 307 potius
982 280 1016 300 ex
1032 273 1116 308 gloria
1132 275 1187 303 Deo
1201 275 1279 311 digna
1292 278 1446 312 compositae
1467 283 1540 306 sunt.
1553 278 1658 306 Etenim

875 317 936 346 loco
952 319 1010 346 auri
1035 319 1189 355 dogmatum
1205 322 1238 348 de
1256 322 1316 356 ipso
1327 330 1418 350 veram
1434 327 1591 359 certamque
1614 324 1657 352 in-

876 363 1066 399 telligentiam,
1089 366 1194 400 argenti
1211 371 1299 393 autem
1310 374 1342 394 ex
1356 367 1433 395 bonis
1451 369 1578 403 cperibus
1588 370 1659 396 nito-

874 416 932 436 rem
943 410 1035 437 animo
1044 411 1232 444 aspectabiletn
1245 410 1393 440 oll‘erintns.
1409 412 1456 440 Est
1469 414 1547 441 aliter
1559 422 1657 442 corona

873 459 901 481 et
915 454 1000 489 gloria
1013 455 1114 483 Christi
1132 455 1296 484 salvatorum
1311 459 1345 484 ab
1365 458 1423 492 ipso
1453 459 1537 486 salus.
1551 459 1657 486 Salvata

873 504 916 527 est
924 502 996 528 enim
1008 509 1061 529 non
1078 508 1131 529 una
1143 510 1220 537 gens,
1237 503 1461 537 quemadmodum
1478 504 1582 532 scilicet
1593 504 1657 532 olim

872 551 923 579 per
936 545 1028 573 Mosen
1044 545 1136 580 Israel,
1165 547 1213 574 sed
1229 547 1360 582 quidquid
1380 549 1459 576 etiam
1473 550 1591 584 gentium
1607 551 1659 578 sub

875 589 946 617 cosio
962 596 1022 618 est:
1037 591 1087 618 hoc
1095 592 1195 627 quippe
1205 592 1342 620 Christum
1360 593 1484 622 decebat.
1505 594 1563 622 Jam
1587 604 1659 624 nunc

873 635 944 667 vide,
964 637 1100 671 quomodo
1110 637 1144 665 ab
1157 638 1266 665 utilibus
1295 639 1364 674 ejus,
1389 645 1416 667 et
1443 640 1485 668 his
1503 641 1548 675 qui
1561 648 1659 676 cogno-

871 687 968 709 verunt
980 689 1039 710 eam
1051 684 1084 710 ad
1101 691 1227 711 coronam
1239 685 1405 712 elliciendam
1430 688 1581 714 necessaria
1595 696 1659 716 con-

870 728 1005 756 ferantur.
1019 728 1158 764 Principes
1171 730 1243 757 enim
1258 731 1364 766 populi,
1377 737 1404 758 et
1419 732 1445 759 in
1457 732 1658 768 inagistratibus

870 773 1025 808 hujusmodi
1048 782 1062 801 a
1079 774 1233 807 Deolocali,
1262 780 1290 803 et
1317 776 1414 810 quibus
1440 778 1558 812 antiquas
1573 779 1658 812 capti-

869 820 962 848 vitatis
979 825 1077 847 nostrat
1091 821 1160 849 ratio
1173 826 1235 849 nota
1251 827 1302 854 est,
1318 823 1420 857 quique
1449 824 1529 851 utiles
1545 829 1607 851 sunt
1623 825 1657 851 li.

44 863 110 895 Θεοῦ,
124 863 167 890 καὶ
183 863 209 889 οἱ
222 863 270 890 τδν
283 864 331 899 τῆς
351 864 469 900 ἀρχαίας
484 864 563 900 ἡμῶν
578 865 766 901 αἰχμαλωσίας
784 867 820 892 εί-

874 866 971 893 beratis
984 871 1013 893 ut
1029 867 1122 899 duces,
1133 872 1168 902 ,οι
1181 868 1302 902 magistri
1316 869 1350 895 ad
1358 870 1554 904 admonendum
1569 875 1596 897 et
1610 871 1658 898 de-

44 909 107 940 δότες
128 909 236 944 τρόπον,
255 910 386 945 χρήσιμοί
409 918 438 936 τε
463 912 518 942 τοῖς
543 911 765 947 λελυτρωμένοις,
781 912 818 944 ὡς

45 953 191 989 καθηγηταὶ,
205 954 255 980 καὶ
267 954 420 981 διδάσκαλοι
444 955 490 982 καὶ
505 956 639 982 νουθετεῖν
654 957 700 983 καὶ
712 957 817 983 ἀποκο-

45 1000 121 1034 μίζειν
138 998 166 1026 εὖ
184 999 259 1035 μάλα
282 1000 349 1036 πρὸς
374 1001 565 1037 ὲννομωτάτην
589 1001 672 1038 ζωὴν,
687 1003 763 1030 αὐτοὶ
783 1003 818 1030 τὰ

45 1047 104 1082 ὑπὲρ
119 1046 242 1073 ἁπάντων
268 1046 433 1082 προσάγουσι
456 1047 541 1082 δῶρα,
557 1048 591 1074 τὰ
610 1048 665 1074 τῶν
681 1048 818 1075 ἀδυνάτων

44 1093 205 1128 ἀσθενήματα
230 1092 400 1128 πληροῦντες
421 1093 454 1120 δι’
470 1094 583 1120 ἑαυτῶν.
593 1094 818 1129 Ἐπιτεθειμένων

45 1138 69 1165 δὲ
81 1138 130 1165 τῶν
145 1139 286 1173 στεφάνων
313 1140 359 1166 ἐπὶ
384 1139 433 1174 τὴν
455 1139 576 1176 κεφαλὴν
593 1140 693 1175 Ἰησοῦ,
709 1141 818 1175 λέγεται

46 1185 104 1221 πρὸς
124 1185 201 1212 αὐτὸν
223 1186 288 1221 περὶ
305 1186 351 1212 τοῦ
369 1186 530 1222 Ζοροὸάὸελ·
549 1197 558 1213 ι
570 1187 634 1214 Ἰδοὺ
653 1188 820 1224 ἀνὴρ,’Δνα-

47 1231 99 1267 τολὴ
114 1231 194 1266 δνομα
207 1231 294 1266 αὐτῷ,
310 1231 357 1258 καὶ
372 1231 546 1259 ὑποκάτωθεν
562 1232 644 1259 αὑτοῦ
657 1233 790 1261 ἁνατελεί.
806 1243 816 1260 t

47 1277 162 1304 Τεθέαται
184 1277 230 1304 τὸν
242 1277 349 1313 Ἰησοῦν
366 1278 582 1314 στεφανούμενον
607 1278 645 1310 ὡς
670 1279 754 1315 ἱερέα,
772 1280 819 1307 καὶ

47 1323 182 1359 προῦχοντα
190 1323 217 1350 δὲ
225 1325 278 1360 ὁρᾷ
286 1324 367 1352 πάλιν
378 1325 458 1351 αὐτὸν
469 1325 506 1356 ὡς
521 1324 550 1351 ἐν
563 1334 595 1359 γε
607 1325 645 1360 τῷ
656 1326 818 1361 Ζοροϐάϐελ,

48 1370 86 1396 καὶ
97 1371 122 1396 ὲν
131 1370 191 1406 δόξῃ
198 1371 231 1405 τῇ
247 1369 384 1406 βασιλικῇ.
402 1370 485 1402 Σύνες
499 1370 542 1406 δὴ,
557 1371 599 1397 ὅτι
610 1371 693 1402 αὑτός
710 1372 785 1398 ἐστιν
801 1372 818 1406 ἡ

54 1416 176 1451 Ἀνατολὴ,
194 1416 329 1451 τουτέστι,
346 1417 376 1443 τὸ
399 1416 552 1452 βλάστημα,
570 1417 635 1452 περ).
656 1413 686 1443 οὗ
709 1426 792 1452 φησιν
806 1418 821 1444 ὁ

49 1462 174 1494 θεσπέσιος
196 1463 328 1494 Ἡσαΐας·
347 1472 355 1488 ι
367 1462 504 1489 ’Δνατελεῖ
517 1463 613 1498 ῥάϐδος
626 1464 658 1490 ἐκ
672 1463 722 1498 τῆς
743 1463 820 1499 ῥίζης

54 1508 148 1541 Ἰεσσαὶ,
157 1509 202 1535 καὶ
213 1509 294 1540 ἄνθος
306 1509 339 1535 ὲκ
351 1508 400 1543 τῆς
412 1509 490 1544 ῥίζης
503 1509 680 1544 ἀναὸήσεται.
694 1518 704 1535 ι
714 1509 822 1538 Ἀνεθά-

49 1552 118 1586 λομεν
131 1552 157 1579 δὲ
175 1554 256 1588 ἡμεῖς
276 1553 405 1580 ὑποκάτω
419 1553 511 1581 αὐτοῦ.
521 1554 596 1586 Ῥίζα
615 1554 670 1590 γὰρ
684 1554 795 1589 γέγονεν
809 1555 824 1582 ό

50 1597 150 1631 Χριστὸς
172 1597 222 1632 τῆς
251 1597 470 1633 ἀνθρωπότητος,
486 1599 546 1634 ἦτοι
562 1599 616 1627 τῶν
640 1599 683 1626 διὰ
707 1601 824 1633 πίστεως

50 1642 208 1677 κεκλημένων
227 1642 355 1678 δευτέρα,
368 1644 416 1669 καὶ
441 1643 472 1669 οὐ
500 1644 570 1670 κατά
592 1652 623 1678 γε
638 1644 688 1680 τὴν
701 1644 823 1680 πρώτην,

50 1688 110 1723 φημὶ
130 1688 159 1724 δὴ
173 1689 218 1715 τὸν
231 1689 329 1724 Ἀδὰμ,
344 1689 401 1716 ἀλλ’
419 1690 447 1716 ἐν
467 1690 607 1724 ἀμείνοσιν
631 1691 804 1726 ὰσυγκρίτως
815 1698 823 1707 ο

50 1733 197 1770 ἁνεθάλομεν
221 1735 278 1770 γὰρ
300 1736 339 1767 εις
357 1734 460 1771 φθορὰν
480 1736 571 1762 οὐκέτι
595 1737 642 1763 καὶ
656 1737 696 1768 εἰς
711 1737 825 1764 θάνατον

50 1779 86 1805 διὰ
95 1779 138 1814 τὴν
151 1780 231 1815 ἀρὰν,
249 1780 310 1807 ἀλλ’
324 1782 363 1812 εἰς
375 1781 447 1816 ζωήν
460 1789 490 1807 τε
504 1781 550 1808 καὶ
566 1781 730 1818 ἀφθαρσίαν,
747 1782 825 1818 ρίζαν

50 1824 142 1860 ἔχοντες
165 1825 214 1861 τὴν
238 1825 323 1861 ζωὴν,
347 1825 480 1858 τουτέστι,
505 1826 631 1861 Χριστόν,
655 1827 709 1853 Καὶ
732 1826 825 1862 ὥσπερ

51 1870 113 1897 ἐστὶν
128 1871 205 1903 αὐτὸς
229 1870 281 1906 μὲν
304 1872 321 1906 ὴ
344 1870 475 1907 ἄμπελος,
492 1873 573 1907 ἡμεῖς
592 1871 620 1898 δὲ
638 1871 672 1898 τὰ
688 1872 824 1908 κλήματα,

51 1917 258 1952 προσπεφυκότες
270 1916 345 1952 αὑτῷ
358 1916 401 1944 διὰ
414 1917 463 1952 τῆς
479 1918 507 1944 ὲν
520 1917 658 1952 Πνεύματι
671 1918 823 1949 κοινωνίας·

50 1961 110 1989 οὕτω
133 1963 176 1989 καὶ
195 1963 295 1998 ράῦδος
317 1963 365 1989 καὶ
391 1963 533 1999 βλάστημα
560 1963 609 1998 μὲν
633 1963 725 1997 αὐτὸς,
744 1964 826 1999 ἧγουν

51 2008 105 2043 cui].
114 2009 157 2035 καὶ
167 2009 295 2045 ἀνατολὴ,
309 2009 390 2045 ἡμεῖς
403 2009 431 2036 δὲ
443 2010 486 2036 ἐπ’
499 2009 574 2045 αὐτῷ
590 2009 824 2045 βεδλαστήκαμεν,

51 2054 90 2078 καὶ
104 2053 266 2090 ἀνεθάλομεν
289 2056 330 2086 είς
344 2055 510 2091 ἀφθαρσίαν,
526 2055 563 2087 ὡς
581 2056 660 2090 ἔφην,
677 2056 724 2083 καὶ
741 2055 825 2092 ζωήν.

51 2098 124 2131 Αὐτὸς
146 2099 305 2136 ᾠκοδόμησε
333 2100 379 2127 τὸν
401 2099 475 2127 οἷκον
495 2101 608 2137 Κυρίου.
626 2102 705 2128 Ἔστι
727 2102 756 2129 δὲ
778 2102 826 2129 καὶ

52 2143 145 2180 ἁπάσης
168 2145 296 2180 ἔμπλεως
322 2146 433 2182 ἀρετῆς,
455 2146 604 2178 τουτέστιν,
631 2147 755 2179 εὐκλείας
776 2147 827 2183 τῆς

870 913 1021 939 ducendum
1043 913 1197 941 rectissimo
1209 914 1307 941 itinere
1324 915 1356 941 ad
1372 915 1456 942 vitam
1472 915 1576 950 legibus
1590 924 1656 943 con-

869 957 1100 992 gruentissimam,
1128 958 1177 992 ipsi
1206 957 1277 985 dona
1310 966 1358 993 pro
1370 959 1498 987 omnibus
1526 958 1655 990 ollerum.

869 1002 1040 1030 inﬁrmitates
1051 1003 1224 1031 imbecillium
1241 1012 1288 1038 per
1305 1012 1334 1032 se
1346 1005 1499 1040 explentes.
1517 1007 1657 1040 impositis

870 1053 959 1075 autem
978 1049 1086 1076 coronis
1115 1056 1198 1083 super
1225 1055 1307 1084 caput
1336 1049 1410 1083 Jesu,
1435 1052 1468 1078 de
1493 1051 1657 1079 Zurobabele

870 1093 906 1120 illi
922 1093 1022 1121 dicitur
1036 1101 1042 1119 :
1058 1103 1068 1119 ι
1085 1094 1154 1121 Ecce
1171 1095 1222 1128 vir,
1237 1095 1333 1123 Oriens
1347 1103 1442 1123 nomen
1460 1097 1509 1129 illi,
1523 1102 1550 1123 et
1564 1097 1658 1124 subter

869 1145 930 1165 eum
946 1139 1092 1167 exerietur.
1109 1150 1119 1166 ι
1134 1139 1207 1167 Vidit
1222 1140 1315 1169 Jcsum
1327 1147 1482 1170 coronatum
1496 1148 1524 1170 ut
1536 1144 1658 1170 sacerdo-

871 1187 935 1215 tem,
951 1188 979 1210 et
995 1192 1089 1212 rursus
1104 1185 1228 1212 eumdem
1251 1186 1458 1220 praecellentem,
1484 1193 1511 1214 et
1531 1188 1558 1215 in
1571 1188 1657 1222 gloria

870 1230 951 1264 regali
965 1231 1047 1262 videt,
1063 1236 1092 1257 ut
1108 1231 1134 1258 in
1149 1230 1306 1259 Zorobabcl.
1323 1232 1403 1267 707
1433 1233 1555 1268 lntcllige
1578 1235 1658 1269 igitur

870 1276 957 1310 ipsum
973 1284 1034 1304 esse
1045 1277 1196 1310 Orientem,
1234 1278 1285 1305 hoc
1301 1283 1352 1310 est,
1364 1287 1486 1312 germen,
1505 1280 1537 1306 de
1548 1288 1603 1315 quo
1616 1282 1657 1308 tli-

871 1322 949 1350 vinus
963 1321 1045 1349 Isaias
1061 1331 1068 1350 :
1088 1332 1096 1348 t
1111 1322 1255 1351 Exorietur
1266 1324 1340 1358 virga
1357 1325 1390 1352 de
1403 1326 1494 1352 radice
1514 1326 1600 1360 Jesse,
1629 1333 1658 1355 et

870 1367 919 1396 llos
931 1368 964 1395 de
977 1369 1067 1396 radice
1081 1369 1139 1404 ejus
1153 1370 1281 1397 ascendet
1298 1370 1333 1397 ⁸⁵.
1363 1379 1372 1396 ι
1401 1370 1656 1405 Regerminavimtts

870 1412 943 1440 enim
962 1420 1012 1441 nos
1027 1413 1120 1441 subter
1132 1421 1205 1441 eum.
1235 1413 1320 1441 Radix
1344 1414 1444 1449 quippe
1461 1415 1511 1441 fuit
1533 1415 1659 1444 Christus

871 1458 996 1486 humana:
1008 1464 1119 1491 natura},
1135 1460 1191 1487 sive
1210 1467 1258 1494 per
1287 1460 1366 1487 iidem
1392 1466 1547 1488 vocatorum
1561 1461 1657 1494 altera,

874 1511 928 1532 non
941 1505 1087 1531 secundum
1106 1505 1220 1539 primatu
1240 1505 1446 1538 humanitatem,
1473 1506 1603 1533 Adamum
1621 1507 1659 1533 vi-

875 1549 982 1582 delicet,
994 1551 1041 1577 sed
1055 1549 1123 1577 citra
1138 1551 1367 1584 comparationem
1397 1552 1568 1584 praestantior
1585 1561 1592 1579 :
1616 1559 1660 1579 re.

875 1595 1086 1630 germinavimus
1113 1596 1245 1630 siquidem
1257 1603 1309 1623 non
1326 1596 1442 1630 amplius
1456 1597 1482 1623 in
1503 1598 1658 1631 corruptio-

875 1647 936 1667 nem
950 1645 978 1667 et
1002 1645 1116 1667 mortetn
1135 1645 1244 1675 propter
1267 1641 1495 1673 tnaledictionem,
1515 1642 1562 1669 sed
1579 1644 1605 1669 itt
1622 1644 1661 1670 vi-

876 1690 931 1713 tam
947 1691 975 1713 et
989 1686 1237 1721 incorruptionem,
1256 1686 1374 1714 radicem
1408 1687 1539 1715 habentes
1561 1689 1656 1721 vitam,

876 1731 927 1760 hoc
941 1736 993 1765 est,
1007 1731 1155 1759 Christum.
1174 1731 1209 1759 Et
1221 1733 1290 1759 sicut
1315 1733 1371 1768 ipse
1383 1737 1425 1760 est
1438 1733 1510 1763 vitis.
1532 1742 1581 1761 nos
1610 1742 1660 1762 au-

876 1782 930 1805 tem
948 1778 1116 1814 palmites”,
1145 1778 1237 1814 agnati
1269 1777 1308 1806 illi
1335 1781 1605 1814 percommunionctn
1633 1782 1660 1809 in

877 1823 998 1858 Spiritu:
1016 1824 1052 1851 ita
1065 1824 1188 1860 etvirga,
1201 1829 1229 1852 et
1239 1832 1350 1860 germen
1366 1826 1433 1860 ipse,
1446 1827 1503 1853 sive
1518 1827 1661 1861 productio

875 1873 904 1896 et
917 1869 1019 1901 oriens,
1031 1876 1080 1897 nos
1092 1875 1182 1898 autem
1193 1878 1275 1906 super
1301 1871 1359 1906 ipso
1382 1872 1606 1906 germinavimus,
1634 1878 1662 1900 et

877 1914 1047 1943 reﬂoruimus
1073 1916 1099 1942 in
1126 1915 1355 1951 incorruptionem
1377 1922 1405 1944 et
1419 1918 1520 1952 vitam,
1542 1923 1571 1946 ut
1595 1919 1661 1947 dixi.

876 1960 1207 1995 Ipseaadiﬁcavitdomum
1232 1961 1348 1990 Domini.
1381 1962 1429 1990 Est
1454 1971 1534 1997 porro
1547 1969 1572 1990 et
1587 1965 1661 1992 omni

876 2008 976 2035 virtute
989 2008 1093 2043 plenus,
1108 2009 1159 2036 hoc
1175 2013 1227 2041 est,
1253 2009 1338 2044 gloria
1365 2009 1419 2036 Deo
1433 2011 1549 2037 maxime
1562 2018 1662 2038 conve-

877 2052 978 2080 niente.
1000 2061 1010 2079 ι
1029 2052 1141 2088 Operuit
1151 2053 1223 2080 enim
1254 2053 1337 2081 caelos
1359 2054 1445 2081 virtus
1459 2055 1527 2089 ejus,
1539 2056 1661 2083 etlautlis

876 2098 936 2133 ejus
946 2098 1023 2134 plena
1038 2103 1081 2127 est
1093 2104 1177 2132 terra,
1189 2108 1198 2124 ι
1208 2103 1237 2126 ιιι
1249 2099 1330 2127 habet
1345 2101 1475 2134 propheta
1490 2099 1660 2128 Habacuc".

877 2143 978 2171 Scribit
997 2145 1060 2171 item
1078 2143 1175 2170 alicubi
1194 2143 1303 2178 sapiens
1333 2143 1473 2171 Joannes:
1506 2153 1516 2170 ι
1543 2143 1662 2172 Vidimus

52 2189 101 2224 Θεῷ
122 2191 360 2226 πρτπωδεστάτης.
381 2200 391 2217 ι
413 2192 547 2227 Ἐκὰλυψε
565 2192 620 2227 γὰρ
634 2193 764 2228 οὐρανοὺς
780 2194 823 2220 καὶ

878 2189 993 2225 gloriam
1017 2188 1085 2223 ejus,
1097 2189 1209 2224 gloriatn
1225 2189 1460 2224 quasixUnigeniti
1472 2197 1488 2216 a
1500 2189 1589 2224 Patre,
1606 2190 1663 2224 plc-

53 2234 123 2270 ἁρετὴ
137 2236 226 2269 αὐτοῦ,
243 2237 291 2264 καὶ
302 2237 354 2272 τῆς
369 2237 499 2269 αἰνέσεως
514 2238 597 2265 αὐτοῦ
611 2238 717 2273 πλήρης
728 2239 745 2273 ἡ
760 2238 823 2273 ﬁ,»

54 2279 113 2307 καθά
125 2289 203 2317 φησιν
217 2283 231 2309 ό
245 2283 390 2318 προφήτης
404 2282 572 2318 ’Δῦὃακούμ.
592 2284 717 2319 Γέγραφε
729 2285 759 2311 δέ
775 2293 827 2311 που

54 2325 92 2352 καὶ
113 2327 126 2354 ὸ
147 2328 226 2362 σοφὸς
240 2328 382 2364 Ἰωάννης,
398 2329 439 2355 ὅτι
468 2338 477 2354 t
492 2329 651 2364 Τεθεάμεθα
677 2330 726 2365 τὴν
749 2330 829 2362 δόξαν

54 2370 133 2403 αὐτοῦ,
156 2372 233 2406 δόξαν
250 2373 289 2405 ὡς
306 2373 475 2408 Μονογενοῦς
490 2374 566 2409 παρὰ
584 2374 700 2414 Πατρὺς,
721 2375 828 2411 πλήρης

54 2416 148 2451 χάριτος
161 2419 206 2444 καὶ¹
222 2418 365 2455 ἀληθείας.
381 2428 390 2444 ι
418 2418 571 2446 Κεκὰθικεν
586 2419 634 2447 ἐπὶ
654 2420 761 2455 θρόνου,
782 2420 827 2455 βε-

53 2461 195 2490 ϐασίλευκεν
209 2464 248 2496 ὼς
262 2464 337 2497 Θεὸς,
352 2465 399 2491 καὶ
412 2464 470 2491 ἐστι
483 2465 610 2501 σύνεδρος
631 2465 670 2501 τῷ
693 2465 751 2501 ιδίῳ
770 2466 827 2492 Πα-

54 2509 100 2542 τρζ
112 2510 157 2536 καὶ
170 2511 356 2546 συγκατάρχει
368 2511 422 2537 τῶν
434 2511 578 2538 ὂλων.’⁷οτι
592 2511 619 2538 δὲ
633 2511 787 2548 Ζοροϐάῦελ
795 2520 826 2538 τε

55 2554 94 2579 καὶ
108 2555 205 2588 Ἰησοῦς
220 2556 347 2593 ἀλλήλοις
360 2556 454 2592 ὥσπερ
477 2557 517 2589 εις
533 2557 648 2593 ἑνότητα
660 2556 828 2593 συνημμένοι

56 2603 262 2637 ιςιτασημήνειαν
277 2600 306 2630 εὖ
323 2603 395 2638 μάλα
415 2603 542 2638 Χριστὸν,
557 2603 641 2636 ἔδειξε
662 2604 828 2639 προστιθεὶς,

54 2645 84 2677 ὡς
103 2648 160 2683 περί
173 2657 205 2683 γε
219 2649 268 2676 τοῦ
283 2649 449 2684 Ζοροϐάϐελ·
477 2660 487 2677 ι
502 2649 556 2676 Καὶ
572 2650 647 2676 ἔσται
663 2650 677 2677 ὁ
692 2650 780 2685 ἱερεὺς
796 2651 830 2677 ὲκ

54 2690 134 2722 δεξιῶν
148 2693 240 2727 αὐτοῦ,
258 2703 268 2720 t
285 2694 433 2728 τουτέστιν,
443 2695 472 2722 ὲν
486 2697 552 2731 τιμῇ
566 2704 596 2722 τε
609 2695 656 2722 καὶ
669 2695 741 2731 δόξῃ.
755 2704 764 2721 t
774 2695 830 2722 Καὶ

57 2735 125 2773 βουλὴ
136 2739 261 2775 εἰρηνικὴ
275 2739 353 2767 ἔσται
372 2740 423 2768 ἀνὰ
439 2741 521 2776 μέσον
537 2741 710 2777 ἀμφοτέρων.
726 2750 735 2767 ι
751 2741 829 2767 Ἐστι

84 2825 104 2841 ’⁸
119 2825 166 2855 lsa.
187 2836 225 2862 xt,
247 2829 275 2857 l.
311 2829 336 2846 "
351 2828 429 2857 Joan.
450 2838 494 2863 xv,
510 2831 536 2858 5.
573 2831 596 2847 "
614 2831 712 2858 Italiae.
738 2839 777 2863 ιιι,
798 2831 824 2858 5.

877 2244 941 2263 num
954 2235 1047 2270 gratia:
1068 2240 1095 2262 et
1116 2235 1236 2262 veritatis
1260 2235 1294 2261 ".
1327 2245 1336 2262 ι
1359 2235 1432 2262 Sedit
1458 2243 1539 2270 super
1557 2236 1663 2268 throno,

879 2282 1001 2316 regnavit
1017 2281 1137 2312 utDeus.
1155 2285 1183 2308 et
1199 2281 1300 2308 assidet
1315 2280 1370 2308 Deo
1385 2281 1467 2312 Patri,
1477 2287 1504 2308 ct
1520 2281 1598 2308 sintut
1613 2282 1663 2309 im-

879 2330 955 2361 perat
968 2325 1104 2352 ontnibus.
1123 2324 1272 2352 Zurobabel
1283 2329 1371 2352 autent
1398 2329 1425 2352 et
1440 2324 1532 2352 Jesum
1547 2325 1617 2352 inter
1634 2332 1664 2352 se

879 2377 908 2399 ut
935 2371 968 2398 ad
990 2371 1119 2398 unitatetn
1146 2370 1304 2405 conjunctos
1338 2371 1479 2405 aptissime
1512 2371 1664 2405 signiﬁcare

878 2417 1016 2444 Christum
1030 2423 1120 2452 posse,
1147 2417 1265 2445 ostendit
1293 2417 1363 2452 quod
1392 2416 1466 2443 addit
1481 2420 1611 2451 tanquam
1628 2417 1663 2444 de

879 2456 1027 2492 Zorobabel
1041 2472 1047 2491 :
1065 2474 1075 2490 ι
1097 2463 1131 2491 Ει
1143 2465 1196 2491 erit
1211 2464 1339 2492 sacerdos
1351 2470 1366 2490 a
1382 2463 1484 2490 dextris
1499 2462 1568 2497 ejus,
1587 2472 1598 2488 ι
1613 2463 1665 2491 hoc

879 2515 932 2543 est,
956 2510 982 2538 in
999 2511 1137 2538 honorch
1149 2509 1246 2544 gloria.
1272 2519 1282 2537 ι
1302 2511 1335 2538 Et
1359 2510 1500 2538 consilium
1523 2511 1664 2545 paciﬁcum

880 2555 933 2582 erit
943 2555 1013 2582 inter
1037 2559 1191 2589 utrumque.
1208 2564 1218 2581 ι
1234 2555 1283 2582 Est
1301 2555 1372 2583 enim
1387 2555 1492 2589 ipse,ut
1507 2555 1564 2589 jam
1575 2555 1664 2587 docui,

883 2609 930 2629 rex
946 2601 1025 2629 simul
1041 2605 1068 2628 et
1082 2609 1204 2628 sutntnus
1221 2602 1357 2634 sacerdos,
1371 2606 1399 2628 ut
1412 2609 1460 2636 per
1473 2601 1540 2628 duos
1549 2608 1597 2636 pro
1612 2608 1666 2628 uno

882 2647 1056 2674 Emtnanuele
1070 2651 1239 2674 numeratus.
1262 2646 1452 2674 Verumtamen
1473 2654 1527 2674 non
1563 2646 1668 2674 carebit

883 2694 1007 2721 mercede
1022 2693 1098 2721 labor
1112 2692 1251 2720 Christum
1268 2692 1474 2720 coronantium:
1500 2692 1547 2720 sed
1561 2691 1664 2719 [ructus

883 2739 945 2767 inde
962 2743 1105 2774 perceptus
1118 2738 1220 2766 creabit
1234 2738 1274 2766 cis
1284 2738 1441 2765 memoriam
1457 2737 1663 2772 sempiternam.

880 2830 900 2845 ⁸⁷
920 2829 997 2858 Joan.
1020 2837 1037 2863 t,
1063 2830 1104 2856 Li.
