1910 3050
208 89 260 118 1θό

701 82 730 111 S.
752 83 889 112 CYRILLI
908 84 1144 113 ALEXANDRINI
1160 84 1322 114 ARCHIEP.

1791 78 1847 107 103

206 153 301 175 mense
319 145 446 180 septimo,
471 143 518 178 qui
545 147 734 170 remanserant
753 143 850 178 Judaei,
873 143 994 173 fortassis

1053 145 1201 181 γέγραπται
1217 144 1272 180 γὰρ
1290 144 1349 172 ὡδί.
1377 142 1482 171 οὐκοῦν
1494 140 1644 176 ἐπειδήπερ
1663 138 1848 176 συμϐέϐηκεν

206 193 234 220 in
261 191 419 221 memoriam
449 190 583 218 dictorum
616 195 631 215 a
655 189 788 224 propheta
812 188 930 217 Jeremia
956 196 998 218 re-

204 237 303 273 gressi,
330 239 496 268 statuerunt,
522 238 551 262 ut
573 241 608 262 es
632 235 760 262 omnibus
785 234 854 263 locis
876 235 998 263 ﬁnitimis

204 283 292 318 quinti
319 281 422 309 mensis
450 280 494 308 die
521 280 638 316 septimo
658 287 754 308 omnes
778 279 996 317 Hierosolymam

204 327 393 360 ascenderem,
406 332 434 355 et
444 326 576 362 jejunium
591 326 803 360 sanctiﬁcarent,
818 331 846 354 et
859 327 996 362 planctum

203 374 385 409 susciperent,
410 373 488 408 quasi
505 379 587 407 super
605 377 724 406 mortuo,
748 377 776 400 et
797 373 997 409 quodammodo

203 426 288 455 super
300 420 434 447 cadavere
450 419 545 454 templi
560 418 706 454 ejularent,
716 422 744 446 et
756 425 838 453 super
850 420 918 446 urbe
935 426 996 446 cre-

204 471 278 494 mata
296 473 329 493 ex
349 465 546 500 posterioribus
568 464 691 493 consiliis
704 464 841 500 profectas
857 463 996 501 lacrymas

204 512 384 540 eﬂunderent.
410 511 612 539 Existimabam
633 515 724 538 autem
748 517 779 538 se
799 511 909 538 modum
924 511 997 539 hunc

205 558 253 586 Dei
277 558 383 588 colendi
413 557 465 592 ipsi
493 561 599 593 gratum
622 556 824 592 sapientissime
849 557 994 585 invenisse.

204 604 290 632 Porro
303 604 418 639 degebat
429 604 518 631 adhuc
534 603 618 632 Israel
635 603 685 632 sub
697 603 761 639 iugo
782 603 915 638 impositae
937 611 997 631 ser-

204 649 310 682 vitutis,
325 656 376 677 nec
391 649 426 676 de
440 648 533 676 divino
548 648 649 684 templo
664 649 809 684 quisquam
820 654 880 676 erat
894 648 996 676 sollici-

175 701 258 724 _tus.
281 697 331 723 Ast
356 695 400 723 ubi
429 703 464 724 ex
484 694 576 723 Persis
596 700 625 722 et
656 694 741 722 Medis
765 699 948 728 reverterunt,
971 699 998 722 et

206 748 329 770 sanctam
347 743 484 770 civitatem
509 743 542 770 de
566 742 673 777 integro
689 741 858 774 habitarunt,
883 746 911 769 et
929 741 998 768 divi-

205 795 270 814 num
288 788 415 822 templum
432 791 607 822 repararunt,
621 787 710 814 visum
722 791 776 820 est,
792 787 863 822 quod
881 787 996 820 solebat,

1048 193 1077 218 ἐν
1092 191 1132 225 τῷ
1146 191 1264 226 πέμπτῳ
1289 190 1364 226 μηνὶ,
1389 189 1436 216 καὶ
1450 189 1480 215 ὲν
1491 187 1585 224 ἡμέρᾳ
1597 187 1631 222 τῇ
1651 185 1754 221 ἑϐδόμῃ
1770 183 1849 211 ἁλῶ-

1046 246 1091 266 ναι
1115 237 1164 274 μὲν
1183 237 1219 264 τὰ
1246 236 1436 273 Ἰεροσόλυμα,
1466 232 1712 269 κατεμπρησθῆναι
1739 231 1770 258 δὲ
1796 230 1848 257 τὸν

1046 284 1127 316 ναὸν,
1155 282 1371 319 προσαποθανείν
1395 281 1424 309 δὲ
1451 281 1499 308 καὶ
1527 279 1573 306 τὸν
1596 277 1722 306 Γοδολίαν
1745 278 1778 304 ὲν
1803 274 1848 310 τῷ

1046 331 1153 367 ἑσδόμῳ
1181 329 1258 366 μηνὶ,
1283 329 1353 365 τάχα
1368 336 1426 363 ,που
1450 326 1518 362 πρὸς
1537 325 1689 361 ἀνάμνησιν
1712 323 1766 358 τῆς
1795 322 1846 349 τοῦ

1046 379 1189 415 προφήτου
1205 377 1309 413 φωνῆς,
1322 377 1347 402 οἱ
1363 374 1522 402 κατάλοιποι
1535 372 1590 399 τῶν
1610 370 1743 398 Ἰουδαίων
1763 370 1847 404 ινην-

1046 414 1157 460 εγμένοι
1169 423 1361 451 τετυπώκασιν
1377 421 1426 458 (1),
1442 421 1472 454 ἐξ
1487 420 1595 454 ἁπάσης
1608 419 1658 454 τῆς
1675 414 1847 452 περιοικίδας

1047 472 1076 498 ὲν
1094 471 1159 506 μηνὶ
1175 470 1214 505 τῷ
1231 469 1349 505 πέμπτῳ
1367 469 1396 494 ιν
1418 468 1452 503 τῇ
1478 465 1580 502 ἑϐδόμῃ
1594 463 1642 491 τοῦ
1667 463 1753 498 μηνὸς
1775 462 1847 488 ἀνα-

1047 515 1149 544 ϐαίνειν
1161 515 1284 546 ἅπαντας
1306 514 1347 545 εἰς
1376 511 1562 549 Ἰεροσόλυμα,
1586 510 1633 537 καὶ
1651 508 1764 543 ἁγιάσαι
1793 506 1846 542 μὲν

1046 562 1185 598 νηστείαν,
1212 560 1318 596 κομμὸν
1339 559 1368 586 δὲ
1390 558 1512 586 τίθεσθαι
1538 556 1663 590 καθάπερ
1688 554 1735 581 ἐπὶ
1749 551 1846 588 νεκρῷ

1047 607 1095 635 καὶ
1109 605 1274 641 ὲποιμώζειν
1293 604 1412 640 κειμένῳ
1428 603 1529 638 τρόπον
1544 601 1604 628 τινὰ
1620 599 1660 635 τῷ
1677 598 1745 634 ναῷ,
1758 599 1796 633 τῇ
1812 606 1844 624 τε

1048 653 1124 681 πόλει
1141 652 1388 689 κατεμπρησθείσῃ
1401 651 1432 677 τδ
1448 651 1480 677 ὲκ
1497 649 1546 685 τῆς
1566 646 1777 684 ὺστεροϐουλίας
1793 645 1845 672 δά·

1892 142 1894 203 l

1048 709 1130 736 κρυον
1152 701 1268 735 ἐπιχεῖν.
1293 699 1389 734 ’ῼοντο
1405 697 1434 724 δὲ
1459 697 1500 724 ὅτι
1524 695 1653 732 λατρείας
1675 694 1770 725 αὐτοῖς
1794 693 1845 728 τῆς
1893 727 1894 732 η

1047 745 1217 783 ἀρεσκούσης
1231 745 1291 781 Θεῷ
1314 744 1414 780 τρόπος
1429 740 1506 775 οὗτος
1525 742 1663 776 πάνσοφος
1678 739 1842 775 ἐξηύρηται.

1055 791 1126 819 Ἀλλ’
1144 791 1297 827 ἐπράττετο
1319 790 1379 825 μὲν,
1392 789 1432 816 ἔτι
1449 787 1519 825 [τοῦ]
1542 787 1652 823 Ἰσραὴλ
1667 786 1720 813 ὑπὸ
1731 785 1779 811 τὸν
1791 783 1846 818 τῆς

204 841 258 860 non
272 833 328 868 jam
350 833 377 860 in
400 837 542 869 tempore,
561 841 611 861 nec
630 840 690 861 cum
705 834 812 862 ratione
827 833 896 862 ﬁeri.
914 833 994 868 Magis

1053 837 1237 873 αἰχμαλωσίας
1256 835 1384 870 κειμένου
1402 834 1494 869 ζυγὸν,
1509 833 1638 869 οὐδεμιᾶς
1655 832 1684 859 δὲ
1700 830 1844 867 φροντίδος

203 880 276 908 enim
297 884 426 915 tanquam
445 887 460 907 a
474 879 619 914 praeteritis
635 879 670 908 ad
686 879 851 907 hilaritatem
870 880 996 913 transire,

203 930 231 953 et
247 924 385 954 celebrare
398 925 456 953 dies
472 923 569 958 festos,
585 929 613 952 et
626 924 736 960 hymnis
748 924 881 952 libertatis
894 924 998 952 auctori

204 972 306 1007 gratias
330 979 412 1007 agere
447 972 636 999 conveniebat.
665 971 825 999 Dubitantes
854 971 937 1002 igitur
963 970 998 998 de

204 1019 302 1053 quibus
325 1025 416 1046 sermo
443 1022 496 1051 est,
519 1018 647 1050 Sarazar,
674 1022 703 1045 et
730 1017 859 1050 Arseber,
887 1017 998 1044 mittunt

204 1064 335 1099 quosdam
374 1064 572 1098 interrogatum
598 1063 753 1091 sacerdotes
782 1068 809 1090 et
830 1062 995 1098 prophetas:

207 1109 357 1145 «ingressa
379 1115 421 1137 est
445 1110 500 1137 huc
522 1108 703 1137 sanctiﬁcatio
719 1109 745 1136 in
772 1115 865 1136 mense
888 1108 995 1143 quinto,

203 1156 275 1184 sicut
299 1155 422 1183 fecerunt
441 1155 497 1190 jam
522 1154 601 1182 annis
625 1154 728 1186 multis,
746 1163 755 1180 ι
778 1154 829 1182 hoc
848 1159 900 1187 est,
919 1161 996 1187 num,

204 1203 249 1238 qui
266 1201 460 1238 Hierosolymis
476 1202 610 1234 habitant,
630 1209 692 1229 cum
712 1201 778 1236 ipsis
794 1201 914 1236 lugeant,
931 1208 997 1228 con-

204 1248 431 1284 suetudinemque
455 1247 482 1275 in
507 1247 593 1275 forma
613 1246 841 1275 sanctiﬁcationis
867 1247 996 1275 usitatam

204 1294 348 1329 recipiant,
364 1295 446 1322 etiam
465 1294 584 1322 excitato
598 1293 710 1328 templo,
730 1298 757 1321 et
777 1293 865 1320 soluta
882 1293 996 1328 captivi-

205 1345 269 1368 tate.
292 1340 503 1368 Sanctiﬁcabant
525 1340 598 1367 enim
613 1339 759 1374 jejunium,
784 1343 813 1367 ut
834 1339 903 1372 dixi,
925 1339 996 1366 sicut

201 1387 328 1424 fecerant
341 1386 405 1414 inde
424 1386 458 1414 ab
472 1386 552 1413 annis
570 1386 672 1414 multis.
688 1386 800 1421 Captivo
813 1386 886 1413 enim
898 1384 996 1413 lsraele

204 1435 313 1467 tempus
337 1432 428 1460 luctus
449 1436 477 1460 et
499 1431 550 1467 ipsi
573 1436 732 1459 constanter
756 1430 995 1465 servabant,jeju-

204 1479 279 1506 nium
297 1478 514 1511 sanctilicantes,
527 1482 556 1505 ut
567 1477 624 1512 jam
639 1478 715 1512 prius
729 1477 856 1505 diximus.
871 1477 920 1504 Est
929 1485 995 1512 ergo

1048 883 1095 910 τοῦ
1111 882 1183 910 θείου
1198 882 1380 917 τετυχηκότος
1400 881 1476 909 ναοῦ,
1495 879 1605 915 Ἐπειδὴ
1626 879 1654 906 δὲ
1675 877 1843 913 ἐπανῆλθον,

1047 929 1097 964 τὴν
1108 928 1222 965 Περσῶν
1233 929 1350 963 ἀφέντες
1360 927 1408 955 καὶ
1420 927 1529 963 Μήδων,
1541 926 1590 953 καὶ
1602 925 1782 960 κατῳκήκασι
1793 923 1844 958 τὴν

1048 975 1129 1009 ἁγίαν
1146 975 1234 1008 πόλιν,
1255 975 1304 1001 καὶ
1325 973 1385 1001 εἶτα
1404 974 1450 1001 τὸν
1467 973 1539 1000 θεῖον
1562 971 1740 1007 ἀνεδείμαντο
1759 969 1843 1001 νεὼν,

1048 1022 1136 1049 ἐδόκει
1154 1030 1213 1053 πως
1229 1021 1259 1047 τὸ
1277 1021 1338 1052 ιθος
1356 1021 1447 1053 αὐτοῖς
1471 1020 1521 1047 οὐκ
1543 1019 1574 1046 ὲν
1590 1017 1679 1054 καιρῷ
1703 1017 1750 1044 καὶ
1769 1016 1844 1049 λόγῳ

1049 1064 1216 1101 πράττεσθαι
1227 1064 1330 1092 λοιπόν.
1343 1065 1416 1091 Ἔδει
1430 1064 1484 1100 γὰρ
1497 1063 1597 1099 μᾶλλον
1612 1063 1649 1095 ὡς
1660 1062 1714 1089 ἀπό
1734 1069 1765 1095 γε
1787 1060 1843 1087 τῶν

1047 1110 1240 1146 γεγενημένων
1256 1110 1452 1146 μεταχωρῆσαι
1467 1109 1535 1145 πρὸς
1547 1109 1689 1144 εὐθυμίαν,
1708 1107 1757 1134 καὶ
1769 1106 1843 1142 πλη·

1050 1156 1112 1192 ροῦν
1136 1157 1243 1192 ἑορτὰς,
1265 1157 1313 1184 καὶ
1335 1156 1530 1192 χαριστηρίους
1554 1155 1684 1182 ἀνάπτειν
1705 1153 1778 1189 ᾠδὰς
1802 1152 1843 1187 τῷ

1047 1202 1193 1238 κεκληκότι
1207 1202 1276 1238 πρὸς
1290 1201 1448 1237 ἐλευθερίαν
1464 1201 1572 1232 αὐτούς.
1596 1198 1794 1231 Ἐνδοιάζοντες
1809 1198 1842 1234 δὴ

1047 1246 1093 1275 οὖν
1111 1249 1135 1275 οε
1151 1248 1215 1284 περὶ
1232 1244 1270 1275 ὧν
1283 1249 1298 1274 ὁ
1311 1247 1402 1282 λόγος,
1423 1247 1554 1283 Σαρασάρ
1573 1255 1603 1273 τε
1626 1246 1673 1273 καὶ
1696 1244 1841 1280 Ἀρσεδὶρ,

1047 1294 1186 1330 πέμπουσί
1210 1302 1287 1326 τινας
1308 1293 1490 1330 ἐρησομένους
1513 1293 1578 1325 τοὺς
1604 1293 1695 1328 ίερεῖς,
1713 1291 1760 1318 καὶ
1777 1292 1842 1322 τοὺς

1047 1340 1207 1376 προφήτας·
1227 1348 1236 1365 t
1258 1338 1441 1374 Είσελήλυθεν
1466 1336 1518 1366 ὦδε
1545 1338 1576 1365 τὸ
1601 1338 1725 1372 ἀγίασμα
1746 1338 1776 1363 ὲν
1801 1335 1842 1372 τῷ

1048 1386 1113 1421 μηνὶ
1126 1385 1166 1421 τῷ
1181 1385 1310 1421 πέμπτῳ,
1326 1384 1422 1412 καθότι
1439 1384 1570 1420 ἐποίησαν
1584 1384 1635 1419 ήδη
1653 1382 1733 1410 ἱκανὰ
1748 1382 1806 1417 ἐτη·
1828 1390 1839 1407 s

1046 1432 1195 1464 τουτέστιν,
1216 1433 1241 1458 εί
1266 1431 1518 1467 συνδεδραμήκασιν
1539 1431 1564 1457 oi
1583 1429 1690 1457 πενθεῖν
1714 1428 1841 1460 εἰωθότες

1047 1479 1075 1506 ἔν
1088 1479 1145 1510 τοῖς
1167 1478 1373 1514 Ἱεροσολύμοις,
1397 1478 1445 1504 καὶ
1463 1478 1489 1504 εί
1509 1475 1691 1512 παρεδέξαντο
1711 1475 1761 1511 τὴν
1777 1483 1840 1501 συν-

204 1524 386 1552 dubitantium
410 1510 599 1558 interrogatio,
622 1510 712 1550 utrum
734 1523 823 1550 adhuc
843 1510 994 1557 praestanda

1053 1524 1141 1560 ῆθειαν
1150 1510 1236 1556 αὐτοὶ,
1245 1523 1294 1559 τὴν
1302 1510 1343 1556 ib;
1359 1525 1388 1550 ὲν
1402 1523 1496 1559 τρόπῳ
1505 1510 1692 1558 γεγενημένην
1704 1521 1841 1555 ἁγιάσμα-

205 1571 241 1599 sit
257 1570 437 1598 sanctiﬁcatio
451 1574 480 1597 et
498 1569 603 1601 luctus,
618 1569 742 1603 quamvis
761 1568 860 1603 templo
879 1569 995 1596 resediﬁ-

204 1621 290 1644 cato':
315 1616 396 1651 7n
417 1619 465 1642 aut
489 1619 563 1642 certe
583 1614 774 1642 abstinendum
801 1614 828 1642 in
844 1619 994 1649 posterum,

205 1669 287 1690 causa
305 1661 392 1689 luctus
410 1665 514 1688 remela
531 1661 646 1689 scilicet.

1048 1578 1104 1602 τος,
1123 1569 1211 1596 καίτοι
1224 1569 1271 1596 καὶ
1286 1569 1473 1605 ἐγηγερμένον
1486 1569 1533 1596 τοῦ
1549 1569 1621 1595 θείου
1637 1567 1713 1601 ναοῦ,
1730 1567 1780 1594 καὶ
1797 1566 1841 1593 λε-

1048 1614 1168 1650 λυμένης
1186 1614 1237 1650 τῆς
1251 1615 1450 1650 αίχμαλωσίας.
1476 1614 1608 1649 Ἦγίασαν
1621 1613 1685 1650 γὰρ,
1702 1613 1741 1644 ὡς
1760 1612 1841 1647 ἔφην,

1049 1661 1177 1696 νηστείαν
1199 1661 1270 1688 καθὰ
1294 1661 1455 1697 δεδράκασιν
1479 1662 1512 1688 ὲκ
1534 1660 1639 1687 πολλῶν
1656 1659 1734 1687 ἑτῶν,
1752 1659 1841 1694 Αἰχμ-

204 1707 308 1734 αλῶτου
326 1707 380 1743 γὰρ
407 1707 484 1738 ὄντος
509 1707 556 1734 τοῦ
578 1706 696 1743 Ἰσραὴλ,
721 1707 923 1734 διατετελέκασι
951 1709 998 1735 καὶ
1018 1707 1095 1735 αὐτοὶ
1108 1708 1154 1736 τὸν
1190 1708 1239 1734 τοῦ
1260 1708 1375 1740 πένθους
1389 1708 1535 1745 τηροῦντες
1560 1708 1666 1744 καιρὸν,
1700 1707 1748 1734 καὶ
1763 1706 1843 1740 ἁγιά-

205 1754 297 1787 ζοντες
312 1753 362 1789 τὴν
374 1753 510 1788 νηστείαν,
526 1753 653 1790 καθάπερ
670 1754 720 1790 ἧδη
737 1755 878 1790 προεῖπον.
896 1754 1001 1781 Οὐκοῦν
1020 1754 1210 1786 ὲνδοιαζόντων
1225 1755 1241 1789 ἡ
1275 1753 1419 1789 ἐρώτησις,
1440 1755 1554 1789 πότερον
1573 1754 1626 1790 χρὴ
1657 1752 1780 1791 πληροῦν
1802 1753 1841 1780 ἔτι

204 1803 236 1829 τὸ
248 1803 383 1837 ἁγίασμα,
398 1802 446 1828 καὶ
463 1801 570 1834 πένθος,
581 1801 628 1828 καὶ
641 1802 711 1837 μετά
738 1811 770 1836 γε
781 1803 832 1837 τὴν
847 1802 956 1839 ἔγερσιν
965 1801 1013 1829 τοῦ
1029 1803 1094 1830 ναοῦ
1106 1811 1113 1818 ·
1131 1802 1215 1838 ἧγουν
1230 1803 1396 1838 ἀποσχέσθαι
1409 1802 1512 1836 λοιπὸν,
1533 1803 1581 1838 τῆς
1597 1801 1645 1829 τοῦ
1669 1802 1786 1834 πένθους
1800 1802 1842 1828 αί-

205 1849 265 1881 τὶας
279 1848 401 1875 ἐκποδὼν
414 1847 567 1884 οἰχομένης.

243 1896 328 1924 Vsus.
345 1895 403 1923 4-7.
423 1894 459 1922 Et
479 1895 564 1930 factus
587 1902 623 1923 est
642 1904 726 1923 sermo
749 1895 854 1924 Domini
874 1896 999 1923 virtutum

206 1945 241 1971 ad
257 1952 309 1975 me,
324 1943 412 1969 (licem
428 1948 437 1967 :
460 1941 509 1967 Dic
524 1942 595 1969 omni
614 1942 709 1977 populo
722 1947 810 1974 tet-rw,
822 1947 845 1969 et
861 1942 894 1969 ad
911 1949 1000 1968 sacer-

205 1991 296 2022 dotes,
318 1990 429 2017 dicens:
447 1989 479 2017 Si
497 1989 684 2024 jejuuuueritis
696 2007 703 2020 ,
727 1993 772 2014 aut
789 1987 945 2020 planxeritis
970 1987 999 2014 in

207 2036 324 2071 quintis,
340 2040 386 2062 aut
408 2035 435 2062 in
460 2035 587 2067 septimis,
606 2039 629 2061 et
655 2042 713 2061 ecce
734 2034 901 2068 septuaginta
924 2034 997 2065 anni,

209 2081 327 2116 nunquid
343 2081 476 2116 jejunium
486 2080 631 2115 jejunastir
647 2077 773 2106 miltiPEt
785 2079 807 2105 si
822 2078 997 2111 comederitis,

207 2133 253 2155 aut
275 2127 403 2158 biberitia.
427 2134 514 2154 nonus
539 2134 582 2153 nos
607 2125 753 2159 comeditis,
777 2130 801 2151 et
819 2132 865 2151 vos
888 2124 997 2151 bibitis?

1086 1895 1141 1922 Kal
1154 1895 1272 1929 ἐγένετο
1281 1896 1373 1931 λόγος
1393 1897 1505 1931 Κυρίου
1519 1897 1578 1924 τῶν
1590 1897 1747 1932 δυνάμεων
1766 1898 1840 1932 πρὸς

1050 1940 1113 1975 ἐμὲ,
1125 1940 1222 1976 λέγων
1232 1949 1239 1956 ·
1261 1939 1358 1968 Εἶπον
1374 1942 1450 1975 πρὸς
1469 1941 1587 1969 ἅπαντα
1604 1942 1680 1969 λαὸν
1695 1942 1752 1976 τῆς
1773 1943 1838 1977 τῆς,

1051 1985 1100 2012 καὶ
1117 1986 1192 2019 πρὸς
1205 1985 1276 2019 τοὺς
1298 1985 1396 2020 Ιερεῖς,
1416 1986 1529 2021 λέγων·
1554 1986 1624 2014 Ἐὰν
1637 1989 1838 2022 νηστεύσητε,

1050 2031 1099 2058 καὶ
1121 2032 1260 2065 κόψησθε
1280 2031 1316 2058 ἐν
1329 2031 1395 2065 ταῖς
1409 2032 1566 2067 πέμπταις,
1589 2032 1608 2067 ἣ
1627 2032 1662 2059 ἐν
1676 2033 1742 2066 ταῖς
1758 2034 1840 2061 ἐϐδό-

1047 2085 1129 2112 μαις,
1147 2077 1197 2104 καί
1223 2076 1298 2110 ἰδοὺ,
1325 2077 1530 2112 ἐϐδομήκοντα
1548 2079 1611 2112 ἔτη,
1631 2079 1674 2113 μὴ
1693 2081 1840 2113 νηστείαν

1049 2122 1269 2157 νενηστεύκατέ
1293 2131 1363 2158 μου
1389 2123 1444 2151 Καὶ
1470 2123 1525 2150 ἐὰν
1551 2124 1674 2160 φάγητε,
1697 2125 1717 2160 ἢ
1741 2127 1838 2160 πίητε,

208 2181 292 2201 nonne
304 2174 355 2200 ista
378 2173 453 2200 verba
469 2177 541 2204 sunt,
566 2179 624 2207 quae
639 2171 742 2197 locutus
767 2175 805 2197 eu
824 2170 951 2197 Dominus
967 2171 994 2197 in

1053 2168 1105 2203 οὐχ
1123 2168 1208 2202 ὑμεῖς
1223 2168 1347 2201 ἐσθίετε,
1373 2169 1422 2196 καὶ
1439 2169 1523 2204 ὑμεῖς
1539 2170 1657 2203 πίνετε;
1676 2172 1736 2205 οὐχ
1758 2169 1839 2199 οὗτοι

208 2220 327 2247 manilius
341 2219 540 2254 prophetarum,
550 2218 596 2253 qui
611 2222 671 2244 ante
683 2217 790 2251 {narunt
801 2216 929 2251 Iquando
940 2220 997 2243 erat

208 2265 356 2292 Jerusalem
372 2265 503 2296 habitata,
525 2268 550 2292 et
565 2263 715 2294 abundans,
732 2267 756 2289 et
771 2262 888 2289 civitates
900 2262 956 2296 ejus
969 2263 998 2289 in

209 2311 332 2343 circuitu,
343 2316 367 2338 et
385 2316 520 2343 montana,
535 2315 560 2337 et
579 2309 734 2344 campestris
747 2308 866 2336 habitata
878 2314 926 2337 est.

245 2436 356 2464 XXXV.
374 2436 535 2470 Quaerebam
546 2443 667 2471 quinam,
684 2440 714 2463 ut
730 2437 786 2471 jam
807 2436 897 2470 docui,
915 2436 949 2464 de
964 2443 997 2463 ea

210 2490 270 2518 quae
287 2488 400 2511 vocatur
420 2482 600 2509 sanctiﬁcatio
612 2501 620 2514 ,
644 2489 659 2509 a
681 2482 868 2509 sacerdotibus
883 2487 910 2510 et
931 2489 996 2517 pro-

211 2529 309 2564 phetis,
324 2529 382 2564 qui,
395 2532 425 2555 ut
441 2527 569 2555 credibile
587 2527 627 2559 ﬁt,
641 2535 702 2556 cum
719 2535 813 2562 preces
824 2528 996 2560 obtulissent,

211 2579 239 2602 et
255 2575 318 2609 quid
336 2574 399 2601 talia
420 2574 518 2608 cupide
539 2573 740 2601 sciscitantibus
758 2573 859 2608 liquido
882 2581 996 2607 respon-

211 2621 316 2653 derent,
336 2620 407 2655 apud
422 2627 451 2647 se
465 2619 609 2655 diligenter
621 2620 797 2654 cogitassent,
813 2625 936 2647 secutum
955 2624 998 2647 est

211 2667 324 2694 verbum
337 2673 352 2693 a
367 2665 432 2699 Deo,
447 2665 539 2698 breve,
558 2672 590 2692 ac
606 2665 716 2693 minime
734 2665 854 2700 longum,
876 2665 998 2700 nihilque

212 2712 354 2740 continens
374 2712 522 2740 involutum
537 2720 545 2740 :
561 2711 608 2740 sed
624 2715 653 2739 ut
669 2710 708 2739 ita
725 2710 858 2743 dicamus,
883 2711 996 2744 nudum,

1050 2215 1078 2241 οί
1102 2215 1203 2249 λόγοι,
1233 2214 1287 2246 οὒς
1315 2214 1450 2248 ἐλάλησε
1476 2216 1583 2249 Κύριος
1610 2215 1645 2242 ἐν
1670 2217 1756 2250 χερσὶ
1781 2217 1839 2244 τῶν

1047 2260 1211 2295 προφητῶν
1236 2260 1297 2287 τῶν
1322 2260 1511 2294 ἕμπροσθεν;
1536 2260 1602 2288 Ὅτε
1628 2260 1668 2296 ἦν
1691 2262 1839 2296 Ἰερουσα-

1047 2305 1112 2340 λὴμ
1125 2306 1353 2340 κατοικουμένη.
1366 2306 1415 2332 καί
1429 2306 1613 2340 εὐθηνοῦσιι,
1627 2307 1676 2334 καὶ
1690 2309 1721 2333 αὶ
1736 2309 1838 2341 πόλεις

1050 2353 1201 2379 κυκλόθεν
1226 2351 1331 2385 αὐτῆς,
1355 2352 1404 2378 καὶ
1427 2352 1447 2386 ἡ
1474 2352 1584 2386 ὀρεινὴ,
1611 2353 1660 2379 καί
1684 2354 1704 2388 ἠ
1730 2354 1836 2389 πεδινὴ

1049 2397 1218 2430 κατῳκεῖτο.

1084 2441 1149 2467 ΔΕ’.
1172 2441 1288 2476 Ἥροντό
1306 2449 1390 2474 τινες,
1413 2442 1451 2474 ὡς
1468 2442 1518 2478 ἠδη
1543 2444 1684 2478 προεῖπον,
1705 2445 1771 2480 περὶ¹
1790 2445 1834 2472 τοῦ

1050 2486 1165 2522 ἐπίκλην
1186 2487 1365 2522 ἀγιάσματος,
1389 2488 1452 2519 τούς
1466 2497 1495 2515 τε
1519 2489 1608 2524 ἱερέας
1630 2490 1677 2516 καὶ
1694 2489 1759 2522 τοὺς
1773 2499 1836 2526 προ-

1051 2532 1148 2567 φήτας,
1169 2533 1239 2559 κατὰ
1252 2533 1280 2559 δὲ
1297 2534 1328 2560 τὸ
1342 2533 1425 2565 εἰκὸς,
1446 2535 1674 2570 προσαγηοχότων
1687 2536 1737 2568 τὰς
1751 2537 1833 2569 λιτὰς,

1050 2579 1098 2604 καὶ
1114 2578 1156 2604 ὅτι
1171 2578 1304 2613 προσήκοι
1324 2579 1381 2610 τοῖς
1397 2579 1430 2605 τὰ
1453 2580 1540 2606 τοιάδε
1564 2581 1753 2615 φιλοπευστετν
1770 2584 1835 2618 ᾑρη-

1052 2621 1142 2656 μένοις
1154 2622 1349 2657 ἀποκρίνεσθαι
1363 2623 1456 2657 σαφῶς
1468 2624 1711 2658 διεσπουδακότων,
1725 2625 1782 2654 εἶτά
1795 2637 1834 2658 τις

1050 2668 1064 2694 ὁ
1080 2667 1157 2701 λόγος
1171 2669 1186 2694 ὁ
1202 2668 1276 2703 παρὰ
1290 2667 1368 2700 Θεοῦ,
1385 2668 1488 2705 βραχύς
1502 2678 1531 2696 τε
1549 2672 1596 2697 καὶ
1613 2672 1643 2697 οὐ
1660 2672 1774 2707 μακρὸς,
1790 2674 1833 2699 καὶ

1050 2713 1126 2740 οὐδὲν
1142 2713 1212 2748 ἒχων
1231 2713 1262 2739 τὸ
1278 2715 1445 2749 περισκεπές
1456 2724 1462 2730 ·
1479 2716 1536 2743 ἀλλ’
1549 2718 1581 2744 ἵν’
1597 2717 1684 2751 οὕτως
1703 2719 1832 2755 εἴπωμεν,

248 2803 288 2840 (Ι)
308 2803 362 2832 Vox
391 2808 529 2839 corrupta,
550 2807 578 2830 ut
595 2805 706 2837 apparet
721 2810 727 2829 :
753 2805 800 2830 aut
814 2806 918 2836 expone
939 2800 1071 2830 decretum
1088 2802 1216 2837 fecerunt,
1231 2809 1254 2830 et
1269 2803 1447 2839 obsignaram,
1460 2813 1474 2832 a
1488 2807 1591 2836 τυπόω.
