1910 3050
77 167 126 195 133

71 223 185 255 λουθεῖν,
202 222 418 258 ἑπιδραξάμενοι
440 221 487 248 τοῦ
503 222 669 257 κρασπέδου,
686 219 741 248 οἷον
759 221 873 248 ἐπικουη

74 268 202 305 ρούμενοι
214 270 276 301 ταῖς
290 269 383 303 ἁφαῖς.
399 268 445 295 καὶ
459 267 513 294 τῶν
528 267 690 303 ἐσθημάτων
707 267 872 303 ἀπαρτώμε-

72 323 112 341 νοι
140 314 250 349 ἀπλανῆ
279 322 309 341 τε
336 314 382 340 καὶ
405 312 514 348 ἀσφαλῆ
536 313 675 340 ποιοῦνται
691 313 739 349 τὴν
755 313 870 347 βάδισιν.

73 360 149 387 Κατᾶ
165 361 211 386 τὸν
226 361 295 393 ἴσον,
311 357 399 395 οἶμαι,
417 359 517 395 τρόπον
532 359 580 386 καὶ
594 360 617 386 οί
630 361 663 395 τῇ
682 360 769 386 κτίσει
791 359 870 385 λελα-

71 407 218 443 τρευκότες
234 408 312 442 παρὰ
333 406 378 433 τὸν
390 405 445 432 τῶν
469 405 538 432 ὅλων
551 406 733 441 Δημιουργὸν,
751 405 871 440 πατέρας

73 453 201 488 γνησίους
220 452 437 488 ἐπιγραφόμενοι
456 452 519 483 τοὺς
536 451 590 478 τῶν
602 451 788 486 εὐαγγελικῶν
810 451 871 485 δογ-

73 500 166 534 μάτων
185 498 348 534 εἰσηγητὰς,
367 497 415 525 καὶ
437 497 635 532 συναπτόμενοι
652 497 685 523 δι’
706 497 868 532 ὀμοψυχίας,

71 545 185 572 ἕπονταί
201 554 232 571 τε
247 545 349 576 αὐτοῖς,
369 543 548 580 νηπιὰζοντες
567 542 607 570 ἔτι
623 544 672 574 τὰς
689 542 809 578 γνώμας,
825 544 871 569 καὶ

72 593 112 623 είς
135 592 187 626 τὴν
210 591 308 627 ὁμοίαν
334 591 419 617 ἵενται
435 590 537 625 τρίϐον,
553 589 671 624 ζηλωταί
689 598 738 616 που
764 590 871 620 πάντως

72 636 298 671 ἁναδεικνύμενοι
324 636 373 671 τῆς
399 635 489 663 αὐτῶν
513 635 661 667 πολιτείας,
677 635 723 661 καὶ
748 635 808 666 ταῖς
828 634 871 660 ἀεὶ

71 683 140 718 πρὸς
156 683 188 709 τὸ
202 684 314 718 ἄμεινον
331 682 484 709 ἐπιδόσεων
509 691 517 707 ι
533 682 572 712 εἰς
587 681 670 716 ἄνδρα
687 681 789 707 τέλειον
806 681 871 706 ἀνα-

71 727 222 760 ϐαίνοντες,
242 728 289 755 καὶ
313 728 352 759 είς
373 727 471 763 μέτρον
487 727 594 762 ἡλικίας
616 726 664 752 τοῦ
687 725 870 762 πληρώματος

70 774 117 801 τοῦ
137 774 271 810 Χριστοῦ.
289 784 298 799 ι
314 774 446 801 Ἔπονται
469 774 496 800 δὲ
521 773 565 800 διὰ
582 773 661 800 ποίαν
687 772 791 804 αίτίαν;
816 773 870 798 Πε-

71 820 299 856 πληροφόρηνται
323 820 388 856 γὰρ,
410 821 451 847 δτι
478 822 491 847 ὁ
510 820 575 852 Θεὸς
604 820 662 854 μετ’
682 819 771 845 αὐτῶν
800 819 869 850 ἐστι,

70 867 232 899 τουτέστιν,
257 867 271 893 6
300 867 496 902 Ἐμμανουήλ*
520 864 702 901 ἑρμηνεύεται
719 864 791 900 γὰρ,
812 874 821 890 ‹
841 864 870 890 '0

70 913 136 944 θεὸς
161 913 223 948 μεθ’
238 913 326 948 ἡμῶν.
346 922 355 939 ι
370 913 430 939 Ὅτι
453 912 481 938 δὲ
504 912 534 938 οὐ
565 912 654 947 μόνων
673 911 748 937 ἔσται
764 911 818 937 τῶν
843 910 872 943 ἐξ

71 959 187 994 αἵματος
202 959 313 994 Ἰσραὴλ
379 959 408 984 το
426 958 553 994 τηνικάδε
574 957 680 992 κλῆτις,
696 957 823 984 ἁπάντων
844 956 872 982 δὲ

72 1006 176 1040 μᾶλλον
198 1005 254 1032 τῶν
281 1005 333 1032 ἀνὰ
349 1005 438 1032 πᾶσαν
456 1004 505 1040 τὴν
521 1004 685 1039 οἰκουμένην
703 1003 797 1035 ἐθνῶν,
815 1002 873 1029 δια-

73 1051 236 1086 μεμήνυκεν
259 1049 353 1082 εἰπὼν,
371 1049 409 1081 ὡς
423 1050 455 1076 ὲκ
473 1049 566 1075 πασῶν
588 1049 694 1075 ἔσονται
711 1048 766 1074 τῶν
784 1047 872 1082 γλωσ-

73 1094 128 1122 σῶν
146 1095 172 1121 οἱ
188 1095 416 1130 ἐπιδραττόμενοι
433 1094 478 1121 τοῦ
498 1094 664 1130 κρασπέδου.
684 1093 754 1120 Πότε
773 1093 801 1119 δὲ
825 1092 872 1119 κέ-

73 1141 188 1176 κληνται
203 1142 239 1168 τα
254 1141 316 1176 ἔθνη
334 1141 403 1177 προς
423 1140 570 1175 ἐπίγνωσιν
586 1139 726 1176 ἀληθείας,
739 1139 786 1166 καὶ
806 1139 871 1165 πότε

73 1186 256 1223 βεὸούληνται
270 1186 421 1222 ὲκζητῆσαι
441 1186 471 1213 τὸ
491 1187 636 1222 πρόσωπον
652 1185 767 1220 Κυρίου,
784 1184 871 1218 ἐξιλά-

75 1233 176 1260 σασθαι
191 1243 222 1260 τε
238 1234 329 1267 αὑτὸν,
345 1234 392 1261 καὶ
411 1235 466 1266 τοῖς
485 1233 573 1268 ἁγίοις
588 1232 748 1263 ἀποστόλοις
760 1231 809 1267 τὴν
824 1231 872 1258 αὑ-

73 1281 124 1316 τὴν
147 1281 243 1317 ὥσπερ
267 1281 431 1317 διαστείχειν
453 1281 522 1313 ὁδὸν,
537 1281 560 1307 εἰ
578 1280 615 1316 μὴ
629 1281 673 1306 ὅτε
687 1280 783 1314 γέγονε
807 1278 873 1306 καθ’

74 1328 152 1362 ἡμᾶς
169 1328 184 1354 6
210 1327 381 1363 Μονογενής;
398 1327 427 1359 ὃς
451 1328 509 1353 ἐστι
538 1336 547 1352 ι
561 1326 709 1362 προσδοκία
739 1325 840 1353 ἐθνῶν·
862 1334 871 1351 1

75 1375 112 1402 τὰ
133 1375 198 1410 ἔθνη
220 1376 270 1401 ὅσα
293 1371 424 1410 ἐποίησας
448 1374 543 1410 ἥξουσι
567 1374 613 1401 καὶ
637 1373 873 1410 προσκυνήσουσιν

77 1422 148 1456 αὐτὴ
161 1422 216 1449 τῶν
229 1421 312 1449 ἐθνῶν
327 1422 343 1457 ἡ
357 1421 471 1458 πληθύς.

387 1489 513 1516 ΚΕΦΑΛ.
529 1488 567 1515 6’.

114 1551 224 1587 Λῆμμα
236 1552 331 1588 λόῃου
348 1553 458 1586 Κυρίου
470 1553 505 1579 ἐν
575 1551 689 1586 Ἅδρὰχ,
707 1551 758 1578 καὶ
778 1553 875 1587 Δαμα-

77 1598 159 1626 σκοῦ
176 1598 350 1632 ἀνάπαυσις
369 1599 472 1630 αὐτοῦ,
490 1598 565 1626 διότι
587 1599 696 1632 Κύριος
714 1598 808 1633 ἐφορᾷ
821 1599 875 1626 ἀν-

79 1644 228 1678 θρώπους,
258 1644 308 1671 καὶ
334 1643 435 1676 πάσας
459 1644 560 1678 φυλὰς
586 1644 640 1671 τοῦ
660 1645 794 1678 Ἰσραήλ.
821 1645 876 1672 Kal

85 1689 176 1724 Ἠμὰθ
188 1689 223 1715 ἐν
236 1688 300 1721 τοῖς
318 1689 409 1722 ὁρίοις
420 1690 525 1724 αὐτῆς.

115 1736 180 1762 NB’.
203 1736 260 1762 Οὐκ
274 1736 377 1771 ἀτραχυ
396 1737 445 1771 μὲν
463 1737 493 1763 τὸ
508 1736 698 1772 προκείμενον,
716 1737 877 1772 δυσέφικτος

80 1782 109 1809 δὲ
123 1782 222 1817 κομιδῇ
238 1783 285 1808 καὶ
300 1782 368 1817 αὑτὴ
383 1782 437 1809 τῶν
452 1782 552 1815 λέξεων
567 1784 583 1818 ή
601 1783 734 1819 συνθήκη.
751 1784 824 1820 Πλὴν
839 1784 877 1815 ὡς

82 1829 121 1855 ἔνι
135 1829 274 1860 λελέξεται
284 1829 450 1864 πρδςήμῶν.
468 1830 507 1856 Τά
523 1838 554 1864 γε
571 1829 623 1865 μὴν
641 1831 684 1864 ἐφ’
696 1827 737 1862 οἷς
752 1830 877 1866 είρῆσθαι

82 1874 169 1900 ταῦτα
185 1873 344 1908 νομιοῦμεν,
355 1874 466 1906 εἰκότως
480 1874 677 1910 προαγορεύειν
687 1875 803 1911 ἀνάγκη·
816 1884 878 1911 νοη-

83 1919 143 1955 θείη
156 1919 210 1955 γὰρ
223 1920 255 1946 ἂν
271 1917 321 1946 ὧδέ
341 1928 369 1946 τε
385 1920 432 1946 καὶ
447 1919 522 1955 μόλις
536 1921 586 1956 τῆς
602 1920 766 1956 προφητείας
778 1921 792 1946 6
805 1920 876 1952 νοῦς.

83 1966 148 1993 Ὅτε
164 1966 254 1992 τοίνυν
272 1966 326 1992 τῶν
346 1966 395 2001 τῆς
415 1966 603 2001 αἰχμαλωσίας
619 1965 726 2001 δεσμῶν
742 1966 834 2002 ἀνείθη
849 1974 877 1992 τε

83 2014 131 2040 καὶ
158 2012 333 2048 ἀπήλλακται
359 2012 429 2038 κατὰ
453 2013 565 2048 καιροὺς
591 2013 604 2039 6
619 2012 738 2048 Ἰσραὴλ,
758 2010 825 2048 ἧκόν
847 2021 877 2038 τε

84 2059 177 2085 λοιπὸν
191 2060 232 2090 εἰς
247 2058 297 2093 τὴν
311 2057 452 2090 Ἰουδαίαν,
464 2058 511 2085 καὶ
526 2058 705 2094 ἀνατειχίζειν
718 2058 878 2094 ἐπεχείρουν

85 2105 134 2139 τὴν
153 2104 346 2140 Ἰερουσαλὴμ,
369 2104 430 2130 τότε
456 2104 506 2139 δὴ,
532 2104 592 2131 τότε
614 2105 649 2131 τὰ
675 2105 802 2139 περίοικα
825 2105 879 2131 τῶν

86 2150 181 2183 ἐθνῶν,
196 2151 222 2177 οἵ
234 2159 263 2176 τε
281 2150 330 2185 τὴν
345 2150 504 2185 Σαμάρειαν
518 2149 665 2183 οἰκοῦντες,
676 2149 721 2176 καὶ
738 2150 761 2176 οἱ
772 2149 820 2181 τὰς
830 2151 879 2185 τῆς

86 2197 282 2232 Παλαιστίνης,
293 2196 340 2223 καὶ
359 2196 410 2232 μὴν
427 2197 473 2222 καὶ
486 2196 610 2232 Φοινίκης
620 2197 765 2231 νεμόμενοι
774 2196 876 2228 πόλεις,

86 2244 283 2271 κατεδάκνοντο
297 2242 397 2278 φθόνῳ,
411 2242 478 2278 ὁμοῦ
500 2242 527 2269 δὲ
550 2243 595 2269 καὶ
610 2242 754 2273 ἐδεδίεσαν,
769 2242 805 2278 μὴ
827 2242 881 2278 ἄρα

85 2290 117 2326 δὴ
131 2290 212 2317 πάλιν
226 2289 430 2324 ἁνενεγκόντων
452 2289 543 2320 αὐτοῖς
555 2288 608 2315 τῶν
620 2288 834 2323 πραγμάτωνεζς
849 2287 880 2314 τὸ

85 2337 132 2363 ἀπ’
149 2337 248 2371 ἀρχῆς,
265 2335 311 2362 καὶ
327 2336 366 2367 είς
382 2335 486 2371 πληθὺν
511 2334 665 2370 ἀμέτρητον
690 2334 878 2368 ἐκτεινομένου

84 2383 132 2410 τοῦ
146 2383 255 2417 γένους,
277 2380 336 2410 εἶτα
351 2382 428 2408 πόλιν
442 2382 549 2416 ἔχοντες
570 2381 619 2416 τὴν
636 2380 706 2406 οὕτω
725 2379 878 2406 δυσάλωτον

85 2430 132 2456 καὶ
150 2428 369 2464 εὐπυργοτάτην,
383 2426 646 2463 καταστρατεύοιντο
670 2426 750 2453 πάλιν
777 2425 877 2458 αὐτῶν,

85 2476 132 2502 καὶ
147 2475 254 2510 ἄμαχόν
274 2483 344 2508 τινα,
357 2474 427 2501 καθὰ
443 2474 490 2500 καὶ
506 2473 599 2504 πάλαι,
613 2472 879 2508 κατεξαναστήσειαν

85 2522 175 2548 αὐτῶν
186 2521 236 2557 τὴν
244 2522 335 2556 χεῖρα,
345 2519 432 2556 ταύτῃ
441 2528 481 2545 τοι
493 2518 620 2553 τειχίζειν
632 2518 772 2549 ἐθέλοντας
783 2518 880 2544 διακω-

85 2568 158 2594 λύειν
182 2567 290 2602 ἣθελον,
313 2566 428 2601 πικρῶς
451 2565 596 2600 ἀρτύοντες
618 2564 724 2595 λόγους.
751 2564 797 2590 καὶ
826 2563 878 2599 μὴν

84 2614 131 2640 καὶ
150 2613 264 2647 ἐφόδους
285 2612 434 2648 λῃστρικὰς
448 2611 570 2642 ἱστάντες
587 2607 779 2641 αὖτοῖςΪΠχον
794 2609 821 2636 δὲ
839 2611 880 2642 είς

84 2658 163 2684 τοῦτο
188 2657 340 2693 βασκανίας
356 2657 400 2682 καὶ
427 2655 539 2690 φθόνου,
563 2655 632 2681 ὥστε
655 2655 701 2681 καὶ
724 2655 879 2690 γεγράφασι

84 2704 122 2740 τῷ
138 2703 252 2739 Περσῶν
269 2702 437 2737 βασιλεύοντι
452 2702 482 2728 τὸ
495 2702 621 2736 τηνικάδε
633 2701 667 2727 τὰ
682 2702 710 2728 ὲν
723 2701 761 2736 τῷ
778 2701 879 2737 Ἕσδρᾳ

84 2751 207 2786 κείμενα.
231 2750 310 2784 Ἔχει
334 2748 362 2774 δὲ
379 2747 479 2779 οὕτως·
497 2757 506 2772 ι
524 2747 632 2773 Βασιλεῖ
646 2747 810 2784 Ἀρταξέρξῃ
830 2756 879 2773 κυ-

85 2795 143 2832 ρίῳ.
158 2797 182 2822 οἱ
198 2793 297 2825 παῖδές
313 2802 360 2820 σου
372 2801 379 2808 ”
400 2793 535 2829 Ῥᾀθυμος
549 2793 563 2819 ὁ
574 2793 608 2820 τὰ
623 2793 795 2828 πραττόμενα
810 2792 878 2828 γρά-

117 2885 138 2900 “
157 2884 259 2920 liplu-s.
277 2891 314 2915 Ix,
331 2883 372 2910 l3.
428 2883 449 2898 ⁸⁷
463 2882 530 2910 Gen.
552 2890 625 2915 un,
654 2883 696 2909 l0.

509 164 787 194 (ZOMMENTARIES
807 165 839 192 IN
859 163 1062 193 ZACllAnlAM
1084 163 1309 195 PROPHETAM.

1662 165 1713 193 ιῖιι

887 224 910 252 Α
925 225 965 248 tra
979 228 1099 248 errorem
1118 221 1322 256 periculmnque
1339 221 1508 256 gradiuntur.
1533 220 1634 250 Eodem
1659 230 1716 250 mo~

923 266 967 300 do,
986 269 1091 302 opinor,
1108 272 1135 294 et
1150 267 1194 302 qui
1214 268 1294 295 rebus
1311 269 1426 296 conditis
1448 269 1601 297 servierunt
1626 270 1716 304 potius

923 321 1002 347 quam
1021 313 1209 340 universorum
1225 313 1375 347 Conditori,
1398 322 1446 349 pro
1472 317 1608 349 germanis
1637 317 1717 350 patri-

923 358 972 386 bus
987 363 1146 393 eooptantes
1168 359 1385 393 evangelicorum
1405 362 1557 394 dogmatum
1587 361 1716 396 explana-

923 409 1005 436 tores.
1020 409 1045 432 et
1073 413 1119 439 per
1132 405 1303 432 concordiam
1324 405 1376 432 illis
1412 407 1541 441 colligati,
1565 413 1716 442 sequuntur

922 458 978 482 eos,
994 450 1111 478 infantes
1125 451 1337 486 adlmcjudiciis,
1353 458 1380 480 et
1393 452 1474 478 simili
1506 453 1546 478 via
1575 453 1714 483 incedunt,

922 503 1014 523 eorum
1030 497 1089 523 vita:
1103 496 1253 524 imitatores
1281 496 1416 524 manifesti
1434 518 1441 530 ,
1467 502 1494 524 et
1524 499 1659 532 perpetuis
1682 498 1716 525 ad

922 542 1033 569 meliora
1059 542 1234 570 incrementis
1255 552 1263 568 ι
1295 543 1320 570 in
1347 543 1435 570 virum
1461 544 1619 578 perfectum,
1644 548 1669 570 et
1689 544 1715 570 in

922 595 1075 615 mensuram
1090 589 1176 616 :etatis
1189 589 1365 624 plenitudinis
1377 589 1475 616 Christi
1486 589 1508 605 ⁵⁸
1526 599 1535 615 ι
1554 590 1714 617 evadentes.

921 635 1101 667 Quamobrem
1120 641 1210 663 autem
1226 636 1397 670 sequuntur?
1418 636 1498 663 Certo
1511 636 1582 663 enim
1601 636 1717 663 credunt

922 681 1018 713 Deum,
1032 681 1082 708 hoc
1099 686 1140 708 est
1151 682 1352 709 Emmanuelem
1365 691 1425 710 cum
1441 682 1493 710 illis
1502 690 1562 710 esse
1578 683 1717 709 :redditnr

922 728 992 754 enim
1022 736 1031 752 ι
1046 727 1191 755 Nobiscum
1209 728 1288 755 Deus.
1311 737 1321 754 ι
1336 728 1512 756 Vocationem
1543 735 1624 763 porro
1638 728 1712 755 illam

923 780 975 800 non
990 778 1093 800 tantum
1109 774 1224 801 ﬁliorum
1235 774 1327 807 Israel,
1342 774 1388 801 sed
1405 774 1525 801 omnium
1551 781 1599 808 per
1621 774 1714 801 orbem

922 819 1041 854 gentium
1060 819 1129 851 fore,
1147 820 1225 847 docet
1243 827 1302 846 cum
1322 821 1369 853 ait,
1382 828 1414 847 ex
1434 820 1561 847 omnibus
1593 819 1649 846 fore
1664 819 1716 847 lin-

923 865 983 898 guis
998 865 1043 899 qui
1061 866 1271 900 apprchendent
1284 866 1428 892 ﬁmbriam.
1445 866 1556 899 Quando
1568 872 1657 893 autem
1671 874 1718 893 γο-

888 919 908 946 B
924 915 990 936 cata:
1014 915 1076 937 sunt
1088 916 1182 944 gentes
1199 911 1231 938 ad
1244 912 1407 946 agnitionem
1419 913 1551 944 veritatis,
1567 917 1593 938 et
1608 912 1716 946 quando

923 955 1218 991 volueruntexquirere
1234 957 1330 984 [aciem
1347 958 1462 990 Domini,
1489 962 1516 984 et
1545 965 1607 984 eum
1626 958 1717 992 propi-

923 1002 1105 1034 tiare,etcum
1121 1003 1221 1030 sanctis
1238 1003 1366 1037 apostolis
1378 1004 1455 1038 quasi
1486 1003 1581 1030 cadent
1597 1003 1639 1029 via
1674 1004 1716 1030 in-

922 1048 1101 1083 gredi,729
1120 1049 1172 1076 nisi
1200 1049 1308 1084 quando
1336 1055 1459 1076 nostram
1487 1055 1611 1076 naturam
1631 1050 1718 1076 induit

923 1092 1104 1128 Unigcnitns?
1116 1093 1162 1128 qui
1178 1099 1220 1122 est
1238 1103 1247 1120 ‹
1264 1096 1433 1130 exspectatio
1460 1096 1580 1130 gentium
1589 1095 1629 1128 ⁸⁷;
1647 1104 1656 1120 ι
1673 1095 1717 1122 cui

924 1145 1017 1167 cantat
1031 1140 1111 1167 etiam
1123 1140 1231 1168 divinus
1247 1141 1330 1168 David
1347 1150 1353 1168 :
1380 1151 1389 1168 ‹
1407 1140 1508 1169 Omnes
1526 1145 1619 1176 gentes
1637 1149 1719 1176 quas-

924 1194 1031 1221 cunque
1043 1186 1142 1220 fecisti,
1156 1189 1266 1215 venient
1294 1193 1320 1216 et
1334 1188 1485 1216 adorabunt
1498 1196 1589 1215 coram
1613 1192 1648 1221 te,
1668 1189 1718 1215 Do-

926 1232 999 1260 mine
1011 1233 1044 1260 “.
1062 1242 1071 1258 ι
1085 1233 1137 1261 Per
1153 1234 1240 1268 ipsum
1255 1234 1327 1262 enim
1344 1239 1371 1262 et
1388 1234 1447 1270 ipsa
1461 1233 1581 1269 gentium
1595 1233 1718 1261 multitu-

927 1279 960 1306 do
972 1279 1074 1306 salvata
1095 1284 1147 1307 est.

892 1326 960 1362 πρὸς
979 1325 1009 1352 ὃν
1043 1325 1089 1352 καὶ
1106 1327 1120 1352 6
1148 1325 1291 1358 θεσπέσιος
1313 1327 1465 1362 ἀναμέλπει
1482 1327 1579 1354 Δαῦίδι
1600 1337 1608 1352 ι
1625 1326 1718 1353 Πάντα

910 1373 1025 1400 ἐνώπιόν
1051 1382 1108 1406 σου,
1122 1373 1243 1410 Κύριε.»
1275 1374 1415 1402 Σέσωσται
1439 1375 1493 1410 γὰρ
1515 1374 1548 1401 δι’
1566 1374 1649 1402 αὑτοῦ
1671 1374 1719 1401 καὶ

1249 1485 1327 1516 CAP.
1337 1487 1381 1515 IX.

962 1556 1045 1585 Vens.
1074 1555 1142 1589 {,2.
1173 1555 1324 1588 Assumptio
1353 1554 1422 1581 verbi
1450 1554 1558 1582 Domini
1598 1557 1625 1583 in
1648 1562 1718 1584 terra

926 1603 1042 1635 Adracli,
1058 1607 1080 1629 et
1101 1601 1226 1628 Damasci
1240 1601 1341 1636 requies
1361 1600 1427 1635 ejus,
1445 1602 1506 1632 quia
1537 1601 1664 1629 Dominus
1678 1612 1719 1629 re-

927 1650 1002 1684 spicit
1021 1649 1148 1681 hominen,
1168 1653 1192 1675 et
1206 1655 1294 1676 omnes
1307 1647 1392 1674 tribus
1406 1647 1500 1675 Israel.
1514 1647 1547 1675 Et
1565 1647 1662 1676 Emam
1690 1650 1717 1676 in

926 1695 1024 1729 ﬁnibus
1036 1693 1105 1728 ejus.

963 1740 1016 1767 Lll.
1033 1739 1119 1768 Locus
1148 1739 1314 1771 salebrosns,
1333 1743 1360 1766 et
1379 1739 1526 1767 verborum
1557 1740 1606 1767 ista
1635 1742 1719 1769 serits

928 1785 1043 1813 difﬁcilis
1065 1788 1098 1812 ad
1130 1784 1345 1819 intelligendum.
1374 1783 1576 1818 Verumtamen,
1589 1792 1718 1820 quantum

929 1832 955 1859 in
970 1832 1046 1859 nobis
1059 1836 1181 1864 est,eam
1204 1831 1392 1858 enodabimus.
1420 1830 1506 1859 Porro
1529 1831 1718 1866 explicandum

928 1879 1003 1913 prius
1018 1878 1051 1905 de
1066 1877 1163 1912 quibus
1178 1877 1226 1905 ista
1242 1877 1313 1904 dicta
1340 1877 1435 1903 merito
1461 1877 1658 1905 existimemus.
1675 1878 1720 1905 Sic

928 1925 1013 1956 enim,
1029 1928 1057 1951 et
1072 1924 1115 1950 vix
1133 1928 1225 1951 tamen
1242 1922 1364 1950 vaticinii
1384 1930 1481 1950 sensus
1497 1923 1618 1957 liquebit.
1629 1924 1720 1956 Quan-

929 1971 963 1997 do
981 1969 1236 2004 igitureaptivitatis
1249 1968 1361 1995 vinculis
1376 1968 1491 1995 emissus
1525 1969 1653 1996 liberatus
1678 1975 1719 1996 est

929 2017 994 2044 olim
1009 2015 1100 2049 Israel,
1115 2019 1142 2042 et
1154 2015 1190 2042 ita
1206 2016 1232 2042 in
1246 2014 1365 2042 Judteam
1383 2014 1498 2047 revenit,
1515 2018 1542 2041 et
1568 2014 1718 2043 Jerusalem

930 2063 1083 2090 instaurare
1099 2061 1214 2096 occepit,
1228 2066 1300 2094 tunc,
1315 2066 1378 2088 tunc
1392 2060 1487 2088 vicime
1504 2065 1607 2096 gentes,
1625 2060 1720 2088 Sama-

930 2109 999 2140 ritae,
1017 2113 1043 2135 et
1052 2107 1201 2139 Palaestini,
1216 2112 1242 2135 et
1254 2107 1405 2139 Phaanices,
1421 2106 1520 2133 invidia
1534 2106 1670 2138 ardentes,
1685 2106 1719 2132 ti-

931 2160 1087 2188 mentesque
1098 2153 1178 2181 simul
1191 2161 1239 2186 ne,
1255 2153 1336 2180 rebus
1351 2153 1459 2180 illorum
1475 2153 1507 2180 ad
1520 2153 1660 2188 pristinam
1682 2152 1720 2179 in-

930 2200 1114 2228 columitatem
1131 2200 1275 2232 revocatis,
1294 2204 1321 2226 et
1335 2207 1433 2235 genere
1453 2199 1480 2226 in
1495 2199 1656 2226 immensum
1671 2207 1720 2226 au-

930 2251 1058 2279 cto,cum
1075 2246 1170 2273 urbem
1183 2246 1315 2273 haberent
1350 2249 1506 2280 expttgnalu
1531 2243 1664 2272 dimcilem
1688 2252 1720 2272 ac

929 2293 1152 2324 munitissimam,
1167 2292 1264 2319 deinde
1286 2292 1358 2326 ipsos
1389 2291 1458 2318 bello
1492 2291 1666 2324 lacesserent,
1691 2295 1719 2318 et

932 2337 1073 2368 invictum,
1091 2341 1120 2364 ut
1129 2337 1205 2368 olim,
1221 2341 1315 2363 contra
1327 2343 1357 2364 se
1372 2336 1523 2363 exercitum
1541 2335 1717 2368 adducerent,

929 2384 971 2411 his
982 2384 1016 2410 de
1027 2383 1116 2410 causis
1130 2390 1222 2410 muros
1232 2382 1367 2410 aediﬁcare
1375 2389 1518 2416 aggressos
1530 2381 1659 2416 impedire
1670 2389 1718 2408 co-

931 2428 986 2456 nati
1005 2433 1080 2462 sunt,
1096 2429 1179 2456 verba
1195 2428 1364 2456 amarulenta
1377 2428 1522 2462 jactantes,
1533 2433 1560 2454 et
1571 2427 1718 2462 populatio-

928 2475 1007 2502 nibus
1021 2476 1046 2502 in
1061 2483 1107 2502 eos
1119 2479 1285 2510 grassantes.
1302 2474 1340 2502 Eo
1367 2479 1456 2502 autem
1474 2473 1679 2502 obtrectationis
1690 2478 1717 2500 et

928 2521 1035 2548 invidia:
1045 2521 1252 2556 prodierunt,ut
1267 2520 1320 2555 regi
1335 2519 1481 2548 Persarum
1502 2527 1551 2554 per
1567 2519 1593 2546 id
1611 2523 1716 2554 tempus

928 2566 1089 2598 Scriberent,
1120 2572 1180 2601 quae
1211 2564 1245 2592 ab
1281 2564 1365 2592 Esdra
1394 2565 1542 2592 recitantur
1573 2563 1614 2591 liis
1627 2564 1717 2591 verbis

929 2613 1121 2647 propemodum
1140 2620 1147 2638 :
1164 2622 1173 2638 ι
1192 2611 1259 2646 Regi
1273 2611 1415 2638 Artaxerxi
1429 2611 1549 2644 domino,
1567 2610 1637 2638 servi
1647 2609 1714 2643 ejus,

928 2656 1083 2692 Ratltymus
1113 2661 1234 2683 actorum
1264 2657 1363 2688 scriba,
1379 2661 1405 2683 et
1421 2655 1553 2683 Semelius
1569 2656 1667 2686 scriba,
1690 2660 1717 2682 et

927 2702 1022 2737 reliqui
1039 2703 1072 2729 de
1089 2702 1214 2734 consilio,
1230 2705 1258 2729 et
1269 2701 1374 2736 judices
1388 2702 1412 2728 in
1427 2701 1573 2736 leesyria
1595 2705 1621 2727 et
1635 2700 1716 2728 Pbm‘

927 2749 997 2775 nice.
1013 2749 1095 2776 Nosse
1109 2753 1134 2776 te
1147 2748 1283 2780 convenit,
1297 2747 1466 2780 rex,Jud;cos
1479 2747 1643 2782 Babylonem
1660 2751 1716 2772 tra-

928 2796 1023 2822 ductos
1037 2797 1142 2823 venisse
1168 2795 1193 2822 in
1210 2795 1374 2830 provinciam
1403 2799 1536 2822 nostram.
1567 2797 1592 2820 et
1623 2792 1715 2818 urbem

886 1507 908 1535 C

892 2186 914 2213 D

756 2883 777 2898 ⁸⁸
791 2882 860 2910 l’sal.
880 2891 978 2915 Lxxxv,
993 2883 1019 2910 8.
