1910 3050
75 137 126 171 13":

493 141 767 174 COMMENTARIUS
787 144 820 174 IN
840 143 1041 175 ZACllARlAM
1059 144 1284 175 PROPHETAM.

1651 147 1702 176 £38

71 201 164 233 δὼνος,
177 201 206 226 αῖ
220 199 251 235 δὴ
273 199 394 234 μάλιστα
416 199 470 227 τῶν
488 202 575 229 ἄλλων
591 204 773 240 διαφερόντως
790 205 863 231 τετί-
878 211 901 239 Α

915 204 1021 232 caeteris
1032 209 1110 232 crant
1123 203 1354 235 honoratissimm,
1371 206 1532 236 praestantes
1548 202 1662 236 viribus,
1673 209 1702 231 et

71 255 166 282 μην-το,
180 245 347 280 προέχουσαι
371 247 420 282 μὲν
431 247 524 283 λσχύί,
541 250 587 276 καὶ
603 250 720 286 πλούτῳ,
739 251 785 277 καὶ
801 252 861 283 ταῖς

69 291 190 326 ἀνδρίαις
206 291 260 318 τῶν
275 294 486 328 κατῳκηκότων,
503 294 613 330 ἔχουσαι
636 296 665 322 δὲ
692 296 785 332 ὥσπερ
809 297 862 323 ὑπὸ

68 339 149 372 χεῖρα
174 337 224 368 τὰς
250 337 344 372 ἄλλας,
365 340 412 366 καὶ
439 340 495 367 τῶν
519 341 626 377 ὁμόρων
653 343 859 378 ὑπερκείμεναι.

68 383 174 410 Οὐκοῦν
200 384 367 420 ἐπειδήπερ,
392 387 491 422 φησιν,
515 388 619 424 ὑψηλὴν
644 389 785 416 ἀνασπῶσι
813 390 862 425 τὴν

67 430 154 465 ὀφρὺν
173 431 257 457 Σιδών
270 440 299 457 τε
315 433 362 459 καὶ
376 433 474 468 Τύρος,
491 435 592 461 οἴονται
608 435 635 462 δὲ
652 433 722 462 εἶναι
737 436 818 463 δεινοί
832 445 862 463 τε

69 476 116 502 καὶ
132 476 293 512 ἄθραυστοι,
307 479 354 504 καὶ
370 478 557 516 τεθαρσήκασι
570 481 619 516 μὲν
633 482 676 508 ἐπ’
689 481 860 518 ὀχυρώμασι,

67 522 192 548 τουτέστι
209 522 307 557 τειχῶν
322 524 489 559 περιϐολαῖς,
501 525 583 560 ἤγουν
598 526 644 552 καὶ
658 526 760 562 ἑτέροις
773 527 862 562 πράγ-

70 576 148 602 μασι,
175 568 211 594 δι’
223 565 261 595 ὧν
278 569 311 595 ἄν
324 567 353 595 εὖ
371 569 427 605 ἔχοι
440 571 487 597 κα)⁴
503 571 615 604 σώζοιτο
631 573 717 606 πόλις,
727 574 864 609 πεφρονή-

68 622 133 639 κασι
145 614 175 640 δὲ
194 615 242 641 καὶ
257 616 304 642 ἐπὶ
316 615 423 651 πλούτῳ
441 617 521 652 μέγα,
537 618 624 654 ταύτῃ
637 627 678 644 τοι
695 619 862 654 μαθήσονται

67 660 112 686 διὰ
131 661 231 696 πείρας
253 662 346 697 αὐτῆς,
361 662 401 688 ὅτι
418 663 521 698 Κύριος
545 664 743 700 κληρονομήσει
764 665 860 702 αὑτήν.

69 706 289 742 Πεποροηκότων
313 708 367 743 γὰρ
391 709 477 744 αὐτὴν
501 709 556 736 τῶν
584 709 613 742 ἐξ
635 710 754 746 Ἰσραὴλ,
779 712 863 746 ἧγουν

66 752 277 780 οὺεσπασιανοῦ
295 755 343 781 καὶ
358 756 449 788 Τίτου,
466 756 756 792 κληρονομηθήσεσθαί
779 767 863 792 φησιν

69 798 154 833 αὐτὴν
177 799 256 835 παρὰ
270 800 349 828 Θεοῦ.
367 802 421 828 Καὶ
436 801 491 837 γὰρ
509 800 544 838 ἦν
560 802 641 834 αὐτὸς
657 804 672 829 ὁ
687 803 861 839 παραδιδοὺς,

67 844 114 871 καὶ
127 845 181 872 ὑπὸ
199 847 279 882 χεῖρα
298 847 383 879 τιθεὶς
399 848 453 875 τῶν
467 849 610 884 ᾑρηκότων
628 850 722 884 αὑτήν.
733 850 864 885 Ῥωμαῖοι

913 249 1023 281 divitiis,
1040 254 1067 277 et
1081 249 1228 277 incolarum
1245 248 1412 281 fortitudine,
1441 253 1468 276 et
1487 248 1556 276 alias
1575 249 1653 284 quasi
1676 249 1702 277 iu

913 299 1046 330 potestate
1059 295 1202 327 habentes,
1217 299 1244 321 et
1263 293 1415 322 conﬁnibus
1435 295 1600 330 superiores.
1631 295 1705 328 Quo-

912 340 985 368 niam
1001 341 1091 376 igitur,
1111 341 1206 374 inquit,
1233 340 1405 374 supercilium
1435 341 1531 368 tollunt
1561 341 1648 377 Tyrus
1678 347 1706 368 et

914 387 1009 420 Siden,
1025 387 1245 421 arbitranturque
1264 393 1296 413 se
1320 391 1443 421 potentes
1461 392 1488 414 et
1515 386 1718 419 inconcussas,‘

912 438 940 460 ct
952 440 1026 468 spem
1044 438 1177 468 reponunt
1191 433 1216 460 in
1230 433 1436 465 munitionibus,
1453 434 1502 460 hoc
1517 439 1558 461 est
1579 434 1604 461 in
1620 435 1703 462 muris

914 479 1010 514 quibus
1023 480 1189 512 ambiuntur,
1201 479 1259 506 sive
1278 479 1304 506 in
1326 479 1407 507 rebus
1422 479 1484 506 aliis
1498 481 1597 514 quibus
1610 480 1704 507 floreat

914 529 941 552 et
957 525 1030 552 salva
1047 525 1082 564 sit
1096 525 1204 557 civitas,
1215 525 1249 552 de
1265 525 1419 552 divitiarum
1443 526 1524 553 etiam
1547 527 1623 561 copia
1654 527 1704 554 sibi

914 571 1058 606 plaudunt,
1072 571 1172 598 idcirco
1191 572 1247 606 ipsa
1260 571 1426 606 experientia
1444 571 1632 606 discentquod
1652 572 1706 599 Do-

914 617 1003 644 minus
1017 617 1242 652 possidebiteam.
1259 618 1444 652 Expugnatam
1470 617 1541 645 enim
1572 618 1604 645 ab
1617 618 1706 646 Israe-

914 663 982 697 litis,
996 668 1043 691 aut
1059 664 1228 699 Vespasiano
1252 669 1284 692 et
1298 664 1370 696 Tito,
1385 671 1539 698 possessum
1557 665 1589 691 iri
1616 672 1631 692 a
1654 664 1707 693 Do-

914 711 988 737 mino
999 711 1096 745 inquit.
1107 710 1166 745 Ipse
1186 711 1258 738 enim
1273 715 1332 738 erat
1348 710 1392 745 qui
1406 711 1519 738 tradidit
1532 716 1560 738 et
1570 711 1596 738 in
1611 719 1707 738 manus

914 756 1108 789 occupantium
1121 756 1205 783 dedit.
1221 756 1336 784 Romani
1356 763 1474 791 namque
1505 760 1590 784 totum
1611 758 1706 785 orbem

915 802 941 828 in
956 802 1083 828 ditionem
1099 809 1174 830 suam
1197 803 1363 838 redigentes,
1391 802 1463 830 ultro
1489 810 1519 831 se
1545 803 1707 831 dedentibus

914 848 1062 875 clementes
1089 853 1117 876 et
1131 848 1271 884 benignos,
1286 848 1474 877 resistentibus
1504 856 1591 882 acres,
1620 854 1647 876 et
1667 849 1707 877 in—

68 891 120 925 τὰρ
130 893 191 923 τοῖς
204 892 279 923 ίδίοις
289 893 471 928 ὑποφέροντες
489 895 639 930 σκήπτροις
653 895 700 931 τὴν
714 895 861 931 σύμπασαν
878 893 898 920 Β

915 894 999 921 victos
1013 901 1074 921 sese
1090 895 1254 929 praebebant.
1270 894 1357 930 Ipsam
1375 895 1457 929 igitur
1474 894 1705 930 conﬂagraturam

66 935 126 971 γῆν,
143 938 203 968 τοῖς
226 938 275 972 μὲν
299 939 420 966 εἴξουσιν
444 940 545 975 ἀμαχεὶ
569 941 652 976 πρᾶοί
676 949 707 967 τε
727 938 797 976 ἦσαν
817 942 864 968 καὶ

65 983 234 1017 προσηνεῖς”
260 984 316 1015 τοῖς
344 993 376 1018 γε
400 985 454 1020 μὴν
479 985 639 1020 ἁντεξάγειν
661 986 798 1013 ἐθέλουσιν
817 987 865 1012 ὲπ-

65 1028 181 1061 εφύοντο
194 1030 242 1056 καὶ
263 1030 339 1057 αὐτοὶ
353 1031 460 1066 δριμεῖς
476 1040 505 1058 τε
519 1032 567 1058 καὶ
581 1032 693 1067 ἄμαχοι.
714 1033 865 1068 Καταπρη-

64 1073 220 1108 σθήσεσθαι
247 1074 279 1110 δὴ
296 1072 342 1102 οὖν
369 1084 451 1111 φησιν
476 1077 562 1112 αὐτὴν
578 1077 812 1113 κατεσπασμένων
836 1079 865 1105 ἐν

64 1118 190 1156 θαλάσσῃ
217 1120 272 1147 τῶν
299 1121 495 1158 ὀχυρωμάτων,
516 1123 563 1150 καὶ
587 1123 790 1159 διηρπασμένου
815 1124 862 1152 τοῦ

67 1164 196 1198 πλούτου,
215 1167 241 1193 εἰ
255 1168 303 1194 καὶ
313 1166 347 1203 ἦν
357 1168 394 1199 ὡς
409 1169 474 1204 χοῦς
487 1169 518 1196 τὸ
529 1170 650 1205 χρυσίον,
665 1171 712 1197 καὶ⁸
727 1171 764 1203 ὡς
779 1171 863 1206 πηλὸς

64 1211 135 1238 ὁδῶν
153 1212 185 1238 τὸ
202 1213 335 1249 ἀργύριον
349 1215 585 1251 αὐτῆς.¹Έμποροι
600 1216 654 1251 γὰρ
669 1217 796 1250 γεγόνασι
807 1217 862 1243 δει-

68 1257 119 1289 νοὶ,
134 1258 183 1284 καὶ
198 1258 433 1296 φιλοκερδέστατοι
448 1260 518 1292 λίαν,
536 1261 561 1287 οί
584 1262 633 1296 τῆς
647 1261 734 1296 Τύρου
758 1262 864 1297 οἰκήτο-

70 1311 127 1338 ρες,
139 1304 188 1330 καὶ
197 1305 262 1340 περί
271 1314 303 1339 γε
319 1306 414 1333 τούτου
430 1307 532 1338 πλατὺς
544 1307 592 1334 καὶ
603 1307 708 1342 μακρὸς
718 1308 865 1343 πεποίηται

69 1348 149 1382 λόγος
166 1350 195 1376 ὲν
208 1352 266 1382 τοῖς
281 1352 412 1388 Ἰεζεχιὴλ
421 1352 468 1379 τοῦ
479 1354 621 1389 προφήτου
635 1354 864 1393 συγγράμμασιν.

66 1395 154 1422 esset:
171 1394 221 1422 οὖν
235 1397 288 1432 ἄρα
303 1399 367 1430 τοὺς
383 1398 443 1434 Θεῷ
456 1399 675 1436 προσκρούοντας
689 1400 781 1436 ὀνήσει
802 1401 866 1427 ποτὲ

69 1441 133 1471 τοὺς
157 1442 378 1476 ὲπιτωθάζοντας
404 1445 502 1479 ἁγίοις,
522 1447 545 1472 εἰ
568 1447 600 1481 δή
618 1446 670 1473 πού
695 1455 721 1473 τι
745 1447 865 1482 συμϐαίη

914 939 988 972 dicit,
1008 940 1138 967 detractis
1148 940 1176 966 in
1195 947 1270 967 mare
1289 941 1494 974 munitionibus,
1517 945 1545 968 et
1565 941 1705 968 distractis

914 984 1016 1011 divitiis
1027 984 1094 1019 ejus,
1107 985 1232 1018 quamvis
1242 992 1338 1011 aurum
1349 984 1407 1018 ejus
1419 985 1455 1012 sit
1469 989 1498 1012 ut
1513 986 1612 1020 pulvis,
1627 991 1654 1014 et
1676 991 1707 1014 ut

915 1029 998 1057 lutum
1026 1030 1174 1064 platearum
1211 1034 1352 1065 argentum
1380 1030 1449 1065 ejus.
1463 1031 1546 1058 Erant
1566 1032 1701 1066 siquidem

915 1079 1080 1102 mercatores
1092 1075 1182 1109 periti,
1197 1079 1224 1102 et
1238 1075 1307 1102 lucri
1335 1076 1549 1109 appetentissimi
1578 1075 1641 1111 Tyri
1666 1077 1705 1103 iu-

917 1123 993 1156 colat,
1008 1123 1040 1150 de
1056 1130 1112 1158 quo
1124 1123 1232 1158 copiose
1247 1123 1392 1151 admodum
1410 1124 1537 1152 Ezechiel
1563 1125 1705 1160 propheta.

915 1169 988 1197 Nihil
1006 1169 1089 1210 igitur:
1104 1177 1223 1204 unquam
1233 1170 1375 1204 proﬁcient
1389 1171 1471 1198 Deum
1500 1170 1667 1200 oﬁ‘cndentes
1680 1178 1707 1200 et

916 1220 1026 1242 sanctos
1038 1214 1224 1247 criminantes,
1240 1219 1268 1242 et
1280 1214 1365 1242 effuse
1377 1215 1530 1249 irridentes,
1539 1216 1561 1244 si
1574 1217 1638 1251 quid
1652 1217 1706 1244 Deo

917 1267 1027 1287 suorum
1039 1259 1118 1287 ﬁdem
1134 1259 1259 1294 probanti
1279 1259 1339 1288 illos
1355 1260 1457 1294 perpeti
1487 1262 1640 1296 contigerit.
1663 1261 1707 1289 ln-

915 1306 980 1333 utile
990 1305 1061 1333 enim
1073 1305 1169 1332 evadet
1179 1312 1260 1332 omne
1268 1309 1362 1332 eorum
1371 1306 1578 1338 munimentum,
1592 1308 1641 1334 hoc
1653 1314 1704 1341 est,

915 1359 995 1379 omne
1019 1359 1072 1386 quo
1102 1350 1305 1378 circumdantur
1325 1358 1357 1378 ac
1380 1351 1531 1386 sepiuntur,
1560 1357 1588 1380 et
1613 1354 1706 1387 praesi-

915 1397 1122 1432 diumquodvis,
1148 1401 1176 1424 et
1200 1396 1300 1424 divitiae
1322 1396 1390 1424 nihil
1412 1398 1548 1425 commodi
1574 1397 1704 1430 aﬂ‘ercm,

915 1445 980 1478 quin
999 1444 1086 1479 potius
1097 1443 1300 1478 populatoribus
1312 1443 1412 1470 addent
1426 1444 1542 1471 animos.

68 1486 168 1513 παθεῖν
184 1488 294 1520 αὐτοὺς,
310 1489 397 1516 πλατὺ
411 1490 439 1517 δὲ
453 1491 590 1525 γελῶντας
604 1493 627 1518 εί
641 1492 783 1528 δοκιμάζοι
797 1492 863 1523 Θεὸς
882 1491 936 1518 τῶν
968 1490 1042 1516 ἰδίων
1054 1489 1105 1524 τὴν
1139 1489 1242 1515 πίστιν.
1251 1489 1393 1524 ’Δπονήσει
1407 1489 1462 1524 γὰρ
1475 1490 1564 1516 αὐτῶν
1578 1491 1630 1517 πᾶν
1641 1491 1706 1526 ὀχύ-
1716 1498 1722 1500 ‘

71 1540 163 1568 ρωμα,
178 1534 312 1568 τουτέστι,
333 1537 408 1563 πᾶσα
433 1538 576 1574 περιὸολὴ,
598 1539 645 1566 καὶ
662 1540 715 1571 πᾶς
728 1539 878 1574 ἀσφαλείας
916 1537 1033 1573 τρόπος·
1054 1536 1129 1563 οὐδὲν
1147 1535 1175 1562 δὲ
1190 1535 1258 1567 ὅλως
1282 1536 1295 1561 ὁ
1320 1535 1434 1567 πλοῦτος
1460 1536 1561 1572 ὀνήσει,
1577 1537 1654 1564 ἔσται
1676 1538 1706 1565 εξ

71 1580 174 1614 μᾶλλον
197 1579 274 1613 οὗτος
295 1584 352 1614 τοῖς
366 1584 475 1611 εἰωθόσι
490 1586 642 1621 καταδῃοῦν
661 1587 712 1621 τῆς
729 1588 769 1618 είς
785 1587 864 1613 τοῦτο
883 1585 1038 1621 προθυμίας
1053 1583 1141 1615 όλκός.

108 1627 174 1653 ’και
190 1627 214 1654 δ’
227 1628 259 1655 ἄν
275 1638 316 1661 τις
331 1631 379 1657 καὶ
392 1631 439 1657 νῦν
453 1633 514 1664 τοὺς
533 1632 666 1668 Ἑλλήνων
680 1634 777 1665 παῖδας
794 1634 865 1669 μέγα
879 1636 900 1665 G

948 1632 1035 1667 Atque
1049 1632 1116 1658 adeo
1136 1638 1206 1658 ntmc
1218 1638 1324 1666 quoque
1336 1631 1426 1659 videas
1443 1631 1552 1659 Graecos
1582 1633 1616 1659 oh
1629 1640 1706 1659 mun-

70 1672 122 1707 μὲν
137 1674 303 1708 φρονοῦντας
326 1676 373 1702 ἐπὶ
398 1677 478 1712 σοφίᾳ
502 1680 633 1714 κοσμικῇ,
648 1679 694 1706 καὶ
708 1679 802 1715 ὥσπερ
818 1680 865 1706 ἐπὶ

70 1719 243 1755 ὀχυρώμασι,
257 1723 317 1753 ταῖς
331 1723 362 1749 ἐκ
380 1723 555 1752 πολυπλόκων
580 1725 767 1761 συλλογισμῶν
791 1726 863 1753 ἀπά-

70 1774 142 1797 ταις,
161 1766 244 1801 μόνον
260 1767 289 1793 δὲ
315 1768 374 1803 οὐχὶ¹
390 1768 439 1805 τὴν
464 1770 533 1797 ἰδίαν
546 1770 690 1806 πλάνησιν,
707 1773 740 1807 τῇ
758 1772 808 1807 τῆς
820 1772 865 1799 εύ-

70 1809 207 1843 γὶωττίας
217 1811 332 1847 δυνάμει
346 1812 566 1849 διατειχίζοντας,
583 1817 631 1842 καὶ
649 1816 865 1844 καταπλουτοῦν-

70 1864 119 1888 τας
143 1856 215 1888 λίαν,
229 1857 259 1884 τὸ
278 1859 316 1890 ὼς
332 1859 361 1885 ὲν
384 1859 455 1892 λέξει
477 1860 603 1897 λαμπρὸν
616 1862 654 1894 ὡς
671 1863 802 1898 ἄργυρον,
818 1863 865 1890 καὶ

68 1901 107 1934 ὡς
123 1903 155 1929 ὲν
167 1903 244 1935 τάξει
266 1905 367 1939 χρυσοῦ
386 1905 416 1932 τὸ
432 1906 462 1933 ἐν
475 1907 592 1942 νοήμασι
611 1908 711 1943 τίμιον.
730 1909 803 1944 Πλὴν
817 1910 865 1937 καὶ

69 1949 157 1981 οὔτως
171 1950 284 1985 ἔχοντας
299 1952 537 1988 κεκληρονόμηκεν
545 1955 559 1980 ό
568 1955 694 1990 Χριστός.
706 1955 864 1992 Καθῄρηται

71 1997 121 2031 μὲν
137 1996 194 2032 γὰρ
208 1997 242 2024 τὰ
260 1997 437 2033 ὀχυρώματα,
456 2001 587 2035 τουτέστι,
603 2001 764 2029 πεπτώκασι
785 2002 819 2029 τὰ
835 2002 865 2035 ἐξ

70 2043 180 2078 ἀπάτης
196 2043 346 2078 εὑρέματα,
359 2044 525 2080 διήρπασται
537 2047 566 2074 δὲ
580 2048 629 2074 καὶ
637 2048 667 2074 τὺ
683 2049 804 2084 χρυσίον,
819 2049 865 2076 καὶ

69 2088 99 2116 τὸ
111 2090 297 2125 ἀργύριον.οἱ
310 2091 365 2127 γάρ
376 2100 415 2118 τοι
428 2093 499 2119 κατὰ
511 2094 622 2130 καιροὺς
635 2095 689 2121 τῶν
697 2095 864 2131 Ἐκκλησιῶν

71 2136 291 2171 προεστηκότες,
318 2137 414 2173 ἄνδρες
439 2139 588 2174 ἐλλόγιμοι,
619 2141 665 2167 καὶ
699 2142 785 2176 σοφοὶ,
813 2141 865 2177 τῆς

70 2181 183 2208 ἐκείνων
201 2183 370 2216 εὐγλωττίας
385 2185 434 2219 τὴν
447 2185 562 2221 δύναμιν
583 2187 624 2218 είς
645 2187 758 2219 ἑαυτοὺς
773 2187 864 2224 ἁρπά-

70 2235 177 2259 σαντες,
195 2228 268 2263 ἱερὸν
283 2229 412 2265 ἀνάθημα
428 2231 588 2266 πεποίηνται
606 2231 644 2267 τῷ
660 2232 719 2268 Θεῷ
735 2234 791 2265 τοῖς
813 2233 865 2268 τῆς

70 2272 188 2305 πίστεως
200 2274 434 2310 ὲπαγωνιζόμενοι
444 2275 544 2310 λόγοις,
554 2276 661 2312 καὶτῆς
674 2277 739 2313 παρ’
750 2277 864 2310 ἐκείνοις

918 1675 1014 1706 (lanam
1030 1677 1187 1712 sapientiam
1205 1677 1306 1711 efferri,
1322 1683 1348 1705 ct
1362 1678 1433 1705 velut
1455 1678 1480 1705 in
1499 1679 1706 1712 propugnaculis

917 1725 944 1752 in
960 1724 1116 1752 multifariis
1129 1724 1345 1760 syllogismorum
1359 1723 1481 1756 fallat-iis,
1509 1728 1536 1751 et
1561 1731 1706 1758 propemo-

917 1772 979 1798 dum
995 1778 1117 1799 errorcm
1132 1778 1211 1798 suum
1228 1770 1364 1797 facundiae
1378 1771 1404 1797 vi
1422 1775 1548 1805 tanquam
1565 1779 1643 1798 muro
1662 1779 1707 1798 se-

916 1817 1031 1852 pientes,
1046 1817 1188 1845 acmirum
1214 1816 1241 1843 in
1265 1817 1373 1843 modum
1411 1815 1560 1851 locupletes
1588 1817 1706 1844 dictiOne

915 1863 1057 1898 splendida
1069 1868 1098 1890 ut
1110 1865 1233 1897 argento,
1248 1865 1275 1889 et
1291 1861 1379 1890 sensis
1398 1861 1482 1888 animi
1512 1861 1652 1896 praeclaris
1677 1868 1707 1889 ut

917 1917 993 1937 auro.
1014 1909 1206 1937 Verumtamen
1216 1908 1298 1935 etiam
1324 1908 1363 1934 sic
1389 1912 1560 1942 comparatos
1587 1908 1707 1942 possedit

915 1954 1051 1982 Christus.
1066 1955 1214 1982 Destructae
1226 1958 1290 1981 sunt
1309 1953 1381 1980 enim
1399 1953 1573 1985 munitiones,
1589 1954 1640 1980 hoc
1665 1959 1707 1980 est

915 2001 1071 2028 ceciderunt
1088 1999 1196 2027 inventa
1213 1998 1338 2030 fallaciae,
1353 1997 1488 2032 direptum
1502 2002 1546 2025 est
1566 2005 1662 2025 aurum
1679 2004 1706 2025 et.

916 2051 1068 2081 argentum.
1081 2045 1132 2079 Qui
1147 2045 1220 2073 enim
1236 2045 1292 2072 suis
1307 2044 1408 2078 quique
1422 2043 1588 2078 temporibus
1622 2043 1706 2079 732

916 2094 1045 2122 Ecclesiis
1059 2093 1237 2130 pnefuerunt,
1252 2092 1301 2119 viri
1329 2091 1487 2126 eloquentes
1506 2094 1532 2118 et
1559 2091 1704 2126 sapientes,

915 2147 1009 2169 eorum
1022 2139 1183 2174 eloquentia:
1200 2137 1355 2165 facultatem
1375 2137 1408 2164 ad
1429 2144 1458 2164 se
1476 2137 1635 2169 derivatam,
1664 2144 1707 2164 sa-

915 2194 991 2215 crum
1014 2186 1070 2214 Deo
1085 2185 1228 2213 anathema
1239 2184 1372 2215 fecerunt,
1384 2189 1433 2217 pro
1442 2181 1504 2210 fidei
1513 2183 1636 2210 doctrina
1660 2181 1708 2211 dc-

915 2238 1059 2266 certantes,
1080 2236 1108 2259 et
1124 2232 1301 2266 imposturam
1317 2230 1436 2264 ipsorum
1468 2229 1606 2256 uberrime
1625 2228 1708 2256 veris-

915 2281 1036 2314 simeque
1050 2278 1209 2306 refutantes.
1227 2276 1284 2304 Hoc
1301 2277 1383 2303 etiam
1400 2274 1523 2302 fecerunt
1536 2273 1704 2302 Israelita”.

70 2318 179 2353 ἀπάτης
196 2319 328 2355 πλείστην
341 2329 371 2347 τε
386 2321 461 2357 ὅσην,
479 2321 525 2348 καὶ
539 2323 627 2358 ἀληθῆ
647 2323 802 2358 ποιούμενοι
815 2324 865 2359 τὴν
882 2318 903 2345 D

917 2323 1028 2351 Mutuati
1042 2323 1113 2350 enim
1126 2322 1159 2349 ab
1170 2320 1305 2357 Egyptiis
1318 2327 1382 2347 vasa
1398 2326 1479 2346 aurea
1491 2324 1518 2346 et
1531 2324 1670 2353 argentea,
1679 2324 1708 2346 et

71 2366 257 2400 κατάρῤησιν.
275 2367 436 2402 Πεπράχασι
455 2368 576 2395 τοιοῦτον
591 2369 636 2395 καὶ
654 2370 679 2395 οἱ
696 2369 726 2402 ἐξ
745 2369 863 2406 Ἰσραήλ.

71 2411 247 2446 Χρησάμενοι
263 2412 319 2447 γὰρ
333 2414 408 2449 παρὰ
429 2414 483 2442 τῶν
502 2415 661 2448 Αἰγυπτίων
677 2415 759 2451 σκεύη
777 2417 866 2451 χρυσᾶ

71 2457 118 2482 καὶ
127 2457 249 2492 ἀργυρᾶ,
260 2458 307 2484 καὶ
315 2458 512 2492 σκυλεύσαντες
524 2461 588 2492 τοὺς
603 2461 864 2497 πλεονεκτήσαντας,

71 2503 249 2537 προσήγαγον
262 2503 349 2529 ταῦτα
365 2504 436 2531 κατὰ
452 2504 500 2540 τὴν
508 2504 611 2541 ἔρημον
619 2505 659 2541 τῷ
669 2507 796 2542 παναγίῳ
806 2507 865 2543 Θεῷ

71 2549 351 2585 κατασκευαζομένης
377 2550 426 2585 τῆς
452 2552 532 2585 ἁγίας
560 2553 671 2588 σκηνῆς,
687 2552 809 2580 καὶτῶν
835 2553 864 2580 ἐν

71 2592 160 2624 αὐτοῖς
177 2593 286 2620 σκευῶν
303 2594 393 2630 ιερῶν.
414 2595 519 2622 Οὐκοῦν
529 2598 553 2623 ot
564 2597 607 2623 διὰ
620 2597 715 2631 σοφίας
727 2598 864 2633 κοσμικῆς

71 2639 117 2664 καὶ
127 2638 209 2672 λόγου
224 2640 403 2676 φαιδρότητος
413 2642 618 2677 οίκοδομοῦντες
631 2644 681 2680 τὴν
689 2643 863 2679 Ἐκκλησίαν,

71 2685 252 2721 διαρπάζουσί
272 2695 303 2713 τε
325 2688 387 2719 τοὺς
401 2688 534 2723 Ἐλλήνων
552 2689 661 2721 παῖδας,
678 2690 725 2717 καὶ
739 2690 821 2716 οἱονεὶ
835 2690 866 2716 τὸ

72 2732 180 2766 χρυσίον
197 2732 302 2764 αὐτῶν,
313 2734 359 2760 καὶ
371 2734 400 2760 τὸ
413 2735 544 2770 ἀργύριον
559 2736 590 2762 ἐκ
607 2735 707 2771 πολλῆς
723 2736 792 2770 ἄγαν
806 2736 866 2762 ἔπιε

72 2779 172 2811 saxeta;
200 2779 484 2815 καταπλουτήσαντες,
502 2782 601 2817 κλῆρον
622 2782 701 2808 αὐτὸν
725 2782 864 2810 ποιοῦνται

105 2867 126 2882 ⁷⁵
146 2867 237 2895 Exod.
257 2875 299 2900 ut,
320 2867 365 2900 2t,
387 2868 432 2895 2'2.

211 2913 354 2943 ΡΑτιιοι.
372 2913 430 2943 Gn.
455 2914 576 2945 LXXII.

914 2369 1035 2405 spoliatis
1047 2368 1146 2402 iniquis
1161 2367 1286 2398 dominis,
1301 2373 1332 2393 ea
1352 2366 1381 2393 in
1405 2365 1549 2393 solitudine
1577 2364 1632 2392 Deo
1648 2372 1708 2392 sau-

915 2416 1036 2444 ctissimo
1050 2414 1218 2445 obtulerunt,
1237 2412 1369 2440 fabricato
1383 2411 1445 2438 inde
1477 2410 1663 2442 tabernaculo,
1680 2416 1707 2438 et

914 2463 986 2490 vasis
997 2461 1081 2489 sacris
1090 2460 1123 2487 ad
1137 2466 1215 2486 usum
1234 2459 1302 2492 ejus.
1317 2457 1388 2492 Ergo
1398 2457 1444 2491 qui
1473 2463 1522 2491 per
1545 2456 1705 2490 sapientiam

915 2507 1091 2539 mundanam,
1105 2509 1132 2533 et
1143 2503 1278 2531 sermonis
1290 2502 1464 2537 splendorem
1482 2501 1629 2529 Ecclesiam
1642 2501 1708 2529 ardi-

921 2554 1034 2582 ﬁcantes
1048 2551 1160 2579 Graecos
1173 2549 1313 2584 diripiunt,
1325 2548 1441 2583 etquasl
1469 2555 1536 2575 auro
1557 2555 1651 2575 eorum
1679 2551 1708 2576 et

921 2604 1032 2635 argento
1044 2598 1196 2632 mquissime
1209 2596 1355 2628 ditescant,
1372 2594 1474 2622 faciunt
1486 2601 1516 2621 ea
1555 2594 1706 2629 possessio-

915 2654 977 2674 nem
995 2644 1155 2675 Domino,ad
1165 2642 1278 2678 gloriam
1290 2641 1350 2675 ejus
1361 2641 1512 2676 spectantia
1526 2641 1586 2668 aliis
1595 2642 1708 2676 loquen-

917 2698 966 2725 tes,
978 2697 1005 2719 et
1033 2691 1139 2718 illorum
1154 2689 1261 2725 quidem
1282 2689 1458 2717 munitionem
1483 2693 1647 2720 evertentcs,
1679 2694 1706 2715 et

915 2744 974 2772 quae
989 2735 1274 2770 intelligitursanetam
1289 2733 1436 2766 civitatem,
1446 2741 1543 2769 nempe
1555 2734 1705 2762 Ecclesiam

915 2782 1090 2810 aediﬁcantes.

1526 2902 1545 2932 5
