1916 3053
72 150 118 178 HI

464 144 740 176 COMMENTARIUS
760 146 793 176 IN
815 146 1017 176 ZACHARIAM
1035 147 1259 178 PROPHETAM.

1657 153 1708 182 {Si

68 207 262 245 προσήκουσαν
275 215 304 235 τε
321 207 367 234 καὶ
382 207 547 243 ἀποχρῶσαν
561 207 649 242 δίκην,
671 207 853 243 πεπλημμελη

917 208 1075 242 gessissent,
1092 216 1160 244 quas
1173 210 1332 243 debuerunt,
1349 215 1376 238 et
1400 214 1530 246 quantum
1557 212 1625 240 satis
1657 213 1707 240 iuit

71 255 150 286 κότες
159 253 266 289 ἀγρίως
279 254 319 285 εἰς
332 253 378 280 τὸν
392 250 508 288 Ἰσραήλ.
521 252 595 289 Πλὴν
610 253 659 280 οὐκ
674 254 713 285 εὶς
725 254 798 280 eum
810 253 863 280 διο⁴

66 300 178 331 λώλασι,
194 299 397 335 προαθροῦντος
425 298 494 325 Θεοῦ
510 300 560 333 τὴν
577 299 710 334 ἐσομένην
726 299 815 326 αὐτῶν
830 300 862 326 ὲκ

67 346 202 381 στόματος
217 344 318 377 αὐτῶν,
328 344 367 380 (1)
380 345 530 378 τουτέστιν,
541 345 565 371 εἰ
577 344 625 371 καὶ
636 342 682 371 οἷά
693 353 766 377 τινες
779 345 862 381 θῆρες

67 392 210 427 μονονουχὶ
228 391 438 427 κατερρόφησαν
450 391 496 417 τὸν
522 391 640 427 Ἰσραὴλ,
658 391 716 418 ἀλλ’
730 391 790 427 ἥξει
801 401 862 418 και-

66 439 120 474 ρὸς,
139 439 201 465 καθ’
213 438 244 465 ὃν
271 437 378 464 ἔσονται
403 438 528 473 καθαροὶ,
549 440 597 465 καὶ
611 441 662 475 τῆς
686 439 735 466 ἐπὶ
754 439 860 472 τούτοις

63 485 154 517 αἰτίας
168 485 387 520 ἀπηλλαγμένοι.
402 485 636 520 Δικαιωθήσονται
651 485 706 521 γὰρ
723 487 752 512 ἐν
769 485 859 513 πίστει

65 532 110 558 καὶ
127 531 216 562 αὐτοὶ,
235 530 339 557 καὶτὸν
353 531 385 557 ὲκ
403 531 452 565 τῆς
466 531 585 566 ἀρχαίας
608 531 778 567 φαυλότητος
789 532 859 559 ἀπο-

63 575 206 603 λούσονται
233 575 382 611 μολυσμόν.
417 575 524 611 Ἐξαρῶ
547 575 575 603 δὲ
605 577 652 603 καὶ
679 576 713 603 τὰ
740 577 859 612 ὀνόματα

66 631 76 647 ‹
94 622 148 648 τῶν
166 621 361 656 βδελυγμάτων
390 621 480 648 αὐτῶν
503 622 536 648 ὲκ
563 621 646 657 μέσου
675 621 788 649 ὀδόντων
809 623 859 649 αὐ-

63 667 126 694 τῶν·
146 677 157 693 ι
173 667 407 703 διαμεμνήσονται
418 667 472 702 γὰρ
494 667 586 694 οὐκέτι
603 668 657 695 τῶν
673 668 858 704 ψευδωνύμων

62 713 217 746 θεῶν,οὓτε
239 713 294 750 μὴν
306 714 484 748 ὀνομάσουσιν
505 714 613 746 αὐτούς.
642 724 650 740 ι
678 714 858 750 ’Υπολειφθή-

62 768 153 786 σονται
168 760 198 787 δὲ
214 761 261 786 καὶ
272 759 349 786 αὐτοὶ
362 758 400 794 τῷ
415 759 473 794 Θεῷ
489 760 578 795 ἡμῶν,
596 770 605 786 ι
620 760 747 796 καθάπερ
762 760 858 796 ἀμέλει

61 808 106 833 καὶ
122 807 204 839 αὐτὸς
222 808 236 834 ὁ
258 807 377 843 Ίσραήλ¹
406 807 540 834 σέσωσται
563 807 612 842 μὲν
630 807 693 842 ,γὰρ
710 807 756 833 καὶ
775 807 857 833 αὐτοῦ

61 853 89 879 τὸ
103 854 294 889 κατάλειμμα,
307 853 395 880 καίτοι
414 853 642 888 δεδυσσεδηκότος
662 854 702 886 εἰς
717 854 798 880 αὑτὸν
811 853 856 880 τὸν

66 899 255 935 Ἐμμανουήλ.
282 899 390 934 Ἐπειδὴ
417 899 446 926 δὲ
473 899 629 934 κεκλημένη
655 900 710 926 τῶν
737 899 855 936 ὲθνῶνή

61 945 166 980 πληθὺς
179 947 237 977 τοῖς
253 945 284 978 ἐξ
295 946 410 980 αἵματος
430 945 538 981 Ἰσραὴλ
551 945 713 972 πιστεύσασι
731 946 854 982 συνήφθη

60 991 268 1027 παευματικῶς,
286 991 403 1027 Χριστοῦ
416 990 574 1023 συνδοῦντος
593 992 632 1023 εὶς
650 991 758 1024 ἕνωσιν,
780 1002 788 1018 ι
803 992 857 1018 Αὑ-

58 1038 104 1070 τδς
117 1037 176 1073 γᾶρ
198 1038 276 1065 ἐστιν
291 1038 307 1073 ἡ
328 1038 423 1074 εἰρήνη
438 1036 517 1072 ἡμῶν
528 1057 535 1069 ,
551 1038 566 1063 ὁ
581 1038 698 1072 ποιήσας
715 1037 749 1063 τὰ
767 1037 856 1072 ἀμφό-

58 1093 125 1120 τερα
152 1084 194 1117 ἓν,
215 1085 264 1111 καὶ
289 1084 320 1111 τὸ
346 1084 502 1119 μεσότοιχον
525 1083 573 1110 τοῦ
603 1084 731 1119 φραγμοῦ
759 1084 854 1117 λύσας,

59 1131 156 1161 κτίσας
172 1139 203 1156 τε
214 1126 279 1162 τοῦς
298 1130 344 1157 δύο
360 1129 442 1161 λαοὺς
464 1130 504 1161 εις
516 1129 566 1156 ἕνα
586 1129 679 1157 καινὸν
694 1129 837 1165 ἄνθρωπον
847 1150 854 1162 ,

60 1177 146 1203 ποιῶν
165 1177 288 1213 εἰρήνην,
303 1177 351 1203 καὶ
374 1176 625 1203 ἀποκαταλλάσσων
652 1176 716 1208 τοὺς
736 1177 856 1212 ἀμφοτέ-

59 1232 124 1259 ρους
143 1225 174 1250 ὲν
186 1224 227 1250 ἑνὶ
244 1223 384 1258 Πνεύματι
400 1223 468 1258 πρὸς
479 1222 524 1249 τὸν
546 1222 668 1258 Πατέρα,
686 1231 695 1248 ι
714 1222 799 1258 ταύτῃ
813 1231 853 1249 τοι

58 1269 142 1305 φησὶν
155 1270 198 1296 ὅτι
211 1269 318 1295 ἔσονται
332 1269 370 1300 ὡς
392 1268 530 1304 χιλίαρχος
543 1268 572 1294 ἐν
593 1266 686 1300 Ἰούδα,
716 1268 855 1295 τουτέστιν

57 1314 98 1345 εἰς
115 1313 198 1340 τοῦτο
209 1313 392 1349 προϐήσονται
409 1313 594 1348 γνησιότητος,
608 1312 657 1347 τῆς
669 1312 707 1344 ὡς
720 1313 749 1340 ἐν
764 1313 854 1340 πίστει

57 1367 88 1386 τε
104 1359 153 1386 καὶ
163 1359 310 1394 ἐπιεικείᾳ,
324 1359 404 1394 φημὶ,
417 1358 487 1384 ὥστε
504 1359 551 1385 καὶ
563 1358 592 1392 ἐξ
609 1359 697 1386 αὐτῶν
716 1359 854 1394 ἀρχηγοὺς

57 1406 187 1441 γενέσθαι
199 1405 247 1432 τοῦ
267 1405 463 1432 Ίούδα.Ἔσται
477 1405 505 1432 δὲ
517 1406 563 1432 καὶ
575 1406 589 1431 ό
609 1405 762 1441 Ἀκκαρὼν,
775 1415 854 1433 τουτ-

58 1451 144 1483 έστιν,
162 1451 176 1477 ὀ
194 1451 354 1484 ἀλλογενὴς,
370 1451 384 1476 ὁ
405 1451 437 1477 ἐκ
459 1450 509 1485 γῆς
528 1449 699 1485 Φυλιστιεὶμ,
717 1449 755 1480 ὡς
768 1451 783 1476 ό
803 1451 853 1477 Ἰε-

58 1496 197 1529 ϐονσαῖος,
211 1497 349 1523 τουτέστιν
370 1496 407 1526 ὼς
431 1496 512 1528 αὐτὸς
523 1496 537 1522 ὀ
558 1496 685 1527 κάτοικος
701 1495 755 1522 τῶν
772 1496 853 1532 Ἰερο-

59 1543 186 1577 σολύμων
199 1543 273 1574 λαός.
303 1541 441 1569 Ἐκαλεῖτο
459 1543 513 1577 γὰρ
526 1543 542 1577 ἡ
557 1541 736 1578 Ἰερουσαλὴμ
752 1541 853 1574 Ἰεϐοὖς
866 1554 887 1583 c

58 1590 88 1616 ὲν
121 1589 238 1624 ἀρχαῖς·
272 1587 371 1615 οὐκοῦν
398 1589 558 1620 Ἰεϐουσαῖος
589 1588 604 1614 ὀ
635 1587 851 1624 Ἱεροσολυμίτης

59 1635 156 1662 ἐνθάδε
198 1635 312 1661 νοεῖται.
346 1634 442 1661 Πολλοὶ
470 1634 499 1661 δὲ
527 1634 682 1670 χιλίαρχοι,
713 1634 852 1661 τουτέστιν

59 1681 204 1717 ἡγεμόνες,
224 1681 272 1708 καὶ
293 1680 493 1716 προεστηκότες
510 1680 581 1707 λαῶν
596 1680 643 1707 καὶ
666 1680 694 1713 ἐξ
709 1680 793 1707 ἐθνῶν
808 1689 854 1714 γε·

58 1728 165 1761 γόνασι,
178 1727 226 1754 καὶ
251 1727 369 1754 σύνεισιν
383 1726 436 1753 ἀνὰ
453 1727 542 1753 πᾶσαν
563 1726 611 1762 τὴν
621 1726 793 1762 οἰκουμένην.
814 1726 852 1753 Τὸ

58 1774 85 1800 ει
99 1775 128 1800 ἐν
153 1773 239 1800 Ἰούδα
250 1774 356 1809 νοήσεις
374 1772 421 1799 ἐπὶ
434 1774 496 1804 τοὺς
510 1773 594 1799 αἰνεῖν
612 1774 751 1806 εἰωθότας,
772 1782 849 1800 τουτ-

59 1820 132 1846 έστιν
155 1821 231 1856 ἡμᾶς
250 1820 313 1851 τοὺς
328 1820 356 1845 ὲν
372 1819 461 1846 πίστει
483 1819 678 1855 κεκλημένους,
702 1820 727 1846 οἳ
752 1828 851 1854 στεφα-

57 1865 119 1893 γοῦν
145 1866 289 1901 εἰθίσμεθα
318 1867 378 1898 ταῖς
400 1866 600 1902 ἀκαταλήκτοις
629 1865 793 1900 δοξολογίοιις
807 1866 853 1893 τδν

57 1912 215 1948 κεκληκότα
228 1912 356 1947 Χριστόν.

91 1958 147 1985 Καὶ
163 1958 377 1993 ὑποστήσομαί
390 1958 430 1991 τῷ
446 1959 518 1992 οἴκῳ
533 1967 592 1993 μου
612 1957 781 1993 ἀνάστημα,
799 1959 852 1987 τοῦ

56 2005 96 2039 μὴ
111 2004 355 2038 διαπορεύεσθαι,
367 2005 445 2040 μηδὲ
457 2005 679 2038 ἀνακάμπτειν,
697 2005 747 2031 καὶ
760 2006 796 2032 οὺ
808 2005 851 2040 μὴ

57 2050 168 2084 ἐπέλθῃ
180 2051 350 2084 ἐπάὺτοὺς
376 2051 474 2078 οὐκέτι
499 2051 681 2083 ἐξελαύνων,
695 2050 770 2077 διότι
795 2051 852 2079 νῦν

57 2096 206 2129 ἑωράκασι
216 2095 252 2122 ὲν
263 2095 325 2128 τοῖς
338 2095 501 2131 ὀφθαλμοῖς
509 2105 580 2130 μου.

91 2142 163 2176 Νιῖι.
192 2142 259 2169 Ἰδοὺ
288 2141 321 2176 δὴ
345 2141 438 2175 σαφῶς
464 2142 610 2178 ἁνάστημά
632 2151 661 2170 τε
691 2143 738 2170 καὶ
763 2144 852 2179 τεῖχος

57 2188 186 2222 ὀνομάζει
201 2188 330 2223 Χριστὸν,
348 2188 380 2214 δι’
396 2185 425 2215 οὗ
450 2189 497 2215 καὶ
519 2189 772 2225 ἐμπεπυργὼμεθα,
791 2190 851 2216 κατ’

914 259 1056 288 ρωηστυιιι
1074 253 1161 281 eidem
1191 255 1333 282 dederunt.
1364 255 1557 284 Verumtamen
1592 264 1646 284 non
1672 258 1706 284 at!

913 306 995 327 unum
1014 299 1165 334 perierunt,
1181 301 1361 328 cessationem
1375 301 1488 330 lanienae
1506 303 1539 330 ab
1553 309 1600 330 ore
1634 304 1705 337 Ipso-

914 352 972 372 rum
987 345 1040 373 l)eo
1052 347 1214 380 praevideute
1226 356 1233 374 :
1247 346 1297 374 hoc
1311 352 1362 381 est,
1376 348 1481 376 tametsi
1491 353 1519 375 ιιι
1529 348 1622 376 bellum
1636 344 1713 376 κτα-ί

912 391 980 419 clem
997 392 1188 427 propemodum
1202 393 1413 428 deglutivcrunt,
1428 395 1517 422 veniet
1533 398 1621 421 tamen
1634 382 1712 422 tomJ

911 445 971 472 pus,
985 445 1039 472 quo
1056 439 1115 474 puri
1130 443 1156 465 et
1170 439 1196 466 in
1209 439 1251 466 his
1267 439 1301 466 ab
1313 440 1385 466 omni
1407 440 1486 474 culpa
1518 440 1595 468 liberi
1610 445 1700 467 erunt.

910 483 1138 512 Justilicabuntur
1154 485 1224 513 enim
1239 485 1265 512 iu
1287 485 1338 512 ﬁde
1353 485 1403 519 ipsi
1424 493 1541 520 quoque,
1558 490 1586 513 et
1601 486 1702 520 iniqui-

913 535 996 558 latum
1024 531 1175 564 priscarum
1190 535 1277 559 sortes
1291 531 1392 558 eluent.
1422 531 1533 559 Auferet
1557 535 1646 559 autem
1674 534 1701 558 et

911 577 1020 604 nomina
1038 585 1047 603 I
1089 577 1318 605 abominationum
1341 578 1471 612 ipsorum,
1501 578 1582 606 etde
1613 578 1700 605 medio

910 623 1029 651 dentium
1059 622 1201 657 ipsorum:
1221 632 1230 649 ›
1253 630 1302 650 nec
1325 623 1396 650 enim
1422 623 1536 658 amplius
1571 623 1699 650 falsorum

910 670 1019 696 deorum
1035 669 1199 696 mentionem
1215 669 1340 702 inferent,
1358 677 1408 696 nec
1439 669 1616 697 nominabuut
1641 677 1698 697 eos.

912 723 922 740 ‹
947 714 1144 749 ltelinqucntur
1160 722 1241 750 porro
1263 721 1290 742 et
1316 715 1360 742 isti
1382 716 1436 743 Deo
1463 721 1566 748 nostro,
1589 725 1599 741 ο
1630 716 1700 744 sicut

910 760 1037 788 nimirum
1057 764 1083 788 et
1098 760 1154 795 ipse
1168 760 1248 788 Israel
1265 769 1272 787 :
1291 768 1352 788 nam
1370 766 1396 789 et
1410 761 1468 795 ejus
1497 761 1618 797 reliquite
1646 761 1700 788 sal-

909 811 978 833 vatae
998 811 1070 839 sunt,
1095 808 1269 841 quantumvis
1291 815 1354 842 erga
1383 808 1469 843 ipsum
1495 807 1698 835 Emmanuelem

910 852 1034 879 scelerati
1061 853 1221 879 exstiterint.
1233 852 1289 886 Qua
1308 860 1372 880 vero
1400 858 1495 880 vocata
1526 860 1558 881 ex
1575 852 1699 887 gentibus

908 898 1050 925 multitudo
1065 898 1098 925 de
1114 899 1246 933 sanguine
1264 898 1346 926 Israel
1371 899 1522 933 prognatis,
1544 903 1571 926 et
1586 899 1696 927 creden~

908 943 979 971 tibus
991 945 1166 979 spiritualiter
1186 945 1311 979 copulata
1329 950 1380 978 est,
1397 944 1505 973 Christo
1517 952 1565 974 eos
1589 945 1616 972 in
1636 946 1696 972 uni-

908 993 990 1016 tatem
1004 990 1159 1024 copulante,
1176 999 1186 1016 ί
1207 989 1267 1025 Ipse
1291 991 1364 1018 enim
1388 994 1429 1018 est
1454 998 1506 1026 pax
1533 996 1633 1024 nostra,
1649 992 1694 1026 qui

906 1034 970 1062 fecit
986 1040 1100 1069 utraque
1127 1043 1220 1069 unum,
1240 1040 1267 1063 et
1281 1036 1326 1067 qui
1352 1036 1470 1063 medium
1485 1036 1614 1071 parietem
1642 1037 1696 1064 dis-

906 1081 997 1115 solvit,
1015 1081 1126 1117 et_duos
1148 1081 1260 1117 populos
1279 1082 1305 1108 in
1324 1089 1407 1108 unum
1438 1089 1537 1109 novum
1560 1082 1695 1110 hominem

906 1127 1042 1160 condidit,
1071 1127 1172 1155 faciens
1203 1135 1318 1162 pacem,
1351 1131 1377 1154 et
1401 1128 1579 1155 reconcilians
1603 1128 1696 1156 ambos

907 1172 988 1209 734
999 1173 1025 1200 in
1043 1181 1095 1199 uno
1110 1172 1210 1208 Spiritu
1227 1173 1260 1200 ad
1273 1172 1384 1201 Patrem
1401 1172 1451 1206 ",t
1469 1173 1570 1201 idcirco
1598 1174 1695 1208 inquit,

905 1218 1010 1247 futuros
1026 1223 1054 1245 ut
1069 1219 1207 1246 tribunum
1223 1219 1249 1246 in
1274 1218 1355 1251 Juda,
1386 1219 1438 1247 hoc
1459 1223 1500 1247 est
1531 1219 1564 1246 ad
1594 1223 1695 1246 tantam

905 1264 1162 1299 lideibonitatisque
1188 1264 1373 1293 sinceritatem
1402 1272 1591 1300 processuros.
1609 1270 1638 1293 ut
1662 1272 1694 1292 ex

906 1309 971 1344 ipsis
984 1310 1064 1337 etiam
1093 1310 1229 1345 principes
1256 1309 1327 1338 Juda
1350 1310 1479 1338 evadant.
1501 1309 1559 1337 Erit
1577 1310 1641 1337 item
1668 1315 1697 1337 et

904 1357 1038 1390 Accarnn,
1054 1357 1106 1384 hoc
1119 1361 1161 1384 est
1183 1357 1344 1391 alienigena,
1356 1360 1383 1384 et
1397 1356 1550 1384 Philistzcus
1569 1361 1599 1383 ut
1613 1356 1696 1385 Jebu-

905 1409 987 1435 smus,
1001 1402 1052 1430 hoc
1075 1406 1117 1429 est
1132 1406 1161 1429 ut
1177 1402 1234 1438 ipse
1257 1402 1346 1430 incola
1372 1402 1622 1437 Hierosolymorum
1651 1410 1697 1437 p0-

905 1447 993 1482 pulus.
1010 1447 1080 1475 Olim
1098 1448 1230 1483 siquidem
1250 1447 1402 1476 Jerusalem
1426 1447 1509 1476 Jehus
1534 1449 1694 1482 dicebatur;

905 1500 989 1527 quare
1003 1492 1120 1520 Jebusmi
1143 1493 1252 1520 nomine
1265 1493 1316 1520 hoc
1331 1493 1390 1520 loco
1416 1492 1625 1528 Hierosolymita
1654 1493 1694 1520 in-

907 1539 1045 1574 telligitur.
1066 1539 1141 1567 Multi
1159 1544 1248 1567 autem
1274 1540 1385 1572 tribuni,
1409 1539 1460 1567 hoc
1488 1544 1531 1567 est
1557 1540 1640 1568 duces
1667 1546 1696 1567 et

905 1586 1091 1613 moderatores
1111 1586 1271 1621 populorum
1287 1586 1369 1613 etiam
1382 1593 1414 1614 ex
1438 1586 1561 1621 gentibus
1575 1586 1693 1618 fuerunt,

903 1635 931 1658 et
952 1634 1017 1658 sunt
1032 1631 1112 1657 simul
1133 1638 1182 1664 per
1209 1631 1364 1658 universutn
1384 1631 1488 1658 orbem.
1514 1631 1563 1658 Ast
1586 1633 1694 1660 nomine

903 1674 969 1702 Juda
987 1683 1034 1703 cos
1049 1675 1095 1710 qui
1111 1675 1222 1702 laudare
1238 1681 1437 1703 consueverunt
1451 1676 1577 1711 accipies,
1598 1685 1695 1712 nempe

904 1729 954 1749 nos
988 1722 1015 1748 in
1056 1721 1111 1749 ﬁde
1140 1726 1274 1754 vocatos,
1307 1723 1353 1757 qui
1391 1722 1556 1757 perennibus
1587 1724 1695 1760 hymnis

903 1768 1040 1796 Christum
1068 1775 1084 1795 a
1113 1775 1167 1804 quo
1190 1768 1280 1796 vocati
1311 1775 1423 1802 sumus,
1455 1768 1593 1798 celebrare
1621 1771 1689 1798 sole

904 1822 974 1843 mus.

939 1951 1021 1979 Vens.
1046 1951 1072 1979 8.
1089 1950 1125 1978 Et
1140 1951 1297 1978 sttbslimam
1317 1952 1407 1979 domui
1440 1960 1504 1980 mea
1525 1954 1691 1986 creationem,

905 2006 935 2025 ne
952 2002 1126 2032 pertranseat,
1151 2005 1196 2024 "('6
1222 2002 1367 2025 revertatur
1379 2017 1387 2030 ι
1407 2002 1433 2025 ατ
1446 2007 1498 2026 non
1528 2001 1692 2034 superveniat

903 2052 981 2079 super
1005 2052 1048 2071 eos
1073 2044 1142 2071 ultra
1157 2044 1276 2079 abigens,
1309 2044 1371 2078 quia
1399 2044 1519 2072 viderunt
1549 2046 1577 2073 in
1611 2047 1692 2073 oculis

904 2092 978 2119 meis.
1370 2129 1374 2131 _

939 2138 1005 2166 LVI.
1022 2137 1061 2166 Eu
1074 2137 1211 2166 Christum
1232 2137 1374 2173 perspicue
1402 2138 1568 2167 erectionern
1593 2143 1621 2168 et
1632 2147 1691 2167 mu.

904 2195 964 2214 rum
982 2187 1112 2219 nominat,
1130 2193 1177 2220 per
1208 2193 1288 2221 quem
1307 2185 1374 2212 etin
1407 2184 1490 2212 altum
1510 2186 1691 2220 exsurgimus,

57 2235 182 2262 εὐδοκίαν
197 2234 224 2260 δὲ
247 2234 378 2269 δηλονότι,
390 2234 437 2261 καὶ
457 2234 565 2270 Οέλησιν
579 2235 625 2262 τοῦ
643 2236 709 2262 Θεοῦ
726 2236 772 2263 καὶ
795 2236 852 2263 Πα-

907 2234 978 2268 iuxta
996 2233 1192 2267 beneplacitum
1204 2237 1231 2259 et
1247 2232 1412 2259 voluntatem
1426 2231 1474 2259 Dei
1490 2236 1517 2259 et
1526 2231 1627 2260 Patris.
1642 2232 1694 2260 Do-

58 2281 130 2315 τρίς.
142 2279 224 2311 Οἶκος
239 2279 406 2315 γᾶρνοητὺς,
424 2280 470 2306 καὶ
486 2280 612 2316 οἰκοδομὴ
625 2281 701 2313 Θεοῦ,
714 2282 785 2308 κατὰ
804 2282 853 2317 τὴν

58 2326 103 2352 τοῦ
125 2325 236 2352 Παύλου
265 2326 372 2361 φωνὴν,
399 2327 479 2361 ἡμεῖς
500 2335 549 2352 που
576 2326 685 2359 πάντως
710 2328 808 2362 ἐσμὲν,
829 2328 852 2354 οἱ

59 2372 285 2403 πεπιστευκότες,
300 2372 378 2407 εἴπερ
391 2372 464 2398 ἐστὶν
483 2372 593 2407 ἀληθὲς,
617 2373 654 2404 ὼς
671 2374 699 2400 ὲν
714 2375 773 2406 ταῖς
785 2383 853 2410 καρ-

58 2419 126 2450 δίαις
149 2417 230 2453 ἡμῶν
259 2417 303 2444 διὰ
328 2418 374 2444 τοῦ
392 2418 546 2454 πνεύματος
567 2421 706 2453 κατοικεῖ,
726 2421 774 2448 καὶ
798 2423 853 2454 τοῖς

59 2464 201 2498 ἀγαπῶσιν
232 2463 313 2490 αὐτὸν
344 2463 519 2496 ἐναυλίζεται.
540 2465 612 2501 Ἔφη
635 2467 688 2502 γὰρ
713 2466 793 2499 αὐτὸς
808 2467 852 2495 διὰ

60 2511 199 2546 προφήτου
217 2510 320 2545 φωνῆς’
339 2519 348 2536 t
363 2510 423 2537 Ὅτι
436 2512 592 2547 κατοικήσω
617 2513 645 2539 ὲν
659 2513 750 2545 αὐτοῖς
762 2534 769 2546 ,
803 2515 851 2541 καὶ

60 2557 289 2593 ὲμπεριπατήσω.
306 2557 353 2584 καὶ
377 2556 472 2591 ἔσομαι
490 2558 579 2585 αὐτῶν
605 2558 681 2592 Θεὸς,
706 2560 752 2586 καὶ
775 2560 851 2587 αὐτοὶ

59 2603 163 2630 ἔσονταί
182 2611 228 2638 μοι
244 2603 335 2634 λαός.»
353 2603 509 2638 Ἀνάστημα
524 2603 556 2639 δὴ
568 2602 614 2631 οὖν
626 2604 656 2631 τὸ
667 2606 851 2641 ἐγηγερμένον

59 2648 100 2675 διὰ
115 2648 214 2684 βουλῆς
230 2648 278 2674 τοῦ
308 2648 414 2684 Πατρδς
428 2650 460 2684 τῇ
484 2650 634 2686 Ἐκκλησία
655 2651 792 2686 Χριστρς,
809 2652 851 2679 ἵνα

61 2695 168 2731 μηκέτι,
178 2694 251 2722 καθὰ
263 2694 309 2721 καὶ
318 2694 408 2728 πάλιν,
417 2694 574 2722 διοδεύσωσί
583 2698 719 2730 τινες,κάὶ
730 2698 853 2733 ἀνακάμ-

110 2795 132 2811 ⁷⁸
149 2794 253 2830 Ephcs.
269 2803 300 2828 ιι,
318 2795 410 2822 1416.
448 2795 472 2811 ⁷⁸
489 2795 500 2822 Ι
520 2795 581 2823 Cor.
604 2803 645 2829 Ill,
661 2796 687 2823 9.
727 2796 750 2812 ⁷⁶
763 2795 852 2831 Ephcs

907 2804 925 2829 ι,
950 2796 993 2823 17.
1031 2795 1053 2811 ⁷⁷
1070 2794 1148 2822 Joan.
1168 2801 1224 2826 xw,
1239 2793 1284 2820 25.

904 2287 963 2306 mus
977 2280 1049 2306 enim
1067 2277 1118 2305 sub
1144 2277 1349 2312 intelligentiam
1365 2277 1476 2309 cadens,
1492 2280 1519 2304 et
1550 2277 1694 2305 aediﬁcatio

905 2324 962 2355 Dei,
976 2324 1124 2351 secundum
1151 2321 1226 2350 Pauli
1257 2329 1350 2350 vocem
1366 2322 1400 2354 ⁷⁸,
1428 2329 1478 2349 nos
1494 2329 1589 2349 sumus
1616 2322 1695 2357 plane

903 2371 947 2405 qui
960 2370 1124 2398 credidimus
1141 2377 1148 2395 :
1164 2369 1296 2404 siquidem
1313 2376 1406 2396 verum
1420 2373 1469 2400 est,
1483 2376 1544 2396 eum
1575 2369 1601 2396 in
1631 2377 1694 2396 cor-

903 2417 983 2444 dibus
1005 2416 1106 2443 nostris
1124 2423 1173 2450 per
1189 2415 1312 2449 spiritum
1347 2414 1469 2441 habitare
1485 2414 1520 2446 ",
1536 2418 1563 2441 et
1593 2414 1619 2441 in
1650 2414 1695 2441 his

905 2463 952 2499 qui
968 2463 1083 2498 diligunt
1100 2462 1185 2496 ipsum
1197 2460 1359 2489 commorari
1376 2459 1408 2485 ⁷⁷.
1427 2459 1473 2486 Ait
1485 2459 1557 2486 enim
1574 2459 1631 2494 ipse
1646 2468 1695 2495 per

905 2510 1064 2547 prophetam
1081 2518 1088 2536 :
1104 2518 1113 2534 ‹
1128 2508 1261 2541 Quoniam
1280 2506 1437 2534 inhabitabo
1457 2506 1484 2533 in
1503 2505 1568 2538 illis,
1600 2511 1628 2533 et
1654 2507 1694 2533 iu-

903 2555 1047 2583 ambulabo
1061 2555 1132 2583 inter
1149 2555 1219 2587 illos,
1240 2560 1266 2582 et
1279 2562 1327 2582 ero
1352 2554 1457 2582 illorum
1490 2554 1570 2587 Deus,
1597 2558 1624 2582 et
1645 2554 1693 2590 ipsi

902 2607 981 2631 erunt
1010 2601 1076 2630 mihi
1099 2601 1211 2637 populus
1223 2601 1246 2617 ⁷³
1267 2610 1277 2627 ι
1306 2600 1416 2628 Erectio
1447 2600 1529 2635 igitur
1558 2600 1695 2628 voluntate

902 2648 990 2676 Patris
1006 2647 1133 2675 Ecclesiae
1145 2648 1261 2674 excitata
1272 2646 1399 2674 Christus
1411 2651 1462 2679 est,
1482 2654 1516 2674 ne
1533 2646 1614 2680 ultra,
1626 2647 1694 2673 sicut

903 2694 1050 2729 Quondam,
1067 2695 1255 2728 pertranseant
1269 2692 1390 2726 quidam,
1402 2695 1429 2720 et
1446 2696 1625 2723 revertantur,
1651 2691 1694 2718 iu-

1341 2793 1363 2809 "
1385 2792 1472 2820 Levit.
1494 2799 1569 2824 xxvr,
1587 2790 1631 2825 ll,
1650 2788 1696 2817 l2.

93 2885 129 2920 (l)
147 2886 326 2914 Desideratur
347 2885 504 2914 vocabulum
522 2887 666 2915 accusandi
683 2894 758 2919 casu,
777 2886 846 2920 quod
865 2885 1048 2920 expressimus
1065 2883 1172 2912 Latine.
1190 2883 1331 2917 Inter-pres.
