1916 3053
221 141 271 168 ΗΞ

714 135 743 162 5.
764 132 901 162 CYRILH
919 131 1153 161 ALEXANDRINI
1170 132 1329 162 ARCHIEP.

1794 131 1845 162 lu

221 206 260 226 ιρι·
274 206 322 226 nos
335 203 440 226 sursum
456 199 482 223 et
499 195 621 223 deorsum
637 194 843 226 circumeuntes,
873 197 900 221 et
932 192 1003 220 velut

1063 201 1169 225 ττωσιν,
1185 192 1214 218 ἐν
1227 192 1294 227 ἡμῖν
1315 190 1372 218 ἄνω
1388 198 1417 217 τε
1444 190 1490 218 καὶ
1515 190 1589 218 κάτω
1619 191 1781 228 περιιόντες,
1799 195 1846 222 καὶ

220 244 356 270 desertam
372 242 442 269 viam
457 240 605 272 calcantes,
622 244 650 267 et
663 239 743 267 corda
762 245 853 266 nostra
880 238 1005 266 omnibus

222 289 310 315 noxiis
325 287 478 322 implentes.
489 286 534 314 Ait
548 286 620 314 enim
635 286 734 313 alicubi
752 286 783 314 de
796 284 935 317 israclitis,
947 291 1006 318 qua

220 338 279 361 erat
291 339 367 361 vetus
383 333 461 360 vinea
474 331 623 368 possessori
641 339 690 360 suo
708 340 715 359 :
736 341 745 358 ι
765 331 891 359 Auferam
917 337 1006 358 mace-

221 380 289 406 riam
301 380 370 415 eius,
385 384 411 407 et
426 379 478 407 erit
491 379 518 406 in
532 378 725 414 direptionem;
744 381 771 405 ct
788 378 923 405 destruam
949 384 1007 403 mu-

221 433 280 452 rum
296 425 364 460 ejus,
379 431 405 453 et
419 425 471 452 erit
494 425 520 452 in
554 424 786 452 conculcationem
797 423 848 451 τ’.»
866 423 901 449 At
930 422 1008 450 nobis

222 470 268 503 qui
288 477 349 496 eum
369 470 395 496 in
411 476 494 496 carne
511 467 670 503 apparuisse
682 467 868 503 cognovimus,
901 474 1006 499 murus,

222 519 249 541 et
261 522 339 549 sepes
359 515 414 549 ipse
427 513 584 541 Emmanuel
602 513 734 542 excitatus
745 517 797 545 est,
812 513 911 540 virtute
939 511 1008 539 inef-

222 561 296 589 fabili
314 560 486 588 circumdans
498 567 558 591 nos,
574 564 606 587 et
615 560 649 587 ab
662 559 761 587 animis
779 559 880 586 nostris
897 558 1008 593 abigens

223 607 376 635 immundos
406 607 560 638 dmmonas,
592 613 642 632 nec
670 605 784 640 pedibus
824 604 929 631 illorum
959 610 1008 630 nos

223 652 358 679 substerni
374 652 517 679 sustinens.
530 651 620 684 Quare
646 655 673 678 el
702 650 832 685 propheta
859 650 892 676 ad
911 649 983 676 illum
999 656 1006 675 :

227 707 236 723 ι
253 697 287 725 Et
303 698 444 725 vocaberis
459 696 608 724 :rdiﬁcator
632 697 822 728 maceriarum,
848 700 875 723 et
898 695 1010 722 semitas

223 751 282 778 qua:
299 743 324 770 in
339 743 427 770 medio
441 746 503 770 sunt
526 741 664 776 quiescere
698 741 779 769 facies
791 741 840 767 ⁸ο.»
874 740 1010 774 Quemad-

224 789 334 816 modum
346 789 419 815 enim
439 788 483 822 qui
508 787 600 814 vineas
630 786 745 814 incultas
769 786 878 820 sepihus
905 785 1010 813 munire

224 834 324 866 solent,
349 834 407 860 vias
427 840 474 867 per
496 832 614 859 medium
644 831 750 865 tollunt,
765 831 846 867 735
867 838 917 859 nec
938 838 1011 858 com-

225 879 372 906 meantium
390 878 503 913 pedibus
522 877 580 905 illas
601 877 650 904 teri
665 877 824 912 patiuntur:
851 877 887 903 ita
911 880 939 904 et
955 877 1010 903 Do-
1025 875 1047 903 Β

225 926 313 952 minus
334 928 425 951 noster
451 922 530 951 Jcsus
560 922 683 950 Christus
707 923 825 957 seipsutn
852 922 929 950 nobis
961 930 1011 950 ceu

224 978 331 998 murum
348 970 538 998 solidissimum
556 968 737 1000 circumdatas,
748 973 772 996 et
786 968 914 1004 angelicis
927 969 1011 1003 copiis

225 1024 275 1045 nos
287 1016 502 1048 circumvallatis,
518 1015 608 1047 eﬂieit,
624 1019 653 1042 ut
673 1015 771 1042 calcari
788 1014 844 1048 jam
871 1022 923 1042 non
950 1021 1012 1049 pos-

226 1065 324 1091 simus.
340 1063 412 1090 Dixit
425 1063 546 1097 insuper,
563 1069 617 1089 non
637 1066 863 1096 superventurum
880 1060 945 1095 ipsis
971 1059 1012 1087 ul-

227 1114 267 1136 tra
285 1109 448 1144 ahigentem.
465 1108 535 1137 Olim
553 1108 625 1136 enim
639 1107 737 1142 captivi
755 1107 924 1139 tenebamur,
936 1111 964 1134 et
979 1106 1012 1133 ad

226 1156 332 1190 quidvis
349 1154 480 1182 nefarium
497 1153 623 1181 facillime
635 1153 810 1185 ducebamur,
819 1157 913 1180 euntes
921 1159 1012 1187 prom-

227 1206 280 1235 pte,
301 1206 397 1236 agente
415 1200 571 1235 iereuteque
602 1207 650 1227 nos
679 1199 781 1227 Satana
794 1217 803 1230 ,
820 1201 848 1225 et
870 1205 904 1225 ex
922 1197 964 1224 his
984 1197 1011 1224 in

227 1247 270 1272 illa
286 1251 389 1273 tantum
410 1252 461 1272 non
480 1244 642 1279 impellente.
657 1244 755 1272 Verum
779 1247 806 1270 et
823 1243 895 1270 istud
922 1246 1013 1270 sustu-

226 1293 257 1320 lit
279 1292 414 1319 Christus.
429 1290 486 1318 Non
501 1291 573 1318 enim
594 1290 683 1318 veniet
703 1294 797 1318 contra
813 1296 862 1316 nos
872 1288 1011 1323 depraeda-

227 1345 269 1366 tor
282 1348 289 1366 :
301 1345 353 1364 non
371 1338 466 1369 irruet,
476 1337 545 1364 sicut
561 1336 647 1371 prius,
661 1341 690 1363 ut
710 1335 762 1371 ipsi
778 1335 852 1362 libet.
865 1334 924 1362 Fixi
939 1334 1012 1362 enim

226 1392 319 1412 smnus
337 1384 362 1411 in
377 1383 496 1416 Christo,
512 1387 652 1418 tutumque
678 1387 705 1410 et
732 1381 869 1410 ﬁrmatum
882 1381 1013 1409 habemus

225 1439 283 1462 cor,
295 1438 349 1457 non
369 1429 483 1464 amplius
499 1429 532 1456 ad
546 1437 578 1456 ea
593 1436 653 1464 quae
671 1436 725 1456 non
740 1427 939 1456 conveniebant
963 1426 1011 1454 de-

223 1477 298 1510 jecti,
313 1482 366 1503 non
388 1475 491 1503 cultum
509 1475 651 1502 multorum
681 1475 792 1502 deorum
821 1472 1013 1508 ingredientes,

226 1528 280 1549 non
291 1522 324 1549 ad
342 1529 463 1549 errorem
485 1521 573 1549 abacti
587 1530 593 1548 :
612 1521 658 1548 sed
679 1521 756 1555 quasi
776 1520 802 1548 in
816 1519 895 1547 ﬁdem
910 1523 938 1546 et
948 1519 1012 1546 cha-

227 1568 335 1595 ritatem
354 1574 418 1601 erga
431 1565 515 1594 Deum
536 1565 701 1601 ingressimt
719 1565 778 1592 ideo
794 1563 939 1591 ketabundi
970 1564 1012 1590 di-

225 1620 320 1640 camus
335 1621 341 1639 :
363 1622 372 1638 ι
393 1612 426 1640 Ει
439 1612 531 1639 statuit
545 1618 626 1645 supra
642 1614 744 1645 petram
769 1610 850 1642 pedes
868 1616 941 1637 meos
956 1609 1010 1636 ⁸³.»

225 1658 293 1685 Cum
305 1666 387 1693 porro
410 1658 485 1691 dicit,
503 1666 513 1683 ι
533 1656 600 1690 Quia
630 1663 702 1684 nunc
729 1655 781 1683 vidi
801 1655 887 1683 oculis
908 1655 984 1688 meis,
1001 1664 1010 1681 ι

225 1705 300 1732 clare
318 1705 436 1732 ostendit
454 1710 560 1739 tempus
581 1705 712 1732 adventus
729 1703 878 1730 Sulvatoris
909 1707 1014 1737 tempus

226 1753 390 1781 visitatiouis
401 1759 471 1780 esse.
487 1761 496 1777 ι
512 1750 638 1778 Visitavit
661 1750 732 1777 enim
747 1757 796 1776 nos
811 1749 907 1776 Oriens
920 1756 953 1776 ex
971 1748 1011 1775 al-

228 1805 254 1827 te
266 1799 288 1815 "
299 1807 307 1833 ;
318 1808 328 1826 ι
345 1804 382 1832 et,
398 1804 427 1825 ut
441 1797 528 1832 inquit
545 1797 638 1827 David.
660 1805 670 1822 ι
688 1795 816 1823 Dominus
827 1801 841 1821 e
853 1795 921 1822 caelo
933 1800 1013 1828 super

228 1851 326 1873 terram
340 1843 475 1879 prospexit
487 1844 540 1875 “,r
557 1849 710 1877 quanquam
728 1841 790 1869 olim
818 1846 927 1876 propter
951 1847 1013 1875 pec-

227 1896 316 1918 catum
334 1898 386 1923 quo
401 1890 644 1924 obstringebamur,
657 1895 709 1915 non
725 1887 873 1917 curatione.
894 1893 946 1913 non
963 1892 1010 1913 ve-

226 1937 280 1967 nia,
296 1943 347 1962 non
365 1935 518 1966 dilectione,
538 1940 590 1961 non
621 1933 675 1960 alio
696 1933 821 1967 quopiam
853 1931 933 1958 simili
962 1938 1012 1958 nos

226 1982 401 2015 dignaretur.
421 1981 468 2008 sed
484 1984 666 2007 aversaretur.
685 1979 774 2012 Quare
793 1978 872 2005 etiam
901 1981 1013 2005 contur-

225 2027 282 2054 bati
299 2035 402 2060 sumus,
418 2027 528 2061 quodet
543 2027 637 2053 beatus
654 2025 736 2053 David
753 2029 888 2052 testatur:
905 2033 914 2050 ι
930 2025 1014 2050 Aver-

227 2077 299 2100 tenle
310 2076 335 2100 te
352 2072 445 2100 faciem
472 2077 545 2099 tuam
565 2072 755 2104 turbabuntur,
773 2076 801 2098 et
819 2071 844 2098 in
875 2070 1011 2104 pulverem

226 2126 304 2149 suum
323 2122 493 2146 revertentur
505 2117 555 2144 “.s
578 2117 711 2151 Quoniam
743 2121 832 2143 autem
852 2123 933 2147 nunc,
961 2115 1013 2142 hoc

225 2169 268 2192 est
291 2169 410 2198 tempore
439 2164 569 2192 adventus
593 2164 708 2191 vidimus
738 2162 822 2190 oculis
847 2162 914 2196 ejus,
940 2160 1013 2188 salu~

1059 236 1102 265 οἶά
1117 246 1178 265 τινα
1208 237 1415 274 κεχερσωμένην
1431 236 1580 268 πατοῦντες
1598 237 1667 269 ὁδὸν,
1684 238 1732 265 καὶ
1745 238 1846 274 βλάϐης

1059 285 1168 320 ἁπάσης
1179 283 1404 319 ἀναπιμπλάντες
1415 283 1552 318 ἡμετέρας
1567 282 1688 318 καρδίας.
1709 283 1783 318 Ἔφη
1799 284 1847 318 μὲν

1059 330 1114 366 γάρ
1129 338 1182 356 που
1193 330 1258 366 περὶ
1264 329 1321 355 τῶν
1332 329 1361 360 ἐξ
1376 328 1495 364 Ἰσραὴλ,
1505 328 1534 360 ὃς
1545 326 1578 363 ἦν
1594 329 1705 363 ἀρχαῖος
1716 328 1805 364 ἀμπε)
1811 328 1847 355 ὼν

1059 376 1098 412 τῷ
1111 376 1276 411 κτησαμένῳ
1291 375 1340 411 (ll,
1355 374 1396 401 ὅτι
1407 383 1416 400 ι
1428 373 1532 409 Ἀφελῶ
1545 374 1591 400 τὸν
1605 374 1733 410 φραγμὸν
1753 374 1847 406 αὑτοῦ,

1060 424 1106 451 καὶ
1122 424 1199 450 ἐσται
1212 424 1251 454 εἷς
1264 421 1430 458 διαρπαγὴν,
1455 421 1502 448 καὶ
1522 421 1628 448 καθελῶ
1641 421 1687 448 τὸν
1699 423 1791 457 τοῖχον
1803 423 1849 448 αὑ-

1059 468 1118 502 τοῦ,
1139 469 1186 495 καὶ
1214 467 1291 494 ἐσται
1316 468 1356 499 εις
1375 467 1573 502 καταπάτημα.
1593 476 1603 492 ι
1635 467 1716 502 Ἡμῖν
1745 466 1774 493 δέ
1794 469 1848 498 τοῖς

1061 513 1230 548 ἐπεγνωκόσι
1239 513 1288 548 τὴν
1305 513 1466 547 ἐπιφάνειαν
1479 512 1572 543 αὑτοῦ,
1583 513 1672 547 τοῖχος
1687 513 1847 548 ἐγήγερται,

1061 559 1108 586 καὶ
1122 558 1248 595 φραγμὸς
1264 558 1344 590 αὐτὸς
1355 559 1370 585 6
1393 557 1575 594 Ἑμμανουὴλ,
1590 558 1722 594 άρῤήκτῳ
1736 558 1848 594 δυνάμει

1061 605 1240 641 περιϐάλλων,
1258 604 1306 631 καὶ
1332 604 1474 630 ἀποσοϐῶν
1495 604 1548 630 τῶν
1565 604 1709 640 ἡμετέρων
1725 604 1849 631 διανοιῶν

1062 652 1124 682 τοὺς
1151 650 1322 686 ἀκαθάρτους
1343 649 1482 685 δαίμονας,
1511 649 1558 676 καὶ
1579 651 1635 681 τοῖς
1659 650 1772 676 ἐκείνων
1801 650 1849 676 οὐκ

1061 696 1151 730 ἀφιεὶς
1166 695 1355 731 ὑπεστρῶσθαι
1367 695 1440 722 ποσί.
1458 695 1603 731 Τοιγάρτοι
1619 695 1692 721 καὶὸ
1704 695 1850 730 προῳήτης

1063 742 1131 778 πρὸς
1161 742 1261 776 αὐτὸν,
1292 751 1301 767 ι
1322 742 1377 768 Καὶ
1402 741 1542 777 κληθήσῃ,
1577 741 1678 777 φησὶν,
1711 741 1850 776 οἰκοδόμος

1063 788 1197 824 φραγμῶν
1208 789 1256 814 καὶ
1269 788 1318 817 τὰς
1332 787 1441 824 τρίϐους
1455 788 1503 819 τὰς
1526 788 1578 814 ἀνὰ
1602 787 1682 823 μέσον
1695 787 1821 818 παύσεις,
1837 796 1847 812 ι

1064 834 1171 869 Ὥσπερ
1192 833 1244 868 γὰρ
1272 834 1297 860 οἱ
1323 833 1517 868 περιφράττειν
1539 833 1663 864 εῑωθότες
1684 833 1849 868 ἀμπελῶνας

1061 879 1293 916 κεχερσωμένους,
1305 878 1354 910 -ιάς
1368 879 1411 906 διὰ
1427 879 1508 914 μέσου
1523 879 1638 906 παύουσι
1652 879 1774 914 τρίϐους,
1800 879 1850 905 οὐκ

1063 926 1161 957 ἐῶντες
1179 925 1230 952 ὑπὸ
1245 925 1301 956 τοῖς
1319 924 1374 951 τῶν
1402 924 1459 951 ἄνω
1472 933 1501 951 τε
1525 925 1572 951 καὶ
1602 924 1677 951 κάτω
1699 924 1849 960 παριόντων

1063 971 1206 999 πατεῖσθαι
1236 971 1324 997 ποσίν·
1348 969 1419 997 οὕτω
1446 970 1493 998 καὶ
1511 971 1525 997 6
1536 970 1636 1006 Κύριος
1654 971 1731 1007 ἡμῶν
1749 971 1849 1006 Ἰησοῦς

1062 1017 1178 1052 Χριστὸς
1193 1015 1289 1043 ἐαυτὸν
1313 1017 1379 1052 ἡμῖν
1403 1018 1490 1052 τεῖχος
1503 1013 1600 1052 οἷάπερ
1615 1017 1751 1052 ἄρρηκτον
1772 1025 1851 1051 περι-

1063 1061 1129 1094 θεὶς,
1145 1061 1190 1088 καὶ
1201 1061 1360 1096 ἀγγελικαίς
1376 1061 1505 1097 δυνάμεσι
1531 1063 1722 1098 περιφράττων
1735 1063 1788 1095 ἔξω
1804 1062 1850 1089 τοῦ

1063 1107 1207 1135 πατεῖσθαι
1235 1107 1362 1142 γενέσθαι
1389 1107 1605 1143 παρεσκεύασεν.
1633 1109 1704 1144 Ἔφη
1731 1109 1761 1135 δὲ
1782 1109 1850 1144 πρὸς

1062 1153 1178 1185 τούτοις,
1191 1153 1231 1180 ὅτι
1246 1153 1336 1180 οὐκέτι
1346 1153 1376 1180 οὐ
1392 1154 1429 1189 μὴ
1442 1154 1506 1190 ἐλθῃ
1520 1153 1563 1180 ἐπ’
1575 1154 1673 1186 αὐτοὺς
1687 1154 1849 1186 ἐξελαύνων.

1063 1199 1150 1225 Πάλαι
1164 1199 1213 1234 μὲν
1223 1199 1277 1234 γὰρ
1289 1197 1360 1235 ἦμεν
1372 1193 1549 1234 αἰχμάλωτοι,
1559 1200 1605 1226 καὶ
1617 1200 1851 1236 εὖπαρακόμιστοι

1063 1243 1161 1278 κομιδῇ
1176 1243 1243 1278 πρὸς
1259 1244 1313 1270 πᾶν
1326 1243 1414 1270 ὁτιοῦν
1426 1244 1479 1270 τῶν
1489 1244 1609 1270 ἐκτόπων
1619 1244 1703 1276 ἰόντες
1719 1245 1849 1275 εὐκόλως,

1063 1289 1174 1324 ἄγοντός
1189 1298 1218 1316 τε
1235 1291 1309 1325 ἡμᾶς
1326 1290 1373 1317 καὶ
1397 1290 1525 1326 φέροντος
1539 1289 1585 1317 τοῦ
1601 1291 1709 1318 Σατανᾶ
1720 1311 1728 1322 ,
1756 1291 1804 1319 καὶ
1821 1292 1853 1318 ἐκ

1063 1335 1165 1362 τούτων
1179 1335 1218 1367 εἰς
1233 1336 1323 1362 ἐκεῖνα
1350 1336 1491 1371 μονονουχὶ
1522 1336 1568 1362 καὶ
1589 1335 1758 1368 ἐλαύνοντος.
1783 1336 1851 1362 Ἀλλ’

1063 1381 1166 1407 ἔπαυσε
1183 1380 1316 1408 καὶτοῦτο
1332 1381 1458 1416 Χριστός.
1473 1381 1510 1407 Οὐ
1521 1380 1576 1416 γὰρ
1591 1381 1650 1416 ἥξει
1666 1380 1728 1407 καθ’
1743 1381 1824 1416 ἡμῶν
1839 1382 1852 1407 6

1063 1426 1210 1461 λεηλατῶν·
1225 1427 1274 1453 οὐκ
1299 1426 1404 1462 ἐμόάλῃ
1432 1426 1502 1453 καθὰ
1524 1426 1571 1452 καὶ
1588 1426 1682 1462 πρώην
1708 1426 1750 1458 εῐς
1769 1435 1801 1461 γε
1816 1426 1853 1461 τῷ

1064 1471 1138 1506 αὑτῷ
1151 1471 1256 1498 δοκοῦν.
1283 1471 1454 1507 Πεπήγμεοα
1472 1471 1527 1507 γὰρ
1545 1472 1574 1498 ἐν
1602 1471 1723 1507 Χριστῷ,
1745 1471 1854 1507 ἀσφαλῆ

1063 1526 1092 1544 τε
1117 1518 1164 1544 καὶ
1192 1516 1336 1553 ἱδρυμένην
1357 1517 1513 1552 ἐσχήκαμεν
1535 1517 1584 1553 τὴν
1611 1517 1735 1553 καρδίαν,
1763 1519 1852 1550 οὐκέτι,

1064 1563 1270 1598 κατασειόμινοι
1286 1563 1355 1598 πρὸς
1368 1563 1386 1590 ἃ
1399 1563 1436 1599 μὴ
1452 1563 1598 1599 προσῆκεν·
1610 1564 1660 1590 οὐκ
1678 1564 1853 1599 ἐμὸαἰνοντες

1064 1611 1104 1640 εἰς
1125 1609 1279 1642 πολυθεΐαν,
1308 1609 1358 1635 οὐκ
1384 1608 1588 1644 ἐξελαυνόμενοι
1617 1610 1686 1646 πρὸς
1709 1609 1852 1646 πλάνησιν-

1063 1655 1120 1682 ἀλλ*
1132 1652 1188 1682 οἷον
1202 1654 1387 1690 ἐμϐεϐηκότες
1403 1655 1431 1680 ἐν
1448 1655 1538 1681 πίστει
1549 1664 1578 1682 τε
1596 1656 1642 1682 καὶ
1659 1656 1757 1692 ἀγάπῃ
1768 1658 1803 1691 τῇ
1817 1657 1854 1687 εἰς

1063 1701 1139 1732 θεὸν,
1159 1701 1196 1732 ὡς
1215 1701 1358 1736 χαίροντας
1374 1701 1420 1727 ἐπὶ
1432 1701 1518 1736 τούτῳ
1530 1700 1629 1735 λέγειν·
1647 1711 1656 1727 ι
1670 1702 1726 1728 Καὶ
1741 1702 1854 1737 ἔστησεν

1062 1745 1106 1772 διὰ
1122 1745 1224 1780 πέτραν
1240 1746 1302 1777 τοὺς
1318 1745 1399 1776 πόδας
1415 1754 1475 1780 μου.
1492 1755 1501 1771 ι
1518 1745 1612 1780 Λέγων
1639 1746 1677 1778 δὲ,
1694 1756 1702 1772 ι
1727 1747 1788 1773 Ὀτι
1811 1747 1854 1773 νῦν

1063 1790 1173 1824 ἑώρακα
1185 1790 1213 1816 ἐν
1233 1791 1290 1821 τοῖς
1317 1789 1464 1824 ὀφθαλμοῖς
1491 1799 1552 1826 μου,
1573 1800 1581 1815 ι
1612 1791 1765 1826 ἐπισκοπῆς
1792 1792 1855 1818 ὂντα

1063 1836 1158 1870 καιρὸν
1184 1835 1337 1867 κατέδειξεν
1365 1836 1486 1871 ἐναργῶς
1512 1837 1557 1863 τὸν
1585 1837 1634 1870 τῆς
1649 1837 1696 1863 τοῦ
1727 1837 1855 1873 Σωτῆρος

1063 1881 1220 1917 ἐπιδημίας.
1252 1890 1261 1906 ι
1282 1881 1470 1916 Ἐπεσκέψατο
1494 1882 1548 1917 γὰρ
1576 1883 1650 1917 ἡμᾶς
1679 1882 1802 1918 ἀνατολὴ
1830 1883 1855 1916 ἐξ

1063 1927 1164 1962 ὕψους,
1187 1937 1195 1953 ι
1217 1927 1263 1954 καὶ
1305 1935 1387 1962 φησιν
1401 1927 1415 1953 ὁ
1431 1927 1523 1959 Δαῦὶδ,
1549 1936 1558 1952 ‹
1579 1927 1682 1962 Κύριος
1697 1928 1726 1961 ἐξ
1737 1929 1854 1963 οὐρανοῦ

1062 1974 1108 2000 ἐπὶ
1121 1973 1171 2009 τὴν
1188 1974 1238 2008 γῆν
1251 1972 1412 2006 ἐπέῦλεψεν,
1432 1982 1441 1998 ι
1475 1972 1563 1999 καίτοι
1584 1972 1668 1999 πάλαι
1692 1972 1736 1999 διὰ
1750 1973 1803 2009 τὴν
1829 1974 1854 1999 ἐν

1062 2021 1128 2056 ⁴ἡμῖν
1139 2020 1274 2055 ἁμαρτίαν
1289 2019 1319 2045 οὐ
1335 2017 1482 2054 θεραπείας
1497 2018 1579 2050 ἀξιῶν
1592 2019 1622 2045 οὐ
1637 2019 1744 2053 φειδοῦς
1789 2019 1855 2053 ἁγά-

1063 2074 1128 2101 πης,
1146 2065 1195 2100 οὐχ
1224 2065 1317 2100 ἐτέρου
1345 2064 1417 2096 τινὸς
1445 2065 1498 2091 τῶν
1523 2064 1651 2091 τοιούτων
1678 2065 1772 2096 ὅλως·
1799 2065 1855 2091 ἀλλ’

1063 2111 1144 2138 οἱονεί
1155 2119 1214 2142 πως
1228 2111 1467 2147 ἀπεστραμμένος.
1486 2110 1578 2146 Ταύτῃ
1591 2120 1632 2137 τοι
1656 2111 1704 2138 καὶ
1719 2111 1856 2147 τεταραγ-

1064 2156 1144 2192 μεθα,
1163 2155 1210 2182 καὶ
1229 2157 1364 2191 μαρτυρεῖ
1374 2155 1459 2190 λέγων
1474 2156 1488 2182 6
1501 2157 1636 2192 μακάριος
1648 2156 1739 2183 Δαϐίδ·
1755 2165 1764 2182 ι
1778 2158 1856 2183 Ἀπο-

228 2215 296 2243 tem,
311 2214 338 2237 et
351 2210 578 2242 misericordiam,
596 2215 622 2237 et
637 2209 701 2244 quid
724 2215 776 2234 non
807 2207 914 2234 tandem
938 2206 1009 2233 omni

1066 2200 1230 2236 στρέψαντός
1245 2209 1292 2227 σου
1316 2201 1346 2226 τὸ
1361 2201 1515 2236 πρόσωπον,
1541 2201 1760 2237 ταραχθήσονται
1773 2222 1782 2234 ,
1812 2203 1855 2230 καὶ

225 2262 350 2282 sermone
367 2255 453 2290 majus
471 2259 498 2282 et
516 2254 676 2282 admirabile
695 2253 832 2280 consecuti
848 2259 941 2278 sumus
955 2251 966 2277 i

1065 2249 1105 2280 εἰς
1120 2248 1165 2274 τὸν
1177 2246 1241 2282 χοῦν
1253 2246 1343 2274 αὐτῶν
1357 2247 1579 2283 ἐπιστρέψωσιν.
1595 2257 1604 2273 ι
1627 2247 1736 2284 Ἐπειδὴ
1750 2248 1779 2274 δὲ
1800 2249 1854 2278 νῦν,

225 2303 347 2330 τουτέστι
362 2303 434 2330 κατὰ
449 2303 494 2330 τὸν
503 2303 550 2338 τῆς
565 2302 712 2337 ἐπιδημίας
725 2301 820 2336 καιρὸν
838 2300 1000 2335 ἑωράκαμεν
1014 2300 1043 2326 ὲν
1061 2294 1118 2328 τοῖς
1140 2295 1288 2331 ὀφθαλμοῖς
1312 2294 1404 2328 αὑτοῦ,
1424 2294 1586 2331 σεσώσμεοέι
1601 2304 1630 2322 τε
1643 2296 1689 2322 καὶ
1701 2295 1852 2332 ὴλεήμεθα,

226 2351 274 2378 καὶ
286 2351 312 2378 τι
341 2351 396 2387 γὰρ
404 2351 465 2386 οὺχ).
491 2350 546 2377 τῶν
560 2350 686 2376 ἐπέκεινα
699 2349 793 2383 λόγου,
808 2348 855 2375 καὶ
870 2347 1043 2382 άξιαγάστων
1057 2344 1164 2381 ἀληθῶς
1175 2343 1397 2379 κεκερδήκαμεν;

351 2426 555 2472 TOMUS
591 2425 885 2478 QUARTUS.

260 2513 343 2540 Yt-zns.
356 2512 383 2539 9.
405 2511 496 2538 Gaude
517 2511 686 2542 vehementer,
703 2509 758 2543 ﬁlia
776 2509 852 2541 Sion,
884 2508 1007 2543 prwdicn,

224 2559 281 2594 ﬁliu
296 2557 453 2586 Jerusalem.
467 2556 534 2583 Ecce
554 2564 599 2584 rex
625 2561 685 2583 tuus
702 2555 768 2582 venit
790 2555 837 2582 tibi
848 2555 939 2590 justus
951 2576 959 2588 ,
986 2558 1010 2582 el

225 2605 339 2635 saltans,
350 2604 404 2638 ipse
425 2607 587 2634 mansuetus,
604 2607 627 2629 et
651 2601 791 2629 ascendens
815 2608 892 2636 super
916 2600 1010 2635 subju-

225 2651 318 2685 galem,
333 2652 356 2675 et
368 2648 468 2683 pullum
483 2655 586 2674 not‘tun.

259 2747 282 2764 "
296 2748 348 2776 lsa.
363 2755 388 2782 ν,
403 2748 430 2775 5.
485 2747 507 2764 ⁸⁸
522 2746 572 2775 lsa.
591 2754 666 2779 nm,
683 2747 726 2774 12.
763 2746 785 2762 ¹¹
799 2745 869 2773 Psal.
887 2753 981 2779 χχχιχ,
998 2746 1023 2773 5.

1197 2418 1387 2461 ΤΟΜΟΣ
1424 2419 1720 2479 ΤΕΤΑΡΤΟΣ.

1099 2509 1188 2544 Χαῖρε
1212 2509 1339 2544 σφόδρα,
1357 2510 1482 2545 θύγατερ
1507 2510 1602 2544 Σιὼν,
1628 2511 1778 2546 κήρυσσε,
1804 2512 1854 2540 θύ-

1063 2564 1150 2590 γατερ
1173 2555 1379 2589 Ἰερουσαλήμ.
1412 2555 1484 2582 Ἰδοὺ
1515 2557 1532 2583 ό
1551 2557 1700 2590 ,βασιλεύς
1718 2564 1781 2584 σου
1807 2558 1853 2591 ἕρ-

1063 2602 1146 2636 χεταί
1166 2610 1215 2628 σοι
1236 2601 1360 2634 δίκαιος,
1376 2601 1425 2628 καὶ
1446 2601 1556 2636 σώζων,
1571 2603 1662 2636 αὐτὸς
1679 2603 1787 2637 πρᾶος,
1807 2603 1854 2630 καὶ

1062 2646 1244 2680 ἐπιϐεϐηκὼς
1256 2646 1305 2672 ἐπὶ
1322 2646 1497 2682 ὑποζύγιον,
1515 2647 1563 2674 καὶ
1580 2648 1684 2675 πῶλον
1698 2649 1782 2676 νέον.

1062 2745 1084 2761 ε’
1098 2745 1160 2772 Luc.
1177 2753 1194 2777 l,
1217 2745 1258 2772 78.
1297 2745 1321 2761 ”
1333 2745 1404 2773 Psal.
1418 2754 1485 2779 xui,
1506 2747 1532 2774 5.
1551 2747 1574 2763 ³⁸
1594 2747 1737 2782 Psal.cm,
1751 2747 1806 2778 29.’

258 2839 296 2875 (1)
314 2837 352 2867 lla
377 2838 519 2875 legendum
543 2839 668 2875 conjicio.
695 2845 743 2873 pro
767 2837 944 2873 ἡγησιιμένῳ,
962 2837 1009 2865 uisi

1063 2836 1109 2863 alis
1127 2835 1297 2871 interpretari
1315 2836 1424 2864 Domino
1438 2845 1494 2864 suo.
