1916 3053
91 171 140 200 N5

484 174 759 206 COMMENTARIUS
780 176 813 205 IN
832 178 1030 208 ZACHARIAM
1051 181 1272 214 PROPHETAM.

1668 191 1718 220 HS

119 230 183 256 Nl.
214 230 381 265 Ἀναφανδὸν
407 231 436 258 Iv
468 240 572 265 τουτοις
594 234 768 271 διακηρύττει
787 236 876 264 λοιπὸν

967 239 1047 269 LVII.
1063 241 1202 269 Manifeste
1218 243 1261 270 his
1283 244 1372 272 verbis
1387 244 1533 273 Salvatoris
1546 247 1630 274 nostri
1644 255 1715 282 pne-

83 275 130 303 τοῦ
151 276 278 311 Σωτῆρος
303 277 382 312 ἡμῶν
399 279 447 313 τὴν
473 279 620 312 ἀνάδειξιν,
650 281 687 312 ὼς
712 281 787 308 οὐδὲν
807 282 876 315 ὅλως

84 321 201 357 ὁρᾶσθαι
226 322 256 348 τὺ
285 323 374 358 ἀνιᾷν.
402 325 514 359 Χαίρειν
540 326 590 360 μὲν
613 326 666 362 γὰρ
691 328 875 364 προστέταχεν

84 368 243 402 ἀναγκαίως
261 370 295 404 τῇ
325 372 406 406 νοητῇ
424 371 502 404 Σιὼν,
522 372 568 399 ᾶτε
580 373 611 408 δὴ
627 375 674 400 καὶ
696 374 786 410 πάσης
797 375 875 410 ἡμῶν

85 414 235 449 κατηφείας
249 414 422 451 ἐξῃρημένης
434 425 440 449 ;
455 417 509 444 Ποῦ
526 417 579 454 γὰρ
593 419 631 445 ἔτι
644 420 673 446 τὸ
685 421 816 455 κατηφὲς,
828 423 874 448 καὶ¹

82 461 128 486 ἐπὶ
147 460 219 487 τίσιν
244 460 278 487 ἂν
309 461 413 495 γένοιτο
438 463 505 498 πρὸς
526 464 604 499 ἡμῶν
629 465 659 492 τὸ
691 467 873 502 κατοιμώζειν

81 505 159 537 ὅλως,
175 506 387 543 ἀπεληλαμένης
396 507 445 543 τῆς
458 509 606 546 ἁμαρτίας,
622 511 669 538 καὶ
686 511 733 538 τοῦ
757 512 872 539 θανάτου

81 553 289 587 πεπατημένου,
304 553 476 590 κεκλημεῆρης
492 563 521 581 τε
543 556 594 591 τῆς
605 556 748 592 ἀνθρώπου
765 558 873 592 φύσεως

80 598 120 629 είς
131 597 275 634 ἐλεύθερον
289 599 407 636 ἀξίωμα,
415 601 462 627 καὶ
472 602 505 637 τῇ
516 602 566 637 τῆς
575 603 709 635 υἱοθεσίας
721 612 873 640 κατεστεμ-

81 644 164 679 μένης
176 645 289 681 χάριτι,
305 647 351 673 καὶ
372 648 428 679 τοῖς
447 647 560 680 ἄνωθεν,
573 649 619 675 καὶ
634 649 664 681 eg
688 650 804 685 οὐρανοῦ
820 659 871 686 χα-

79 689 195 724 ρὶσμασι
210 691 467 728 κατηγλαῖσμένης;
484 692 626 729 Ἐπιτήρει
640 694 680 726 δὲ,
694 695 735 721 ὅτι
755 695 804 731 τὴν
821 695 869 722 τοῦ

77 735 206 770 Σωτῆρος
230 737 313 771 ἡμῶν
343 737 494 773 παρουσίαν
517 739 769 775 εὐαγγελιζόμενος,
790 741 870 773 εὐθὺς

75 780 215 816 Θυγατέρει
228 782 278 818 τὴν
293 782 362 809 Σιὼν
376 784 517 811 ἀποκαλεῖ.
544 785 650 821 Σφὸδρα
663 786 694 822 δὴ
706 786 753 815 οὖν
770 788 870 823 χρῆναι

75 826 183 861 χαίρειν
199 827 284 863 αὐτὴν
301 826 331 854 εὖ
358 828 430 863 μάλα
458 830 653 865 προστέταχεν,
672 832 869 868 ἀνακηρύττειν

74 880 103 897 τε
121 874 269 909 παρεγγυᾷ
281 875 312 910 τῇ
335 875 521 910 Ἰερουσαλὴμ,
538 876 574 906 ὼς
586 876 636 912 ἥδη
653 877 798 912 παρέσται,
820 879 866 907 καὶ

73 918 303 953 ἁναδειχθήσεται
330 920 399 955 μετὰ
419 921 519 956 σαρκὸς
542 923 556 948 ὸ
579 921 705 957 βασιλεὺς
720 924 816 959 αὐτῆς,
832 925 870 952 δί-
885 913 906 941 Β

73 972 164 995 καιος.
183 965 232 990 καὶ
258 965 362 995 σώζων.
382 966 546 994 Δεδικαίωκε
571 968 626 1003 γὰρ
640 970 715 1004 ἡμᾶς
735 971 763 997 ἐν
778 971 868 998 πίστει

73 1010 204 1044 Χριστὸς,
222 1010 268 1036 καὶ
283 1010 333 1046 τὴν
357 1011 406 1046 τῆς
434 1013 570 1048 σωτηρίας
585 1015 747 1050 κατευρύνει
776 1017 869 1052 τρίϐον

72 1055 128 1085 τοῖς
162 1054 323 1089 προσιοῦσιν
350 1055 433 1091 αὐτῷ.
464 1058 542 1084 Ἔστι
561 1058 589 1085 δὲ
611 1060 679 1095 πρὸς
703 1061 806 1093 τούτοις
822 1063 869 1089 καὶ

72 1101 174 1135 πρᾶος,
201 1101 231 1127 οὐ
249 1102 365 1138 νομικὴν
382 1104 544 1139 προσφέρων
564 1105 726 1141 ἀποτομίαν,
741 1110 800 1137 οὐδὲ
821 1111 870 1138 ϐα-

72 1146 147 1181 νάτῳ
168 1147 376 1182 τιμωρούμενος
404 1150 467 1181 τοὺς
494 1150 712 1186 παραϐαίνοντας
738 1156 866 1192 ἐντολὴν,

73 1191 173 1224 σώζων
184 1193 213 1219 δὲ
232 1193 333 1228 μᾶλλον
359 1194 389 1227 ἐξ
410 1196 589 1231 ἡμερότητος,
600 1199 648 1225 καὶ
671 1201 783 1234 ἀνιστὰς
805 1191 869 1236 τοὺς

71 1237 274 1273 ὠλισθηκὸτας.
293 1240 462 1276 ’Λνέγνωμεν
490 1242 518 1269 δὲ
538 1243 578 1269 ὅτι
599 1254 607 1269 ι
619 1245 655 1271 Τὸ
667 1246 785 1282 γράμμα
803 1249 869 1275 ἀπο-

73 1284 188 1317 κτείνει,
204 1285 235 1311 τδ
253 1285 281 1312 δὲ
296 1286 404 1322 πνεῦμα
419 1287 553 1320 ζωοποιεῖ.
572 1299 581 1315 ι
613 1291 732 1328 Γράμμοι
749 1294 799 1328 μὲν
814 1296 867 1331 γὰρ

71 1331 236 1367 ὁκολαστής
252 1332 326 1359 ἐστιν
335 1334 427 1368 νόμος,
441 1335 457 1370 η
469 1335 543 1369 σκιὰ,
559 1337 607 1363 καὶ
622 1338 635 1363 ὁ
650 1338 745 1370 τύπος·
759 1340 867 1376 πνεῦμα

73 1377 104 1403 δὲ
123 1377 275 1409 ζωοποιοῦν
288 1378 362 1405 ἐστιν
375 1379 389 1405 ὁ
403 1380 530 1415 Χριστὸς,
548 1383 577 1409 ὲν
601 1383 737 1419 πνεύματι
752 1386 806 1422 γὰρ
821 1388 867 1414 καὶ

74 1422 192 1459 ἀληθείᾳ
203 1424 382 1459 δεδιδάγμεθα
395 1430 558 1462 προσκυνεῖν
570 1428 615 1456 διὰ
627 1430 675 1465 τῆς
685 1432 868 1469 εὐαγγελικῆς

74 1469 255 1502 παιδεύσεως.
272 1470 333 1497 ’Ότι
347 1471 375 1498 δὲ
390 1473 436 1499 καὶ
450 1474 614 1510 ἐπιϐέϐηκεν
630 1477 676 1503 ἐπὶ
688 1477 776 1505 πῶλον
797 1480 866 1513 νέον,

74 1515 147 1541 οὕτω
164 1524 195 1542 τε
216 1517 379 1553 εἰσέφρησεν
398 1520 426 1545 ἐν
453 1521 509 1551 τοῖς
529 1521 744 1558 Ἰεροσολύμοις,
765 1525 795 1551 οὗ
817 1535 868 1561 μα-

74 1561 144 1596 κροῦ
164 1563 234 1598 πρὸς
246 1563 431 1600 πληροφορίκν
447 1566 538 1602 δεήσει
562 1567 651 1603 λόγου.
672 1570 792 1607 Ἀπόχρη
811 1572 865 1609 γὰρ
880 1584 900 1612 C

74 1608 115 1639 είς
133 1608 226 1635 πίστιν
240 1610 307 1644 ἡμῖν
318 1611 331 1636 ὁ
344 1610 488 1643 Θεσπέσιος
517 1613 711 1650 εὐαγγελιστὴς
722 1617 867 1652 γεγραφὼς

74 1654 109 1680 τὰ
122 1655 224 1682 τοιάδε.
247 1656 418 1692 Ἐπεκάθητο
436 1658 485 1693 μὲν
501 1658 555 1694 γὰρ
571 1659 610 1694 τῷ
638 1659 719 1696 πώλῳ
732 1662 849 1698 Χριστὸς
859 1685 866 1697 ,

75 1700 168 1726 εἵπετό
184 1709 216 1735 γε
232 1701 312 1737 μὴνή
328 1702 444 1729 τεκοῦσα
455 1711 462 1717 ·
491 1704 538 1730 καὶ
566 1707 678 1740 σημεῖον
704 1707 769 1742 ἡμῖν
786 1708 868 1743 ἀναγ-

76 1746 224 1772 καιοτάτου
239 1747 400 1782 πράγματος
422 1749 452 1775 τὸ
468 1749 607 1785 δρώμενον
630 1749 674 1787 ἦν.
698 1753 868 1781 Ἐπανεπαύ-

77 1800 142 1818 σατο
152 1792 208 1828 γὰρ
222 1794 236 1819 ὁ
248 1794 365 1829 Χριστὸς
374 1794 413 1830 τῷ
427 1795 478 1831 νέῳ
493 1795 560 1831 λαῷ,
576 1797 698 1825 τουτέστι
719 1799 758 1834 τῷ
771 1801 868 1838 κεκλῃ-

77 1837 152 1874 μένῳ
163 1839 232 1874 πρὸς
260 1839 408 1874 ἐπίγνωσιν
425 1841 554 1876 ἀληθείας
576 1842 616 1878 τῷ
632 1838 869 1881 είδωλολατροῦντί

76 1891 154 1911 ποτε.
166 1882 218 1911 Οἷα
231 1884 286 1920 γάρ
304 1893 347 1917 τις
376 1883 411 1921 ἦν
427 1887 525 1920 πῶλος,
542 1887 618 1914 οὔπω
646 1889 867 1926 δεδαμασμένος,

75 1929 138 1956 οὔτε
155 1930 209 1966 μὴν
223 1929 301 1962 εἰδὼς
320 1930 439 1966 βαδίζειν
455 1933 558 1968 ὀρθῶς·
572 1934 601 1960 οὐ
617 1935 670 1971 γάρ
685 1944 735 1962 που
752 1936 790 1972 τῷ
805 1937 869 1973 θείῳ

76 1976 309 2013 πεπαιδαγώγητο
327 1978 411 2014 νόμῳ.
436 1979 505 2006 Ἀλλ’
523 1981 538 2006 ὁ
558 1981 660 2014 πάντας
675 1983 749 2018 ἄγων
766 1985 805 2016 είς
822 1985 868 2011 εὑ-

75 2021 186 2057 τεχνίαν
212 2024 413 2059 πνευματικὴν,
442 2026 617 2062 προύπέθηκε
644 2028 694 2063 μὲν
715 2029 803 2065 ἑαυτῷ
823 2030 868 2057 τὸν

77 2067 179 2094 πῶλον.
198 2068 313 2102 ’Έψεται
324 2069 352 2096 δὲ
364 2070 405 2096 ὅτι
418 2071 488 2098 κατά
503 2073 617 2107 καιροὺς
632 2074 679 2100 καὶ
693 2075 709 2110 ἡ
728 2075 781 2101 τῶν
803 2077 869 2102 'Iou-

75 2113 159 2140 δαίων
186 2114 352 2151 Συναγωγή,
376 2116 420 2144 διὰ
451 2117 502 2153 τῆς
525 2118 661 2154 ἑπομένης
685 2119 745 2146 ὄνου
769 2120 868 2149 δέδωκε

76 2161 158 2192 νοεῖν,
192 2161 315 2195 καίτοιγε
340 2162 369 2188 ὲν
398 2162 486 2199 χρόνῳ
509 2163 548 2199 τῷ
568 2165 638 2191 κατὰ
652 2165 701 2201 τὴν
727 2166 823 2201 κλῆσιν
837 2169 869 2194 τὸ

76 2205 265 2242 πρεσϐύτερον
278 2207 387 2242 ἔχουσι’
400 2210 612 2244 προεισκὲκλητο
623 2211 677 2246 γὰρ
687 2211 730 2238 διὰ
746 2213 868 2246 Μωσέως

77 2252 124 2278 καὶ
138 2253 296 2288 προφητῶν.
317 2253 426 2289 Ἐπειδὴ
439 2254 468 2280 δὲ
479 2256 682 2291 προσκέκρουκε
697 2257 735 2292 τῷ
755 2258 867 2290 σώζοντι
884 2268 905 2295 ο

78 2297 185 2331 βασιλεῖ
193 2298 234 2334 (οὗ
246 2298 300 2334 γάρ
311 2307 351 2325 τοι
368 2301 525 2335 προσήκατο
535 2300 584 2336 τὴν
597 2302 714 2336 πίστιν),
728 2303 813 2340 ταύτῃ
826 2312 866 2330 τοι

77 2344 188 2375 δικαίως
203 2344 249 2371 τοῦ
262 2344 351 2371 πώλου
377 2346 492 2372 κατόπιν
513 2346 621 2382 ἔρχεται
641 2348 727 2382 μόλις,
750 2350 797 2376 καὶ
820 2349 867 2384 γέ-

77 2398 154 2424 γονεν
164 2390 205 2421 είς
216 2390 312 2425 οὐρὰν,
323 2389 444 2418 τουτέστι
464 2392 708 2428 παρακολούθημα,
721 2394 767 2420 καὶ
780 2394 867 2421 ὀπίσω

76 2435 129 2461 τῶν
142 2436 173 2468 ἐξ
189 2435 287 2466 ἐθνῶν.
308 2437 353 2463 καὶ
367 2438 383 2472 ἡ
398 2437 493 2473 πρώτη
511 2438 619 2472 γέγονεν
640 2439 752 2474 ἐσχάτη.
772 2440 867 2475 Ἀθρει

76 2482 114 2513 δὲ,
128 2481 204 2513 ὅπως
221 2482 261 2513 είς
278 2482 394 2517 ἐσχάτην
411 2482 521 2516 ἀλογίαν
541 2483 770 2518 ἀποκομισοεῖσαν
783 2485 866 2516 ἔδειξε

76 2526 124 2563 τὴν
134 2527 281 2562 ἀνθρώπου
297 2527 387 2562 φΰσιν,
399 2537 408 2554 ι
421 2529 434 2555 ὁ
443 2529 648 2565 νεφροὺς-εἰδὼς
665 2530 711 2556 καὶ
724 2530 864 2565 καρδίας.»

78 2574 150 2610 Ὀνῳ
163 2573 219 2609 γὰρ
231 2574 428 2609 παρεικάζεται
439 2575 471 2609 τῇ
482 2574 541 2601 λίαν
557 2574 714 2610 ἀλογωτάτῃ
727 2576 773 2601 καὶ
786 2577 801 2611 ὴ
814 2575 867 2602 τῶν

82 2619 217 2646 Ἰουδαίων
230 2620 392 2655 Συναγωγή,
407 2621 453 2647 καὶ
465 2621 534 2656 αὐτὴ
548 2622 579 2647 δὲ
588 2621 642 2647 τῶν
667 2620 752 2648 ἐθνῶν
764 2622 780 2656 ἡ
798 2621 868 2655 πλη-

77 2665 135 2697 οὐς.
155 2666 187 2692 Οἱ
201 2666 251 2701 μὲν
271 2666 326 2702 γὰρ
337 2666 546 2702 λελατρευκότες
561 2669 594 2703 τῇ
621 2668 706 2694 κτίσει
730 2667 806 2702 παρὰ
821 2667 884 2694 τὸν⁹

77 2711 208 2738 κτίσαντα
225 2712 303 2738 Θεόνο
335 2713 358 2738 οἱ
374 2712 403 2739 δὲ
428 2713 472 2739 τὸν
493 2713 666 2748 παιδαγωγὸν
691 2714 868 2749 ἀτιμάζοντες

77 2757 169 2792 νόμον,
186 2756 239 2789 ἔξω
259 2757 305 2783 νοῦ
324 2758 370 2784 καὶ
403 2759 500 2793 φρενὸς
514 2759 656 2793 γεγόνασιν
682 2759 803 2794 ἀγαθῆς,
823 2760 869 2786 καὶ

113 2849 136 2864 ³⁵
154 2848 236 2876 Rom.
256 2857 317 2879 vin.
336 2849 363 2876 5.
400 2850 422 2866 ⁸⁸
442 2849 529 2877 Galat.
552 2859 580 2880 ιι,
599 2851 642 2877 16.

79 2890 135 2917 xm,
156 2885 163 2910 l
189 2893 268 2918 seqq.
308 2885 330 2900 “
352 2884 422 2914 Psal.
440 2893 487 2919 vn,
505 2886 549 2913 t0.
585 2886 607 2902 "-'
624 2887 701 2914 liotn.
719 2896 736 2920 ι,
755 2887 798 2915 25.

691 2851 711 2866 ετ
728 2850 748 2877 ll
770 2851 831 2878 (Zur.
848 2859 890 2881 ιι,
913 2851 955 2877 15.

837 2887 859 2902 ’⁸³
876 2888 963 2915 ϋιιλι.
979 2895 1018 2920 ιιι,
1037 2886 1081 2913 ‘Zi.

928 285 1041 313 sentiam
1058 286 1187 322 deinceps
1213 289 1373 324 promulgat,
1401 295 1431 317 ut
1454 291 1570 320 tristitiae
1605 293 1715 321 relictus

928 329 1002 357 locus
1019 331 1128 359 omnino
1144 333 1231 360 nullus
1254 334 1386 363 videatur.
1403 335 1484 363 .luhct
1506 338 1576 364 enim
1604 337 1712 365 Sionrm

926 381 986 409 quae
1009 375 1166 412 intelligitur
1184 379 1300 412 gaudere
1316 380 1398 414 serio,
1411 381 1492 408 veluti
1517 383 1589 410 omni
1613 391 1712 411 maero-

927 427 956 447 re
980 426 1073 449 nostro
1089 422 1232 457 dissipato.
1245 423 1299 450 Cur
1324 425 1394 452 enim
1410 426 1498 453 adhuc
1529 433 1690 453 nimi-eamus
1704 448 1710 459 ,

925 470 970 492 aut
993 466 1056 501 quid
1078 474 1167 495 rerum
1197 475 1351 497 nostrarum
1389 471 1495 499 tandem
1522 473 1710 507 deplmemus,

925 517 1033 546 peccato
1047 513 1167 548 depulso,
1186 515 1342 543 conculcata
1358 522 1453 550 morte,
1466 521 1492 545 et
1516 519 1634 546 humana
1665 529 1712 547 na-

925 561 983 583 tura
1002 557 1036 584 ad
1049 557 1200 586 libertatem
1214 563 1241 587 et
1266 560 1348 596 736
1369 562 1524 597 dignitatem
1553 569 1659 598 vocata,
1687 572 1713 593 tl

923 602 1008 636 gratia
1023 603 1175 638 adoptionis
1193 605 1310 633 ﬁliorum
1325 606 1348 622 "
1361 607 1553 641 condecorata,
1574 609 1713 643 supernis-

923 653 975 681 que
996 654 1029 675 ac
1040 649 1197 677 caelestibus
1215 650 1389 679 charismatis
1416 651 1573 680 illustrata?
1592 653 1711 681 Observa

923 699 1088 726 porro,eum
1106 694 1254 723 Salvatoris
1281 698 1367 724 nostri
1400 698 1544 725 adventum
1568 701 1710 735 evangeli-

923 744 1039 773 zantem,
1057 741 1149 768 statim
1164 741 1228 769 Sion
1243 741 1323 770 tiliam
1342 743 1493 772 nominare.
1516 745 1605 778 Quare
1619 745 1711 780 justis-

921 785 990 813 sime
1005 786 1089 820 ipsam
1105 786 1233 821 majorem
1250 789 1276 816 in
1300 789 1406 816 modum
1436 791 1555 824 gaudere
1575 792 1663 826 jubet,
1684 798 1710 820 et

921 832 1080 860 annuntiare
1091 832 1238 862 Jerusalem
1251 835 1383 869 hortatur,
1396 836 1451 871 jam
1464 836 1628 870 adfuturum,
1640 843 1667 866 et
1682 839 1709 867 in

921 885 1004 905 carne
1021 879 1206 914 appariturum
1224 888 1313 916 regem
1331 889 1420 915 suum,
1442 883 1545 917 justum
1563 889 1590 911 et
1615 884 1709 912 Salva-

921 928 1018 952 torem.
1037 925 1197 954 Justiﬁcavit
1210 929 1281 955 enim
1296 936 1345 957 nos
1360 930 1386 956 in
1417 930 1468 957 ﬁde
1490 931 1612 958 Christus
1623 931 1657 963 ⁸⁸,
1681 938 1708 959 et

920 970 953 997 ad
969 977 998 997 se
1011 971 1200 1000 accedentibus
1217 973 1340 1000 semitam
1360 974 1456 1001 salutis
1466 975 1568 1002 dilatat.
1591 975 1636 1003 Esl
1667 977 1708 1003 ir.-

922 1022 1004 1050 super
1015 1023 1180 1050 mansuetus,
1199 1025 1250 1046 non
1265 1019 1376 1054 legalem
1388 1019 1504 1048 atterens
1523 1021 1705 1053 severitatem,

920 1069 970 1089 nec
989 1063 1144 1090 mandatum
1171 1064 1302 1092 vlulantes
1328 1065 1417 1100 capite
1449 1067 1578 1101 puniens:
1602 1068 1648 1094 sed
1674 1076 1705 1094 ex

920 1108 1127 1135 mansuetudine
1151 1109 1250 1142 potius,
1264 1114 1291 1137 et
1318 1109 1410 1144 lapsos
1439 1111 1557 1143 erigens.
1581 1110 1706 1146 Legimus

920 1157 1021 1185 autem,
1043 1161 1054 1178 ‹
1070 1152 1171 1180 Littera
1191 1155 1298 1188 occidit,
1311 1155 1422 1189 spiritus
1436 1155 1553 1183 viviﬁcat
1574 1156 1623 1183 ⁸⁷.»
1651 1157 1708 1184 Lit-

919 1202 976 1225 tera
995 1198 1066 1225 enim
1093 1203 1134 1226 est
1152 1199 1193 1228 lex
1208 1201 1325 1234 punitrix
1339 1221 1347 1234 ,
1365 1205 1391 1228 et
1423 1202 1518 1229 umbra
1545 1207 1571 1230 et
1599 1202 1682 1237 ﬁgura
1698 1212 1705 1230 :

919 1243 1030 1277 spiritus
1045 1244 1235 1273 vivillcansest
1252 1245 1378 1274 Christus
1391 1247 1415 1263 "
1432 1255 1437 1273 :
1459 1247 1485 1274 in
1511 1248 1606 1282 spiritu
1634 1249 1705 1275 enim

918 1293 946 1315 et
959 1289 1072 1316 veritate
1089 1296 1139 1324 per
1153 1291 1334 1326 evangelicam
1359 1292 1554 1320 institutionem
1570 1294 1640 1321 docti
1659 1303 1705 1322 su-

920 1342 980 1362 mus
997 1335 1111 1362 adorare
1120 1335 1153 1362 ¹⁹.
1170 1335 1332 1364 Ascendisse
1346 1341 1434 1365 autem
1461 1338 1561 1373 pullum
1594 1347 1705 1372 novum,

919 1386 946 1408 et
964 1381 1000 1408 ita
1028 1382 1181 1417 ingressum
1215 1381 1441 1418 Hierosolymam,
1457 1384 1490 1410 ad
1519 1384 1623 1411 ﬁrmam
1644 1393 1706 1421 pro-

918 1427 1054 1454 bationem
1068 1427 1158 1454 verbis
1177 1427 1269 1454 multis
1282 1435 1335 1455 non
1350 1432 1391 1455 est
1414 1435 1492 1463 opus.
1509 1428 1612 1456 Sutiicit
1633 1431 1705 1457 enim

920 1472 996 1499 nobis
1008 1472 1116 1500 divinus
1141 1473 1317 1509 evangelista,
1336 1474 1405 1510 apud
1432 1482 1512 1510 quem
1547 1477 1617 1503 istud
1636 1477 1706 1505 scri—

918 1524 991 1555 ptum
1004 1520 1081 1547 est".
1092 1520 1189 1548 Insedit
1197 1521 1294 1555 quippe
1305 1521 1375 1555 pullo
1384 1521 1506 1550 Christus
1512 1527 1640 1558 sequente
1646 1523 1705 1559 ejus

919 1570 1093 1600 matre:qua:
1110 1573 1154 1593 res
1168 1566 1244 1593 nobis
1267 1566 1393 1601 quiddam
1422 1568 1537 1596 maxime
1570 1569 1706 1602 singulare

918 1611 1057 1644 indicavit.
1072 1611 1180 1645 Quievit
1195 1612 1266 1639 enim
1279 1612 1402 1640 Christus
1417 1620 1498 1648 super
1510 1621 1579 1642 novo
1589 1616 1698 1650 populo,

919 1657 970 1684 huc
988 1661 1030 1684 est
1046 1657 1078 1684 ad
1093 1657 1258 1692 agnitionem
1274 1659 1396 1686 veritatis
1405 1664 1510 1693 vocato,
1526 1661 1571 1695 qui
1583 1660 1707 1695 aliquan-

919 1703 953 1729 do
961 1703 1030 1729 idola
1040 1703 1229 1730 venerabatur.
1238 1703 1325 1731 lnstar
1333 1704 1396 1739 pulli
1405 1705 1503 1740 quippe
1510 1711 1579 1738 erat,
1587 1707 1703 1733 nondum

919 1748 1044 1781 dotnitus,
1060 1756 1162 1784 necque
1183 1754 1255 1777 recta
1269 1750 1358 1778 sciens
1375 1751 1489 1785 ingredi,
1503 1756 1596 1787 utpote
1612 1753 1703 1780 divina

919 1795 980 1829 lege
990 1795 1106 1822 nondum
1117 1795 1265 1823 institutus.
1276 1795 1327 1823 Sed
1339 1797 1383 1831 qui
1393 1799 1527 1825 omnesad
1537 1799 1704 1834 spiritualem

919 1841 1059 1868 scientiam
1069 1841 1248 1874 deducit,rsibi
1262 1842 1362 1876 pullum
1375 1843 1530 1871 destinavit.
1541 1844 1703 1873 SeCuturam

919 1891 1007 1914 autem
1023 1886 1168 1921 aliquando
1188 1887 1371 1923 Synagogam,
1385 1897 1433 1923 per
1451 1889 1556 1916 asinam
1588 1898 1705 1925 sequen-

920 1936 972 1960 tem
989 1939 1038 1960 nos
1049 1933 1136 1966 docet,
1151 1934 1275 1967 quamvis
1295 1938 1415 1968 tempore
1432 1935 1580 1962 vocationis
1595 1941 1705 1963 antece—

919 1978 978 2006 dat:
997 1986 1045 2014 per
1059 1978 1150 2006 Mosen
1167 1979 1239 2006 enim
1250 1984 1278 2006 et
1293 1980 1437 2014 prophetas
1448 1986 1542 2007 vocata
1561 1985 1612 2008 est.
1637 1980 1705 2014 Quia

919 2032 983 2051 vero
1009 2025 1036 2051 in
1068 2032 1158 2059 regem
1179 2025 1346 2052 Salvatorem
1374 2026 1497 2060 peccavit
1528 2026 1537 2061 (
1559 2034 1613 2054 non
1632 2028 1703 2054 enim

918 2070 998 2098 ﬁdem
1017 2069 1162 2106 admisit),
1178 2071 1278 2098 idcirco
1298 2071 1398 2105 pullum
1424 2073 1557 2107 sequitur,
1578 2077 1609 2099 et
1633 2072 1703 2100 facta

919 2119 960 2141 est
975 2114 1001 2141 iu
1017 2114 1142 2147 caudam,
1167 2116 1216 2142 hoc
1235 2120 1275 2142 cst
1293 2116 1412 2149 sequela,
1431 2121 1458 2144 et
1477 2122 1538 2151 post
1549 2123 1652 2152 gentes,
1678 2123 1705 2145 et

919 2167 978 2195 quae
993 2159 1043 2187 fuit
1057 2161 1153 2194 prima,
1174 2161 1260 2188 evasit
1278 2161 1382 2188 ultima.
1397 2162 1588 2190 Animadverte
1604 2171 1685 2198 porro
1697 2185 1704 2197 ,

919 2206 1052 2240 quomodo
1069 2207 1102 2233 ad
1114 2212 1261 2234 extremam
1280 2207 1441 2236 dementiam
1456 2208 1596 2236 deﬂexisse
1613 2215 1706 2238 osten—

921 2251 965 2278 dat
982 2251 1125 2278 humanam
1140 2256 1273 2286 naturam,
1290 2262 1300 2278 ‹
1330 2254 1375 2288 qui
1403 2255 1542 2289 cognoscit
1578 2262 1656 2282 renes
1679 2261 1708 2282 ct

919 2297 1000 2324 corda
1014 2297 1064 2324 ³³.»
1078 2298 1161 2325 Asino
1172 2299 1256 2331 enim,
1268 2299 1397 2327 animanti
1416 2308 1430 2327 a
1448 2301 1552 2328 ratione
1564 2301 1707 2336 sejunctis~

919 2342 995 2369 sima}
1008 2346 1035 2369 et
1047 2341 1200 2370 Iudaeorum
1216 2344 1357 2380 Synagoga
1368 2364 1375 2377 .
1393 2349 1421 2373 et
1447 2346 1564 2379 gentium
1595 2346 1707 2380 populus

919 2394 1120 2423 comparantur.
1147 2389 1193 2416 Ha:
1219 2398 1335 2425 namque
1354 2397 1484 2418 creatura:
1510 2393 1599 2425 potius
1626 2399 1706 2426 quam

919 2434 1035 2462 creatori
1048 2434 1103 2462 Deo
1119 2436 1272 2463 servierunt
1286 2437 1309 2452 ”
1323 2446 1330 2464 ι
1343 2437 1379 2464 illi
1396 2437 1481 2471 legem
1497 2437 1670 2472 paedagogum
1682 2438 1707 2453 "

919 2488 967 2508 seu
984 2481 1166 2508 institutorem
1184 2487 1371 2516 aspernantes,
1388 2482 1484 2510 bonam
1501 2487 1617 2510 mentem
1638 2484 1707 2510 ami-

921 2530 1024 2558 serunt,
1047 2526 1126 2561 737
1145 2531 1173 2554 et
1192 2527 1220 2554 in
1239 2534 1318 2555 omne
1336 2535 1421 2562 genus
1436 2528 1568 2555 scelerum
1587 2528 1708 2555 declina-

921 2577 1008 2599 runt.v
1021 2572 1174 2607 Comparati
1183 2574 1254 2600 cnim
1264 2573 1463 2607 suntjumentis
1476 2574 1709 2609 insipientibus,ct

921 2619 1022 2647 similes
1035 2619 1098 2646 facti
1110 2625 1173 2647 sunt
1186 2620 1238 2648 illis
1248 2620 1280 2654 9‘,
1288 2630 1297 2647 ν
1306 2625 1334 2647 ιιι
1343 2620 1445 2648 Psaltes
1452 2621 1498 2647 ait.
1508 2620 1557 2648 Est
1568 2622 1668 2656 alioqui
1682 2627 1710 2649 et

921 2666 1097 2693 immunditiw
1105 2665 1254 2701 symbolum
1266 2666 1356 2693 asinus
1370 2675 1375 2693 :
1387 2666 1526 2700 profanum
1539 2668 1638 2702 quippe
1649 2668 1708 2695 ani-

922 2712 1009 2739 malet
1018 2711 1174 2739 damnatum
1190 2718 1204 2737 a
1218 2711 1275 2746 lege
1286 2711 1411 2738 9".'Tales
1426 2713 1535 2740 omnino
1545 2718 1709 2740 suntcrrore

922 2763 1064 2794 vagantes,
1084 2762 1112 2785 et
1132 2757 1248 2785 libenter
1274 2758 1300 2785 in
1319 2758 1437 2793 peccatis
1467 2766 1527 2786 sese
1543 2760 1706 2786 volutantes.

1009 2852 1030 2867 ³⁸
1050 2851 1056 2877 l
1076 2851 1138 2878 Cor.
1155 2859 1199 2882 ιμ’,
1219 2851 1262 2878 45.
1302 2851 1324 2867 θ’
1338 2850 1415 2878 Joan.
1436 2858 1473 2882 ιν,
1490 2850 1534 2876 24.
1572 2849 1594 2865 ⁹⁴¹
1608 2848 1706 2876 Matth.

1122 2887 1234 2914 “insula
1248 2894 1339 2921 λιιι-ιιι,
1361 2885 1405 2913 21.
1445 2884 1567 2913 "Exod.
1591 2891 1649 2917 ιιιιι,
1663 2885 1704 2912 13.
