1916 3053
78 164 130 193 «ιθ

489 160 765 190 COMMENTARIUS
785 160 817 188 IN
839 159 1039 188 ZACllARIAM
1059 160 1285 189 PRlWHETAM.

1659 161 1711 189 HO

73 221 153 256 τῆς,
175 221 225 249 καὶ
249 221 320 249 ἀντὶ
348 222 418 258 μιᾶς
452 222 565 258 ἡμέρας
587 223 782 257 παροικεσίας
813 230 871 250 σου

925 231 1044 265 pro'tmo
1061 222 1102 250 die
1129 221 1347 258 peregrinationis
1379 227 1432 250 (me
1455 221 1572 258 duplicia
1604 222 1711 250 reddam

75 267 170 294 διπλᾶ
195 267 401 295 ἀνταποδώσω
425 276 485 295 σοι.

112 313 176 341 ΝΘἏ
193 314 323 340 Μέτεισιν
343 316 357 341 ὁ
375 315 451 349 λόγος
477 315 520 340 ἐπ’
541 314 622 341 αὑτὸν
650 314 701 349 ἥδη
723 313 828 341 δίκαιόν
842 321 871 340 τε

76 361 124 385 καὶ
146 359 269 391 σώζοντα.
285 359 409 394 βασιλέα,
427 360 474 387 καὶ
491 359 540 395 μέν
555 368 595 387 τοι
615 360 662 386 καὶ
675 360 775 394 πρᾶον,
792 367 870 385 τουτ-

77 406 135 432 έστι
154 405 283 440 Χριστὸν,
302 406 349 433 καὶ
371 407 405 432 τὰ
431 406 560 442 λαμπρὰ,
585 406 632 433 καὶ
654 404 806 440 ἀξιάγαστα
822 404 873 440 τῆς

77 452 227 487 ἐπιδημίας
240 452 324 479 αὑτοῦ
343 451 544 487 κατορθώματα
564 451 728 487 καθίστησιν
754 451 870 487 ἐναργῆ.

81 510 91 527 ι
112 501 258 528 Κεκένωκε
277 501 332 537 γὰρ
348 501 444 528 ἑαυτὸν
461 509 470 526 ι
495 500 577 531 ἑκὼν,
604 500 750 535 γενόμενος
764 498 871 534 ἄνθρω-

78 556 138 581 πος,
156 548 171 574 ὁ
190 548 339 583 μονογενὴς
365 547 412 574 τοῦ
437 547 504 574 Θεοῦ
524 547 621 581 Λόγος.
649 555 659 572 ι
681 546 830 580 ’Υπέμεινε
841 545 870 572 δὲ

79 593 125 619 καὶ
141 593 270 628 σταυρὸν,
287 593 419 629 αἰσχύνης
433 593 656 628 καταφρονήσας,
675 602 684 618 ι
700 591 747 619 καὶ
762 591 870 618 τέθεικε

78 639 126 674 τὴν
141 639 242 666 ἑαυτοῦ
253 639 354 675 ψυχὴν,
367 640 417 675 τῆς
438 639 565 667 ἁπάντων
580 639 654 674 ζωῆς
672 638 850 673 ἀντάλλαγμα
861 657 868 670 ,

78 685 268 721 κατεκτήσατο
281 685 320 721 τῷ
332 685 392 721 Θεῷ
405 685 452 712 καὶ
464 685 553 721 Ila.th
574 685 624 720 τὴν
641 685 686 711 ὑπ’
700 683 815 720 οὐρανὸν
841 683 871 710 ὲν

78 733 174 767 αἵματι
201 732 335 768 διαθήκης
350 733 470 766 αἰωνίου,
483 731 518 769 ἦς
541 730 576 768 ἦν
597 732 682 763 τύπος
708 732 739 758 τὸ
761 731 804 758 διὰ
822 730 870 757 τοῦ

77 777 220 812 παντόῳου
248 779 371 810 Μωσέως
397 779 454 811 τοῖς
484 778 672 814 ἀρχαιοτέροις
691 776 868 813 ὲπιρῤανθέν.

79 822 200 850 «Λαϐὼν
216 823 288 859 γὰρ,
316 825 398 860 φησὶ,
429 824 531 860 Μωσῆς
556 824 588 851 τὸ
617 821 687 859 αἷμα
711 823 777 850 αὑτό
793 831 822 849 τε
841 822 870 849 τὸ

76 869 190 903 βιϐλίον,
203 870 252 896 καὶ
266 870 355 897 πάντα
369 870 415 898 τὸν
431 870 494 897 λαὸν
510 871 664 906 ὲρράντισε,
679 870 775 904 λέγων·
785 869 806 895 Τ
808 868 871 895 οὖτο

74 915 104 940 τὸ
118 912 191 949 αἷμα
207 916 258 951 τῆς
272 915 406 951 διαθήκης
417 913 451 952 ἦς
461 904 564 943 διέθετο
574 917 640 951 πρὸς
657 917 728 951 ὑμᾶς
739 917 754 943 ὁ
767 915 843 946 Θεός.
858 924 868 941 ι
887 904 907 931 Β

80 959 150 986 Ἀλλ’
162 960 257 988 ἐκεῖνα
270 961 319 996 μὲν
330 962 409 988 τύποι
420 982 428 995 ,
448 962 494 989 καὶ
510 962 560 997 τῆς
587 962 717 997 ἀληθείας
730 962 870 997 μόρφωσις

73 1002 117 1039 ἦν.
134 1005 211 1041 Αὐτὴ
225 1005 253 1032 δὲ
278 1006 372 1033 λοιπὸν
391 1008 407 1043 ἡ
433 1007 545 1043 ἀλήθεια
569 1007 704 1042 Χριστὸς,
731 1007 745 1033 ό
767 1006 871 1037 πάντας

75 1052 149 1086 ἡμᾶς
163 1051 304 1088 ἀγοράσας
319 1054 348 1079 ἐν
364 1054 461 1088 αἵματι
480 1053 624 1089 διαθήκης.
655 1063 665 1079 ι
685 1052 869 1088 Ἐκλελυτρώ-

77 1097 148 1132 μεθα
160 1098 228 1134 γὰρ.
244 1099 283 1131 ὡς
306 1100 321 1125 ὁ
335 1100 418 1126 αὐτοῦ
443 1109 508 1135 φησι
527 1100 662 1136 μαθητὴς,
687 1100 718 1126 οὐ
740 1099 871 1135 φθαρτοῖς

76 1143 203 1179 ἀργυρίῳ
227 1144 244 1180 ἢ
276 1145 392 1180 χρυσίῳ,
424 1146 491 1173 ἀλλὰ
515 1146 599 1181 τιμίῳ
615 1146 711 1181 αἵματι
731 1145 768 1177 ὡς
783 1143 870 1180 ἀμνοῦ

75 1189 207 1225 ἀμώμου,
228 1191 275 1218 καὶ
298 1191 412 1218 ἀσπίλου
434 1192 564 1227 Χριστοῦ.
586 1201 595 1217 ι
612 1192 647 1218 Σὺ
661 1192 761 1224 τοίνυν,
775 1192 869 1227 φησὶν,

75 1232 98 1262 ὦ
115 1235 273 1263 δικαιότατε
296 1237 343 1264 καὶ
362 1237 498 1273 πραότατε
516 1236 638 1273 βασιλεῦ,
652 1237 681 1263 έν
695 1237 792 1271 αἵματι
816 1235 871 1262 δια-

77 1281 166 1316 θήκης
180 1282 244 1314 τοὺς
255 1283 320 1315 σοὺς
334 1283 479 1317 γεγονότας
500 1283 628 1319 δεσμίους
641 1283 800 1317 (τουτέστιν
823 1282 870 1315 οὓς

77 1328 188 1363 δεσμοῖς
199 1328 310 1364 ἀγάπης
327 1329 525 1364 κατέσφιγξας,
538 1330 585 1356 καὶ
600 1331 660 1361 ταῖς
671 1331 731 1361 σαῖς
743 1329 870 1364 ζεύγλαις

78 1375 252 1409 ὑπενεγκεῖν,
270 1375 317 1402 καὶ
334 1376 484 1411 καταδῆσαι
502 1376 596 1411 σαφῶς
619 1377 669 1411 τὴν
689 1377 739 1411 τῆς
752 1375 871 1408 διανοίας

79 1421 217 1453 πέπεικας
233 1422 352 1458 αὐχένα)
364 1422 568 1455 ἐξαπέστειλας,
581 1423 718 1449 τουτέστιν
744 1422 871 1457 ἐξεκόμι-

80 1475 141 1498 σας,
167 1468 253 1503 ἤγουν
277 1468 424 1503 ἐξήγαγες,
443 1469 459 1503 ἢ
489 1469 595 1504 ἀνῆκας
626 1479 635 1494 t
650 1469 683 1495 ὲκ
700 1469 801 1496 λάκκου
822 1469 872 1496 οὐκ

80 1512 190 1548 ἔχοντος
206 1513 288 1550 ὕδωρ.
308 1524 317 1541 ι
334 1515 482 1550 Σημαίνειν
494 1515 523 1542 δὲ
541 1515 585 1542 διὰ
597 1515 690 1542 τούτου
714 1515 804 1550 φαμὲν
822 1516 871 1541 αὑ-

79 1559 125 1586 τὸν
141 1559 157 1595 ἢ
172 1560 218 1586 τὸν
228 1560 304 1596 ᾆδην,
317 1561 363 1588 τὸν
374 1561 424 1588 οὐκ
435 1561 532 1597 ἔχοντα
545 1561 627 1597 ζωὴν,
641 1561 807 1597 ὲκδεξόμεθα
817 1561 871 1597 γὰρ

80 1606 121 1637 εἰς
133 1605 221 1632 τύπον
235 1606 309 1641 ζωῆς
317 1606 347 1633 τὸ
357 1607 438 1643 ὕδωρ,
446 1608 529 1642 ἦγουν
541 1607 607 1643 ᾅδην
625 1607 871 1642 καταλογιούμεθα,
888 1602 909 1614 “⁴

81 1651 129 1678 καὶ
146 1652 221 1686 μάλα
237 1652 334 1688 ὀρθῶς,
358 1652 406 1689 τὴν
424 1653 470 1680 ἐπί
480 1662 511 1688 γε
526 1655 581 1686 τοῖς
601 1654 785 1689 ψευδωνύμως
801 1653 873 1685 θεοῖς

82 1698 204 1733 ἀπάτην.
221 1698 322 1734 Βόθρος
338 1699 392 1734 γὰρ
409 1699 517 1734 ἀληθῶς
535 1699 565 1726 τὸ
577 1700 672 1735 χρῆμά
686 1700 771 1732 ἐστιν,
788 1700 828 1731 εἰς
844 1699 874 1726 ὃν

81 1743 163 1779 εἰπερ
175 1752 218 1776 τις
232 1743 300 1776 ὅλως
314 1744 514 1780 κατολισθήσει,
533 1745 605 1780 ζωῆς
618 1745 762 1780 ἀμοιρήσει
773 1744 822 1780 τῆς
834 1745 874 1776 εἰς

80 1791 168 1817 αἰῶνα
178 1790 225 1817 τὸν
238 1790 379 1826 μέλλοντα.
399 1791 460 1817 ’Ότι
472 1791 500 1818 δὲ
514 1791 652 1818 κεκένωκε
667 1791 711 1817 τὸν
726 1791 792 1827 ᾅδην
804 1791 873 1818 ἀπο-

80 1835 171 1862 θανὼν
185 1837 200 1863 ὁ
215 1837 341 1872 Χριστὸς,
354 1837 401 1863 καὶ
412 1837 496 1872 ἀνῆκε
506 1839 562 1869 τοῖς
572 1838 600 1864 ὲν
615 1837 722 1873 φυλακῇ
737 1837 874 1872 πνεύμασι

79 1881 130 1913 τὰς
146 1882 223 1909 κάτω
239 1882 339 1915 πύλας,
355 1883 437 1910 παντί
452 1891 503 1910 που
520 1883 614 1918 σαφές.
627 1883 699 1918 Ἔφη
712 1883 740 1910 δέ
754 1892 804 1910 που
827 1883 875 1910 καὶ

79 1928 94 1954 ὸ
110 1928 165 1954 τῶν
177 1929 246 1955 ὅλων
270 1928 337 1961 Θεὸς
361 1929 404 1956 διὰ
433 1929 526 1964 φωνῆς
545 1930 677 1965 Ἱερεμίου
694 1930 823 1966 περὶτῶν
845 1929 875 1962 ἐξ

87 1974 208 2010 Ἰσραὴλ,
223 1975 457 2002 καταλελειπότων
476 1975 524 2010 μὲν
538 1976 630 2009 αὐτὸν,
647 1975 826 2011 τραπομένων
845 1975 875 2002 δὲ

82 2020 232 2055 φληνάφως
257 2021 297 2052 εὶς
319 2020 428 2054 ἀπάτην
452 2021 632 2056 εἰδωλομανῆ·
647 2030 656 2046 t
672 2020 785 2056 Ἐξέστη
800 2021 813 2047 ὁ
829 2020 875 2047 οὐ-

84 2066 164 2102 ρανὸς
179 2067 227 2093 ἐπὶ
241 2067 339 2103 τούτῳ,
356 2067 403 2094 καὶ
417 2067 526 2104 ἔφριξεν
540 2068 585 2094 ἐπὶ
600 2067 690 2094 πλεῖον
706 2067 818 2102 σφόδρα,
835 2066 875 2093 λέ-

81 2121 124 2147 γει
138 2113 254 2149 Κύριος·
270 2114 310 2140 ὅτι
341 2114 397 2146 δύο,
421 2115 468 2141 καὶ
495 2115 600 2150 πονηρὰ
621 2114 750 2149 ἐποίησεν
775 2115 788 2140 ὁ
813 2113 876 2145 λαός

82 2167 146 2193 μου.
166 2159 233 2193 Ἐμὲ
249 2159 426 2193 ἐγκατέλιπον
451 2159 542 2195 πηγὴν
568 2160 664 2191 ὕδατος
692 2159 802 2192 ζῶντος,
829 2159 876 2186 καὶ

81 2203 191 2238 ὤρυξαν
206 2205 312 2237 ἑαυτοῖς
336 2205 453 2237 λάκκους
476 2206 734 2241 συντετριμμένους,
745 2206 770 2233 οἳ
784 2206 814 2232 οὐ
831 2206 875 2232 δυ-

925 269 983 296 libi.

958 314 1027 342 LIX.
1041 314 1151 342 Transit
1166 322 1238 343 nunc
1253 315 1339 343 oratio
1362 315 1396 342 ad
1423 315 1509 350 ipsum
1543 315 1656 350 justum,
1686 320 1713 342 et

923 360 1103 395 Salvatorem,
1121 367 1202 397 atque
1213 362 1295 389 etiam
1309 367 1477 390 mansuetum
1494 369 1596 397 regem,
1619 362 1644 389 id
1671 366 1714 390 est

923 407 1073 442 Christum,
1087 413 1114 435 et
1141 408 1256 435 illustria
1285 412 1367 443 alque
1394 408 1552 435 admiranda
1581 407 1712 434 adventus

921 455 980 489 ejus
989 461 1070 490 opera
1079 453 1400 489 declarat.t_Exinanivit
1413 453 1485 481 enim
1497 453 1682 488 semetipsum‘
1700 460 1709 478 I

923 500 1024 534 libens,
1058 499 1139 529 homo
1167 500 1269 529 factum
1294 499 1466 536 unigenitum
1501 499 1548 526 Dei
1582 498 1710 526 Verbum.

924 555 934 572 ι
947 545 1082 574 Sustinuit
1099 554 1219 579 crucem,
1235 546 1395 574 confusione
1408 549 1560 579 contempta
1574 545 1584 559 ¹
1598 553 1608 570 ι
1623 548 1650 571 et
1663 550 1714 578 pro

921 593 1042 620 omnium
1057 593 1111 620 vita
1141 593 1258 621 animant
1287 600 1363 620 suam
1395 591 1583 623 commutavit.
1605 591 1659 618 Deo
1687 594 1715 617 et

922 639 995 666 Patri
1015 639 1143 667 mundum
1164 639 1190 666 in
1212 640 1344 674 sanguine
1371 638 1526 666 testamenti
1550 638 1644 665 aeterni
1669 644 1715 665 ac-

921 686 1042 720 quisivit,
1057 685 1134 721 cujus
1148 690 1227 722 typus
1242 686 1292 714 fuit
1310 686 1420 721 sanguis
1436 693 1485 720 per
1499 684 1591 712 Mosen
1605 684 1714 718 sapien-

921 731 1054 759 tissimum
1071 733 1206 760 veteribus
1232 739 1370 766 aspersus.
1390 731 1478 766 lnquit
1501 731 1572 758 enim
1586 738 1592 756 :
1608 739 1616 756 t
1632 730 1716 757 Acce-

921 782 966 812 pto
978 777 1066 805 Moses
1079 778 1210 813 sanguine
1231 783 1258 805 et
1271 777 1340 805 libro
1366 777 1435 812 ipso,
1463 776 1580 812 aspersit
1605 783 1714 803 omnem

921 823 1059 858 populum,
1073 823 1167 852 dicens
1181 832 1188 850 :
1219 823 1269 851 llic
1285 829 1328 852 est
1341 823 1451 859 sanguis
1466 823 1632 855 testamenti,
1645 822 1715 857 quod

921 870 1054 904 disposuit
1066 871 1098 898 ad
1115 878 1163 899 vos
1180 871 1251 898 Deus
1263 871 1299 898 ’.ι
1319 870 1372 898 Sed
1387 870 1432 897 illa
1456 870 1565 905 quidem
1595 870 1660 905 typi,
1689 873 1716 896 et

924 916 1046 943 veritatis
1064 917 1237 944 simulacrum
1252 917 1362 945 fuerunt
1377 925 1385 944 :
1403 917 1534 945 successit
1550 917 1606 951 ipsa
1642 915 1715 943 veti-

925 967 966 989 tas
981 962 1117 996 Christus,
1131 963 1176 998 qui
1192 970 1290 991 omnes
1306 971 1354 991 nos
1369 963 1396 990 in
1410 963 1543 998 sanguine
1561 962 1714 990 testamenti

924 1011 1058 1036 mercatus
1074 1012 1142 1036 est.t
1155 1008 1295 1044 Redempti
1309 1009 1382 1037 enim
1396 1015 1491 1036 sumus
1508 1015 1561 1035 non
1578 1007 1714 1041 corrupti-

925 1052 1023 1081 bilibus
1045 1060 1110 1081 auro
1121 1054 1163 1082 vel
1176 1060 1297 1090 argento,
1313 1059 1344 1082 nt
1357 1055 1506 1090 discipulus
1523 1054 1644 1089 ejusdem
1657 1054 1695 1081 ait
1706 1072 1715 1085 ,

923 1098 971 1126 sed
987 1101 1106 1133 pretioso
1121 1102 1255 1136 sanguine
1276 1105 1406 1136 tanquam
1435 1100 1496 1136 agni
1527 1099 1715 1131 immaculati,

924 1151 950 1173 et
968 1146 1168 1174 incontaminati
1185 1147 1284 1174 Christi
1297 1146 1333 1175 ‘.t
1351 1147 1390 1175 Ttt
1407 1147 1499 1182 igitur,
1513 1145 1610 1181 inquit,
1621 1145 1716 1180 iustis.

924 1192 993 1220 sime
1007 1197 1034 1221 et
1054 1193 1272 1222 mansuetissime
1287 1201 1346 1228 rex,
1365 1194 1392 1221 in
1412 1192 1544 1228 sanguine
1562 1191 1716 1220 testamenti

924 1238 1029 1266 vinctos
1049 1243 1110 1267 tuos
1126 1240 1136 1274 (
1153 1241 1203 1268 hoc
1218 1244 1269 1274 est,
1287 1247 1354 1275 quos
1372 1240 1486 1268 vinculis
1498 1238 1639 1267 charitatis
1651 1246 1716 1266 con-

923 1285 1067 1318 slrinxisti,
1087 1286 1245 1321 quibusque
1261 1286 1432 1321 persuasisti,
1447 1286 1484 1313 uti
1502 1285 1602 1313 mentis
1628 1284 1717 1312 cervi.-

923 1337 981 1357 cem
999 1330 1065 1367 jugo
1083 1335 1129 1360 tuo
1152 1333 1354 1366 submitterent,
1379 1337 1407 1360 et
1436 1332 1525 1367 palam
1557 1331 1713 1366 illigarent)

923 1376 1048 1410 emisisti,
1067 1377 1119 1405 hoc
1142 1382 1184 1406 est
1201 1378 1334 1411 extulisti,
1350 1379 1407 1406 sive
1423 1378 1551 1410 eduxisti,
1567 1378 1625 1405 sive
1637 1377 1716 1404 dimi-

924 1422 981 1449 sisti
999 1432 1008 1449 ι
1026 1430 1058 1450 ex
1073 1423 1133 1451 lacu
1152 1431 1205 1451 non
1223 1425 1340 1452 habente
1355 1431 1479 1460 aquam.)
1497 1424 1602 1457 Quibus
1626 1423 1717 1450 verbis

924 1472 969 1495 aut
986 1468 1132 1502 infernum,
1147 1470 1192 1498 ubi
1206 1477 1259 1497 non
1276 1474 1317 1497 est
1334 1469 1397 1503 vita,
1413 1468 1561 1502 signiﬁcari
1578 1468 1693 1496 dicimus
1707 1475 1715 1500 ;

924 1523 1020 1551 aquam
1040 1515 1111 1543 enim
1124 1523 1173 1550 pro
1185 1515 1306 1551 symbolo
1323 1515 1383 1543 vita:
1397 1515 1562 1549 accipiamus
1574 1514 1649 1546 licet;
1671 1519 1718 1541 aut

926 1567 999 1590 certe
1015 1561 1149 1589 infernum
1161 1562 1418 1590 convenientissime
1450 1561 1579 1589 falsorum
1603 1561 1716 1588 deorum

927 1607 1060 1634 fallaciam
1075 1607 1411 1643 interpretabitnur.739
1423 1607 1491 1635 Vere
1499 1607 1570 1635 enittt
1580 1607 1656 1634 fovea
1664 1611 1717 1637 εει,
1742 1609 1750 1614 ’

925 1653 950 1680 in
971 1662 1050 1689 quam
1066 1654 1088 1682 sl
1105 1654 1166 1689 quis
1179 1654 1286 1689 penitus
1307 1653 1448 1686 deciderit,
1478 1653 1532 1681 vita
1563 1651 1654 1680 futura
1683 1658 1715 1679 ac

925 1700 1089 1733 sempiterna
1125 1700 1239 1729 carebit.
1274 1699 1427 1727 Evacuasse
1464 1705 1553 1726 autem
1581 1698 1714 1726 infernum

924 1746 1267 1780 Christommortuum,et
1281 1745 1421 1780 spiritibus
1440 1745 1465 1772 in
1483 1745 1605 1773 custodia
1622 1745 1715 1772 deton-

924 1793 960 1820 tis
991 1793 1131 1827 aperuisse
1149 1797 1241 1827 portas
1257 1792 1369 1824 inferas,
1385 1792 1520 1820 neminem
1534 1792 1610 1819 latet.
1626 1792 1716 1826 lnquit

925 1844 952 1866 ct
965 1838 1062 1866 alicubi
1076 1838 1262 1866 universorum
1277 1838 1348 1866 Deus
1363 1846 1411 1874 per
1418 1838 1565 1866 Jeremiam
1578 1839 1610 1866 de
1628 1837 1716 1866 Israe-

927 1885 980 1912 litis
994 1884 1180 1913 desertoribus
1198 1885 1268 1918 suis,
1280 1889 1308 1912 et
1324 1885 1356 1912 ad
1373 1885 1506 1912 fallaciam
1535 1885 1622 1912 insani
1649 1884 1716 1912 deo-

925 1937 985 1957 rum
1004 1930 1094 1958 cultus
1107 1929 1189 1957 stttlte
1221 1930 1360 1957 conversis
1384 1937 1391 1956 :
1410 1939 1420 1955 ι
1451 1929 1597 1964 Obstupuit
1617 1930 1716 1958 C(Blum

925 1983 1008 2010 super
1022 1976 1084 2008 hoc,
1102 1980 1130 2003 et
1145 1975 1280 2003 inhorruit
1295 1975 1439 2010 plurimum
1454 1976 1638 2009 vehementer,
1651 1976 1717 2003 dicit

926 2022 1056 2050 Dominus
1074 2030 1081 2049 :
1096 2022 1157 2056 quia
1177 2022 1231 2048 duo
1247 2021 1315 2048 mala
1333 2021 1397 2049 iecit
1424 2021 1538 2056 populus
1564 2029 1649 2050 meus.
1675 2021 1717 2050 Me

926 2068 1129 2104 dercliquerunt
1157 2068 1258 2096 fontem
1284 2076 1361 2103 aqua:
1383 2068 1509 2102 viventis,
1528 2073 1554 2096 et
1591 2068 1717 2096 foderunt

926 2115 976 2143 sibi
994 2116 1068 2143 lacus
1084 2115 1227 2147 contritus,
1243 2116 1288 2150 qui
1301 2122 1354 2142 non
1375 2118 1501 2149 poterunt
1530 2122 1626 2150 aquam
1652 2122 1718 2142 con-

927 2163 1015 2188 linere
1032 2161 1054 2190 ⁸.
1071 2171 1080 2187 ι
1095 2161 1325 2194 Qttemadmodum
1345 2161 1417 2188 enim
1435 2160 1497 2187 fons
1512 2161 1583 2192 vitae,
1599 2165 1627 2188 et
1656 2160 1718 2187 fons

926 2206 1066 2233 viviﬁcans
1083 2210 1124 2234 est
1140 2211 1211 2233 recta
1233 2211 1261 2233 et
1275 2205 1375 2233 erroris
1396 2213 1492 2240 expers
1513 2205 1559 2233 Dei
1572 2206 1690 2241 cognitio
1707 2215 1714 2233 :

81 2252 211 2286 νήσονται
235 2251 307 2286 ὕδωρ
329 2252 460 2287 συνέχειν.
478 2261 488 2278 ι
504 2252 609 2287 Ὥσπερ
630 2253 684 2287 γάρ
713 2253 770 2279 ἐστι
799 2251 871 2288 πηγὴ

928 2251 964 2279 ita
983 2252 1055 2279 velut
1069 2252 1144 2280 lacus
1156 2252 1289 2287 inaqnosi,
1302 2257 1329 2279 et
1346 2252 1455 2279 centriti
1490 2252 1650 2280 idololatriae
1675 2252 1717 2280 lu-

83 2296 164 2332 ζωῆς,
184 2298 234 2324 καὶ
261 2297 337 2334 πηγὴ
354 2297 486 2330 ζωοπυιὴς
504 2299 519 2334 ὴ
543 2299 609 2334 ὀρθή
626 2307 655 2325 τε
680 2299 724 2325 καὶ
749 2299 874 2334 ἀπλανὴς

83 2344 147 2379 περὶ
161 2343 231 2370 Θεοῦ
245 2343 354 2378 γνῶσις·
371 2343 457 2376 οὕτως
472 2343 591 2380 ἄνυδροι,
622 2345 667 2371 καὶ
683 2345 763 2371 οἱονεὶ
778 2345 874 2372 λάκκοι

82 2391 312 2425 συντετριμμένοι
341 2390 461 2426 νοηθεῖεν
487 2391 520 2417 ἂν
546 2391 580 2417 τὰ
594 2390 644 2425 τῆς
666 2390 888 2426 εἱδωλολατρείας

81 2436 240 2472 ἀθύρματα,
266 2437 314 2463 καὶ
332 2437 425 2472 ήπερὶ
451 2436 533 2464 αὐτοῦ
563 2436 707 2472 πλάνησις.
725 2434 793 2464 Εἶτα
807 2437 874 2472 πρὸς

81 2483 180 2514 αὐτοὺς
209 2483 365 2517 διαλέγεται
386 2484 448 2515 τοὺς
480 2483 618 2518 δεσμίους,
643 2484 690 2510 καὶ
701 2483 741 2515 εὶς
764 2483 876 2515 ἐλπίδας

80 2529 181 2561 αὐτοὺς
198 2529 308 2563 ἀγαθὰς
332 2528 497 2564 παραθήγει,
527 2529 628 2563 λέγων’
652 2539 660 2555 ι
674 2529 834 2564 Καθὴσεσθε
847 2531 876 2556 ὲν

81 2575 239 2611 ὀχυρώματι
255 2575 361 2610 δέσμιοι
381 2575 430 2610 τῆς
449 2576 620 2611 συναγωγῆς.
649 2586 657 2602 ι
675 2577 729 2603 Καὶ
744 2576 876 2611 ὀχύρωμα

83 2621 142 2655 μὲν,
161 2621 291 2655 καθάπερ
305 2618 424 2656 ἐγῷμαι,
439 2621 488 2657 τὴν
506 2622 669 2657 Ἐκκλησίαν
692 2621 825 2648 ἀποκαλεῖ
837 2621 875 2653 ὡς

81 2668 288 2704 τετειχισμένην
303 2668 332 2694 ὲν
360 2668 480 2704 Χριστῷ,
509 2669 554 2695 καὶ
572 2669 727 2703 ἀκλονήτως
747 2669 871 2704 ἔχουσαν.

83 2713 205 2749 Κάθησιν
222 2714 251 2740 δέ
277 2722 346 2749 φησι
368 2714 399 2740 τὸ
415 2712 470 2740 οἷον
501 2714 641 2749 ἱδρυμένον
659 2715 687 2740 ἐν
706 2714 806 2740 πίστει.
823 2714 873 2740 Γέη

83 2767 202 2794 γραπται
216 2759 271 2795 γὰρ
287 2761 353 2794 περὶ
367 2759 444 2785 Θεοῦσ
464 2769 472 2785 ι
486 2760 547 2785 ’Ὁτι
560 2761 591 2786 σὺ
610 2759 763 2796 καθήμενοξ
776 2761 815 2792 εἰς
828 2760 873 2786 τὸν

116 2862 123 2876 ¹
138 2860 253 2895 Philipp.
273 2869 304 2894 tt,
326 2861 356 2887 7.
397 2862 406 2875 ¹
436 2859 515 2887 Hebr.
537 2868 583 2892 ιιι,
614 2860 640 2888 ‘2.

98 2904 190 2930 xxvnt,
208 2898 250 2924 ιυ.

699 2861 708 2875 ³
722 2861 807 2889 [ita].
828 2868 900 2893 “tr,

927 2297 1014 2331 dicra,
1030 2303 1057 2326 et
1073 2298 1260 2326 aberrationes
1280 2299 1313 2326 ab
1328 2299 1386 2333 ipsa
1401 2303 1514 2334 possunt
1526 2299 1649 2334 intelligi.
1664 2298 1716 2326 Dc-

927 2345 990 2373 inde
1008 2345 1081 2380 ipsos
1100 2345 1205 2372 vinctos
1216 2344 1392 2380 compellans,
1404 2345 1436 2371 ad
1451 2352 1524 2379 spem
1542 2345 1638 2372 bonam
1670 2352 1716 2372 eos

928 2391 1006 2427 erigit
1020 2400 1026 2418 :
1044 2401 1052 2417 t
1074 2391 1208 2418 Scdehitis
1221 2391 1247 2418 in
1264 2391 1413 2418 munitione
1430 2391 1512 2418 vincti
1529 2391 1716 2425 congregatio-

928 2437 980 2464 nis.
999 2446 1007 2462 ι
1025 2436 1247 2469 Μυιιὶιίοηειυ,ιιι
1264 2436 1328 2462 mihi
1340 2436 1444 2462 videtur
1460 2435 1607 2463 Ecclesium
1624 2435 1716 2470 appel-

926 2482 973 2515 lat,
985 2487 1015 2509 ut
1029 2482 1158 2509 munitam
1173 2482 1198 2508 in
1216 2481 1334 2514 Christo,
1354 2486 1381 2508 et
1396 2482 1594 2508 inconcussam.
1610 2480 1716 2508 Sessia-

925 2537 986 2556 nem
1002 2528 1067 2556 dicit
1081 2529 1106 2555 in
1124 2529 1174 2556 title
1201 2529 1346 2563 quamdam
1367 2527 1553 2555 stabilitatem.
1581 2526 1715 2562 Scriptum

925 2579 966 2602 est
980 2575 1050 2602 cuitu
1064 2575 1096 2601 tle
1113 2575 1167 2602 Deo
1181 2583 1187 2601 :
1201 2584 1209 2600 t
1230 2574 1362 2607 Quoniam
1373 2579 1399 2600 tu
1413 2574 1509 2602 sedens
1526 2574 1552 2601 in
1567 2575 1662 2602 saecula
1676 2575 1712 2607 “,t

928 2622 980 2649 hoc
995 2626 1037 2648 est
1051 2621 1174 2648 stabilem
1188 2624 1215 2647 et
1239 2620 1427 2647 inconcussam
1457 2625 1583 2647 naturam
1604 2621 1714 2648 habens.

929 2667 1011 2695 Eritis
1029 2668 1109 2702 igitur
1128 2666 1226 2699 securi,
1244 2666 1339 2700 inquit,
1353 2665 1507 2694 firmitatem
1527 2667 1587 2694 ﬁdei
1615 2667 1716 2694 hahcn-

930 2719 1006 2746 tes,o
1018 2713 1098 2740 vincti
1114 2712 1330 2746 congregationis
1347 2718 1423 2744 mem,
1440 2719 1499 2746 quae
1511 2717 1552 2739 est
1565 2712 1591 2739 itt
1609 2713 1715 2739 Christo

925 2759 1132 2794 justiticatorum
1147 2763 1241 2785 sancta
1259 2756 1412 2784 multitudo.
1430 2757 1488 2786 Non
1502 2763 1590 2786 autem
1616 2758 1716 2785 caritu-

1619 2858 1627 2873 ⁵
1639 2856 1713 2885 Psul.

932 2862 957 2889 8.
1020 2860 1052 2886 δί
1083 2859 1155 2888 Pctr.
1184 2869 1201 2893 t,
1228 2860 1268 2888 18.
1326 2859 1450 2887 l’Jercnt.
1469 2868 1497 2887 lt.
1518 2859 1559 2886 l5.
