1916 3053
221 153 270 182 NH

714 158 743 186 8.
763 159 901 188 ειιιιιιι
922 159 1156 188 ALEXANDRINI
1175 160 1331 190 ARCHIEP.

1799 160 1845 190 1Βῖ

222 219 279 255 ram
294 213 416 241 mercede
437 219 528 241 eorum
551 215 576 242 in
598 216 723 244 omnibus
743 219 824 246 rebus
836 203 929 247 arduis
959 227 1006 255 pa-

1067 220 1155 253 ιίῶνα,
1168 229 1176 246 ι
1185 220 1327 252 τουτέστιν
1353 219 1501 255 ἱδρυμένην
1517 219 1585 254 ἔχων
1598 218 1644 245 καὶ⁸
1654 219 1845 247 ἅκατᾶσειστον

221 254 344 285 ticiitiam
361 257 398 286 ‘et
413 259 588 288 stabilitatem
605 261 630 288 in
652 262 797 292 dilectione
818 265 880 298 Dei,
907 254 1009 301 signiti-

221 309 275 335 cat,
293 311 354 331 eum
372 304 490 341 adjungit
504 317 510 334 :
528 315 538 333 ι
549 307 583 334 Et
596 315 643 342 pro
659 317 711 336 una
726 311 768 337 die
786 312 1010 345 peregrinationis

220 352 272 375 tua:
287 350 404 384 duplicia
419 351 528 380 reddam
555 353 613 381 tibi.
632 364 642 380 ι
659 354 734 387 Quod
756 357 845 385 dicere
871 358 937 391 vult,
957 359 1010 385 tale

219 398 269 419 cst.
284 394 422 430 Peregrini
438 398 519 432 enim,
541 403 568 426 et
580 399 691 427 adventa
706 405 771 428 sunt
787 409 883 430 omnes
899 403 985 430 sancti
1000 423 1008 435 ,

220 445 248 466 et
262 439 352 468 brevis
367 448 409 470 cst
422 443 499 471 valde
512 445 643 480 cujusque
658 446 778 474 hominis
799 447 853 474 vita
871 447 897 474 in
913 455 1010 482 corpo-

222 494 262 520 re,
286 492 315 515 ut
335 487 438 517 idcirco
466 497 527 517 eam
557 497 668 526 propter
691 500 826 520 summam
850 493 1009 522 brevitatem

220 540 281 560 cum
297 541 350 560 uno
365 534 408 562 die
426 542 584 570 comparare
606 536 724 564 fortasse
740 538 837 572 possis.
856 537 950 573 Itaque
961 545 1010 573 pro

221 587 275 606 uno
294 580 338 608 die
351 582 577 616 peregrinationis
605 588 667 615 tute,
695 584 790 619 inquit,
808 584 859 612 hoc
887 588 929 612 est
961 591 1010 620 pro

220 626 306 658 brevi,
323 632 350 654 et
372 627 477 655 modico
493 632 612 663 tempore
627 629 706 664 hujus
728 630 797 662 vitm,
811 638 892 665 quam
905 631 931 658 in
946 638 1010 658 cor-

222 679 286 706 pore
306 673 392 707 degis,
413 673 566 708 dupliciter,
582 679 610 702 et
624 675 726 703 all‘atim
762 681 788 703 te
819 677 1007 705 remunerabo.

220 719 265 745 Ait
281 723 307 746 et
325 719 423 747 alicubi
437 720 572 748 Christus:
586 730 595 746 ι
613 718 765 749 Mensuram
781 722 878 750 bonam
893 727 920 750 et
944 731 1010 751 cor.—

221 765 329 797 fertam,
345 770 371 792 et
385 767 547 801 coagilatam
562 771 588 794 et
604 767 840 802 superelﬂueutem
860 769 962 796 dabunt
983 770 1009 797 in

221 811 309 837 sinum
327 816 445 838 vestrum
463 813 501 839 ⁷.»
521 812 597 840 Haud
626 813 697 840 enim
716 814 828 848 aequalia
856 814 1009 843 actionibus

222 856 322 883 nostris
342 857 449 891 prtemia
468 863 655 892 exspectamus
670 866 679 884 ι
693 859 739 886 sed
759 867 819 886 cum
850 867 947 895 magno
959 868 1006 887 au-

220 901 316 934 ctario,
329 910 390 930 cum
411 903 490 931 dator
503 905 538 931 sit
553 904 707 932 munificus.

1060 267 1151 300 φύσιν.
1170 267 1284 294 Ἔσεσθε
1296 266 1328 302 δὴ
1341 264 1387 293 οὖν
1398 267 1427 293 ἐν
1446 265 1591 301 ἀσφαλείᾳ,
1609 265 1685 299 φησι,
1697 265 1728 291 τδ
1740 265 1845 300 βεϐηκὸς

1059 312 1166 347 ἔχοντες
1182 313 1222 344 είς
1238 312 1339 344 πίστιν,
1361 309 1386 338 ὦ
1398 311 1505 346 δέσμιοι
1526 311 1576 345 τῆς
1590 310 1659 345 ὲμῆς
1678 311 1834 345 συναγωγῆς

1059 355 1113 384 εἶεν
1126 358 1148 384 δ’
1159 357 1192 384 ἂν
1204 355 1278 384 οὗτοι
1288 357 1344 384 τῶν
1361 358 1390 383 ὲν
1406 356 1517 392 Χριστῷ
1528 355 1749 390 δεδικαιωμένων
1762 357 1777 391 ἡ
1788 357 1850 390 ἁγία

1060 401 1174 437 πληθύς.
1196 401 1259 428 Ὅτι
1283 401 1311 427 δὲ
1337 401 1387 428 οὐκ
1402 401 1518 436 ἄμισθον
1537 400 1630 435 έχουσι
1642 400 1693 435 τὴν
1712 400 1754 434 ἐφ’
1768 400 1845 427 ἅπασι

1059 449 1115 479 τοῖς
1129 448 1251 482 ἀρίστοις
1266 448 1419 483 ὑπομονὴν,
1444 447 1491 474 καὶ
1516 447 1569 482 μὴν
1598 446 1630 472 τὸ
1658 447 1844 482 ὲρηρεισμένον

1059 495 1100 525 είς
1122 494 1261 529 ἀγάπησιν
1273 494 1323 529 τὴν
1350 494 1396 520 ἐπὶ
1421 493 1492 529 Θεῷ,
1516 492 1730 528 κατασημαίνει,
1756 492 1843 526 λέγων·

1062 549 1072 565 σ
1089 539 1144 566 Καὶ
1159 539 1220 566 ἀντὶ
1239 540 1304 575 μιᾶς
1318 539 1425 575 ἡμέρας
1440 539 1588 575 παροικίας
1612 547 1670 571 σου,
1692 538 1774 565 διπλᾶ
1790 539 1844 566 ἀντ-

1060 585 1199 612 αποδώσω
1211 594 1262 612 σοι.
1280 595 1289 611 ι
1305 585 1359 612 Καί
1374 594 1400 612 τι
1415 585 1536 612 τοιοῦτον
1555 586 1630 611 ἐστὶν
1641 585 1654 611 ὃ
1671 585 1794 620 βούλεται
1809 586 1844 612 λέε

1059 639 1128 666 γειν.
1147 632 1278 667 Ιιάροικοι
1305 632 1353 667 μὲν
1378 631 1433 667 γὰρ
1443 632 1490 658 ἐπὶ
1512 634 1575 668 γῆς,
1599 632 1648 659 καὶ
1668 632 1844 668 παρεπίδημοι

1061 677 1161 710 πάντες
1180 678 1249 704 εἰσὶν
1263 678 1288 704 οι
1312 678 1395 712 ἅγιοι,
1415 677 1519 714 βραχὺς
1539 678 1567 705 δὲ
1591 678 1651 705 λίαν
1667 679 1682 705 ό
1704 679 1733 704 ὲν
1748 677 1843 713 σώματι

1061 724 1118 760 βίος
1135 724 1279 760 ἀνθρώπου
1299 724 1409 757 παντὸς,
1425 725 1477 752 κᾶν
1491 724 1517 751 et
1529 733 1575 756 τις
1587 724 1668 751 αὑτὸν
1684 724 1773 759 ὀλίγον
1789 724 1843 752 ὄντα

1061 771 1211 803 παντελῶς,
1230 771 1268 802 ὼς
1292 771 1362 806 τάχα
1378 780 1429 798 που
1455 771 1500 797 καὶ
1519 770 1610 806 ἡμέρᾳ
1638 770 1843 806 παρεικάζεσθσι

1062 818 1120 853 μιᾷ.
1135 817 1239 844 Οὐκοῦν
1256 818 1317 844 ἀντὶ
1346 818 1410 852 μιᾶς
1426 817 1533 852 ἡμέρας
1547 817 1596 852 τῆς
1624 817 1771 852 παροικίας
1788 826 1843 849 σου,

1061 864 1138 899 φησι,
1157 863 1296 890 τουτέστιν
1326 863 1387 890 ἀντὶ
1401 863 1516 899 βραχέος
1533 871 1562 889 τε
1578 863 1625 890 καὶ
1640 863 1843 898 συνεσταλμένου

1026 907 1047 934 Β
1061 909 1159 944 χρόνου
1169 908 1218 944 τῆς
1233 909 1261 935 ἐν
1277 907 1383 943 σώματι
1409 907 1482 943 ζωῆς
1496 907 1593 940 διπλᾶς
1607 917 1636 934 τε
1656 909 1705 935 καὶ
1719 910 1747 935 ὲν
1762 908 1844 935 πλεον-

220 950 300 986 ασμῷ
332 951 381 983 τὰς
407 953 524 988 ἀμοιϐὰς
547 953 689 981 ἀποδώσω.
727 955 800 990 Ἔφη
832 955 860 982 δέ
880 964 931 982 που
950 956 997 982 καὶ
1015 956 1029 982 ὁ
1048 957 1176 992 Χριστὸς,
1210 958 1252 984 ὅτι
1272 967 1281 983 ι
1295 957 1401 992 Μέτρον
1427 957 1519 989 καλὸν,
1535 957 1731 991 πεπιεσμένον,
1747 957 1791 983 καὶ
1809 965 1844 982 σε-

221 999 395 1034 σαλευμένον,
417 1001 463 1028 καὶ
489 1001 742 1038 ὑπερεκχυνόμενον
761 1003 893 1029 δώσουσιν
910 1005 949 1035 εἰς
964 1003 1009 1031 τὸν
1028 1005 1130 1032 κόλπον
1164 1005 1252 1040 ὑμῶν.
1267 1015 1276 1031 ι
1294 1005 1331 1032 οὐ
1352 1005 1405 1040 γάρ
1424 1013 1475 1031 που
1506 1005 1554 1036 τὰς
1575 1003 1754 1038 tamam»;
1771 1000 1805 1030 ὧν
1817 1003 1845 1030 ἂν

220 1047 370 1083 δράσαιμεν
385 1049 579 1085 προσδοκῶμεν
597 1050 724 1085 ἀμοιϐὰς,
744 1050 803 1077 ἀλλ’
823 1052 852 1078 ὲν
864 1051 1009 1088 προσοὴκῃ
1028 1053 1122 1089 πολλῇ,
1139 1053 1338 1089 πλουσιόδωρος
1351 1053 1406 1089 γὰρ
1418 1054 1432 1080 ὸ
1442 1052 1540 1084 διδούς.
1639 1052 1645 1053 ί

257 1095 340 1124 Vens.
359 1095 402 1123 15.
421 1095 552 1129 Quoniam
567 1097 664 1124 tetendi
682 1103 706 1125 te
722 1098 797 1131 mihi,
813 1097 895 1131 Juda,
917 1103 944 1125 ut
968 1107 1013 1126 ar-

223 1150 293 1174 cum,
306 1142 410 1176 implevi
426 1142 568 1178 Ephraim.

258 1187 339 1224 750
355 1188 411 1216 LX.
428 1189 550 1224 Quonam
580 1191 660 1219 modo
688 1192 808 1220 vocanda
835 1192 880 1226 sit,
909 1197 937 1220 et
965 1199 1013 1227 per

222 1235 301 1263 Iidem
321 1236 477 1272 ingressum
492 1238 612 1272 gentium
630 1238 785 1272 multitudo,
811 1239 894 1266 miser
917 1244 1012 1266 contra

222 1283 340 1316 futurus,
358 1283 407 1318 qui
429 1283 493 1311 olim
519 1284 714 1319 triumphabat,
736 1285 789 1313 hoc
812 1291 854 1313 est
881 1285 1010 1318 Satanas,

222 1329 353 1364 spoliatus
371 1330 545 1362 adoraturus,
557 1339 627 1366 quos
646 1332 822 1366 cupidissime
835 1332 1010 1366 arquisierat,

223 1376 311 1403 adhuc
334 1376 464 1405 declarat.
494 1377 650 1413 Alloquitur
680 1383 770 1406 autem
798 1378 876 1413 quasi
901 1383 1011 1405 sanctos

222 1422 371 1456 apostolos,
386 1422 444 1450 sive
456 1424 602 1459 magistros
619 1432 652 1452 ex
666 1424 759 1458 lsruci,
783 1425 828 1460 qui
847 1430 874 1452 et
890 1425 1010 1459 gentium

229 1467 353 1502 regiones
373 1474 577 1503 percursantes,
593 1470 627 1496 ad
647 1470 814 1505 agnitionem
833 1470 953 1497 veritatis
971 1470 1013 1496 ia-

224 1514 338 1549 digcuas
355 1519 498 1548 vocarunt,
512 1520 540 1543 et
559 1516 608 1543 reti
623 1523 672 1544 suo
688 1516 892 1544 concluserunt.
910 1516 955 1543 Ait
967 1524 1011 1543 er-

223 1567 276 1594 go:
297 1570 306 1587 ι
325 1560 347 1589 0
373 1560 453 1594 Juda,
481 1561 582 1589 iulendi
607 1567 633 1589 te
657 1562 722 1589 mihi
743 1570 847 1596 arcum,
874 1572 884 1589 ι
904 1563 955 1590 hoc
974 1567 1014 1590 est

224 1615 272 1640 per
302 1611 329 1634 te
356 1607 454 1642 jaculis
482 1611 589 1643 tangam
617 1608 811 1636 adversarios:
841 1613 869 1636 et
892 1617 901 1634 (
932 1608 1014 1641 Te,o

226 1653 363 1689 Ephraim,
378 1654 497 1690 implevi.
517 1665 528 1681 ι
545 1654 621 1688 Quod
638 1655 702 1690 quid
717 1655 764 1688 sit,
783 1655 871 1682 dicam
895 1662 1013 1690 quoque.

225 1700 292 1727 Cum
324 1701 396 1728 enim
425 1701 560 1735 sagittarii
590 1701 721 1729 ferratum
742 1709 834 1729 arcum
857 1706 1014 1735 curvantes,

227 1754 339 1773 nervum
366 1746 398 1774 ad
423 1751 517 1782 pectus
546 1746 670 1779 addunt,
699 1751 761 1774 tunc
783 1751 876 1774 arcum
904 1747 1016 1781 implere

226 1792 366 1825 dicuntur,
382 1797 406 1820 et
423 1794 549 1828 sagittam
572 1793 717 1827 volantem,
737 1793 794 1822 sive
809 1793 1014 1828 telumjaciunt.

228 1837 274 1864 Est
288 1837 371 1873 igitur
383 1837 455 1865 idem
473 1837 581 1865 diverse
602 1837 713 1865 dictum.
731 1838 832 1866 Arcum
852 1842 877 1865 te
891 1837 954 1870 feci,
974 1837 1016 1864 in-

229 1885 298 1919 quit,
306 1892 323 1912 ο
333 1884 400 1912 Juda
415 1893 422 1918 ;
435 1884 541 1920 implevi
555 1884 635 1912 etiam
647 1889 683 1918 te,
695 1885 833 1920 Ephraim.
844 1883 927 1912 Iudas
935 1888 1016 1919 porro

226 1936 255 1958 et
271 1931 400 1965 Ephraim
416 1931 574 1959 universum
593 1938 681 1966 genus
695 1931 877 1959 Israeliticum
897 1929 1016 1965 comple-

227 1981 347 2004 ctuntur.
364 1976 458 2012 Itaque
475 1981 538 2004 ante
551 1977 620 2004 alios
628 1985 662 2005 ex
673 1976 772 2004 Iudaeis
785 1976 928 2004 credentes
943 1975 1014 2003 velut

227 2031 320 2052 arcum
335 2023 410 2056 fecit,
438 2031 471 2051 eo
488 2024 568 2050 animi
589 2027 743 2058 provectos,
768 2027 798 2050 ut
816 2027 910 2058 gentes
940 2023 1017 2050 insti-

227 2073 345 2100 tuerent,
365 2072 392 2094 et
410 2075 425 2094 ιι
438 2068 558 2095 seductis
571 2068 725 2095 daemonum
747 2075 843 2103 greges
866 2068 1015 2102 abigereut,

228 2115 398 2150 terircntque
423 2115 564 2146 Satanam,
580 2119 608 2142 et
622 2115 749 2142 universe
776 2114 877 2141 divinis
899 2114 1016 2142 decretis

229 2162 415 2193 adversantes,
436 2166 463 2188 et
483 2161 614 2189 doctrina!
634 2167 719 2188 sacra:
745 2160 808 2187 inde
832 2159 1017 2195 proficiscenti

231 2211 423 2242 repugnantes.
441 2207 486 2234 Sic
507 2206 606 2234 alicubi
627 2210 654 2234 et
669 2206 778 2234 divinus
795 2205 880 2233 David
902 2206 935 2232 ad
958 2206 1018 2233 uni-

229 2301 292 2329 Iutis
319 2306 414 2334 acutae,
440 2308 457 2328 ο
477 2305 582 2335 potens.
610 2300 700 2334 populi
731 2299 781 2326 sub
805 2304 832 2326 te
859 2299 968 2332 cadent,
993 2298 1018 2325 iu

228 2348 311 2376 corde
332 2348 503 2375 inimicorum
520 2347 591 2381 regis
607 2346 628 2374 ⁸,
650 2356 659 2371 ι
678 2346 789 2373 Feriunt
808 2346 880 2372 enim
894 2345 1019 2373 inimicos

228 2394 276 2421 Dei
286 2399 310 2422 et
324 2393 413 2421 Patris
425 2393 450 2421 in
462 2401 520 2425 cor,
531 2398 559 2420 et
571 2400 648 2419 renes
660 2393 733 2419 intus
746 2392 851 2426 sagittae
866 2391 984 2426 potentis
997 2391 1016 2423 ',

230 2443 283 2471 hoc
303 2446 346 2468 est
364 2440 476 2468 Christi.
492 2439 611 2467 Rursum
626 2438 732 2472 sagitta
749 2438 809 2472 ejus
826 2442 890 2465 sunt
903 2437 948 2472 qui
967 2437 1016 2465 do-

229 2491 292 2514 cent
307 2491 442 2518 errantes,
470 2490 497 2513 et
511 2491 607 2512 natura
625 2490 652 2512 ct
665 2492 729 2512 vere
750 2483 834 2512 Deum
852 2484 1015 2512 nescientes.

229 2533 341 2560 Feriuut
356 2537 456 2565 autem,
475 2539 528 2559 non
543 2531 577 2558 ad
594 2536 720 2563 mortem,
738 2531 786 2558 sed
806 2531 839 2558 ad
857 2530 1016 2558 charitatem

230 2579 257 2605 in
273 2577 382 2606 Christo
412 2585 458 2605 eos
476 2577 619 2610 deducent,
645 2580 675 2603 ut
700 2580 727 2604 et
750 2577 800 2604 sub
830 2577 887 2611 ipso
908 2575 1016 2603 feriant.

230 2625 324 2658 Qualis
343 2628 384 2652 est
399 2631 459 2658 qum
480 2624 507 2650 in
523 2623 641 2650 (lanticis
659 2623 827 2650 canticorum
852 2629 950 2657 sponsa
971 2622 1020 2650 de-

229 2672 372 2704 scribitur,
393 2671 488 2697 diccus
510 2676 658 2704 expresse:
675 2679 683 2695 ι
706 2669 852 2697 Vulnerata
877 2669 1021 2697 charitatis

229 2724 280 2750 ego
297 2723 356 2743 sutn
375 2715 408 2742 ιο,
429 2725 438 2740 ι
455 2715 580 2742 Evasisse
603 2720 691 2743 autem
714 2715 879 2743 fortissimos
898 2723 929 2743 ac
953 2715 1020 2742 vali-

230 2763 358 2790 dissimus
373 2761 478 2790 divinos
494 2762 652 2796 discipulos,
671 2762 833 2789 testificatur
856 2763 889 2789 de
907 2761 974 2796 ipsis
993 2761 1018 2788 in

232 2809 331 2844 spiritu
357 2809 469 2844 loquens
494 2809 600 2844 sapiens
624 2809 874 2844 l’salmographus:
903 2817 911 2834 ι
941 2807 1018 2835 Sient

276 2897 286 2914 τ
298 2895 363 2924 Luc.
379 2903 414 2932 γι,
429 2895 473 2924 38.
510 2895 599 2923 ‘Psal.
619 2903 691 2928 utr,
712 2895 737 2922 6.
785 2896 794 2910 θ
807 2894 876 2922 Psul.
892 2894 1000 2927 cam-5.

1099 1102 1176 1128 Διότι
1200 1100 1334 1128 ὲνέτεινά.
1347 1108 1385 1127 σε
1411 1099 1537 1135 ἐμαυτῷ,
1565 1099 1675 1131 Ἰούδα,
1697 1099 1737 1132 ὡς
1756 1099 1843 1131 τόξον,

1063 1150 1185 1183 ἕπλησα
1200 1149 1253 1176 τὸν
1275 1149 1408 1184 Ἐφραΐμ.

1099 1192 1135 1219 Ξ’.
1157 1192 1224 1220 Τίνα
1250 1192 1282 1228 δὴ
1305 1193 1406 1228 τρόπον
1425 1192 1591 1228 κληθήσεταί
1605 1200 1634 1219 τι
1656 1193 1705 1219 καὶ
1724 1192 1842 1219 εὶσελάσει

1062 1238 1108 1265 διὰ
1118 1238 1168 1274 τῆς
1182 1238 1300 1270 πίστεως
1320 1239 1336 1273 ἠ
1353 1238 1381 1272 ἐξ
1396 1238 1480 1266 ἐθνῶν
1497 1239 1593 1273 ἀγέλη,
1608 1238 1808 1274 ταλαιπωρήσει
1820 1239 1842 1266 δὲ

1065 1285 1112 1312 καὶ
1127 1285 1141 1312 ὁ
1155 1285 1239 1312 πάλαι
1260 1285 1382 1320 τρυφῶν,
1405 1285 1544 1312 τουτέστιν
1571 1286 1585 1312 ό
1604 1286 1738 1318 Σατανᾶς,
1755 1285 1804 1312 τῶν
1818 1286 1842 1311 ὲκ

1066 1330 1221 1365 πλεονεξίας
1246 1331 1320 1366 αὐτῷ
1352 1331 1561 1367 πεπορισμένων
1595 1330 1788 1367 προηννητῶν
1809 1331 1843 1363 ἑξ-

1065 1377 1230 1412 ωθούμενος,
1250 1377 1388 1413 διατρανοῖ
1410 1377 1490 1404 πάλιν
1501 1378 1530 1405 ὲν
1546 1377 1660 1409 τούτοις.
1686 1377 1799 1404 ΙῙοιεῖταί
1817 1385 1842 1411 γε

1067 1423 1119 1458 μὴν
1144 1422 1189 1449 τὸν
1214 1422 1301 1456 λόγον,
1317 1423 1355 1454 ὡς
1380 1422 1447 1458 πρὸς
1471 1423 1535 1454 τοὺς
1561 1423 1654 1457 ἁγίους
1682 1422 1841 1454 ἀποστόλους,

1065 1468 1123 1504 ἦτοι
1139 1468 1203 1500 τοὺς
1222 1468 1253 1501 ἐξ
1273 1469 1380 1505 Ἰσραὴλ
1393 1469 1581 1501 διδασκάλους,
1603 1470 1627 1496 οἳ
1653 1469 1701 1495 καὶ
1731 1469 1777 1504 τὴν
1798 1468 1842 1495 τῶν

1065 1515 1150 1541 ἐθνῶν
1169 1515 1374 1551 έκπεριθέοντες
1388 1515 1491 1551 χώραν,
1510 1517 1549 1547 εἰς
1565 1515 1714 1549 ἐπίγνωσιν
1730 1515 1843 1550 ἀληθείας

1066 1561 1180 1588 ἐκάλουν
1196 1570 1226 1588 τε
1248 1562 1294 1588 καὶ
1315 1563 1534 1598 σεσαγηνεὺκασι
1555 1563 1619 1594 τοὺς
1637 1563 1668 1589 ἐν
1690 1562 1766 1598 αὐτῇ.
1790 1571 1798 1587 ι
1815 1559 1844 1588 Ὠ

1073 1607 1167 1639 Ἰούδα,
1188 1608 1277 1635 τοίνυν
1299 1610 1392 1643 φησιν,
1410 1609 1531 1636 ὲνέτεινά
1558 1618 1587 1635 σε
1611 1609 1723 1644 ἐμαυτῷ
1738 1607 1817 1640 τόξον,
1834 1617 1842 1633 ι

1065 1655 1187 1681 τουτέστι
1204 1654 1249 1681 διὰ
1265 1655 1311 1681 σοῦ
1329 1655 1448 1688 τοξεύσω
1461 1656 1524 1687 τοὺς
1540 1655 1718 1687 ὑπεναντίους
1728 1663 1734 1669 ·
1746 1655 1791 1681 καὶ
1802 1664 1810 1680 ι
1821 1655 1844 1680 σὲ

1066 1701 1103 1734 δὲ,
1125 1698 1148 1728 ὧ
1169 1701 1298 1737 Ἐφραῒμ,
1317 1701 1433 1737 ἔπλησα,
1456 1711 1465 1727 ι
1489 1702 1543 1728 Καὶ
1562 1701 1588 1728 τί
1613 1701 1644 1736 δὴ
1672 1700 1750 1728 τοῦτό
1773 1701 1842 1730 ἐστιν.

1067 1746 1122 1782 ὲρῶ
1144 1747 1235 1774 πάλιν.
1263 1747 1326 1774 Ὅτε
1351 1747 1405 1783 γὰρ
1430 1748 1479 1782 τῆς
1498 1747 1605 1780 τοξείας
1626 1747 1650 1773 οἱ
1681 1746 1844 1781 ἐπιστήμονες

1065 1793 1166 1829 νευρὰν
1184 1794 1233 1828 μὲν
1252 1793 1339 1829 μαζῷ,
1351 1793 1398 1820 τοῦ
1414 1793 1441 1819 δὲ
1462 1793 1539 1825 τόξου
1556 1793 1601 1820 τὸν
1622 1793 1732 1828 σίδηρον
1748 1792 1844 1826 ἄγουσιν

1066 1838 1161 1873 ἐγγὺς,
1178 1839 1238 1865 τότε
1256 1839 1359 1874 πλῆσαι
1377 1839 1407 1865 τὸ
1419 1839 1495 1871 τόξον
1517 1839 1652 1874 λέγονται,
1671 1839 1794 1874 βάλλουσι
1808 1837 1845 1864 καὶ

1066 1884 1242 1920 διιπτάμενον
1271 1885 1316 1912 τὸν
1345 1885 1392 1918 ξὺν,
1423 1886 1483 1921 ἤτοι
1506 1885 1537 1911 τὸ
1555 1885 1642 1920 βέλος.
1671 1886 1748 1912 Ἔστι
1769 1884 1845 1911 τοίνυν

1066 1929 1133 1956 αὐτὸ
1160 1929 1296 1966 διαφόρως
1323 1930 1491 1966 πεφαμένον.
1511 1930 1593 1963 Τόξον
1630 1939 1659 1957 σε
1695 1931 1844 1966 πεποίημαι,

1067 1975 1161 2010 φησιν,
1176 1972 1198 2002 ὦ
1213 1975 1307 2009 Ἰούδα,
1324 1975 1429 2011 έπλησα
1444 1975 1471 2002 δὲ
1488 1976 1536 2003 καῖ
1555 1985 1595 2010 σε,
1607 1975 1629 2004 ὦ
1650 1977 1778 2013 Ἐφραῖμ.
1796 1975 1846 2002 Ἰούο

1067 2021 1114 2054 δας
1139 2021 1167 2048 δὲ
1185 2022 1231 2049 καὶ
1249 2022 1370 2057 Ἐφραῒμ
1386 2022 1459 2050 ἅπαν
1481 2022 1540 2049 ἐστὶ
1558 2023 1589 2049 τὸ
1603 2023 1683 2058 γένος
1699 2024 1729 2050 τὸ
1752 2023 1780 2056 ἐξ
1807 2023 1846 2048 Ίσ-
1883 2042 1886 2045 .

1069 2067 1149 2103 ραήλ.
1172 2068 1276 2095 Οὐκοῦν
1302 2068 1380 2102 τόξον
1407 2069 1502 2105 ὥσπερ
1527 2078 1555 2095 τι
1575 2070 1723 2105 πεποίηται
1745 2069 1804 2100 τοὺς
1823 2067 1846 2100 ἐξ

1075 2113 1209 2139 Ἰουδαίων
1221 2115 1438 2147 πεπιστευκότας
1449 2115 1502 2151 πρὸ
1512 2115 1566 2142 τῶν
1576 2115 1674 2148 ἄλλων,
1688 2117 1731 2142 κα“
1748 2115 1846 2150 γνώμης

1069 2158 1109 2189 είς
1121 2157 1200 2184 τοῦτο
1216 2158 1442 2194 προεληλυθότας,
1458 2160 1496 2192 ὡς
1511 2159 1574 2195 ἐονη
1600 2160 1792 2194 παιδαγωγεῖν,
1808 2158 1847 2185 καὶ

1034 2225 1056 2252 D
1069 2203 1123 2230 τῶν
1137 2203 1322 2238 πλανωμένων
1338 2204 1483 2231 ἀποσοϐεῖν
1504 2205 1553 2236 τὰς
1573 2205 1626 2231 τῶν
1648 2205 1782 2240 δαιμόνων
1793 2203 1846 2238 ἀγὲ-

176 2258 179 2261 ’
229 2260 367 2281 versurum
383 2253 466 2281 Deum
484 2258 512 2281 et
527 2253 697 2280 Salvatorem
711 2261 718 2279 :
738 2261 748 2278 ι
771 2251 883 2285 Sagittae
906 2257 958 2279 tua:
973 2258 1018 2278 sa-
1034 2251 1043 2257 ἢ

1070 2248 1129 2280 λας,
1141 2250 1304 2276 καταπαίειν
1315 2259 1344 2276 τε
1356 2250 1400 2276 τὸν
1412 2251 1543 2283 Σατανᾶν,
1559 2252 1606 2277 καὶ
1620 2251 1786 2285 ἁπαξαπλῶς
1795 2250 1846 2280 τοὺς

1068 2297 1124 2327 τοῖς
1142 2295 1224 2327 θείοις
1238 2295 1369 2330 δόγμασιν
1386 2296 1593 2330 ἀντεξάγοντσς,
1610 2297 1658 2323 καὶ
1674 2297 1738 2328 τοὺς
1752 2297 1807 2327 ταῖς
1819 2293 1845 2320 δι’

1069 2343 1159 2370 αὐτῶν
1184 2343 1356 2378 μαχομένους
1378 2343 1595 2378 μυσταγωγίαις.
1622 2343 1701 2370 Οὕτω
1722 2343 1771 2370 πού
1793 2350 1846 2376 φησι

1069 2389 1115 2416 καὶ
1138 2389 1152 2416 ὸ
1173 2388 1315 2420 θεσπέσιος
1337 2390 1419 2416 Δαδὶδ
1434 2389 1502 2425 πρὸς
1522 2390 1568 2416 τον
1587 2389 1641 2416 τῶν
1657 2389 1725 2416 ὅλων
1747 2388 1847 2423 Σωτῆρα

1069 2436 1117 2462 καὶ
1137 2435 1216 2462 Θεόν-
1239 2444 1248 2462 ί
1272 2436 1312 2462 Τὰ
1330 2436 1393 2471 βέλη
1415 2445 1461 2462 σου
1477 2437 1644 2472 ἠκονημένα,
1669 2436 1782 2463 δυνατέ·
1797 2434 1847 2460 λαοὶ

1072 2481 1201 2508 ὑποκάτω
1223 2489 1270 2508 σου
1283 2481 1448 2508 πεσοῦνται·
1464 2482 1495 2509 ὲν,
1506 2482 1604 2518 καρδίᾳ
1618 2482 1672 2508 τῶν
1687 2481 1789 2517 ἐχθρῶν
1807 2479 1845 2506 τοῦ

1072 2527 1213 2564 βασιλέως.
1234 2537 1242 2553 ι
1270 2529 1418 2564 Πληττουσι
1439 2529 1488 2564 μὲν
1514 2529 1568 2565 γὰρ
1592 2530 1655 2561 τοὺς
1677 2529 1787 2565 ἐχθροὺς
1808 2526 1845 2552 τοῦ

1071 2574 1139 2601 Θεοῦ
1159 2575 1205 2601 καὶ
1220 2575 1326 2610 Πατρὸς
1347 2576 1387 2607 εἰς
1408 2576 1523 2611 καρδίαν
1544 2575 1607 2607 ἔσω,
1625 2576 1671 2602 καὶ
1695 2574 1805 2609 νεφροὺς
1819 2572 1845 2598 τὰ

1069 2620 1116 2648 τοῦ
1137 2621 1250 2647 δυνατοῦ
1266 2621 1341 2656 βέλη,
1356 2622 1480 2648 τουτέστι
1504 2620 1633 2657 Χριστοῦ.
1651 2620 1719 2656 Βέλη
1733 2620 1759 2646 δὲ
1774 2616 1843 2645 αὖτοῦ

1070 2668 1152 2695 πάλιν
1173 2668 1198 2694 οἱ
1222 2667 1405 2703 μυσταγωγοὶ,
1423 2669 1486 2699 τοὺς
1512 2668 1540 2694 δέ
1564 2677 1596 2702 γε
1623 2665 1841 2701 πεπλανημένους,

1070 2713 1116 2740 καὶ
1126 2713 1171 2739 τὴν
1179 2713 1259 2748 φύσει
1273 2721 1303 2739 τε
1319 2713 1365 2739 καὶ
1378 2713 1484 2748 ἀληῡῶς
1499 2713 1564 2740 Θεὸν
1576 2714 1625 2740 οὐκ
1642 2713 1754 2743 εἰδότας.
1770 2710 1843 2743 Ilii;-

1069 2768 1160 2786 τουσιν
1175 2760 1224 2786 οὐκ
1239 2760 1278 2791 είς
1292 2759 1415 2791 Θάνατον,
1426 2759 1482 2786 ἀλλ’
1495 2761 1533 2791 εἰς
1553 2759 1663 2794 ἀγάπην
1679 2758 1773 2788 αὐτοὺς
1788 2756 1843 2781 ἁπο-

1071 2805 1200 2841 φέροντες
1231 2805 1279 2841 τὴν
1296 2806 1323 2832 ὲν
1354 2805 1475 2842 Χριστῷ,
1507 2806 1550 2833 ἵνα
1583 2806 1628 2832 καὶ
1650 2803 1775 2832 ὑποκάτω
1806 2799 1841 2827 τύ-

1055 2895 1075 2910 ”
1088 2894 1166 2922 Cant.
1187 2900 1212 2925 v,
1230 2891 1255 2919 7.
