1916 3053
225 156 277 186 155

720 159 748 187 S.
770 160 908 189 CYRILLI
927 162 1162 191 ALEXANDRINI
1181 164 1338 192 ARCIIIEP.

1807 169 1855 196 136

224 223 316 242 coram
333 215 499 250 hominibus,
511 219 541 244 ut
553 216 663 245 videant
673 225 754 252 opera
773 226 862 248 vestra
881 222 961 255 bona,
982 230 997 251 e

1061 233 1133 251 πωσι
1157 225 1188 251 τὸ
1210 225 1277 259 φῶς.
1298 235 1307 251 ι
1335 225 1389 252 Καὶ
1406 225 1486 252 πάλιν
1502 225 1632 261 ἑτέρωθι’
1654 235 1664 252 ‹
1689 226 1769 265 Οὕτω
1786 228 1854 263 λαμ-

223 260 371 296 gloriﬁcent
383 260 490 289 Patrem
505 266 624 290 vestrum
643 264 688 299 qui
703 265 729 292 in
743 266 819 294 ctelis
836 272 878 295 est
895 269 926 296 ι’.
945 278 954 294 ι

260 391 340 428 742
349 392 430 421 Vens.
440 394 484 427 15,
500 394 541 422 ιϐ.
556 395 590 423 Et
599 396 726 426 Dominus
736 401 899 435 amnipotens
908 403 935 429 in
947 405 1009 431 Iuba

222 436 342 472 clangel;
365 444 389 465 et
415 438 461 466 ibi!
485 441 512 466 in
536 443 709 470 commotione
731 445 862 472 minarum
888 444 1007 475 suarum.

221 479 350 508 Dominus
366 483 529 517 omnipotens
551 486 661 520 protegit
674 495 728 519 eos.
744 494 767 515 et
787 496 940 518 consument
953 500 1007 525 eos,

221 529 245 550 ot
270 525 382 553 obruent
412 536 456 555 eos
473 529 501 556 in
515 529 646 563 lapidibus
662 532 762 566 fundae,
779 539 805 561 et
825 535 924 563 ebibem
944 545 1008 564 tan-

220 570 325 603 guinem
345 580 436 599 eorum
459 575 525 602 sicut
543 576 640 609 vinum,
654 583 679 604 et
698 579 840 613 implebunt
860 587 887 609 ul
901 582 1007 617 phialas

220 615 316 643 altare.
331 617 365 644 Et
379 619 489 647 salvabit
502 629 546 648 eos
563 622 691 652 Dominus
706 625 731 652 in
746 626 789 653 die
806 626 852 654 illa
868 615 934 656 sicut
949 638 1008 657 oves

219 662 344 696 populum
356 672 444 693 suum.

254 749 346 781 ωιιιι.
365 754 580 785 Commilitonem
609 763 636 786 et
658 768 795 789 armorum
825 763 927 791 socium
944 785 951 797 ,
977 769 1007 792 ut.

220 796 287 830 dixi.
300 798 382 828 claris
396 801 486 830 verbis
498 803 563 838 ipsis
577 804 895 840 adjungituniversorum
908 809 1004 844 Deum,

223 843 290 870 adeo
307 844 482 880 instructum,
495 852 522 875 et
537 849 617 876 simul
634 854 738 879 certare
752 854 889 887 cupidum,
907 860 934 882 ut
948 855 1004 889 jam

221 887 358 916 hostiliter
384 891 521 925 ingruere,
543 893 597 921 imo
615 896 708 929 pedem
723 897 858 932 conferre,
873 905 899 926 et
925 901 1004 935 quid-

218 932 282 966 quid
304 933 330 960 in
353 942 382 962 se
395 939 436 963 est
454 937 550 966 virium
569 939 595 967 in
617 941 716 973 hostes,
733 944 799 971 etin
820 945 937 978 ipsorum
959 955 1004 975 ro-

219 978 271 1005 bur
296 978 435 1009 eﬂ‘undere
461 984 597 1012 videatur.
619 986 781 1016 Rectissime
804 997 885 1024 porro
907 992 1002 1027 inquit,

217 1023 318 1052 bellum
338 1026 472 1056 iacturum
492 1037 543 1057 non
560 1031 592 1059 iis
606 1033 651 1067 qui
664 1041 711 1067 per
728 1023 811 1063 fidem,
822 1037 856 1064 ad
873 1023 1003 1071 justiiica;

219 1069 319 1098 tionem
349 1075 479 1107 tanquam
501 1084 600 1111 sagena
627 1080 699 1114 capti
726 1086 810 1110 sunt:
838 1084 886 1111 sed
906 1084 1004 1113 divina:

216 1116 404 1150 praedicationi
420 1120 565 1150 infeliciter
575 1123 766 1160 obnitentibus,
781 1136 849 1163 quos
864 1134 891 1156 et
904 1129 1004 1159 Paulus

217 1162 332 1194 notavit.
351 1171 411 1191 cum
426 1165 495 1194 dixit
510 1176 517 1195 :
539 1177 548 1194 ι
568 1168 672 1197 Ostium
685 1172 757 1199 enim
774 1173 838 1202 mihi
863 1183 1003 1210 magnum,

216 1211 244 1234 et
269 1209 378 1237 evidens
393 1217 516 1246 apertum
531 1219 583 1247 est,
608 1220 635 1242 et
663 1218 810 1246 adversarii
836 1221 910 1248 multi
930 1222 973 1250 η’.
990 1232 999 1248 ι

214 1253 300 1281 Canet
320 1255 410 1290 igitur,
437 1259 536 1294 inquit,
564 1262 625 1289 tuba
655 1263 794 1294 Dominus.
822 1265 939 1296 Locutus
961 1274 1003 1297 est

215 1300 287 1327 enim
315 1302 443 1332 Dominus
468 1307 686 1339 praedicationem
717 1312 919 1348 evangelicum,
937 1323 999 1350 qua:

214 1353 311 1374 omnes
335 1352 422 1377 terras
450 1353 580 1385 pervasit,
604 1355 712 1389 quando
741 1358 828 1386 audiri
855 1364 943 1394 potest
968 1362 1002 1389 ab

214 1390 341 1419 omnibus
362 1396 520 1429 mysterium
535 1404 542 1423 :
562 1403 621 1426 erat
635 1400 706 1427 enim
721 1402 793 1429 tenui
810 1411 885 1438 voce,
900 1409 928 1432 et
950 1406 1003 1433 lin-

213 1443 265 1470 gua
289 1436 381 1466 tardus
402 1439 500 1473 Moses,
516 1449 601 1476 quare
625 1445 706 1473 etiam
722 1446 766 1474 vix
788 1456 835 1482 per
852 1449 936 1477 solam
954 1451 1002 1478 Ju-

214 1481 299 1509 da'am
318 1486 516 1515 exaudiebatur
526 1489 559 1517 ²⁰.
573 1490 606 1518 Αι
619 1499 708 1520 sermo
722 1493 755 1520 de
769 1481 878 1523 Christo
902 1497 1002 1526 talibus

212 1528 336 1557 terminis
358 1538 527 1567 nequaquam
553 1537 718 1565 continetur.
746 1539 812 1567 Nam
834 1546 863 1569 ut
887 1542 1001 1572 buccina

210 1575 322 1608 egregia
346 1580 373 1603 et
389 1579 592 1614 sonantissima,
619 1584 739 1610 omnium
763 1586 875 1614 auribus
899 1589 999 1624 ubique

212 1617 344 1648 insonuit.
362 1631 371 1647 ι
389 1622 439 1651 Ibit
451 1630 541 1652 autem
558 1634 606 1654 ceu
624 1627 650 1655 in
668 1632 850 1661 commotione
865 1634 999 1663 minarum

212 1669 336 1697 suarum,
356 1675 366 1693 ›
381 1671 408 1694 et
422 1669 461 1696 sic
477 1675 599 1706 proteget
613 1674 743 1703 satellites
766 1684 841 1711 suos,
857 1683 886 1706 ut
901 1680 1000 1709 adver-

211 1709 276 1735 sarii
301 1713 376 1745 quasi
402 1714 435 1741 ab
456 1715 516 1750 igne
540 1724 747 1754 consumantur,
770 1727 798 1750 et
822 1728 925 1753 tantum
945 1735 997 1754 non

210 1755 292 1782 etiam
324 1757 413 1787 funda:
438 1760 572 1795 lapidibus
591 1772 639 1792 eos
664 1767 789 1796 universe
824 1771 999 1802 verberantes

210 1799 335 1828 obruent.
354 1812 363 1829 ι
381 1803 503 1834 Ebihent.
524 1807 587 1835 item
610 1812 767 1846 sanguinem
789 1822 892 1850 eorum,
914 1827 924 1844 ι
947 1819 998 1847 hoc

209 1850 264 1878 est,
293 1848 375 1876 veluti
400 1852 524 1885 quaedam
549 1853 644 1882 bellum
664 1857 824 1894 insilientes,
847 1861 926 1891 facile
953 1873 998 1892 sn-

211 1895 344 1928 perabnnt
372 1901 397 1924 et
411 1898 605 1928 occidenteos.
628 1902 668 1929 Ad
687 1903 743 1932 htec
763 1906 879 1936 oli‘erent
893 1910 998 1944 phialas

210 1940 342 1974 sanguine
359 1943 577 1972 oceumbentium
596 1945 698 1982 plenas,
721 1954 750 1977 ut
770 1951 927 1982 libalionem
948 1957 996 1984 ali-

208 1991 290 2019 quam
313 1985 346 2013 ad
369 1987 465 2015 altare.
485 1989 617 2027 Esleuim
633 1995 724 2022 suavis
743 1996 809 2024 odor
824 1998 888 2032 Deo,
908 2005 935 2028 et
954 2009 996 2029 ac-

208 2031 343 2065 ceptabile
354 2034 528 2068 sacriﬁcium,
543 2044 666 2067 errantes
682 2041 780 2070 salvari
796 2045 995 2079 prohibentium

209 2076 347 2105 interitus.
373 2078 400 2106 Si
418 2076 490 2107 etiim
515 2082 702 2114 interfectores
721 2095 865 2123 c0rporum
889 2093 997 2121 miseri-

207 2124 328 2151 cordiam
355 2133 406 2152 non
432 2133 581 2163 merentur,
601 2132 648 2158 sed
668 2134 725 2167 pari
751 2137 839 2168 potius
865 2139 995 2173 supplicio

207 2167 339 2195 multandi
363 2176 436 2202 sunt,
454 2173 516 2206 quid
540 2173 573 2200 de
595 2179 799 2212 corruptoribus
813 2186 840 2208 et
857 2167 995 2218 iugulato-

208 2213 283 2242 ribus
296 2215 449 2244 animarum
466 2219 607 2248 dicemus?

241 2302 340 2336 Quales
363 2305 454 2334 haberi
477 2303 586 2343 quoque
608 2317 720 2345 possunt
744 2320 903 2348 prmstantcs
921 2318 994 2347 inter

205 2347 325 2382 Crrcos,
338 2356 363 2378 et
389 2353 533 2382 mundana:
553 2357 693 2391 sapientia:
709 2359 822 2394 gloriam
839 2365 990 2398 consecuti,

205 2394 304 2428 quibus
322 2395 419 2424 crebro
434 2398 459 2425 in
486 2406 534 2427 ore
548 2405 611 2428 sunt
634 2402 670 2429 dii
694 2403 815 2439 demque,
839 2412 865 2434 et
891 2410 936 2443 qui
958 2394 990 2438 ad

204 2436 357 2468 creaturam
373 2444 457 2479 magis
474 2452 554 2479 quam
570 2447 602 2473 ad
626 2448 706 2484 743
719 2449 874 2480 Creatorem
901 2456 992 2484 colen-

204 2486 267 2513 dum
289 2488 446 2522 sollicitant,
468 2495 495 2517 ct
517 2491 630 2520 cuilibet
644 2495 778 2524 cicutento
800 2497 854 2526 Deo
872 2501 990 2530 debitum

206 2530 336 2559 honorem
361 2540 532 2562 consecrant.
555 2537 635 2572 Atqui
662 2541 803 2575 mundum,
825 2552 878 2572 non
903 2547 989 2575 solum

203 2578 321 2612 quandiu
338 2579 388 2614 ipsi
402 2581 536 2614 vivebant,
559 2585 606 2610 sed
624 2585 706 2613 etiam
724 2587 757 2615 ad
785 2593 906 2625 tempora
924 2601 990 2621 con-

203 2625 342 2658 sequentia
365 2627 542 2656 seduxerunt.
567 2629 648 2658 Multa
665 2633 735 2660 enim
765 2635 848 2664 millia
874 2637 990 2667 diversis

205 2671 330 2698 motibus
352 2671 457 2700 illorum
480 2677 629 2704 mendaciis
652 2681 796 2713 persuasi,
833 2688 860 2710 et
884 2683 990 2719 frigidis

204 2719 286 2750 atque
299 2717 414 2745 anilibus
433 2719 535 2749 fabellis
551 2724 736 2753 auscultantes
747 2727 896 2761 perierunt.
914 2717 986 2757 Sub-

204 2761 252 2788 lati
271 2767 334 2790 sunt
364 2764 455 2800 itaque
471 2774 485 2794 c
499 2769 585 2796 medio
613 2770 639 2796 in
662 2777 798 2805 posterum
820 2775 897 2802 tales.
917 2775 989 2803 Eva-

241 2849 264 2867 “
275 2849 396 2879 Matth.v
426 2855 465 2882 16.
508 2858 537 2878 '9'
553 2857 561 2884 l
576 2857 637 2886 Cor.
655 2867 707 2893 xw,
726 2860 752 2888 9.

793 2862 813 2877 ²⁰
827 2861 911 2889 Exod.
930 2871 966 2898 tv,
982 2864 1023 2892 10.

1063 269 1140 304 ῲάτω
1155 270 1184 296 τὸ
1198 270 1255 304 φῶς
1276 271 1353 306 ὑμῶν
1366 271 1521 306 ἔμπροσθεν
1538 271 1592 298 τῶν
1607 272 1769 308 ἀνθρώπων,
1783 273 1855 305 ὅπως

1063 313 1138 340 ἴδωσι
1152 315 1186 341 τὰ
1201 316 1272 342 καλὰ
1289 317 1365 350 ὑμῶν
1379 316 1457 352 ἔργα,
1471 318 1518 344 καὶ
1534 317 1667 350 δοξάσωσι
1682 318 1728 345 τὸν
1746 318 1854 354 Πατέρα

1062 360 1138 395 ὑμῶν
1153 360 1198 387 τὸν
1221 363 1250 387 ὲν
1264 363 1319 394 τοῖς
1336 362 1471 397 οὐρανοῖς.
1494 373 1502 388 ι

1095 405 1150 433 Καὶ
1169 407 1276 441 Κύριος
1288 408 1498 442 παντοκράτωρ
1515 409 1550 436 ἐν
1563 409 1707 444 σάλπιγγι
1720 410 1852 441 σει-λκιιεῖ⁷

1059 451 1108 477 καὶ
1123 453 1299 485 πορεύσεται
1317 453 1352 480 ἐν
1371 453 1457 487 σάλῳ
1472 455 1600 489 ἀπειλῆς
1623 455 1729 482 αὑτοῦ.
1750 456 1854 489 Κύριος

1060 498 1269 532 παντοκράτωρ
1284 500 1464 533 ὺπερασπιεῐ
1489 501 1599 534 αὐτῶν,
1614 501 1664 528 καὶ
1682 501 1854 528 καταναλώ-

1059 549 1172 569 σουσιν
1185 544 1305 577 αὐτοὺς,
1321 545 1370 572 καὶ
1385 546 1595 581 καταχώσουσι
1611 547 1752 580 ἐνλίθοις
1765 556 1855 582 σφεν-

1058 586 1161 621 δόνης,
1185 589 1233 615 καὶ
1257 590 1413 618 ἐκπίονται
1438 591 1471 618 τὸ
1488 589 1560 626 αἷμα
1582 591 1680 619 αὐτῶν
1696 593 1737 625 ὡς
1760 593 1853 623 οἶνον,

1058 633 1108 659 καὶ
1139 634 1294 667 θελήσουσι
1323 637 1364 670 ὼς
1395 637 1506 672 φιάλας
1537 638 1766 672 θυσιαστήριον.
1801 638 1852 664 Καὶ

1058 679 1150 706 σώσει
1170 681 1281 714 αὐτοὺς
1305 683 1412 716 Κύριος
1438 683 1473 709 ἑν
1505 682 1542 718 τῇ
1568 683 1662 718 ἡμέρᾳ
1686 684 1789 718 ἐκείνῃ
1815 683 1854 716 ὡς

1057 725 1190 758 πρόϐατα
1207 726 1286 753 λαὸν
1301 728 1406 755 αὑτοῦ.

1091 780 1149 808 ΞΓν.
1170 782 1370 818 Συνασπιστὴν,
1387 783 1424 815 ὡς
1448 783 1526 819 ἔφην,
1552 785 1600 812 καὶ
1616 785 1749 812 σύνοπλον
1763 785 1852 817 αὐτοῖς

1057 826 1222 862 παρίστησιν
1238 827 1362 863 ἐναργῶς
1373 830 1387 855 ὁ
1396 829 1485 863 λόγος.
1497 830 1542 856 τὸν
1554 830 1608 857 τῶν
1627 831 1696 857 ὅλων
1709 831 1788 863 Θεὸν,
1801 840 1850 858 πα-

1058 873 1256 908 ραταττόμενον
1276 873 1357 906 οὓτω,
1370 875 1417 901 καὶ
1436 875 1577 903 συναυλεῖν
1588 877 1737 912 ᾑρημένον,
1750 878 1788 908 ὡς
1802 878 1850 913 ἤδη

1021 906 1045 937 Β
1058 906 1150 943 δοκεῖν
1174 906 1221 944 imi.
1239 918 1407 955 ἐξηρτῆσθαι
1432 906 1661 956 πολεμικῶςῗικαὶ
1685 920 1740 950 οἷον
1753 906 1851 958 χωρεῖν

1057 962 1166 997 μᾶλλον,
1195 964 1242 990 καὶ
1272 966 1304 1000 τῇ
1322 966 1382 992 κατ’
1401 966 1507 1002 ἐχθρῶν
1519 967 1566 1004 ὅλῃ
1588 968 1709 1004 χρῆσθαι
1725 969 1849 1003 δυνάμει,

1056 1007 1170 1042 καὶτῆς
1191 1008 1304 1044 ἐνούσης
1327 1010 1484 1044 εὐσθενεὶας
1510 1013 1613 1044 αὐτοῖς.
1638 1014 1851 1049 Καταστρατεύ-

1055 1051 1132 1079 εσθαι
1146 1062 1178 1088 γε
1195 1053 1248 1090 μὴν
1265 1053 1294 1082 εὖ
1313 1055 1385 1090 μάλα
1409 1058 1501 1092 φησὶν,
1517 1058 1579 1094 οὐχ),
1594 1058 1648 1086 τῶν
1664 1059 1708 1086 διὰ
1731 1060 1850 1091 πίστεως

1055 1098 1094 1129 εἰς
1109 1098 1250 1126 δικαίωσιν
1266 1101 1501 1137 σαγηνευομὲνων,
1516 1103 1584 1130 ἀλλὰ
1600 1104 1655 1131 τῶν
1675 1105 1777 1136 ἀθλίως
1790 1105 1850 1132 ἀνθ-

1054 1144 1208 1179 εστηκότων
1231 1145 1270 1181 τῷ
1292 1146 1356 1181 θείῳ
1376 1148 1544 1183 κηρύγματι,
1570 1148 1617 1181 οὓς
1637 1150 1686 1177 καὶ
1704 1151 1718 1176 ὁ
1740 1150 1848 1182 Παῦλος

1054 1191 1238 1226 κατεσήμηνε,
1262 1193 1367 1227 λέγων·
1392 1205 1401 1220 ι
1431 1195 1508 1230 Θύρα
1528 1196 1582 1231 γάρ
1604 1205 1648 1231 μοι
1674 1197 1780 1232 ἀνέῳγε
1802 1205 1850 1231 με-

1054 1234 1123 1270 γάλη
1138 1237 1185 1262 καὶ
1199 1238 1328 1274 ἐναργὴς,
1342 1239 1390 1266 καὶ
1403 1241 1427 1266 οἱ
1442 1241 1624 1276 ἀντικείμενοι
1638 1242 1740 1269 πολλοί.
1758 1251 1767 1268 ι
1786 1243 1851 1268 Σαλ-

1054 1281 1112 1307 πιεῖ
1128 1282 1217 1309 τοίνυν
1229 1284 1243 1309 ὁ
1258 1284 1370 1320 Κύριος,
1388 1286 1480 1321 φησὶν,
1499 1288 1528 1313 ὲν
1546 1288 1689 1322 σάλπιγγι.
1705 1288 1847 1323 Λελάληκε

1052 1325 1109 1361 γὰρ
1122 1327 1136 1353 ὁ
1153 1327 1257 1364 Κύριος
1272 1329 1303 1356 τὸ
1315 1331 1446 1367 κήρυγμα
1458 1332 1489 1359 τὸ
1503 1333 1690 1368 εὐαγγελικὸν,
1704 1335 1744 1365 είς
1758 1336 1848 1361 πᾶσαν

1052 1371 1159 1406 διᾴττον
1174 1373 1223 1408 τὴν
1235 1374 1279 1400 ὑπ’
1287 1375 1411 1409 οὐρανὸν,
1422 1376 1585 1409 ἐξάκουστον
1593 1379 1648 1415 γὰρ
1660 1380 1716 1406 τοῖς
1726 1380 1848 1406 ἅπαντα·

1053 1415 1100 1450 χοῦ
1115 1416 1145 1443 τὺ
1157 1420 1304 1456 μυστήριον
1315 1429 1321 1437 ·
1331 1419 1366 1457 ἦν
1383 1423 1433 1457 μὲν
1441 1424 1495 1459 γὰρ
1505 1425 1677 1460 ἰσχνόφωνος,
1687 1426 1734 1453 καὶ
1748 1426 1848 1462 βραδύ-

1053 1462 1174 1496 ﬂaturae;
1189 1465 1203 1491 ὁ
1218 1466 1330 1501 Μωσῆς,
1344 1469 1482 1504 τοιγάρτοι
1493 1470 1540 1496 καὶ
1556 1471 1634 1506 μόλις
1652 1471 1768 1506 ἠκούετο
1777 1473 1848 1498 κατὰ

1054 1508 1193 1545 μόνηντὴν
1209 1511 1348 1541 Ἰουδαίαν,
1362 1514 1480 1542 Ἥκιστά
1489 1523 1520 1550 γε
1531 1518 1583 1552 μὴν
1592 1518 1620 1543 ὲν
1631 1518 1736 1549 τούτοις
1748 1519 1822 1545 ἐστὶν
1833 1519 1848 1545 ὁ

1053 1554 1115 1588 περὶ
1127 1554 1246 1590 Χριστοῦ
1264 1557 1351 1592 λόγος.
1376 1559 1585 1596 Ἀναπεφώνηκε
1599 1562 1654 1597 γὰρ
1667 1560 1712 1588 οἷά
1726 1571 1768 1594 τις
1784 1563 1848 1589 σάλ-

1052 1599 1117 1633 πιγξ
1137 1599 1269 1636 λαμπρὰ,
1287 1604 1335 1630 καὶ
1359 1604 1540 1641 εὑηχεστάτη,
1563 1607 1610 1634 καὶ
1635 1608 1696 1639 ταῖς
1716 1608 1847 1635 ἁπάντων

1050 1645 1146 1677 ἀκοαῖς
1164 1647 1233 1682 ἠχὴν
1248 1648 1348 1676 ὲνιεῖσα
1367 1651 1417 1686 τὴν
1434 1651 1604 1687 διαπρύσιον.
1630 1662 1639 1678 ι
1660 1653 1798 1681 Βαδιεῖται
1816 1654 1846 1681 δὲ

1049 1689 1144 1730 ὥσπερ
1168 1693 1198 1719 ὲν
1215 1693 1288 1728 σάλῳ
1300 1695 1414 1731 ἀπειλῆς
1431 1697 1524 1730 αὑτοῦ,
1544 1707 1553 1724 ι
1575 1699 1622 1725 καὶ
1632 1699 1846 1735 ὑπερασπιεῐται

1048 1735 1120 1763 οὕτω
1130 1738 1184 1765 τῶν
1200 1740 1297 1767 ἑαυτοῦ
1306 1741 1472 1779 δορυφόρων,
1480 1744 1518 1776 ὼς
1525 1742 1581 1772 οἷον
1589 1746 1640 1772 ὑπὸ
1653 1746 1739 1781 πυρὸς
1754 1746 1844 1773 δαπα-

1049 1781 1145 1809 νᾶσθαι
1158 1784 1221 1816 τοὺς
1235 1785 1460 1822 ἀνθισταμένους,
1471 1790 1549 1824 μόνον
1560 1791 1587 1818 δὲ
1597 1791 1657 1826 οὐχὶ
1672 1793 1718 1818 καὶ
1736 1792 1846 1827 σφενδό-

1048 1833 1097 1860 νης
1114 1826 1197 1859 λίθοις
1220 1829 1319 1862 αὐτοὺς
1337 1832 1524 1867 καταχώσουσι
1545 1835 1743 1869 καταπαίοντες
1759 1845 1846 1872 γεννι-

1048 1871 1114 1903 κῶς.
1131 1873 1287 1902 Ὲκπίονται
1302 1877 1330 1903 δὲ
1344 1878 1389 1904 καὶ
1402 1879 1432 1905 τὸ
1443 1877 1515 1915 αἷμα
1531 1881 1632 1915 αὐτῶν,
1641 1883 1783 1910 τουτέστιν
1798 1881 1844 1909 οἷά

1047 1923 1120 1948 τινες
1135 1917 1218 1954 θῆρες
1238 1920 1455 1956 ὲπιθρώσκοντες
1477 1925 1648 1960 περιέσοεηαι
1664 1927 1777 1962 ῥᾳδίως,
1795 1928 1845 1954 καὶ

1047 1964 1160 1998 νεκροὺς
1179 1965 1358 2000 ἀποφανοῦσι.
1382 1969 1584 2006 Προσκομιοῦσι
1604 1972 1633 1999 δὲ
1651 1973 1691 2008 τῷ
1709 1974 1766 2000 τῶν
1794 1983 1845 2015 .7:-

1047 2009 1195 2037 πτωκότων
1219 2012 1316 2047 αἵματι
1342 2015 1441 2048 φιάλας
1465 2017 1692 2053 πεπληρωμένας,
1715 2011 1844 2056 καθάπερ

1046 2055 1105 2081 τινὰ
1115 2056 1230 2092 σπονδὴν
1238 2059 1284 2086 ἐπὶ
1293 2059 1323 2086 τὸ
1335 2059 1537 2099 θυσιαστήριον.
1550 2064 1654 2092 Εὺωδία
1662 2066 1762 2102 γὰρτῷ
1770 2055 1843 2102 Θεῷ,

1047 2101 1094 2127 καὶ
1112 2101 1193 2129 ουσία
1211 2103 1292 2141 δεκτὴ
1309 2106 1362 2134 τῶν
1373 2108 1422 2135 οὐκ
1437 2109 1544 2137 ἐώντων
1559 2111 1693 2143 σώζεσθαι
1707 2114 1772 2145 τοὺς
1792 2123 1843 2140 πε-

1047 2144 1236 2180 πλανημένους
1255 2149 1404 2183 ὁθάνατος.
1422 2153 1452 2180 Εἰ
1476 2154 1531 2190 γὰρ
1553 2155 1608 2183 τῶν
1624 2144 1768 2191 σωμάτων
1778 2160 1843 2191 τοὺς

1046 2191 1179 2224 φονευτὰς
1191 2193 1241 2220 οὐκ
1252 2194 1326 2228 ἄξιον
1342 2196 1486 2232 ἐλεεῖσθαι,
1500 2201 1684 2238 ὑποφέρεσθαι
1700 2204 1729 2230 δὲ
1739 2205 1842 2239 μᾶλλον

1010 2248 1032 2275 D
1047 2236 1107 2267 ταῖς
1135 2236 1234 2272 δίκαις,
1256 2240 1290 2266 τὰ
1308 2241 1352 2268 ίσα
1371 2243 1516 2278 παθόντας,
1531 2247 1557 2273 τί
1577 2236 1609 2275 ἀν
1623 2257 1664 2280 τις
1684 2236 1758 2284 λέγοι
1776 2251 1842 2286 περὶ

1045 2281 1099 2307 τῶν
1114 2283 1138 2308 οἳ
1155 2283 1249 2319 ψυχῶν
1266 2286 1395 2324 ὀλετῆρες
1408 2291 1535 2325 γεγόνασι
1553 2294 1599 2320 καὶ
1614 2281 1726 2330 φθορεῖέ
1734 2315 1741 2323 .

1078 2324 1139 2354 Εἶεν
1153 2327 1175 2354 δ’
1192 2329 1226 2356 ἂν
1241 2328 1313 2358 οὗτοι
1338 2334 1419 2361 πάλιν
1438 2337 1461 2362 οἱ
1490 2337 1623 2374 Ἑλλήνων
1645 2341 1770 2375 λογάδες,
1793 2345 1841 2370 καὶ

1041 2371 1090 2406 τῆς
1107 2374 1135 2400 ἐν
1149 2375 1245 2412 κόσμῳ
1262 2379 1358 2412 σοφίας
1374 2381 1492 2417 ἡμμένοι
1516 2384 1564 2420 τήν
1585 2385 1673 2418 δόξαν,
1689 2388 1712 2413 οἱ
1734 2389 1792 2415 ἄνω
1808 2399 1840 2416 τε

1043 2419 1089 2444 καὶ
1105 2419 1181 2447 κάτω
1198 2421 1275 2454 θεοὺς
1287 2425 1334 2450 καὶ
1351 2425 1416 2458 θεὰς
1432 2428 1620 2464 ὀνομάζοντες,
1638 2433 1685 2459 καὶ
1697 2435 1730 2469 τῇ
1748 2435 1839 2462 κτίσει

1042 2465 1117 2500 παρά
1142 2467 1187 2493 τὸν
1219 2470 1334 2506 ποιητὴν
1361 2472 1556 2508 ἀναπείθοντες
1580 2481 1761 2514 προσκυνεῖν,
1790 2483 1839 2508 καὶ

1040 2509 1148 2546 ἑκάστῳ
1160 2511 1214 2539 τῶν
1228 2516 1366 2550 στοιχείων
1382 2518 1431 2553 τὴν
1445 2519 1504 2556 Θεῷ
1521 2522 1678 2557 πρέπουσαν
1693 2526 1839 2553 ἀνατιθέν-

1040 2562 1084 2585 τες
1097 2555 1185 2588 δόξαν,
1204 2559 1289 2586 καίτοι
1303 2562 1493 2598 πεπλανήκασι
1508 2567 1558 2601 τὴν
1578 2567 1623 2594 ὑπ’
1637 2569 1763 2604 οὐρανὸν,
1789 2573 1837 2598 καὶ

1040 2600 1099 2635 οὐχὶ
1121 2601 1153 2636 δὴ
1179 2603 1259 2638 μόνον
1282 2607 1353 2633 κατά
1367 2617 1398 2642 γε
1417 2609 1462 2637 τὸν
1489 2600 1584 2647 χρόνον
1603 2614 1653 2649 τῆς
1670 2600 1706 2641 ’ἐν
1726 2600 1836 2651 σώματι

1040 2643 1129 2679 ζωῆς·
1152 2647 1219 2674 ἀλλὰ
1244 2650 1290 2675 καὶ
1314 2651 1354 2682 εἰς
1371 2643 1571 2688 χρόνους-τοὺς
1595 2643 1704 2693 ἑφεξῆς.
1731 2643 1835 2695 Μάριοι

1039 2690 1093 2725 γὰρ
1114 2692 1170 2718 ὅσοι
1192 2695 1261 2721 κατὰ
1282 2699 1394 2732 καιροὺς
1410 2699 1553 2728 διολώλατι
1569 2703 1617 2738 τῆς
1637 2704 1750 2732 ἐκείνων
1767 2706 1833 2740 ψευ-

1039 2734 1163 2768 δοετεείας
1179 2739 1340 2775 ἡττώμενοι,
1359 2745 1405 2770 καὶ
1419 2745 1532 2780 ψυχροῖς
1550 2748 1595 2774 καὶ
1616 2749 1754 2784 γραώᾶεσι
1780 2761 1830 2786 μυ·

1040 2779 1143 2814 θαρῖοις
1158 2788 1384 2821 προσεσχηκὸτες.
1408 2791 1568 2827 Ἀνῄρηνται
1584 2794 1615 2828 δὴ
1632 2793 1678 2822 οὖν
1692 2797 1716 2822 οἱ
1735 2798 1833 2826 τοιοίδε
