1916 3053
50 136 100 164 {GI

473 136 748 166 COMMENTARIUS
767 135 800 163 IN
822 135 1021 164 ZACI‘I.\RI.\)I
1044 136 1263 166 Pii-‘ZPHIETAII.

1625 136 1699 167 .563

36 184 40 193 ι

47 191 126 221 οἶνον
141 194 221 231 ἔχειν
236 194 335 228 αὑτὰς,
351 196 402 223 ἀλλ
425 196 484 223 οὐδὲ
500 197 588 228 ὑετοῖς
602 197 786 232 κατάρδεσθαι
802 197 859 228 τοῖς
875 200 895 226 Α

914 203 1016 230 gentnr,
1039 204 1067 225 ut.
1091 199 1151 225 inde
1175 199 1201 225 in
1220 198 1292 232 agris
1313 198 1423 226 herbam
1443 206 1494 225 non
1513 198 1638 226 habeant.
1665 199 1698 226 Et

47 242 176 276 νοητοῖς,
195 242 234 274 ὡς
246 243 372 270 ἐντεῦθεν
387 243 484 274 αὑτονς
504 243 540 278 μὴ
555 243 626 278 ἔχειν
642 244 670 269 ἐν
684 243 761 278 ἀγρῷ
778 242 857 278 βοτά-

46 294 112 321 νην.
129 288 192 314 Καὶ
210 289 224 315 ὁ
252 289 301 323 μὲν
324 289 404 322 λόγος
421 289 457 320 ὼς
476 290 522 315 ἐπὶ
543 289 713 324 πραγμάτων
728 288 857 315 ἐκπεποί-

47 341 114 368 ηται
130 334 193 360 τῶν
207 334 345 370 αίσθητῶν
355 343 361 350 ·
375 335 392 370 ἥ
406 344 436 368 γε
449 335 503 370 μὴν
515 336 542 361 ὲν
555 335 645 367 αὐτοῖς
659 334 760 369 θεωρία
772 335 856 370 λεπτή

47 387 78 404 τε
93 379 172 412 ἄγαν
198 381 270 412 ἐστὶ,
291 381 338 407 καὶ
362 381 428 407 πολὺ
451 381 510 407 λίαν
526 381 625 416 ἔχουσα
645 381 674 407 τὸ
701 380 856 416 εἰλικρινές.

48 424 124 451 Θεοῦ
152 426 223 462 γὰρ,
254 426 331 462 φησὶ,
360 426 500 458 ποιοῦντος
523 426 685 460 φαντασίας,
717 426 857 452 τουτέστιν

48 471 218 506 ἀστραπὰς,
236 472 283 499 καὶ
308 472 385 498 ὑετὸν
404 474 436 507 τῇ
451 473 485 508 γῇ
502 472 547 498 τὸν
569 472 722 508 χειμερινὸν
737 472 856 507 χέοντος,

49 518 79 548 ὃς
96 518 161 544 ἐστι
171 519 322 554 χρήσιμος.
337 518 384 546 καὶ
399 519 452 554 μὴν
465 518 511 544 καὶ
527 518 645 553 ἑκάστῳ,
658 518 712 544 τῶν
723 519 751 545 ὲν
763 518 857 553 ἀγροῖς

49 564 197 598 δηλονότι,
212 565 329 597 διδόντος
343 565 468 600 βοτάνην,
482 565 687 600 πεπλανήκασιν
700 565 819 596 ἐκείνους
833 565 856 590 οἱ

50 610 320 647 ἀπο-εθεγγόμενοι,
349 611 499 643 τουτέστιν,
525 612 549 638 οἱ
572 611 728 646 ψευδοεπεῖς
751 619 780 637 τε
811 610 858 636 καὶ

50 655 238 692 ψευδηγόροι,
260 658 320 684 καὶ·
337 658 465 692 μαντείας
484 657 608 692 λέγοντες
620 657 668 689 τὰς
683 657 736 683 ἀπό
750 665 782 691 γε
807 657 857 692 τῆς

52 700 134 732 σφῶν
155 702 284 736 καρδίας.
301 699 380 728 Οὗτοι
395 701 557 737 λελαλήκασι
580 702 690 734 κόπους,
717 702 856 728 τουτέστιν

30 745 84 788 ὀὐ
100 745 137 772 τὰ
157 747 200 778 είς
226 747 380 774 ἀνάπαυσιν
396 748 452 779 τοῖς
474 747 646 774 πιστεύουσιν
668 747 770 780 αὐτοῖς,
788 747 857 774 ἀλλὰ

52 790 88 817 δι’
101 788 143 818 ὧν
157 792 269 827 ἀνάγκη
283 795 391 828 καμεῖν,
408 794 467 829 Θεῷ
481 794 713 829 προσκρούοντας.
724 794 775 829 »καὶ
786 803 856 830 παρ-

53 839 232 872 ορωμένους.
256 840 287 865 Ui
303 839 331 866 δέ
348 848 378 874 γε
401 839 510 875 μάντεις
531 840 577 866 καὶ
594 840 627 867 τὰ
641 841 754 866 ἐνύπνια
771 840 855 875 ψευδῆ

54 882 187 915 ἐλάλουν,
208 884 371 919 εὐηχοῦντες
390 885 481 916 αὐτοῖς
496 885 617 920 δηλονότι
635 885 669 912 τὰ
688 884 855 920 καταθύμια,

54 929 106 954 καὶ
123 931 260 964 χρησταῖς
276 930 325 965 μὲν
345 929 436 956 ἐλπίσι
455 931 688 963 καταπιαίνοντες,
708 931 857 965 φάσκοντες

56 973 85 1000 δὲ
101 974 207 1009 ἀληθὲς
220 975 311 1002 οὐδέν·
325 976 382 1002 ἀλλ’
402 977 440 1008 είς
456 976 564 1012 ἀπάτην
580 977 626 1003 καὶ
642 977 774 1011 πλάνησιν
790 978 857 1003 ἁπο-

57 1020 207 1055 φέροντες,
228 1021 330 1056 ἥκιστα
343 1022 392 1057 μὲν
406 1022 644 1054 καταδεικνύοντές
658 1031 732 1057 σφισι
747 1022 792 1049 τὸν
803 1022 857 1049 τῶν

57 1067 259 1102 πνευματικῶν
276 1068 378 1103 δοτῆρα
401 1069 448 1095 καὶ
467 1069 602 1104 χορηγόν·
617 1069 808 1100 ἀναπείθοντες
830 1069 858 1095 δὲ

33 1121 37 1123 ·
59 1113 167 1148 μᾶλλον
183 1115 270 1140 αἰτεῖν
285 1115 334 1149 τὴν
348 1115 499 1150 εὐημερίαν
516 1114 591 1150 παρὰ
605 1114 659 1141 τῶν
673 1114 857 1149 ψευδωνύμων

59 1158 144 1185 θεῶν.
165 1169 175 1184 ι
188 1159 281 1195 Ταύτῃ
292 1169 342 1191 τοι,
359 1161 451 1195 φησιν,
462 1161 660 1196 ὲξηράνθησαν,
673 1162 710 1193 ὡς
722 1162 771 1188 οὐκ
784 1162 859 1197 ἕχον-

58 1214 106 1236 τες
125 1205 217 1236 ὑετὸν,
236 1206 282 1232 καὶ
307 1206 487 1241 ἐκακώθησαν
505 1207 542 1239 ὡς
564 1207 698 1242 πρόϐατα.
720 1217 729 1233 ι
744 1208 781 1234 υὺ
804 1209 858 1243 γὰρ

57 1248 92 1285 ἦν
112 1251 227 1286 βοτάνην,
243 1260 251 1277 ι
269 1252 319 1278 οὐκ
331 1249 365 1287 ἢν
379 1252 460 1283 ἴασις.
477 1262 485 1278 ι
502 1253 538 1279 Οὐ
553 1253 607 1288 γὰρ
624 1250 658 1288 ἦν
672 1253 763 1284 αὐτοῖς
780 1254 793 1280 ὁ
808 1261 858 1280 κα-

57 1297 209 1332 ταὶδεσμῶν
234 1298 264 1324 τὺ
284 1299 524 1334 συντετριμμένον,
549 1300 563 1326 ὁ
584 1299 701 1326 ἀνιστῶν
714 1299 744 1325 τὸ
759 1301 858 1336 κατερ-

60 1343 216 1378 ραγμὲνον,
233 1344 247 1370 ὀ
261 1344 453 1379 ἀνακτώμενος
470 1345 500 1371 τὸ
513 1345 715 1381 κεκακωμένον.
736 1345 858 1381 Προσεκ-

59 1389 125 1414 τέον
152 1388 185 1424 δὴ
207 1387 265 1421 οὖν,
280 1390 341 1424 οὐχὶ
365 1391 421 1421 τοῖς
443 1391 695 1427 ἀποφθεγγομένοις
706 1393 740 1422 τὰ
753 1392 862 1428 μάταια,

58 1434 229 1468 ψευδοεπέσι
240 1443 270 1461 τε
279 1435 325 1461 καὶ
337 1434 512 1470 βωμολόχοις,
527 1435 570 1462 καὶ
583 1437 787 1468 ἐνυπνιασταῖς·
800 1437 858 1473 Θεῴ

58 1480 90 1506 δὲ
109 1480 212 1515 μᾶλλον
226 1480 265 1516 τῷ
281 1481 320 1512 είς
334 1480 397 1507 νοῦν
415 1482 481 1516 ἡμῖν
498 1481 710 1517 ἐναστράπτοντι
729 1483 777 1518 τῆς
793 1483 858 1518 ἀλη-

60 1527 129 1558 θοῦς
141 1527 308 1561 θεογνωσίας
323 1527 354 1553 τὸ
375 1527 443 1562 φῶς,
459 1528 506 1554 καὶ
523 1529 634 1563 νοητοὺς
658 1528 753 1560 ὑετοὺς
774 1537 858 1555 κατα-

60 1573 167 1608 χέοντι,
190 1573 240 1605 τὰς
256 1573 299 1599 διὰ
315 1573 361 1600 τοῦ
383 1574 461 1608 ἁγίου
477 1562 635 1609 Πνεύματος
660 1574 857 1610 παρακλήσεις,
872 1562 893 1590 c

61 1618 150 1653 λέγω,
167 1619 216 1645 καὶ
228 1619 344 1654 βοτάνην
359 1619 505 1653 ἁναφύοντι
520 1621 575 1651 τοῖς
591 1620 619 1646 ὲν
634 1619 720 1655 ἀγρῷ,
735 1621 857 1646 τουτέστι

62 1665 159 1696 πάλιν,
176 1665 376 1700 εὐανθεστάτην
391 1665 484 1702 ὥσπερ
499 1667 572 1701 ἡμᾶς
588 1666 766 1701 κατανέμοντι
779 1667 857 1698 πόαν,

60 1710 114 1746 τῆς
141 1710 325 1737 θεοπνεύστου
357 1712 466 1746 Γραφῆς
493 1712 542 1747 τὴν
569 1711 718 1747 ἀμώμητον
745 1712 854 1746 γνῶσιν.

65 1766 75 1782 ι
98 1756 263 1792 Ἀνθρωπος
285 1757 336 1793 μὲν
351 1757 405 1793 γὰρ
425 1759 452 1784 ἐν
470 1759 535 1793 τιμῇ
552 1757 600 1790 ὢν,
622 1759 651 1784 οὐ
677 1758 786 1793 συνῆκε,
804 1767 854 1784 πα-

63 1803 257 1839 ριςυνεϐλήθη
271 1805 325 1835 τοῖς
337 1805 444 1839 κτήνεσι
459 1805 514 1835 τοῖς
524 1805 655 1839 ἀνοήτοις,
672 1805 716 1831 καὶ
730 1804 858 1839 ὡμοιώθη

63 1851 169 1881 αὐτοῖς.
192 1859 201 1875 ι
224 1849 294 1876 ’Λλλσ
312 1851 336 1875 εἰ
358 1850 413 1876 ἕλοι
428 1859 485 1882 πως
509 1851 548 1882 είς
565 1850 627 1877 νοῦν
647 1850 700 1876 τῶν
724 1850 802 1876 θείων
816 1849 859 1876 λο-

63 1896 134 1930 γίων
144 1895 195 1931 τὴν
207 1895 320 1930 γνῶσιν,
336 1896 382 1922 καὶ
396 1897 498 1931 τροφῆς
522 1897 650 1931 μετάσχοι
666 1896 716 1931 τῆς
738 1904 859 1931 πνευμα-

912 245 999 271 vrrba
1007 245 1113 278 quidem
1125 249 1253 277 umquam
1266 245 1299 271 de
1314 244 1392 272 rebus
1405 252 1512 271 sensum
1527 245 1698 279 tangentibus

912 289 988 321 ﬁunt,
1016 290 1062 316 sed
1088 297 1168 323 quam
1197 290 1334 316 continent
1364 289 1504 323 theoriam,
1526 289 1631 317 subtilis
1655 296 1698 316 est

911 336 1065 368 admodum,
1082 340 1108 363 et
1130 336 1281 369 purissima.
1307 335 1489 370 lnquitenim,
1505 337 1557 363 Deo
1583 336 1697 362 facicnui

911 381 1078 415 plrautasias,
1096 382 1146 409 hoc
1169 386 1210 408 est
1229 381 1344 416 fulgura,
1369 387 1395 408 et
1421 382 1536 416 pluviam
1557 381 1695 408 hibernam

912 428 990 455 terris
1006 428 1097 454 utilem
1112 427 1275 460 ell‘undente,
1297 433 1322 454 et
1336 428 1443 462 cuique,
1459 428 1602 462 agrestium
1623 428 1696 453 vidua

911 473 983 505 licet,
1010 474 1118 500 herbam
1135 475 1331 508 suppeditante,
1347 474 1512 500 seduxerunt
1522 479 1578 502 eos.
1593 472 1637 506 qui
1659 472 1696 498 lo-

911 526 1039 555 quuntur,
1053 521 1106 547 hoc
1120 524 1161 547 est
1189 520 1333 555 Ltlsiloqui,
1352 524 1376 547 el
1395 521 1546 553 mendaces,
1560 526 1587 548 et
1601 521 1695 548 vatici-

912 568 956 594 nia
967 568 1000 594 de
1013 567 1093 594 corde
1107 574 1155 594 suo
1169 566 1346 601 proferentes.
1361 566 1391 592 lli
1408 566 1486 593 locuti
1504 572 1565 593 sunt
1579 567 1696 598 labores.

911 613 962 640 hoc
977 617 1019 640 est
1049 619 1103 639 non
1121 612 1162 639 ad‘
1174 611 1293 646 requiem
1307 612 1474 639 credentium
1498 612 1567 644 illis;
1586 614 1632 639 sed
1649 620 1697 646 per

911 666 970 694 quso
999 664 1158 694 cogerentur
1173 659 1276 685 versari
1291 659 1316 685 iu
1334 658 1451 690 miseria,
1472 662 1500 684 ιιι
1514 658 1597 684 Deum
1613 657 1697 685 offen-

911 704 1016 736 dentes,
1029 709 1056 730 et
1078 704 1112 731 ab
1123 711 1154 730 eo
1171 704 1298 738 despecti.
1318 702 1400 739 746
1416 702 1499 730 Porro
1525 703 1600 729 arioli
1614 705 1696 729 etiam

911 751 1015 778 somnia
1035 749 1101 777 falsa
1115 751 1307 784 loquebantur,
1324 750 1473 776 mulcentes
1500 756 1593 776 eorum
1616 756 1696 776 aures

911 796 1035 824 videlicet
1049 797 1128 823 rebus
1139 796 1275 830 jucundis,
1292 799 1318 822 et
1329 795 1397 821 bona
1410 802 1456 829 spe
1468 800 1620 829 pascentes,
1631 794 1696 821 nihil

878 869 883 871 .
911 848 1001 871 tamen
1016 850 1109 870 verum
1136 842 1274 869 dicentes:
1290 842 1337 868 sed
1353 842 1379 868 in
1402 841 1522 868 fraudem
1534 846 1560 867 et
1574 848 1695 868 errorem

909 889 1082 924 abripientes,
1110 888 1274 922 minimeque
1315 887 1493 922 spiritualium
1519 887 1638 914 datorem
1670 891 1698 913 et

908 935 1134 970 suppeditatorem
1147 933 1199 960 illis
1215 933 1387 960 ostendentes
1398 941 1405 965 ;
1415 933 1477 968 quin
1491 933 1698 967 persuadentes,

908 981 947 1008 uti
967 981 1122 1007 felicitatem
1146 979 1234 1014 potius
1248 987 1261 1004 a
1279 979 1330 1005 diis
1345 979 1537 1006 eommeutitiis
1567 986 1696 1012 exposce-

908 1031 978 1054 rent.
998 1036 1007 1052 ι
1037 1026 1107 1058 Ideo,
1124 1025 1219 1059 inquit,
1242 1029 1416 1055 exaruerunt,
1442 1029 1471 1050 ut
1497 1032 1549 1051 non
1567 1024 1695 1051 habentes

909 1073 1036 1108 pluviam,
1051 1077 1078 1099 et
1099 1071 1191 1099 amicti
1211 1076 1284 1103 sunt,
1315 1074 1343 1097 ut
1363 1077 1436 1097 oves.
1458 1080 1466 1095 ι
1485 1070 1540 1096 Non
1552 1071 1622 1097 enim
1638 1075 1698 1097 erat

910 1121 1004 1152 herba,
1022 1131 1031 1144 ε
1056 1127 1108 1147 non
1121 1124 1179 1146 erat
1192 1118 1306 1146 sanatio.
1327 1127 1337 1143 ι
1361 1118 1450 1152 Neque
1468 1118 1538 1144 enim
1554 1122 1613 1144 erat
1627 1117 1697 1143 inter

911 1174 957 1193 eos
969 1166 1014 1200 qui
1029 1166 1149 1200 alligaret
1162 1165 1231 1199 quod
1249 1165 1404 1194 contritum,
1424 1163 1468 1197 qui
1484 1164 1599 1196 erigeret
1627 1163 1697 1197 quod

910 1212 1088 1243 confractum,
1117 1210 1162 1245 qui
1182 1218 1220 1236 ret
1229 1215 1318 1237 rearet
1351 1211 1421 1244 quod
1442 1208 1567 1235 aIlIictnm
1586 1213 1644 1235 erat
1663 1208 1696 1235 ".

909 1256 1106 1283 Attentleudnm
1124 1256 1216 1289 igitur,
1233 1262 1283 1281 non
1301 1254 1469 1288 loquentibus
1486 1261 1564 1286 vana,
1588 1254 1698 1280 menda-

910 1301 1038 1335 cibusque
1062 1304 1090 1327 et
1112 1299 1325 1327 assentatoribus
1347 1304 1373 1326 et
1404 1298 1623 1330 somniatoribus,
1649 1297 1698 1324 sed

910 1346 964 1373 Deo
979 1346 1079 1380 potius,
1097 1346 1199 1372 lumine
1215 1353 1284 1372 vera:
1301 1345 1462 1380 cognitionis
1480 1344 1577 1372 divinae
1589 1344 1614 1370 in
1638 1345 1697 1370 arti-

911 1399 982 1418 nuuu
1009 1391 1173 1423 coruscanti,
1193 1396 1219 1418 el
1244 1391 1348 1425 pluvias
1374 1390 1553 1421 iutelleclilcs,
1579 1389 1696 1424 Spiritus

910 1437 995 1464 sancti
1009 1437 1214 1470 consolationes,
1229 1437 1352 1471 inquam,
1373 1435 1523 1463 demittenti
1540 1440 1566 1462 et
1587 1435 1696 1462 herbam

910 1483 1060 1520 agrestibus
1077 1483 1246 1518 producenti,
1264 1471 1333 1518 quod
1355 1487 1406 1514 est,
1425 1482 1494 1509 velut
1515 1482 1540 1508 in
1567 1480 1698 1507 viridissi-

912 1538 953 1556 Iua
963 1529 1056 1560 herba,
1071 1529 1096 1555 in
1107 1528 1331 1563 cognitionenulli
1346 1527 1546 1561 reprehensioni
1561 1527 1677 1553 obnoxia
1688 1546 1696 1558 ,

910 1583 941 1602 ac
969 1575 1098 1602 divinitus
1131 1574 1267 1608 inspirata)
1307 1573 1453 1608 Scriptnrze
1480 1580 1528 1600 nos
1567 1573 1696 1607 poscenti.

913 1629 922 1646 ι
943 1620 1026 1647 Ilotno
1038 1620 1110 1647 enint
1126 1627 1186 1647 eum
1212 1620 1238 1646 iu
1256 1620 1356 1646 honore
1372 1624 1453 1650 esset.
1469 1627 1520 1645 non
1542 1618 1672 1646 intellexit
1690 1627 1696 1645 :

907 1671 1082 1701 comparatus
1107 1672 1149 1693 est
1169 1666 1300 1701 jumentis
1328 1666 1533 1700 insipientibus,
1551 1670 1578 1692 et
1603 1665 1699 1692 similis

912 1713 998 1740 factus
1013 1718 1054 1740 est
1079 1713 1131 1740 illis
1148 1712 1181 1738 ⁸⁸.
1200 1722 1208 1739 ι
1227 1712 1280 1739 Sed
1296 1712 1317 1739 si
1333 1712 1456 1739 notitiam
1478 1711 1628 1738 divinorum
1646 1710 1700 1737 elo-

911 1761 1034 1795 quiortun
1049 1760 1075 1786 in
1092 1765 1184 1794 pectus
1205 1759 1355 1790 admiserit,
1370 1763 1397 1785 et
1414 1758 1446 1784 de
1466 1757 1594 1784 alimento
1617 1757 1698 1791 spiri-

912 1805 975 1831 tuali
993 1805 1204 1841 participaverit,
1224 1810 1280 1831 tum
1299 1805 1404 1830 demtun
1430 1803 1537 1838 spurius
1549 1811 1609 1830 esse
1627 1802 1699 1828 desi-

913 1858 989 1882 ueus,
1005 1851 1128 1885 prudenti
1145 1851 1248 1878 ratione
1262 1850 1436 1885 gubernatus,
1449 1853 1475 1876 et
1491 1848 1700 1882 cogitationibus

913 1897 1022 1924 homine
1039 1897 1126 1931 dignis
1142 1896 1285 1930 susceptis,
1302 1903 1406 1922 rursum
1423 1896 1448 1922 in
1467 1895 1569 1922 honore
1588 1894 1649 1920 erit.

64 1944 156 1977 τικῆς,
178 1942 239 1968 τότε
250 1942 292 1978 δὴ,
323 1942 381 1969 τότε
399 1942 447 1978 τὴν
463 1943 576 1969 νωθείαν
595 1942 750 1974 ἀποϐαλὼν,
765 1943 792 1968 ὲν
807 1943 873 1978 τιμῇ
895 1943 975 1970 πάλιν
1008 1943 1095 1975 ἔσται,
1111 1943 1232 1978 λογισμῴ
1255 1942 1293 1978 τῷ
1308 1942 1426 1977 σώφρονι
1444 1940 1636 1976 διοικούμενος,
1654 1941 1700 1967 καὶ

64 1988 115 2023 τὴν
130 1987 268 2023 ἀνθρώπῳ
281 1989 439 2024 πρέπουσαν
454 1989 594 2016 ἀναλαϐὼν
608 1990 644 2025 (I)
657 1989 752 2024 φρένα.

107 2035 172 2062 Ἐπὶ
192 2035 265 2069 τοὺς
292 2035 434 2070 ποιμένας
454 2037 631 2072 παρωξύνθη
650 2039 666 2063 ὀ
684 2038 776 2072 θυμός
788 2046 858 2072 μου,

66 2081 116 2108 καί
133 2082 183 2108 ἐπὶ
201 2082 273 2114 τοὺς
287 2082 400 2116 ἀμφ-οὺς
412 2083 622 2118 ἐπισκέψομαι.

103 2128 162 2156 ΞΖ’.
181 2128 331 2163 Ποιμένας
345 2129 374 2155 ὲν
391 2129 507 2161 τούτοις,
526 2130 650 2165 καθάπερ
667 2126 783 2164 ἐγῷμαι,
797 2129 861 2161 τοὺς

66 2173 297 2209 ψευδοπροφήτας
311 2175 358 2200 καὶ
367 2174 562 2210 ψευδομάντεις
579 2176 722 2208 ἀποκαλεῖ,
737 2175 784 2201 καὶ
798 2176 860 2206 τοὺς

66 2220 115 2254 τῆς
129 2219 241 2254 ἀπάτης
269 2219 437 2255 καθηγητὰς,
460 2220 571 2256 ὃλεθρόν
586 2230 614 2247 τε
640 2221 686 2248 καὶ
709 2222 800 2256 πάγην
815 2230 861 2255 γε-

67 2265 181 2299 γονότας
198 2266 266 2296 τοῖς,
283 2265 308 2291 οἳ
322 2266 370 2300 τῆς
384 2266 502 2300 ἀληθοῦς
515 2268 578 2302 περὶ
593 2267 660 2293 Θεοῦ
677 2267 754 2302 δόξης
771 2268 862 2302 ἡμαρ-

67 2310 193 2346 τηκότες,
210 2311 261 2345 τὴν
284 2311 357 2346 αὐτῷ
375 2313 531 2346 πρέπουσαν
554 2313 647 2348 τιμὴν.
675 2313 721 2339 καὶ
736 2313 863 2348 λατρείαν

68 2356 262 2383 ἀνατεθείκασι
289 2359 322 2392 τῇ
345 2358 441 2390 κτίσει,
462 2360 508 2384 καὶ
526 2359 731 2394 προσεκύνησαν
747 2360 803 2390 τοῖς
818 2358 863 2394 ἔρ-

67 2409 124 2434 γοις
139 2401 195 2426 τῶν
213 2401 290 2427 ἰδίων
306 2402 416 2437 χειρῶν,
435 2402 507 2429 καθὰ
520 2403 684 2438 γέγραπται.

103 2447 161 2472 Οὐκ
179 2446 315 2474 ἀπίθανον
332 2447 360 2473 δὲ
375 2449 430 2477 τοῖς
445 2448 642 2482 ψευδομάντεσι
663 2448 709 2475 καὶ
731 2448 793 2480 τοὺς
809 2448 864 2476 τῶν

73 2492 209 2527 Ἑλλήνων
237 2493 354 2528 συνάψαι
378 2493 505 2527 λογάδας,
521 2495 545 2521 οἳ
565 2494 596 2530 δὴ
621 2496 697 2528 σοφοὶ
723 2495 862 2527 δοκοῦντες

68 2539 96 2571 οῖ
104 2547 144 2570 ιν,
163 2539 226 2570 ταῖς
241 2539 349 2565 ἑαυτῶν
364 2540 540 2574 εύγλωττίαις
553 2541 614 2572 τοὺς
629 2541 720 2572 αὐτοῖς
734 2549 864 2576 προσκει-

70 2584 164 2616 μένους
183 2584 393 2619 πεπλανὴκασι,
412 2586 458 2612 καὶ
472 2585 565 2621 ὥσπερ
579 2586 649 2618 τινες
670 2587 798 2621 ποιμένες
814 2587 864 2613 οὐκ

69 2631 162 2663 ἀγαθοὶ
192 2632 405 2666 κατεόὁσκησαν
426 2633 454 2659 ἐν
476 2633 620 2665 ἀκάνθαις,
637 2633 683 2659 καὶ
704 2634 742 2664 εἰς
763 2634 863 2668 πολλὴν

68 2676 233 2712 ἀχρειότητα
256 2676 367 2712 σαθρῶν
388 2678 506 2705 ἐννοιῶν.
530 2679 562 2704 Τί
586 2679 640 2713 γὰρ
666 2680 730 2713 παρ’
750 2679 864 2711 ἐκείνοις

100 2766 122 2782 ²⁹
135 2766 241 2793 Ezech.
260 2773 357 2797 xxxiv,
379 2766 406 2793 4.
444 2765 548 2793 "I‘sal.
565 2774 657 2800 xum,
675 2767 717 2794 15.

99 2855 136 2892 (I)
154 2856 310 2889 Aubcrtns,
329 2856 480 2883 ἀναόαλών.
497 2856 575 2884 Ευιτ.

951 2036 1029 2064 Vsus.
1046 2036 1071 2063 ’5.
1090 2036 1175 2068 Super
1188 2041 1303 2069 paslores
1312 2035 1456 2062 toucilalua
1471 2039 1507 2061 eu
1525 2034 1601 2068 furor
1617 2042 1700 2067 unus,

913 2089 936 2111 et
950 2092 1028 2116 super
1041 2092 1122 2118 agnos
1135 2083 1255 2110 visitabo.

949 2130 1053 2157 LXVII.
1085 2129 1208 2156 I’ostores
1236 2128 1286 2154 hoc
1303 2127 1372 2161 loco,
1389 2131 1416 2153 ut
1431 2127 1559 2158 arbitror.
1586 2127 1700 2160 pseudo-

915 2176 1059 2210 prophetas
1072 2179 1098 2201 et
1114 2174 1196 2200 falsos
1212 2177 1327 2199 vates.et
1341 2172 1486 2207 magistros
1497 2172 1597 2198 erroris
1611 2170 1702 2205 appel-

913 2221 960 2254 lat,
989 2226 1145 2256 pestemque
1166 2224 1193 2246 et
1219 2219 1342 2253 laqueum
1360 2218 1403 2249 iis,
1434 2217 1478 2251 qui
1509 2224 1571 2243 vera
1589 2218 1621 2242 de
1649 2217 1702 2243 lit-0

912 2268 1038 2302 opinione
1054 2266 1158 2298 relicta,
1186 2265 1313 2292 honorem
1329 2268 1355 2290 et
1371 2263 1471 2290 enltnm
1497 2263 1545 2296 ipsi
1562 2262 1700 2297 proprium

914 2318 1045 2342 creaturae
1060 2313 1227 2341 dedicarunt.
1239 2316 1354 2346 etopera
1368 2317 1497 2337 manuum
1525 2317 1636 2337 suarum
1655 2309 1702 2335 ad-

914 2363 1071 2392 oraverunt,
1089 2358 1159 2385 sicut
1173 2357 1302 2392 scriptum
1316 2360 1356 2383 est
1367 2355 1399 2382 ⁵¹.

953 2449 1008 2476 Nec
1032 2449 1148 2475 alienum
1180 2451 1222 2474 est
1253 2446 1326 2474 falsis
1352 2446 1457 2472 vatibus
1487 2445 1567 2472 etiam
1596 2443 1703 2471 Grmros

916 2496 1045 2530 quosdam
1069 2494 1145 2528 quasi
1171 2494 1300 2528 majorum
1325 2493 1444 2527 gentium
1474 2491 1631 2525 atljttngcre,
1658 2490 1703 2523 qui

917 2549 977 2568 cum
1004 2540 1195 2575 sapientissimi
1224 2543 1440 2570 numerarentur,
1465 2536 1620 2571 eloquentia
1653 2543 1700 2562 5ι1ι

918 2588 983 2622 ipsis
999 2589 1168 2614 adh-amentes
1195 2586 1371 2616 seduxerunt,
1399 2589 1426 2610 et
1453 2588 1482 2610 ut
1501 2588 1622 2617 pastores
1651 2590 1702 2608 ltuu

918 2635 979 2661 boni
998 2634 1022 2660 in
1046 2633 1139 2667 spinis,
1158 2637 1183 2659 et
1210 2633 1235 2658 iu
1266 2632 1347 2659 multa
1369 2631 1487 2658 vanitate
1513 2631 1703 2665 cogitationum

918 2680 1053 2707 inutilium
1074 2683 1212 2714 paverunL
1230 2678 1298 2711 Quid
1313 2677 1383 2705 enim
1403 2677 1474 2712 apud
1490 2677 1549 2705 illos
1565 2676 1597 2704 ad
1611 2674 1703 2710 cogni-

756 2767 776 2782 ³¹
789 2766 857 2794 I‘saI.
872 2774 948 2800 etut,
965 2766 979 2792 4
994 2774 1068 2801 seqq.
