1916 3053
225 136 285 166 Ἥῦ

733 138 761 167 S.
782 138 920 166 CYRII.”
939 138 1172 166 ΑιΕιΑλοιιιΝι
1192 137 1352 166 ARCIIIEP.

1803 135 1860 164 πε

230 202 374 231 surgerent
393 197 516 225 homines
538 201 632 225 contra
654 205 713 230 nos,
738 198 851 226 forsitan
881 199 954 226 vivos
973 199 1011 226 de-

1070 198 1170 234 Κύριος
1191 196 1223 234 ἦν
1245 199 1276 225 ἐν
1297 199 1374 234 ἡμῖν,
1394 199 1422 225 ὲν
1439 198 1477 234 τῷ
1497 197 1680 232 ὲπαναστῆναι
1697 196 1860 232 ἀνθρώπους

224 244 374 279 -glutissent
400 251 458 270 nos.
489 244 557 271 Dum
587 245 754 272 irasceretur
775 245 849 272 furor
868 253 960 273 eorum
989 246 1015 272 in

206 297 290 321 .nos,
321 289 432 316 forsitan
461 297 530 324 aqua
549 290 742 318 absorbuisset
769 298 826 318 nos.
855 291 1015 318 .Torrentem

230 336 406 372 pertransivit
430 337 523 363 anima
549 341 640 364 nostra
655 336 801 368 ,.i0rsitan
825 337 1017 371 pertransisset

229 382 320 410 anima
335 387 427 410 nostra
439 390 537 417 aquam
556 383 750 411 intolerabilem
764 383 796 411 ⁸⁷.
813 393 822 410 Ι
838 383 1016 417 Quemadmo-

229 429 293 455 dum
305 436 396 462 porro,
412 429 510 463 inquit,
527 429 652 464 captivus
667 428 754 457 factus
773 429 864 462 Israel,
881 433 965 464 atque
981 429 1015 455 ad

228 475 354 510 Assyrios
371 480 398 502 et
424 475 514 503 Medos
541 476 690 507 abductus,
715 475 821 503 illorttm
839 475 1014 503 insolentiam

228 522 286 549 sive
300 521 467 549 dominatum
487 521 591 556 eﬂ'ugit,
609 522 660 556 qui
680 528 741 549 eum
762 528 887 556 premere
909 528 1016 556 semper

227 568 365 604 armisque
395 568 531 596 lacessere
557 572 755 596 consueverant
780 576 788 594 :
809 568 904 595 eodem
935 567 1015 594 modo

226 613 332 641 liberati
365 621 414 648 per
441 613 579 641 Christum
610 613 795 648 praevalebunt
820 613 936 641 inimicis
965 613 1015 640 sub

227 664 366 695 aspectum
385 660 555 687 venientibus
568 663 596 687 et
615 666 668 686 non
684 658 863 690 venientibus,
879 663 906 686 et
922 659 966 694 qui
981 659 1015 686 ad

226 705 385 733 servitutem
402 706 524 733 nolentes
538 705 692 740 adigebant,
708 710 735 733 et
748 710 776 733 ut
787 705 908 739 captivos
923 705 1016 732 vincu-

227 753 260 780 lis
283 758 298 778 ο
319 751 399 779 stulta
428 759 520 779 eorum
547 751 683 779 voluntate
705 751 821 786 sumptis
841 751 1013 778 coercebant.

226 798 279 825 Sed
304 802 332 825 et
352 798 394 825 his
417 797 610 832 praevalebunt,
636 805 784 831 eorumque
808 797 959 832 superbiam
986 802 1014 825 et

225 844 436 871 dominationem
454 842 595 877 effugient,
612 843 665 870 Deo
679 843 860 876 coniortante,
878 843 904 870 in
920 850 973 877 quo
985 847 1013 869 et

224 889 420 925 gloriabuntur.
446 888 587 916 Placemus
603 889 676 916 enim
700 890 778 917 nobis
799 891 824 916 in
844 889 963 922 Christo,
985 895 1012 917 et

222 936 312 972 ipsum
328 936 409 962 robur
429 941 552 963 nostrum
573 935 708 967 ducimus,
728 941 755 962 et
772 935 830 968 ipso
845 935 966 968 nitimur,
985 939 1012 962 et

224 984 306 1009 totum
325 982 387 1009 vita:
404 987 504 1010 nostra:
517 990 592 1017 spem
610 981 637 1008 in
652 989 684 1009 eo
701 981 852 1017 deligimus.
866 981 922 1008 Non
939 981 1010 1009 enim

221 1028 336 1062 legatus,
363 1036 416 1056 non
437 1027 557 1063 angelus,
581 1027 630 1055 sed
659 1027 716 1062 ipse
741 1027 870 1055 Dominus
898 1027 1012 1055 salvavit

222 1081 271 1101 nos
282 1074 321 1107 “;
339 1078 366 1101 et
380 1077 410 1101 ut
425 1073 491 1101 dicit
510 1073 605 1100 beatus
628 1072 790 1105 Psalmieen,
811 1081 820 1098 ι
836 1072 906 1100 Deus
919 1076 1012 1099 nOster

221 1119 357 1155 refugium
383 1124 411 1147 et
435 1120 541 1152 virtus,
570 1119 714 1147 auxiliator
743 1119 769 1145 in
793 1118 1011 1146 tribulationibus

221 1175 283 1202 qua
302 1167 463 1194 invenerunt
473 1173 523 1194 nos
542 1166 621 1193 nimis
631 1166 663 1192 ".
679 1174 689 1190 ο

541 1325 617 1354 CAP.
640 1324 685 1352 X1.

258 1395 337 1422 \‘sas.
359 1394 384 1426 1,
400 1394 427 1421 2.
448 1393 540 1427 Aperi,
555 1392 672 1425 Libane,
698 1396 786 1425 portas
805 1396 877 1423 tuas,
897 1395 921 1417 ιι
940 1399 1010 1417 com-

221 1446 279 1467 ειίαι
293 1440 361 1474 ignis
376 1440 468 1466 cedrus
481 1444 551 1465 tuas.
569 1437 656 1464 Ululet
675 1437 766 1471 pinus,
779 1437 842 1471 quia
858 1435 951 1462 cecidit
969 1443 1011 1461 ce-

220 1489 296 1518 drus,
311 1485 373 1520 quia
396 1485 560 1512 vehementer
578 1483 667 1510 miseri
688 1482 756 1517 {acti
780 1486 842 1509 sunt
858 1481 1006 1515 optimates.

220 1531 340 1563 L'lulute,
352 1538 463 1566 quercus
478 1529 652 1561 Basanitidis,
669 1528 731 1563 quia
747 1528 864 1555 succisus
873 1531 909 1555 est
925 1526 1008 1554 saltus

220 1578 342 1604 tottsims.

224 1697 227 1700 ,
256 1666 362 1695 LXXV.
385 1667 520 1694 Dictorum
546 1665 770 1700 signiﬁcationem
795 1671 867 1692 nunc
887 1664 920 1692 ad
944 1664 1010 1691 alios

220 1714 355 1748 quosdam
373 1721 468 1741 sensus
488 1713 685 1740 accommodat.
702 1711 767 1738 Nam
784 1719 844 1738 rum
857 1710 929 1746 quod
945 1711 1010 1738 satis

220 1767 274 1793 est,
291 1765 318 1788 et
333 1760 471 1796 aptissime
484 1764 621 1786 narrasset
639 1759 671 1786 de
689 1758 829 1786 vocatione
850 1757 968 1793 gentium
984 1757 1009 1783 in

220 1807 330 1834 Christo
351 1814 398 1842 per
421 1805 512 1838 ﬁdem,
539 1805 657 1832 futuram
682 1812 764 1840 super
782 1811 815 1831 co
837 1803 1010 1830 incredulita-

222 1859 276 1881 tem
302 1852 498 1885 lsraelitarum,
512 1851 593 1887 755
611 1856 733 1887 tempore
756 1858 810 1885 quo
834 1850 915 1877 homo
941 1849 1011 1876 inter

222 1907 272 1927 nos
286 1898 336 1926 fuit
351 1898 487 1931 videlicet,
501 1898 654 1926 luculenter
672 1897 852 1932 pra‘nuntiat,
866 1900 893 1923 et
910 1895 961 1923 hac
978 1895 1011 1923 de

221 1954 303 1973 eausa
327 1945 524 1973 incendendtun
549 1943 679 1979 templum
703 1943 801 1978 ipsum,
823 1947 906 1977 atque
927 1942 1009 1969 etiam

223 1991 449 2027 Hierosolymam,
474 1996 503 2019 et
527 1991 636 2024 insuper
655 1988 818 2024 subigendas
838 1989 909 2023 ipsas
930 1989 1010 2016 urbes

220 2039 317 2072 Israel,
341 2044 368 2066 et
389 2046 451 2066 cum
469 2038 534 2072 ipsis
550 2036 647 2064 incolis
664 2036 807 2071 perituras.
837 2035 900 2064 lltec
920 2040 1009 2062 autem

222 2092 271 2118 per
291 2091 388 2112 manus
400 2083 587 2111 Romanorum
610 2085 716 2116 patrata
735 2085 808 2114 sunt,
825 2079 968 2115 aliquando
983 2079 1010 2106 in

214 2131 342 2158 'Judmam
374 2129 540 2164 Vespasiano
557 2133 584 2156 et
599 2128 661 2155 Tito
675 2134 749 2154 arma
771 2126 955 2154 moventibus.
974 2125 1011 2152 Et

221 2181 305 2208 esl,ut
315 2179 666 2211 apparet,supervaeaneum
678 2173 829 2200 minutatim
838 2171 940 2206 singula
950 2177 1010 2205 per-

1069 244 1111 279 ὲφ¹
1123 245 1206 279 ἡμᾶς,
1220 245 1274 280 ἄρα
1288 243 1390 277 ζῶντας
1404 243 1438 270 ἂν
1453 243 1582 270 κατέπιον
1598 244 1682 280 ἡμᾶς.
1703 244 1747 270 Ἑν
1759 244 1796 281 τῷ
1813 244 1860 280 ὀρ-

1068 289 1195 325 γισθῆναι
1210 289 1255 316 τὸν
1270 289 1355 324 θυμὸν
1368 289 1457 316 αὐτῶν
1470 289 1512 324 ἐφ’
1529 289 1610 325 ἡμᾶς,
1624 289 1677 325 ἄρα
1689 289 1720 316 τὸ
1735 289 1808 325 ὕδωρ
1825 291 1859 317 ἂν

1068 336 1258 363 κατεπόντισεν
1269 336 1353 371 ἡμᾶς.
1366 335 1523 372 Χείμαρρον
1533 336 1639 372 διῆλθεν
1651 337 1668 371 ἠ
1680 337 1752 373 ψυχὴ
1766 338 1783 372 ὴ
1788 337 1858 372 μῶν,

1067 380 1121 416 ἄρα
1132 379 1239 415 διῆλθεν
1253 381 1268 415 ἡ
1281 380 1354 416 ψυχὴ
1371 380 1449 416 ἡμῶν
1464 380 1494 408 τὸ
1510 380 1582 417 ὕδωρ
1595 381 1625 408 τὸ
1638 382 1835 410 ἀνυπόστατον.
1847 392 1856 408 ι

1069 427 1172 462 Ὥσπερ
1188 426 1234 458 δὲ,
1257 426 1349 462 φησὶν,
1374 427 1545 464 αἰχμάλωτος
1563 427 1683 463 γεγονὼς
1705 429 1719 456 ὁ
1737 429 1856 466 Ἰσραὴλ,

1067 473 1114 500 καὶ
1130 474 1171 505 εὶς
1197 473 1355 509 Ἀσσυρίους
1371 482 1400 500 τε
1424 475 1470 501 καὶ
1491 474 1601 510 Μήδους
1622 475 1857 511 ἀπενηνεγμένος.

1054 519 1157 555 ¹διέδρα
1182 519 1232 551 τὰς
1259 519 1370 546 ἐκείνων
1399 520 1492 556 ὖὸρεις
1524 521 1581 555 ἦτοι
1616 520 1788 555 πλεονεξίας,
1814 523 1858 549 ἀεὶ

1067 566 1272 602 προσκειμένων
1287 567 1334 593 καὶ
1363 566 1490 601 πολεμεῖν
1510 567 1644 594 εἰωθότων
1661 567 1769 599 αὐτοῖς’
1786 569 1857 596 κατὰ

1065 611 1110 637 τὸν
1127 611 1183 638 ἴσον
1206 612 1317 647 τρόπον,
1341 612 1433 647 φησὶν,
1457 611 1482 638 οι
1499 611 1698 648 λελυτρωμένοι
1720 613 1765 640 διὰ
1787 613 1856 649 Χρι-

1066 656 1141 689 στοῦ,
1161 658 1301 693 κρείττους
1316 657 1423 684 ἔσονται
1444 657 1497 684 τῶν
1506 658 1621 694 ἐχθρῶν,
1639 658 1744 694 ὁρατῶν
1761 659 1856 695 δηλον-

1065 702 1106 729 ότι
1129 703 1176 730 καὶ
1207 703 1342 739 ἀοράτων,
1363 704 1388 730 οἳ
1420 704 1561 740 μονονουχὶ
1592 704 1640 731 καὶ
1663 704 1856 738 κατεϐιάζοντς

1065 748 1132 784 πρὸς
1145 748 1293 784 ἀϐούλητον
1313 748 1436 776 δουλείαν
1457 749 1566 783 αὐτοὺς,
1583 751 1629 777 καὶ
1645 747 1701 777 οἷον
1716 751 1855 787 αἰχμαλώς

1064 802 1127 826 τους
1151 795 1297 829 γεγονότας
1318 795 1367 830 τῆς
1390 795 1419 828 ἐξ
1447 795 1517 827 ιδίας
1546 796 1706 832 σκαιότητος
1733 799 1855 833 συνεῖχον

1063 840 1181 876 δεσμοῖς.
1201 840 1280 868 Ἀλλὰ
1293 841 1340 868 καὶ
1355 841 1456 868 τούτων
1469 841 1575 869 ἔσονται
1590 843 1740 879 κρείττους,
1760 843 1856 880 ὕϐρεις

1061 895 1092 913 τε
1111 886 1160 918 τὰς
1181 887 1246 923 παρ’
1263 887 1376 914 ἐκείνων
1400 888 1590 923 διαφεύξονται
1609 890 1657 916 καὶ
1680 890 1856 924 πλεονεξίας,

1062 932 1130 960 Θεοῦ
1155 933 1365 968 κατισχύοντος,
1389 934 1432 969 ἐφ’
1452 931 1475 969 ᾧ
1491 935 1538 962 καὶ
1555 936 1750 972 καυχήσονται.
1775 937 1857 971 Μέγα

1062 978 1116 1013 γὰρ
1132 979 1285 1014 φρονοῦμεν
1299 979 1345 1006 ἐπὶ
1358 980 1478 1016 Χριστῷ,
1493 981 1540 1008 καὶ
1553 981 1634 1008 αὑτὸν
1651 982 1726 1017 ἰσχὺν
1741 983 1857 1018 πεποιή-

1063 1023 1132 1058 μεθα
1142 1043 1150 1056 ,
1167 1024 1214 1050 καὶ
1228 1025 1271 1050 ἐπ’
1290 1024 1365 1060 αὐτῷ
1382 1025 1604 1062 τεθαῤῥήκαμεν,
1619 1027 1667 1053 καὶ
1684 1027 1734 1062 τῆς
1749 1027 1854 1055 ἑαυτῶν

1062 1068 1134 1103 ζωῆς
1148 1069 1212 1101 ὅλας
1227 1069 1324 1105 ἔχομεν
1336 1070 1384 1102 τὰς
1401 1070 1522 1102 ἐλπίδας.
1536 1071 1573 1097 Οὐ
1589 1071 1643 1107 γὰρ
1657 1071 1790 1106 πρέσϐυς,
1807 1071 1856 1099 οὒκ

1061 1113 1185 1148 ἄγγελος,
1206 1114 1264 1141 ἀλλ’
1284 1115 1365 1147 αὐτὸς
1381 1116 1395 1142 ὁ
1415 1115 1516 1152 Κύριος
1537 1116 1639 1144 ἔσωσεν
1661 1117 1751 1153 ἡμᾶς’
1775 1114 1854 1153 καὶῇ

1062 1168 1143 1195 φησιν
1156 1161 1171 1186 ὁ
1190 1160 1324 1196 μακάριος
1335 1161 1498 1198 Ψαλμῳδδς,
1514 1172 1523 1189 ι
1543 1163 1656 1198 ’0,Θεὸς
1670 1163 1750 1199 ἡμῶν
1769 1172 1855 1191 κατα-

1062 1207 1146 1242 φυγὴ,
1162 1208 1209 1234 κα)⁵
1221 1207 1346 1244 δύναμις,
1362 1208 1459 1245 βοηθὸς
1472 1209 1500 1236 ὲν
1515 1209 1620 1244 emtam
1633 1211 1694 1242 ταῖς
1707 1209 1855 1245 εὐρούσαις

1062 1252 1135 1287 ἡμᾶς
1153 1252 1267 1288 σφόδρα.

1357 1323 1482 1351 ΚΕΦΑΛ.
1507 1324 1558 1351 lA'.

1095 1391 1261 1425 Διάνοιξον,
1286 1393 1302 1419 ό
1320 1392 1458 1426 Λίϐανος,
1483 1395 1538 1426 τὰς
1559 1393 1650 1428 θύρας
1674 1401 1744 1425 σου,
1764 1401 1854 1419 κατα-

1060 1437 1176 1472 φαγέτω
1195 1438 1255 1472 πῦρ
1278 1439 1332 1470 τὰς
1348 1437 1475 1472 κέδρους
1501 1445 1571 1466 σου.
1596 1438 1785 1470 Ὀλολυξάτω
1809 1438 1856 1464 πι-

1060 1492 1126 1517 τυς,
1147 1483 1221 1510 διότι
1246 1484 1383 1511 πέπτωκε
1402 1483 1516 1519 κέδρος.
1544 1484 1587 1511 ὅτι
1610 1484 1749 1519 μεγάλως
1772 1492 1856 1519 μετι-

1061 1528 1172 1563 στᾶνες
1192 1529 1451 1565 ἐταλαιπώρησαν.
1478 1531 1667 1565 Ὁλολύξατε,
1693 1530 1783 1565 δρύες
1802 1530 1855 1565 τῆς

1061 1575 1270 1610 Βασανίτιδος,
1294 1576 1339 1603 ὅτι
1360 1577 1555 1611 κατεσπάσθη
1582 1579 1598 1604 ὁ
1614 1577 1726 1612 δρυμὸς
1744 1579 1761 1604 ό
1779 1578 1855 1612 σύμ-

1060 1631 1165 1656 φυτος.

1097 1669 1157 1696 ()Ε¹.
1178 1669 1330 1704 Μεθίστησι
1357 1669 1404 1696 νῦν
1429 1669 1471 1704 ἐφ’
1493 1670 1595 1705 ἐτέρων
1622 1670 1684 1696 τινὰ
1709 1669 1855 1706 νοημάτων

1060 1715 1120 1742 ὁδὸν
1134 1714 1186 1742 τῶν
1199 1715 1352 1751 λεγομένων
1367 1715 1414 1751 τὴν
1427 1716 1552 1752 δήλωσιν.
1573 1717 1750 1753 Ἀποχρῶσαν
1764 1718 1795 1745 δὲ
1807 1718 1854 1754 τὴν

1061 1762 1200 1797 ἀφήγησιν
1214 1759 1243 1788 εὖ
1261 1762 1334 1797 μάλα
1347 1763 1532 1798 πεποιημένος
1546 1763 1595 1798 τὴν
1610 1763 1673 1798 περί
1689 1772 1720 1798 γε
1738 1764 1790 1800 τῆς
1803 1763 1854 1790 τῶν

1061 1807 1146 1834 ὲϐνῶν
1171 1808 1292 1843 κλήσεως
1319 1808 1369 1843 τῆς
1395 1809 1424 1834 ὲν
1442 1808 1552 1844 Χριστῷ
1579 1809 1623 1836 διὰ
1645 1810 1782 1842 πίστεως,
1808 1810 1853 1846 τὴν

1061 1853 1193 1889 ἐσομένην
1209 1854 1254 1879 ἐπ’
1269 1853 1343 1889 αὐτῷ
1359 1853 1531 1881 δυσπείθειαν
1549 1855 1602 1881 τῶν
1614 1854 1644 1887 ἐξ
1661 1855 1771 1891 Ἰσραὴλ
1784 1856 1853 1882 κατὰ

1061 1900 1106 1926 τὸν
1127 1899 1177 1932 τῆς
1212 1899 1444 1935 ἐνανορωπήσεως
1467 1900 1588 1936 δηλονότι
1614 1901 1722 1937 καιρὸν,
1747 1910 1854 1937 προαφο

1062 1947 1170 1980 ηγεῖται
1187 1946 1290 1980 σαφῶς,
1311 1946 1358 1973 καὶ
1373 1946 1414 1973 ὃτι
1425 1946 1526 1982 ταύτης
1534 1946 1615 1974 ἓνεκα
1624 1947 1673 1983 τῆς
1687 1947 1780 1980 αἰτίας
1795 1957 1853 1976 χατ-

1061 1991 1253 2026 εμπρησϐῆναι
1271 1991 1312 2018 δεῖ
1327 1991 1371 2019 τὸν
1386 1992 1449 2019 ναὸν
1465 1993 1544 2019 αὑτὸν
1556 2013 1563 2025 ,
1585 1994 1630 2019 καὶ
1646 1993 1738 2029 μέντοι
1752 1994 1853 2028 τὰ,Ίε-

1063 2037 1211 2073 ροσόλυμα,
1227 2037 1399 2073 προσαλιῖιναι
1412 2038 1441 2064 δὲ
1459 2039 1506 2065 καὶ
1519 2038 1603 2070 αὐτὰς
1617 2038 1664 2065 τοῦ
1681 2039 1791 2075 Ἰσραὴλ
1806 2040 1853 2074 τᾲς

1062 2081 1164 2115 πόλεις,
1179 2083 1226 2108 καὶ
1241 2082 1434 2109 συνδιολεῖσθαι
1448 2083 1504 2114 τοῖς
1525 2082 1674 2109 ἐνοικοῦσιν
1691 2083 1788 2115 αὑτάς.
1805 2084 1854 2111 Πέ-

1062 2137 1183 2163 πρακται
1201 2128 1230 2154 δὲ
1244 2127 1328 2155 ταῦτα
1344 2128 1389 2155 διὰ
1404 2128 1494 2164 χειρὸς
1508 2128 1562 2155 τῶν
1580 2129 1734 2164 Ῥωμαίων,
1753 2138 1849 2166 στρατ-

1062 2174 1200 2210 ηγούντων
1222 2174 1293 2202 κατὰ
1316 2175 1411 2211 καιρὸν
1431 2175 1634 2202 Οὐεσπασιανοῦ
1652 2184 1681 2202 τε
1696 2177 1743 2203 καὶ
1759 2176 1851 2203 Τίτου.

222 2231 343 2256 censere,
357 2230 417 2258 qua:
434 2221 588 2249 Iudaeorum
607 2221 729 2253 urbibus,
745 2219 802 2247 sive
818 2218 935 2253 populis,
947 2225 1009 2252 pro-

1065 2221 1118 2247 Καὶ
1135 2220 1271 2255 περιττὸν,
1287 2220 1324 2252 ὼς
1339 2220 1437 2253 ἔοικεν,
1452 2221 1616 2257 ἀφηγεῖσθαι
1629 2221 1735 2254 λεπτῶς
1748 2222 1853 2249 ἕκαστα

222 2275 282 2303 pter
299 2267 536 2296 debacchationem
553 2266 578 2293 in
604 2266 740 2293 Christum
766 2267 924 2296 evenerunt,
947 2271 1009 2290 cum

222 2314 375 2342 volentibus
386 2312 495 2345 Josephi
517 2312 657 2339 historiam
681 2310 771 2346 legere
788 2309 878 2342 liceat,
896 2314 922 2336 et
948 2308 1010 2336 inde

223 2367 282 2394 qua;
304 2359 414 2386 libuerit
436 2358 539 2393 singula
565 2361 691 2385 accurate
706 2363 880 2391 cognoscere.
903 2354 1011 2382 Transit

223 2406 305 2439 igitur
321 2405 354 2431 ad
375 2411 422 2431 eos
437 2403 480 2437 qui
498 2408 576 2430 erant
599 2403 632 2430 de
656 2401 786 2437 sanguine
806 2400 899 2428 Israel.
922 2402 953 2428 Et
969 2401 1011 2428 Li-

224 2451 294 2477 bano
306 2449 414 2484 quidem
435 2453 573 2484 comparat
587 2447 707 2476 Iudaeam
723 2456 730 2474 :
745 2448 942 2482 quamobrem?
964 2446 1012 2474 Est

224 2496 297 2522 enim
318 2494 438 2523 Libauus
470 2503 547 2522 mons
574 2495 680 2522 decoris
714 2494 855 2521 arboribus
883 2499 910 2520 et
936 2494 1011 2521 silvis

224 2542 394 2569 densissimis
409 2541 580 2575 conspicuus.
600 2539 754 2567 Judasorum
768 2546 858 2568 autem
874 2541 945 2576 regio
962 2548 1011 2575 poo

225 2586 398 2621 pu10sissima
414 2606 421 2618 ,
436 2590 465 2612 et
481 2584 726 2612 innumerabilibus
745 2585 841 2612 incolis
858 2585 1009 2620 frequentis

225 2634 304 2665 siuna,
325 2638 351 2660 et
370 2632 447 2667 quasi
470 2632 565 2658 cetlros
582 2635 628 2658 aut
651 2631 729 2665 pinus
748 2632 964 2667 procerissimas,
984 2637 1010 2658 et

220 2678 285 2705 aliis
306 2678 391 2712 magis
411 2677 546 2708 visendus,
572 2677 737 2710 sacerdotes,
763 2677 883 2712 inquam,
904 2683 932 2704 et
954 2678 1010 2703 suis

225 2723 392 2758 temporibus
408 2729 440 2749 ex
455 2721 524 2749 tribu
539 2721 609 2750 Juda
631 2727 787 2758 regnantes,
811 2728 838 2750 ct
849 2723 894 2758 qui
913 2723 1012 2757 primi-

223 2773 302 2803 putus
325 2768 492 2796 ornamentis
516 2768 684 2801 eminentes,
710 2773 763 2796 tota
786 2769 924 2804 provincia
954 2769 1009 2795 noti

262 2854 282 2868 "
296 2859 366 2886 i’sai.
383 2860 542 2894 (ΔΝΜ-5.
584 2859 606 2875 ⁵⁵
619 2860 699 2887 llebr.
717 2869 745 2892 ιι,
766 2859 804 2886 lt.‘-.

1059 2265 1112 2292 τῶν
1127 2265 1338 2301 συμϐεϐηκότων
1353 2267 1412 2298 ταῖς
1429 2266 1482 2292 τῶν
1500 2267 1633 2294 Ἰουδαίων
1651 2267 1772 2300 πόλεσ;ν,
1796 2269 1854 2303 ἦτοι

1058 2311 1166 2347 δήμοις,
1180 2312 1229 2347 τῆς
1252 2313 1292 2344 εἰς
1314 2313 1430 2348 Χριστὸν
1448 2313 1529 2340 ἕνεκα
1545 2314 1700 2349 παροινίας·
1720 2313 1782 2346 ἐξὸν
1800 2315 1854 2346 τοῖς

1059 2357 1180 2385 ἐθέλουσι
1193 2360 1247 2390 τοῖς
1266 2358 1398 2394 Ἰωσήπου
1414 2359 1628 2394 συγγράμμασιν
1641 2360 1776 2394 ἐντυχεῖν,
1791 2361 1855 2387 ἁνα-

1061 2403 1157 2439 μαοεῖν
1175 2413 1203 2430 τε
1220 2404 1323 2438 σαφῶς,
1345 2404 1416 2440 ἆπερ
1432 2404 1464 2431 ἂν
1481 2404 1582 2431 ἕλοιντο
1595 2405 1711 2436 λεπτῶς.
1730 2406 1854 2432 Μετακοσ

1067 2449 1138 2484 μίξει
1152 2448 1184 2484 δὴ
1198 2446 1243 2475 οὖν
1256 2449 1301 2475 τὸν
1321 2448 1398 2483 λόγον
1417 2449 1463 2475 ἐπὶ
1478 2450 1541 2480 τοὺς
1555 2448 1584 2481 ἐξ
1599 2449 1716 2485 αἵματος
1733 2450 1853 2485 Ἰσραήλ.

1065 2495 1120 2520 Καὶ
1135 2494 1243 2529 Λιϐάνῳ
1259 2494 1307 2529 μὲν
1323 2495 1482 2530 παρεικάζει
1497 2495 1545 2530 τὴν
1563 2495 1701 2528 Ἰουδαίαν,
1715 2495 1760 2522 διὰ
1776 2497 1856 2522 ποίαν

1066 2541 1171 2574 αἰτίαν,
1196 2540 1313 2574 Εΰξυλον
1329 2541 1378 2575 μὲν
1399 2541 1454 2576 γὰρ
1471 2541 1534 2576 ὅρος
1546 2543 1560 2568 ὸ
1576 2541 1706 2573 Λίϐανος,
1726 2543 1776 2568 καὶ
1795 2542 1856 2578 δρυ⁸

1063 2588 1122 2622 μοῖς
1149 2587 1319 2622 ἀμφιλαφέσι
1343 2587 1511 2623 κατάκομον.
1534 2587 1807 2624 Πολυανθρωποτάτη
1828 2588 1854 2614 δὲ

1062 2633 1108 2659 καὶ
1124 2633 1140 2668 ὴ
1156 2633 1210 2659 τῶν
1228 2633 1363 2660 Ἰουδαίων
1385 2633 1479 2669 χώρα,
1502 2634 1548 2660 καὶ
1568 2633 1685 2670 ἀριθμοῦ
1712 2634 1855 2670 κρείττονα

1061 2678 1110 2714 τὴν
1127 2679 1182 2705 τῶν
1205 2679 1381 2706 ἐνοικούντων
1407 2679 1506 2715 ἔχουσα
1530 2681 1644 2716 πληθὺν,
1668 2680 1716 2707 καὶ
1737 2679 1796 2707 οἷον
1814 2681 1855 2707 κέ-

1061 2724 1140 2759 δρους
1157 2725 1174 2760 ἢ
1190 2722 1282 2757 ’πίτυς
1297 2726 1515 2761 εὐμηκεστάτας,
1529 2726 1592 2758 τοὺς
1606 2726 1659 2752 τῶν
1675 2726 1764 2753 ἄλλων
1781 2735 1855 2761 περι-

1063 2771 1263 2806 ῳανεστέρους,
1286 2772 1377 2806 ἱερέας
1401 2772 1430 2798 τέ
1455 2781 1526 2807 φημι
1551 2772 1597 2799 καὶ
1621 2772 1685 2804 τοὺς
1711 2773 1744 2799 ἐκ
1771 2772 1856 2807 φυλῆς

846 2858 947 2885 υνηιέ.
963 2867 1022 2891 ην,
1037 2859 1058 2885 l.
