1916 3053
220 172 271 199 183

710 172 739 200 S.
761 172 898 201 CYRlLLl
919 173 1153 201 ALEXANDRINI
1175 174 1332 202 AliClllEP.

1798 179 1847 204 184

219 234 392 265 dccet'petztcs
415 237 508 256 eorum
531 229 651 261 fructus.
674 235 702 256 et
723 238 778 256 t'ettt
802 238 878 258 suam
900 237 1002 265 semper

1065 232 1176 265 ’Ὠσπερ
1190 232 1243 267 γὰρ
1261 232 1419 258 δεσποτικὸν
1440 233 1503 258 ὄντα
1517 231 1563 258 τὸν
1577 232 1670 267 νοητὸν
1685 232 1848 268 ἀμπελῶνα.

217 277 424 312 atnpl'rllcantcs,
442 275 647 310 voletttibusqtte
666 275 786 310 rapinam
804 277 1001 311 pertttittentes.

218 324 289 358 Ergo
303 323 347 358 qui
363 322 540 358 possederunt
555 322 715 350 occidebant
730 331 737 349 ε
753 323 898 351 vendentes
913 327 1002 351 autem

218 369 341 396 dicebant
361 377 369 395 ι
391 377 401 393 ι
425 368 585 395 Benedictus
608 368 752 400 Dominus,
773 373 800 396 et
821 369 919 396 divites
941 369 1001 396 lacti

218 422 320 441 sumus.
346 422 356 439 ι
381 413 496 441 Possunt
521 413 547 441 Iti
571 413 683 447 intelligi
702 412 819 448 judices,
840 414 1002 449 judiciorum

219 460 399 494 itttt-gritatetn
416 464 616 494 cauponantes,
635 463 661 486 et
678 459 754 494 quasi
774 459 864 486 valere
878 459 1003 493 jubetttes

219 508 303 541 tegent
321 506 411 539 Mosis,
425 506 549 540 quamvis
564 509 656 540 aperte
670 506 742 533 dicat
761 515 766 532 :
786 515 795 531 ι
814 505 871 532 Non
888 506 1003 540 accipies

219 559 361 586 personam
379 551 404 578 in
420 551 535 586 judicio,
549 551 610 586 quia
622 551 753 584 judicium
768 551 813 578 Dei
828 551 912 578 est".
931 560 939 576 ι
955 550 1003 578 Ju-

218 597 334 625 cuttdum
362 597 434 624 enim
449 601 476 624 et
491 596 608 624 amicum
624 601 683 623 erat
698 596 750 623 illis
764 597 880 623 vendere
895 596 920 623 in
937 604 1001 623 una-

219 651 325 678 quaque
336 651 416 670 causa
427 642 557 676 judicium
571 643 603 670 iis
615 643 659 677 qui
672 649 764 670 emere
773 641 880 669 vellent.
892 642 919 668 Id
931 641 1001 676 quod

218 689 301 716 etiam
319 696 352 716 ex
369 689 480 716 vocibus
497 693 650 716 sanctorum
670 688 777 723 planum
798 688 853 715 ﬁet.
871 688 914 715 Ait
930 689 1002 715 enim

219 735 327 769 quidam
343 740 498 762 sanctorum
509 734 699 769 prophetarum
710 734 742 761 de
750 733 900 766 Jerusalem
914 742 920 760 :
937 733 1002 760 «Du-

218 791 263 810 ces
273 783 331 817 ejus
346 790 407 810 cum
420 781 575 810 muneribus
587 781 745 817 judicabant
758 781 791 808 ".
808 791 817 807 ›
833 782 942 808 Divinus
953 789 1002 808 au-

217 834 270 856 tem
282 827 408 856 Habacuc
419 828 610 863 propemodum
621 827 782 855 vociferatur
792 831 884 854 contra
899 828 981 854 Deum
992 834 1000 854 :

219 883 228 899 ι
255 872 409 908 Usquequo,
431 873 553 905 Domine,
573 872 708 904 clamabo,
727 877 756 900 et
777 880 829 900 non
853 873 1002 900 exaudies?

215 919 384 946 vociferabor
393 919 426 945 ad
439 924 464 945 te
475 919 528 945 vim
540 918 652 953 patiens,
665 924 692 946 et
703 927 756 946 non
768 919 903 946 salvabis?
913 919 1002 953 Quare

214 964 356 992 ostendisti
376 964 441 991 tttihi
461 964 566 992 labores
581 969 609 993 et
626 964 741 998 dolores,
757 965 849 992 videre
864 966 1001 993 miseriatn

214 1015 241 1038 et
256 1010 440 1046 impietatem?
453 1011 491 1038 Ex
504 1010 618 1038 adverso
629 1011 681 1038 mei
694 1010 795 1038 factum
807 1015 848 1038 est
859 1011 1002 1045 judicium,

214 1059 243 1083 et
254 1055 336 1090 judex
351 1055 460 1090 accipit.
476 1054 622 1090 Propterea
637 1055 766 1090 dissipata
781 1060 822 1082 est
837 1055 889 1088 lex,
904 1061 931 1083 et
946 1064 999 1083 non

214 1101 356 1129 deducitur
373 1101 399 1128 in
419 1101 500 1129 linem
516 1101 657 1136 judicium,
675 1102 738 1137 quia
756 1102 854 1137 impius
873 1103 1003 1138 oppritttit

212 1147 324 1181 justum.
349 1146 461 1182 Propter
483 1147 534 1175 hoc
561 1148 714 1182 egredietur
735 1148 867 1183 judicium
893 1156 1003 1183 perver-

215 1201 274 1221 sum
285 1193 320 1220 ⁷⁵.
338 1202 348 1220 ›
364 1193 543 1227 Quamobrem
558 1202 591 1221 ex
608 1194 714 1228 injttstis
729 1195 878 1229 quaestibus
894 1195 1002 1223 divitias

214 1246 419 1276 coitgregantes,
440 1245 465 1267 ct
484 1239 616 1274 justitiam
639 1245 836 1275 pervertentes,
858 1245 884 1268 et
901 1241 1002 1276 judicia

214 1287 240 1313 in
262 1285 381 1320 qualibet
402 1293 483 1313 causa
505 1286 592 1320 pretio
614 1285 785 1319 addicentes,
807 1294 867 1314 cs~e
889 1292 1002 1322 possttttt

212 1331 317 1367 iudices
332 1332 393 1367 ipsi,
407 1337 436 1358 ut
451 1332 530 1359 modo
545 1331 612 1364 dixi,
626 1332 672 1366 qui
687 1332 798 1360 dicunt:
815 1341 825 1358 ι
839 1331 1001 1360 Benedictus

214 1377 354 1411 Dominus,
368 1383 395 1406 et
409 1378 507 1405 divites
523 1377 587 1405 facti
603 1385 707 1405 smnus.
725 1387 734 1404 ι
751 1376 778 1404 Itt
794 1385 847 1412 quo
864 1384 892 1405 ut
909 1386 1002 1406 amen-

215 1424 310 1451 tissimi
328 1428 356 1451 et
379 1423 553 1451 audacissitni
575 1423 734 1459 reprehendi
755 1428 864 1459 queant.
887 1424 1003 1460 Fingunt

213 1470 287 1497 enim
305 1477 334 1497 se
350 1470 510 1497 benedicere
526 1469 595 1502 Deo,
615 1470 726 1504 perinde
743 1477 775 1497 ac
792 1470 814 1497 si
833 1470 917 1505 ipsius
934 1478 1000 1498 con-

212 1523 291 1544 cessu
309 1515 388 1543 liceat
404 1523 437 1542 ex
455 1515 644 1549 iniquitatibus
660 1515 797 1549 colligere,
815 1519 842 1543 et
858 1523 873 1542 e
889 1517 1000 1551 Sangui-

213 1562 293 1590 nibus
310 1561 453 1589 ditescere.
469 1560 550 1595 Atqui
568 1568 602 1588 ex
619 1568 684 1588 vero
701 1561 789 1589 oliicio
803 1561 903 1596 judicia
923 1569 1001 1589 exer-
1016 1579 1036 1608 ο

213 1612 304 1636 centes
319 1607 384 1634 illud
401 1607 548 1642 praestabat
564 1607 655 1634 dicere
672 1617 678 1634 :
698 1615 708 1633 ι
729 1606 890 1635 Benedictus
910 1608 1000 1635 Domi-

213 1660 276 1685 nus,
296 1661 306 1679 ι
327 1652 453 1680 illustrati
472 1653 679 1687 divinorumque
699 1653 886 1680 mandatorum
905 1653 1004 1680 sinceri

213 1700 401 1727 observatores
411 1699 541 1733 comperti
553 1694 765 1732 sumus.'jttstam
779 1699 804 1725 in
816 1700 911 1733 quavis
921 1706 1002 1727 causa

213 1745 375 1772 sententiam
395 1744 612 1779 pronuntiantes.
632 1743 681 1771 Est
714 1744 795 1779 igitur
811 1744 889 1772 dolus
911 1750 938 1771 et
957 1745 1004 1772 de-

214 1791 296 1817 decus
314 1789 451 1824 speciosus
467 1795 567 1821 sermo,
585 1787 635 1815 nisi
653 1787 785 1815 faciamus
803 1795 862 1823 quae
879 1788 1004 1822 placeant

213 1835 280 1862 Deo.

1033 1386 1038 1390 ‘
1053 1379 1135 1415 νόμος
1145 1400 1153 1413 ,

1055 277 1125 312 φημὶ
1137 278 1168 313 δὴ
1185 279 1231 304 τὸν
1250 277 1369 313 Ἰσραὴλ,
1386 278 1446 313 ἢτοι
1462 278 1508 304 τὸν
1526 278 1669 314 ἄνθρωπον
1687 278 1736 305 τοῦ
1749 278 1846 311 Ἰούδα,

1053 324 1083 350 τὸ
1104 324 1242 358 νεόφυτον,
1257 323 1288 350 τὺ
1301 323 1491 359 ἠγαπημένον,
1517 324 1582 351 [διον
1598 325 1762 360 ἐποιήσαντο
1784 324 1848 360 κλῆ-

1055 376 1110 404 ρον·
1132 369 1202 396 οὕτω
1219 369 1265 396 καὶ
1286 369 1319 396 τά
1340 369 1453 405 ποίμνια
1470 371 1611 405 μονονουχὶ
1629 371 1847 405 κατεκτήσαντο,

1053 415 1214 451 δρεπόμενοι
1237 416 1285 451 μὲν
1302 416 1365 448 τοὺς
1381 416 1486 443 ἑαυτῶν
1505 417 1638 452 καρποὺς,
1656 417 1703 443 καὶ
1721 417 1765 444 ἀεὶ
1784 425 1845 448 πως

1053 462 1081 488 ἐν
1095 462 1273 496 πλεονασμοῖς
1286 462 1332 489 τὸν
1347 462 1453 489 ἑαυτῶν
1472 462 1613 495 ποιοῦντες
1628 463 1741 499 κλῆρον,
1756 462 1848 490 ἀνιέν-

1052 515 1097 539 τες
1121 507 1149 534 δὲ
1174 509 1229 540 τοῖς
1250 507 1389 535 ἐθέλουσιν
1413 508 1579 545 διαρπαγήν.
1606 509 1710 537 οὐκοῦν
1737 510 1762 536 οἱ
1798 509 1850 545 μὲν

1052 553 1219 588 κτησάμενοι
1243 554 1431 588 κατέσφαζον·
1458 555 1483 581 οἱ
1506 555 1535 581 δὲ
1556 554 1711 586 πωλοῦντες
1733 555 1848 588 ἔλεγον·

1056 609 1065 624 ι
1083 599 1235 635 Εὐλογητὸς
1247 600 1359 636 Κύριος,
1376 601 1423 627 καὶ
1439 601 1680 637 πεπλουτήκαμεν.
1694 610 1704 626 ι
1715 601 1851 637 Νοηθεῖεν

1052 646 1075 672 δ’
1091 646 1123 672 ἂν
1137 647 1183 673 καὶ
1202 643 1274 674 οὗτοι
1298 647 1401 683 κριταὶ,
1429 647 1477 682 τὴν
1492 648 1522 675 ὲν
1537 649 1596 679 τοῖς
1617 648 1753 684 κρίμασιν
1769 647 1850 683 ὀρθό-

1052 699 1122 726 τητα
1146 691 1368 727 καπηλεύοντες,
1394 692 1475 727 μόνον
1497 692 1524 719 δὲ
1549 693 1610 728 οὐχὶ
1636 693 1684 720 καὶ
1708 692 1851 728 ἐρρῶσθαι

1053 737 1208 772 φράσαντες
1231 737 1270 773 τῷ
1291 737 1334 764 διὰ
1360 738 1482 771 Μωσέως
1508 739 1601 774 νόμῳ,
1627 738 1716 765 καίτοι
1740 738 1851 772 λέγοντι

1053 782 1147 816 σαφῶς
1158 790 1165 798 ·
1185 791 1193 808 t
1208 783 1245 809 Οὐ
1257 783 1330 818 λήψῃ
1344 783 1491 818 πρόσωπον
1505 784 1534 810 ὲν
1551 784 1652 818 κρίσει,
1669 784 1711 810 ὅτι
1725 784 1741 819 ὴ
1757 784 1851 819 κρίσις

1052 828 1099 855 τοῦ
1121 828 1189 855 Θεοῦ
1208 829 1291 857 ἐστιν.
1308 839 1317 856 ›
1335 828 1389 856 Ἦν
1404 831 1459 866 γὰρ
1481 830 1574 862 αὐτοῖς
1589 830 1637 865 ἡδύ
1654 838 1684 856 τε
1700 829 1749 856 καὶ
1774 829 1851 863 φίλον

1052 874 1082 900 τδ
1103 874 1275 901 καταπωλεῖν
1287 876 1343 907 τοῖς
1365 875 1487 902 ἐθέλουσι
1507 875 1557 911 τὴν
1572 876 1614 910 ἐφ’
1634 875 1743 909 ἑκάστῳ
1761 875 1852 908 πράγ-

1055 928 1119 955 ματι
1147 921 1248 957 κρίσιν.
1268 921 1323 948 Καὶ
1343 921 1424 948 τοῦτο
1448 921 1530 949 πάλιν
1545 922 1611 957 ἡμῖν
1628 921 1745 958 ἐναργὲς
1771 920 1849 947 ἔσται

1052 966 1097 993 διὰ
1110 967 1204 1002 φωνῆς
1222 968 1318 1002 ἁγίων.
1334 968 1407 1003 Ἔφη
1422 968 1473 1004 μὲν
1484 968 1540 1004 γάρ
1552 976 1593 1000 τις
1605 967 1660 994 τῶν
1675 968 1763 1002 ἁγίων
1782 975 1850 1001 προ-

1054 1012 1146 1047 φητῶν
1160 1013 1224 1048 περὶ
1239 1013 1290 1048 τῆς
1306 1013 1486 1049 Ἰερουσαλήμ
1496 1022 1502 1029 ·
1525 1023 1535 1039 ι
1548 1014 1580 1039 οι
1593 1012 1743 1048 ἡγούμενοι
1761 1012 1848 1047 αὐτῆς

1055 1058 1123 1094 μετὰ
1140 1057 1234 1094 δώρων
1255 1059 1372 1094 ἔκρινον.
1394 1069 1403 1086 t
1425 1059 1455 1085 '0
1478 1059 1506 1086 δέ
1527 1068 1559 1094 γε
1585 1059 1729 1090 θεσπέσιος
1752 1058 1848 1084 Ἀὁσα-

1054 1105 1126 1140 κοὺμ
1143 1105 1284 1140 μονονουχὶ
1308 1104 1502 1140 κατακέκραγε
1525 1105 1604 1137 Θεοῦ,
1631 1104 1729 1139 λέγων·
1749 1113 1759 1130 ι
1777 1104 1849 1135 Ἕως

1053 1151 1142 1183 τίνος,
1161 1151 1264 1186 Κύριε,
1281 1152 1469 1187 κεκράξομαι.
1494 1151 1542 1178 καὶ
1565 1151 1595 1178 οὗ
1617 1151 1654 1186 μὴ
1679 1150 1847 1186 alcaico-Jan,

1055 1196 1188 1233 βοήσομαι
1215 1198 1283 1232 πρὸς
1297 1198 1327 1224 σὲ
1344 1197 1532 1233 ἀδικούμενος,
1551 1197 1599 1224 καὶ
1612 1198 1642 1223 οὐ
1659 1197 1779 1229 σώσεις;
1793 1197 1849 1222 ἰνα

1053 1241 1079 1268 τί
1098 1250 1142 1277 μοι
1156 1241 1259 1274 ἔδειξας
1281 1242 1383 1274 κόπους
1401 1243 1448 1269 κα)⁸
1462 1243 1569 1274 πόνους,
1584 1242 1744 1269 ἐπιϐλέπειν
1756 1241 1849 1268 ταλαι-

1054 1288 1160 1324 πωρίαν
1177 1288 1224 1315 καὶ¹
1243 1288 1388 1322 ἀσέϐειαν;
1413 1288 1584 1322 Ἐξεναντίας
1601 1297 1652 1324 μου
1676 1287 1775 1322 γέγονε
1790 1287 1848 1322 κρί-

1055 1341 1106 1365 σις,
1122 1334 1170 1360 καὶ
1183 1335 1197 1360 ό
1214 1333 1310 1369 κριτὴς
1326 1334 1470 1369 λαμϐάνει.
1494 1334 1543 1361 Διὰ
1557 1334 1635 1361 τοῦτο
1657 1333 1847 1360 διεσκέδασται

1175 1381 1222 1406 καὶ
1246 1381 1276 1407 οὐ
1303 1380 1457 1414 διεξάγεται
1483 1381 1523 1412 είς
1546 1380 1621 1412 τέλος
1646 1381 1745 1416 κρῖμα,
1773 1380 1815 1405 ὅτι
1835 1379 1848 1405 6

1054 1425 1156 1460 ἀσεϐὴς
1174 1425 1404 1452 καταδυναστεύει
1423 1426 1468 1452 τὸν
1487 1425 1603 1453 δίκαιον.
1619 1425 1733 1452 Ἕνεκεν
1752 1425 1848 1451 τούτου

1054 1470 1225 1503 ἐξελεύσεται
1240 1471 1270 1498 τὺ
1287 1472 1375 1507 κρῖμα
1388 1471 1616 1507 διεστραμμένον.
1628 1481 1637 1497 t
1657 1470 1764 1498 οὐκοῦν
1780 1470 1805 1496 οί
1821 1470 1847 1502 ἐξ

1055 1517 1157 1543 ἀδίκων
1171 1517 1325 1553 λημμάτων
1348 1517 1554 1554 συναγείροντες
1570 1517 1695 1550 πλοῦτον,
1713 1517 1762 1544 καὶ
1779 1525 1847 1551 παρ-

1054 1562 1213 1596 ευούνοντες
1228 1564 1279 1599 μὲν
1292 1563 1323 1590 τὸ
1337 1564 1451 1597 δίκαιον,
1469 1563 1696 1595 καταπωλοῦντες
1710 1563 1739 1590 δὲ
1752 1563 1847 1598 ὥσπερ

1054 1607 1104 1640 ei;
1118 1608 1160 1642 ἐφ’
1174 1609 1282 1644 ἑκάστῳ
1300 1610 1443 1645 πράγματι
1457 1607 1640 1644 κρίσεις,-εἷεν
1657 1609 1690 1636 ἂν
1704 1609 1730 1635 oi.
1742 1608 1845 1644 κριταὶ.

1057 1653 1184 1690 καθάπερ
1198 1654 1265 1690 ἔφην
1280 1655 1391 1691 ἀρτίως,
1407 1655 1493 1682 αὐτοί·
1509 1655 1556 1682 καί
1573 1662 1664 1690 φασιν·
1678 1653 1847 1689 «Εὐλογητὸς

1057 1698 1179 1734 Κύριος,
1203 1700 1250 1726 καὶ
1269 1699 1509 1735 πεπλουτήκαμεν.
1536 1707 1545 1725 ι
1568 1697 1782 1725 ’Δνούστατοιδὲ
1804 1697 1848 1723 καὶ

1056 1745 1282 1780 παραϐολώτατοι
1313 1746 1360 1773 καὶ
1378 1746 1458 1772 τοῦτο
1477 1745 1602 1780 λέγοντες
1615 1744 1805 1779 ὲξελέγχοιντο
1816 1742 1846 1769 ἂν

1056 1791 1176 1822 εἰκότως.
1205 1792 1247 1822 Ὠς
1267 1792 1321 1828 γὰρ
1345 1792 1411 1819 θεοῦ
1429 1792 1545 1823 διδόντος
1568 1791 1597 1823 ἐξ
1619 1789 1734 1817 ἀδικιῶν
1753 1788 1847 1815 συλλέ-

1055 1844 1125 1871 γειν,
1146 1838 1193 1864 καὶ
1210 1837 1239 1870 ἐξ
1261 1839 1384 1873 αἱμάτων
1409 1838 1545 1870 πλουτεῖν,
1564 1837 1686 1870 εὐλογεῖν
1708 1834 1847 1862 ὺποπλάτι

213 1890 316 1910 τονται.
339 1882 407 1908 ’Λλλ“
423 1881 457 1918 ἦν
473 1883 584 1918 ἄμεινον
606 1882 695 1909 ὲκεϊνο
717 1881 824 1916 λέγειν,
842 1881 873 1907 τὸ
909 1881 1012 1916 κρίνειν
1030 1882 1119 1918 ὀρθῶς
1159 1885 1372 1920 ἐκτετιμηκότες
1384 1894 1391 1901 ·
1409 1894 1419 1910 ι
1438 1884 1590 1919 Εὐλογητὸς
1608 1883 1711 1918 Κύριος
1723 1890 1731 1897 υ
1749 1892 1759 1907 t
1779 1881 1846 1915 λαμ-

216 1928 279 1964 προὶ
301 1928 356 1964 γὰρ
380 1927 608 1964 ἀναδεδείγμεθα,
626 1929 671 1955 καὶ
704 1928 758 1954 τῶν
770 1927 850 1954 θείων
886 1926 1080 1963 θεσπισμάτων
1118 1930 1225 1965 γνήσιοι
1247 1931 1377 1965 φύλακες,
1402 1930 1484 1966 ὀρῡὴν
1506 1930 1549 1964 ἐφ’
1574 1930 1682 1964 ἑκάστῳ
1700 1928 1845 1964 πράγματι

213 1976 263 2012 τὴν
286 1976 376 2011 ψῆφον
396 1977 461 2010 ὲκφέ
467 1985 567 2011 ροντες.

213 2021 255 2057 ἐφ’
267 2018 308 2054 οἷς
320 2022 353 2049 ἂν
365 2022 460 2057 ἡσθείη
474 2021 549 2054 Θεός.

252 2070 332 2099 VERS.
349 2069 383 2101 6,
403 2069 428 2096 ’1.
447 2069 559 2104 Propter
575 2069 622 2096 hoc
643 2077 694 2096 non
714 2077 821 2103 parcum
838 2068 908 2095 ultra
926 2076 1004 2103 super

213 2115 360 2142 habitantes
378 2119 490 2146 (errant,
506 2115 569 2141 dicit
587 2114 724 2141 Dominus.
741 2113 774 2141 Et
792 2122 849 2141 ecce
864 2122 910 2149 ego
925 2114 1002 2141 trado

214 2161 342 2192 homines,
365 2169 575 2195 unumquemque
599 2161 625 2186 in
647 2168 741 2187 manus
764 2161 877 2194 proximi
903 2160 955 2193 sui,
978 2165 1002 2186 ιι

214 2214 422 2241 unumquemque
442 2207 468 2232 itt
487 2214 580 2232 manus
598 2205 679 2240 760
698 2205 763 2240 regis
781 2205 848 2240 ejus.
868 2205 902 2232 Et
918 2205 1004 2232 conti-

214 2253 275 2279 llenl
289 2258 395 2284 (errant,
408 2257 431 2278 et
446 2260 495 2278 IIOII
509 2259 600 2279 cruorit
613 2254 644 2277 de
658 2259 736 2278 manu
749 2259 848 2284 eorum,
861 2256 883 2278 el
896 2259 1002 2285 pascam

215 2308 272 2327 ores
289 2299 426 2326 occisionis
441 2299 467 2324 in
483 2297 666 2325 C/mmtnilide.

249 2386 390 2415 LXXVIII.
413 2387 527 2414 Minatur
542 2386 670 2421 gregibus
683 2387 794 2413 exitium
809 2386 922 2413 simul...
940 2387 1002 2420 quia

215 2435 340 2468 qnamvis
356 2434 450 2461 licet-et
467 2434 506 2461 eis
523 2434 572 2460 sub
590 2433 688 2459 stttttttti
706 2433 891 2459 universoruttt
911 2437 1002 2467 pasto-

215 2481 271 2513 tis,
295 2479 395 2508 Christi
418 2484 499 2514 puta,
523 2478 633 2505 tutelattt
657 2478 803 2512 confugere
824 2482 851 2505 et
872 2478 922 2506 sub
944 2479 1002 2513 ipso

215 2533 285 2557 csse.
298 2525 450 2552 maluerunt
466 2528 555 2550 tatnen
569 2524 595 2550 in
611 2523 689 2550 (idem
703 2523 885 2550 occidentium
900 2528 926 2550 et
939 2530 1002 2550 ven-

215 2572 335 2598 dentium
353 2571 450 2598 inscite
466 2577 525 2597 sese
541 2570 655 2596 tradere.
671 2568 760 2596 Induit
774 2569 846 2596 enim
864 2569 1000 2596 hominem

214 2616 382 2652 unigenitum
402 2615 447 2642 Dei
463 2615 577 2642 Verbum
595 2623 600 2640 :
619 2622 650 2641 ac
668 2620 797 2649 prieterca
817 2622 868 2641 non
887 2615 1000 2642 obseure

214 2662 297 2692 dixit,
316 2666 370 2687 tum
387 2668 480 2687 eorum
498 2659 646 2691 inscitiam,
666 2664 719 2686 tttttt
738 2666 813 2686 suam
832 2660 857 2686 itt
877 2664 1000 2694 suscepta

214 2715 264 2743 pro
278 2707 354 2734 nobis
366 2706 517 2734 mconomia
530 2706 734 2740 germanitatctn
747 2706 911 2733 ostendens;
926 2716 932 2729 ι
947 2705 1002 2740 Ego

247 2798 271 2814 ⁷⁸
284 2799 360 2825 Deut.
374 2807 394 2830 t,
413 2798 455 2825 l7.
494 2798 516 2816 "
538 2798 616 2826 Miclt.
632 2806 672 2832 ιη,
689 2799 729 2826 ll.
767 2799 789 2815 "
806 2798 904 2826 llabac.
920 2806 938 2830 1,
959 2798 1015 2825 l4.

609 1975 714 2012 Ἀπάτη
739 1973 771 2010 δὴ
794 1973 840 2001 οὖν
861 1975 878 2010 ἠ
903 1975 1083 2011 χρηστολογία
1117 1977 1164 2004 καὶ
1190 1977 1296 2012 μῶμος,
1318 1978 1342 2003 εί
1372 1977 1410 2013 μὴ
1445 1976 1592 2012 πράττοιτο
1623 1976 1692 2012 πρὸς
1713 1974 1795 2009 ἡμῶν
1813 1972 1845 1999 τὰ

1091 2067 1155 2094 OH’.
1174 2066 1224 2093 Διὰ
1246 2065 1334 2092 τοῦτο
1355 2066 1390 2092 οὑ
1411 2065 1551 2100 φείσομαι
1567 2065 1622 2091 οὐκ
1640 2064 1683 2091 ἔτι
1700 2064 1750 2092 ἐπὶ
1776 2065 1843 2098 τοὺς

1055 2111 1271 2143 κατοικοῦντας
1281 2110 1339 2144 τὴν
1347 2109 1415 2146 γῆν,
1424 2109 1505 2145 λέγει
1514 2110 1632 2143 Κύριος.
1645 2110 1701 2137 Καὶ
1710 2110 1778 2138 ἰδοὺ
1790 2111 1844 2146 ἐγὼ

1054 2155 1238 2191 παραδίδωμι
1251 2155 1322 2188 τοὺς
1342 2154 1526 2188 ἀνθρώπους,
1543 2154 1674 2181 ἕκαστον
1686 2155 1731 2187 εἰς
1744 2154 1845 2189 χεῷας

1055 2202 1109 2230 τοῦ
1124 2202 1258 2235 πλησίον
1277 2201 1386 2233 αὐτοῦ,
1403 2200 1451 2227 καὶ
1463 2200 1595 2227 ἕκαστον
1611 2201 1654 2233 εις
1675 2200 1779 2234 χεῖρας
1793 2201 1845 2233 βα-

1056 2248 1164 2281 σιλέως
1180 2247 1283 2274 αὐτοῦ.
1301 2247 1357 2274 Kal
1368 2247 1577 2280 κατασκάψουσι
1588 2246 1646 2280 τὴν
1658 2246 1733 2280 γῆν,
1746 2247 1797 2274 καί
1812 2248 1844 2274 οὐ

1055 2292 1095 2327 μὴ
1113 2291 1257 2327 ἐξέλωμᾱι
1276 2292 1311 2318 ἐκ
1330 2291 1430 2326 χειρὸς
1451 2292 1562 2323 αὐτῶν,
1585 2291 1634 2318 καὶ
1654 2292 1793 2326 ποιμανῶ
1812 2292 1846 2319 τὰ

1056 2338 1188 2371 πρόῢατα
1201 2337 1257 2372 τῆς
1268 2336 1387 2372 σφαγῆς
1399 2338 1443 2370 εὶς
1456 2336 1513 2370 τὴν
1530 2335 1702 2364 Χανανῖτιν.

1097 2383 1216 2410 Ἀπειλεῖ
1235 2385 1292 2415 τοῖς
1317 2383 1453 2418 ποιμνίοις
1486 2382 1596 2418 ὄλεθρόν
1615 2391 1644 2409 τε
1658 2383 1726 2418 ὁμοῦ
1748 2382 1844 2418 (l).....

1054 2429 1095 2455 ὅτι
1112 2429 1198 2455 καίτοι
1220 2428 1301 2464 μετὸν
1314 2428 1406 2460 αὐτοῖς
1423 2429 1474 2464 τὴν
1492 2428 1540 2455 τοῦ
1557 2428 1665 2455 πάντων
1683 2428 1847 2464 ἁρχιποιμέ-

1054 2483 1109 2507 νος,
1135 2475 1207 2509 φημὶ
1229 2474 1260 2509 δὴ
1285 2474 1422 2510 Χριστοῦ,
1448 2474 1527 2510 χεῖρά
1548 2483 1578 2500 τε
1602 2474 1773 2509 ὑποδραμεῖν
1802 2475 1846 2501 καὶ

1055 2520 1099 2546 ὑπ’
1110 2520 1184 2555 αὐτῷ
1192 2519 1328 2555 γενέσθαι,
1339 2520 1439 2555 μᾶλλον
1455 2520 1719 2556 προσκεχωρήκασιν
1731 2520 1846 2555 ἀμαθῶς

1053 2567 1109 2598 τοῖς
1134 2566 1339 2601 κατασφάζουσι
1362 2575 1391 2592 τε
1421 2567 1469 2593 καὶ
1496 2565 1704 2592 καταπωλοῦσιν
1737 2565 1844 2597 αὐτούς.

1053 2612 1151 2647 Γέγονε
1175 2612 1223 2647 μὲν
1250 2613 1303 2648 γὰρ
1325 2612 1470 2648 ἄνθρωπος
1492 2613 1507 2639 ὀ
1533 2611 1682 2647 μονογενὴς
1708 2611 1757 2638 τοῦ
1780 2611 1845 2638 6εοῦ

1053 2657 1149 2692 Λόγος,
1170 2658 1216 2684 καὶ
1229 2658 1261 2692 δὴ
1279 2659 1327 2684 καὶ
1339 2657 1392 2692 ἔφα
1399 2667 1459 2685 τκεν
1474 2658 1609 2694 ἐναργῶς,
1625 2659 1676 2693 τήν
1689 2666 1720 2684 τε
1734 2658 1843 2684 ἐκείνων

1054 2704 1203 2740 σκαιότητα
1219 2704 1408 2737 καταδεικνϋς,
1427 2705 1474 2732 καὶ
1487 2707 1536 2740 τῆς
1552 2704 1596 2740 ἐφ’
1609 2705 1675 2740 ἡμῖν
1687 2703 1843 2740 οἰκονομίας

251 2889 291 2924 (ι)
308 2888 393 2917 Etiam
410 2890 459 2917 hoc
475 2889 533 2918 loco
549 2896 653 2925 parum,
669 2893 712 2916 aut
729 2888 798 2916 nihil
816 2887 984 2915 desideratur
1003 2885 1036 2912 ad
1053 2884 1226 2912 scntentiant.
1243 2884 1387 2919 ιηιεψγες.
