1916 3053
173 167 223 195 (9|

671 161 700 189 S.
721 160 856 189 CYlllLLl
877 155 1115 186 ALEXANDIHSI
1136 153 1295 182 ARCHIEP.

1759 148 1812 176 139

173 227 280 255 runtur,
294 222 319 249 in
337 229 428 249 mense
441 228 503 247 uno.
515 219 647 254 Quoniam
660 220 732 247 enim
746 223 883 246 auctorem
901 218 960 244 vitae

1016 213 1243 250 ιομοδιδάσκαλοι,
1270 212 1293 239 οἳ
1318 212 1365 238 καὶ
1384 211 1575 246 μεμενήκασιν
1601 208 1629 234 ἒν
1649 208 1710 240 ταῖς
1730 207 1812 240 ἰδίαις

173 267 369 295 interfecerunt
384 265 417 300 ",
439 265 541 292 idcirco
557 264 630 292 velut
641 266 825 296 demetuntur,
844 263 925 299 764
936 266 964 290 et

173 313 248 348 quasi
268 313 294 340 in
311 320 403 339 mense
417 319 481 344 uno,
502 319 555 346 quo
570 318 661 339 necem
684 318 733 345 pro
751 311 828 337 nobis
860 310 964 337 Emma-

173 359 234 387 nuel
246 358 381 386 sttstinuit.
401 357 529 391 Quamvis
549 357 619 384 enini
635 356 760 384 lsraelem
775 355 963 382 administrare

173 409 381 439 perseverarunt
399 404 480 431 etiam
493 408 552 438 post
570 403 739 430 Salvatoretn
756 403 781 429 in
796 409 875 429 cruce
891 400 964 428 sum-

175 457 249 481 xum,
269 448 492 476 rerumomnium
509 448 631 482 principe
653 448 707 475 Deo
736 446 795 474 illos
820 446 962 479 tolerante,

173 499 200 521 et
216 494 371 526 miserante,
399 497 426 519 et
444 493 477 519 ad
498 492 684 526 prnuiteutiam
697 491 854 518 imitante:
873 495 962 517 tamen

173 540 244 575 quod
258 540 291 566 ad
305 539 466 566 sententiam
483 539 526 565 Dei
544 546 625 572 super
640 539 690 565 hoc
706 538 837 572 prolatam
854 537 961 570 attinet,

159 586 266 622 rodem
282 589 402 619 tempore
416 591 470 619 quo
485 585 673 611 universorum
687 583 855 610 Sulvalorcm
871 590 901 609 ac
919 582 963 610 Li-

173 630 325 657 beratorem
345 630 372 656 in
388 637 494 656 crucem
512 633 634 664 egerunt,
647 628 750 655 ablatos
767 635 828 655 csse
853 634 962 656 asseve-

174 682 274 702 ramus.
289 675 375 702 Ablati
395 680 457 702 sunt
477 675 557 709 igitur
576 674 602 701 iu
626 681 718 701 mense
738 681 802 700 uno.
816 675 853 701 Ac
865 673 899 701 de
916 681 962 707 pa-

173 721 293 748 storibus
310 721 416 755 quidem
433 721 575 748 hactenus.
603 719 738 746 Judiciunt
767 724 854 747 autent
881 727 963 754 super

173 768 231 802 ipso
246 775 327 802 grege
335 771 376 795 est
392 775 399 795 :
413 776 422 793 ι
438 765 494 793 Non
505 773 613 800 pascam
632 773 692 793 vos:
709 775 718 791 ι
730 771 767 798 et,
780 766 914 794 Devorare
929 774 961 794 ac

175 811 300 838 mordere
313 811 427 838 invicem
445 809 466 837 si
482 809 690 837 velint.Etenim
699 809 765 839 nihil
776 810 883 844 penitus
900 817 961 845 par-

173 857 269 889 cendo,
285 860 312 884 et
327 857 392 890 ipsa:
401 863 466 883 oves
480 856 549 882 inter
562 863 590 883 se
603 855 780 888 devorarunt,
803 860 830 883 et
845 855 961 890 diripere

1015 260 1123 294 ἀρχαῖς,
1139 259 1223 294 ἤγουν
1240 258 1315 290 τάξει
1331 265 1359 284 τε
1374 256 1421 282 καὶ
1438 256 1526 291 τόπῳ,
1542 255 1588 282 καὶ
1605 255 1686 290 μέχρι
1705 254 1813 289 καιρῶν

1013 304 1067 331 τῶν
1089 305 1138 340 τῆς
1162 303 1319 340 ἐπιδημίας.
1338 299 1417 329 Οὗτοι
1434 301 1595 337 ἑξαίρονται,
1612 301 1660 327 καὶ
1684 300 1758 335 μάλα
1772 300 1813 326 δι-

1014 349 1109 382 καίως,
1126 350 1154 376 ὲν
1176 350 1240 385 μηνὶ
1257 349 1295 384 τῷ
1311 347 1480 383 ἐνί.Ἐπειδὴ
1503 346 1558 382 γὰρ
1582 347 1749 373 ἀπεκτόνασι
1767 347 1814 373 τὸν

1013 395 1135 430 ἀρχηγὸν
1156 395 1205 430 τῆς
1223 395 1306 429 ζωῆς,
1323 393 1452 430 ταύτῃτοι
1475 392 1522 418 καὶ
1544 391 1749 427 ἀποκείρονται,
1767 392 1814 418 καὶ

1013 441 1051 472 ὡς
1075 441 1104 467 ὲν
1128 440 1193 475 μηνὶ
1208 439 1248 475 τῷ
1263 439 1314 472 ἐνὶ,
1333 437 1393 466 καθ’
1410 438 1439 465 ὃν
1458 438 1508 473 τὴν
1525 438 1595 472 ὐπέρ
1612 437 1691 473 ἡμῶν
1705 437 1812 472 ὑπομε-

1015 487 1116 523 μένηκε
1141 486 1248 522 σφαγὴν
1264 487 1278 512 ὁ
1296 486 1484 521 Ἐμμανουήλ.
1499 485 1530 511 Εἰ
1551 485 1606 520 γὰρ
1625 485 1672 511 καὶ
1689 485 1815 520 μεμενή-

1013 542 1078 560 κασι
1098 533 1261 565 διοικοῦντες
1284 533 1324 559 ἐτι
1347 532 1393 559 τὸν
1415 531 1524 568 Ἰσραὴλ
1548 531 1596 558 καῖ
1622 531 1691 566 μετὰ
1705 530 1752 557 τὸν
1766 530 1814 556 τοῦ

1013 580 1140 616 Σωτῆρος
1156 580 1282 615 σταυρὸν,
1299 578 1526 612 ἀπιεξικακοῦντος
1555 578 1602 604 καὶ
1625 577 1815 612 ἑποικτείρονη

1012 635 1057 659 τος
1068 620 1167 658 αὐτοὺς
1176 626 1223 652 τοῦ
1238 626 1347 653 πάντων
1361 625 1526 661 κρατοῦντος
1541 624 1620 656 Θεοῦ,
1638 624 1686 651 καὶ
1700 623 1815 650 καλοῦν-

1011 680 1057 704 τος
1068 672 1108 704 εἰς
1119 671 1291 706 μετάγνωσιν
1301 679 1308 685 ·
1323 670 1380 697 ἀλλ’
1396 671 1459 697 ὅσον
1473 670 1535 705 ἥκει
1550 670 1636 696 εἰπεῖν
1649 670 1689 700 είς
1703 669 1754 704 τὴν
1769 669 1814 694 ἐπὶ

1011 717 1098 753 τούτῳ
1124 717 1213 753 ψῆφον
1239 716 1427 752 γεγενημένην
1451 716 1527 752 παρὰ
1551 715 1630 748 Θεοῦ,
1657 714 1814 751 ἐξῃρῆσθαι

1012 773 1103 799 φαμεν
1126 764 1226 795 αὐτοὺς
1242 764 1302 790 κατ’
1321 764 1425 789 ἐκεῖνον
1450 762 1496 789 τὸν
1523 763 1627 798 καιρὸν,
1644 762 1762 792 καθ“”ὃν,
1777 760 1814 792 ὡς

1011 809 1089 844 ἔφην,
1104 808 1214 843 σταυρῷ
1229 807 1438 844 παραδεδώκασι
1463 807 1508 834 τὸν
1534 807 1588 834 τῶν
1609 807 1677 834 ὅλων
1695 807 1815 842 Σωτῆρα

1012 855 1058 881 καὶ
1077 855 1238 890 Λυτρωτήν.
1247 854 1411 889 Ἐξῄρηνται
1425 852 1572 890 τοιγαροῦν
1583 854 1614 880 ὲν
1630 854 1695 889 μηνὶ
1707 853 1748 888 τῷ
1759 853 1810 880 ἑνί.

171 901 323 928 volentibus
337 901 364 928 in
378 903 494 935 przedam
506 901 703 935 paratissimam
720 901 790 928 data:
805 907 877 928 sunt.
888 901 961 928 Dixit

1016 902 1068 929 Καὶ
1085 901 1121 928 τὰ
1139 901 1189 936 μὲν
1202 901 1256 928 τῶν
1270 901 1407 936 ποιμένων
1424 900 1453 927 ὲν
1467 900 1582 932 τούτοις.
1601 900 1638 926 Τὸ
1660 899 1689 926 δέ
1711 907 1743 934 γε
1760 899 1818 926 ἐπ’·

174 954 264 982 porro,
275 952 302 974 et
310 954 374 975 sane
388 948 489 983 optime
500 947 532 975 de
547 947 632 974 tribus
647 946 811 982 pastoribus.
826 951 852 974 et
865 947 960 974 iisdem

170 992 283 1020 sublatis
298 993 323 1020 iu
337 1000 428 1020 mense
440 1000 492 1020 uno
509 1001 516 1018 :
536 1002 546 1019 ι
560 992 724 1021 Gravabitur
735 993 823 1020 anima
840 1000 899 1020 mea
915 1001 962 1020 su-

171 1046 220 1073 per
233 1039 315 1074 ipsOS,
334 1048 343 1064 ι
358 1039 409 1067 hoc
427 1044 476 1072 esu,
492 1046 574 1074 grave
586 1038 627 1067 eis
638 1038 799 1074 supplicium
812 1039 959 1074 iujungam,

171 1085 298 1119 quoniam
329 1094 339 1112 ι
357 1085 388 1112 Et
403 1085 500 1112 animae
514 1092 606 1112 eorum
627 1085 769 1120 rugiebant
783 1093 864 1120 super
879 1092 932 1114 nte.
948 1095 958 1111 ι

172 1129 242 1157 Nihil
258 1129 329 1157 ettim
350 1129 383 1157 ab
399 1130 562 1157 immanibus
577 1129 673 1157 belluis
691 1129 958 1165 diﬂ‘erentes.sa-pis-

171 1175 239 1202 sime
250 1175 275 1201 in
291 1174 426 1202 Christum
447 1174 596 1205 irruebant,
615 1173 776 1209 tandemque
790 1173 877 1200 Pilato
897 1182 958 1201 eum

171 1220 313 1253 sistebant,
351 1219 545 1246 vociferantes:
580 1227 589 1244 ι
619 1218 704 1251 Tolle,
737 1218 811 1250 tolle,
833 1219 961 1252 crucilige

170 1272 232 1292 eum
247 1265 280 1292 ".
299 1274 308 1291 ι
327 1263 411 1298 Hujus
423 1264 462 1292 rei
477 1269 504 1291 et
519 1271 567 1299 per
584 1263 730 1292 Jeremiam
747 1264 783 1291 ita
815 1264 938 1291 meminit
952 1272 960 1291 :

173 1320 182 1337 I
197 1311 330 1344 Dereliqui
341 1310 449 1338 domum
463 1310 655 1344 nteam,dimisi
666 1310 849 1338 hereditatem
864 1318 962 1343 meam,

170 1355 231 1384 dedi
247 1355 373 1384 dilectam
393 1356 512 1384 animam
533 1363 620 1384 meatu
638 1356 665 1384 in
681 1363 777 1384 manus
791 1356 962 1384 inimicorum

169 1402 237 1436 ejus.
259 1402 342 1430 Facta
380 1407 422 1430 est
443 1402 508 1430 mihi
533 1402 678 1430 htereditas
718 1410 776 1431 utea
806 1408 836 1430 ut
869 1403 910 1431 leo
935 1404 961 1431 in

170 1447 236 1476 silva
253 1467 261 1480 ,
284 1447 364 1476 .dedit
384 1452 476 1490 contra
491 1455 534 1476 me
558 1455 653 1476 vocem
677 1455 754 1476 suam
774 1469 781 1482 ,
801 1449 902 1477 idcirco
913 1450 957 1477 odi

170 1501 229 1521 eam
243 1494 277 1521 ".
295 1503 304 1520 I

1012 948 1105 979 αὐτοῖς
1119 949 1174 979 τοῖς
1187 946 1328 982 θρέμμασι
1339 946 1485 982 κρῖμα,τδ,
1496 955 1505 972 ι
1516 946 1553 974 Οὐ
1565 946 1690 982 ποιμανῶ
1702 946 1788 981 ὑμᾶς,
1799 955 1808 972 t

1012 993 1059 1019 καὶ
1074 992 1115 1025 τὸ,
1131 993 1218 1028 Εἴπερ
1232 992 1336 1019 ἕλοιντο
1351 991 1507 1019 κατεσθίειν
1521 1000 1551 1019 τε
1565 993 1614 1019 καὶ
1630 992 1812 1019 καταδὰκνειν

1011 1039 1125 1074 ἄλληλα.
1143 1039 1197 1065 Καὶ
1221 1039 1275 1074 γὰρ
1300 1039 1409 1074 ἁπάσης
1424 1038 1486 1073 δίχα
1504 1037 1612 1073 φειδοῦς
1631 1038 1701 1065 αὑτά
1717 1046 1747 1065 τε
1764 1038 1812 1066 ἄλ-

1010 1085 1078 1120 ληλα
1103 1084 1310 1120 κατεδηδόκασι,
1329 1085 1377 1111 καὶ
1399 1085 1456 1116 τοῖς
1478 1083 1639 1119 διαρπάζειν
1671 1083 1811 1110 ἐθέλουσιν

1013 1129 1174 1165 ἑτοιμοτάτη
1190 1129 1311 1156 δέδονται
1334 1129 1492 1164 θήρα.”Εφη
1508 1129 1536 1156 δὲ
1553 1128 1595 1164 δὴ,
1611 1129 1658 1155 καὶ
1683 1129 1758 1164 μάλα
1777 1131 1811 1156 ει-

1014 1176 1109 1208 κότως,
1124 1176 1188 1212 περὶ
1201 1175 1256 1202 τῶν
1270 1175 1355 1210 τριῶν
1377 1175 1525 1210 ποιμένων,
1542 1175 1596 1201 τῶν
1611 1176 1656 1202 καὶ
1671 1175 1810 1210 ἐξῃρημέ-

1013 1231 1065 1248 νων
1079 1223 1107 1248 ὲν
1126 1221 1191 1257 μηνὶ
1205 1222 1257 1253 ἑνὶ,
1272 1222 1311 1248 ὅτι
1327 1230 1336 1247 ι
1352 1221 1558 1257 Βαρυνθήσεται
1572 1222 1587 1256 ἡ
1605 1221 1677 1256 ψυχή
1692 1229 1743 1256 μου
1762 1221 1811 1246 ἐπ’

1012 1268 1136 1299 αὐτοὺς.)
1149 1267 1283 1299 τουτέστι,
1300 1267 1412 1302 βαρεῖαν
1429 1267 1521 1298 αὐτοῖς
1538 1266 1640 1293 ὲποίσω
1655 1266 1705 1302 τὴν
1719 1265 1808 1301 δίκην,

1011 1312 1052 1338 ὃτι
1064 1321 1074 1338 ι
1087 1312 1141 1338 Καὶ
1155 1313 1181 1338 αἱ
1195 1311 1279 1347 ψυχαὶ
1292 1311 1383 1338 αὐτῶν
1394 1311 1552 1347 ὲπωρύοντο
1562 1312 1674 1347 ἐπ’ὲμέ,
1687 1321 1697 1338 ›
1710 1311 1810 1346 Θηρῶν

1012 1358 1065 1393 γὰρ
1083 1358 1189 1394 ἀγρίων
1205 1358 1381 1393 διαφέροντες
1407 1357 1493 1388 οὐδὲν,
1508 1357 1651 1393 ἐπεπήδων
1677 1365 1708 1384 τε
1734 1355 1811 1383 πλει-

1013 1403 1109 1434 στάκις
1130 1403 1250 1439 Χριστῷ,
1267 1403 1313 1430 καὶ
1335 1403 1515 1435 τελευτῶντες
1530 1403 1639 1439 Πιλάτῳ
1658 1402 1813 1439 προσῆγον,

1012 1450 1137 1485 λέγοντες
1147 1459 1154 1466 -
1175 1459 1184 1476 ι
1199 1447 1275 1486 Αἶρε,
1290 1447 1363 1485 αἶρε,
1378 1450 1495 1486 σταύρου
1521 1450 1611 1477 αὐτόν.
1629 1459 1638 1476 ›
1662 1450 1815 1484 Μέμνηται

1015 1496 1043 1523 δὲ
1057 1496 1152 1523 τούτου
1170 1497 1216 1523 καὶ
1233 1497 1276 1523 διὰ
1295 1496 1387 1532 φωνῆς
1409 1495 1553 1532 Ἰερεμίου,
1567 1496 1669 1530 λέγων·
1687 1505 1696 1521 ι
1710 1496 1809 1529 Ἐγκα-

169 1540 316 1568 ταλέλοιπα
339 1540 385 1567 τὸν
410 1538 484 1568 οἶκόν
507 1549 569 1577 μου,
587 1541 681 1577 ἀφῆκα
704 1541 754 1578 τὴν
792 1542 976 1579 κληρονομίαν
997 1552 1058 1580 μου,
1094 1544 1181 1572 ἑδωκα
1203 1544 1252 1580 τὴν
1269 1544 1556 1581 ἠγαπ-ημένηνψυχήν
1578 1553 1628 1580 μου
1649 1544 1689 1576 είς
1713 1543 1813 1578 χεῖρας

170 1586 274 1624 εχθρῶν
290 1587 527 1623 αὑτῆς.Ἐγενήθη
549 1589 566 1623 ἠ
580 1587 746 1623 κληρονομὶα
782 1597 833 1624 μου
850 1589 921 1625 ἐμοὶ,
940 1589 978 1621 ὡς
997 1589 1065 1617 λέων
1099 1591 1127 1618 ὲν
1149 1590 1256 1626 δρυμῷ,
1273 1590 1372 1618 ἔδωκεν
1393 1591 1436 1618 ἐπ’
1451 1591 1501 1626 ἐμὲ
1521 1591 1571 1627 τῆν
1596 1590 1687 1625 φωνὴν
1711 1589 1806 1624 αὐτῆς,

170 1633 213 1660 διὰ
228 1633 308 1660 τοῦτο
320 1633 439 1669 ἐμίσησα
459 1634 556 1670 αὐτήν.
570 1644 580 1660 ι

206 1679 288 1707 Vens.
306 1679 349 1711 ll),
367 1679 409 1706 Η.
428 1678 462 1706 Et
483 1688 616 1707 assumant
641 1681 742 1716 virgam
779 1690 862 1709 meum
897 1682 956 1717 pul-
973 1683 994 1712 C

171 1726 274 1757 diram,
287 1730 310 1752 et
328 1726 465 1760 projitiam
484 1734 553 1759 eam,
581 1732 609 1753 ut
632 1727 755 1762 dissipent
780 1733 961 1756 testamentum

171 1779 255 1798 meum
269 1772 337 1806 quod
351 1772 467 1806 disposui
485 1773 519 1799 ad
533 1780 622 1800 omnes
636 1773 746 1808 populos
764 1779 850 1801 terra.
861 1773 895 1800 Et
906 1775 961 1801 alis-

170 1817 299 1850 sipabilur
326 1817 353 1843 in
383 1817 425 1843 die
459 1817 530 1850 illa,
558 1822 583 1844 et
611 1823 751 1853 agnoscent
791 1817 959 1850 Chanamei,

172 1869 229 1888 om
262 1870 320 1896 qua
358 1863 492 1894 observant
537 1872 596 1897 nte,
616 1864 678 1899 quia
713 1865 817 1892 verbum
856 1864 963 1892 Domini

171 1912 220 1934 ut.

206 1951 323 1980 LXXXI.
341 1952 451 1989 Virgam
478 1955 622 1988 pulchram
649 1960 729 1983 vocat
765 1956 961 1984 institutionem

172 2005 221 2033 per
233 2001 426 2036 myslagogium
454 2001 637 2036 evangelicam
658 2001 822 2030 excellenter
848 2003 961 2031 decora-

172 2045 321 2078 tam,juxta
347 2046 418 2081 quod
454 2046 623 2082 intelligitur.
650 2055 704 2075 non
729 2048 816 2076 oculis
836 2049 960 2088 sentitur.

171 2090 245 2123 Quod
269 2097 360 2119 autent
383 2100 412 2120 se
427 2092 608 2127 projecturum
629 2101 688 2121 eam
701 2113 708 2126 ,
724 2099 752 2123 et
769 2099 961 2122 testamentum

171 2137 362 2171 dissipaturqu
383 2143 516 2172 autumat,
536 2140 682 2168 verisimile
700 2145 743 2169 est
773 2141 961 2174 subindicare,

172 2191 224 2210 non
239 2184 309 2217 quod
333 2183 357 2210 id
368 2183 527 2212 dimissurus
540 2186 585 2218 sit,
601 2191 628 2213 et
638 2187 755 2214 solutum
773 2187 961 2221 dissipaturus,

171 2227 227 2254 sive
243 2232 269 2254 ut
286 2227 379 2255 imttile
392 2229 608 2265 oblitteraturtts;
619 2231 784 2266 neutiquam.
801 2231 866 2258 Illud
874 2232 963 2266 potius

173 2273 374 2308 intelligendum
398 2274 523 2303 dixerim.
548 2275 673 2305 Pastores
702 2284 912 2312 nonnunquam,
939 2278 961 2305 si

172 2318 241 2345 forte
255 2327 332 2347 ovem
350 2321 505 2356 quampiam
526 2330 540 2349 a
555 2331 635 2358 grege
646 2324 799 2355 aberrasse.
810 2327 837 2350 ct
853 2323 886 2351 ab
901 2324 962 2350 aliis

1046 1677 1102 1704 Καὶ
1115 1677 1250 1712 λήψομαι
1267 1676 1324 1711 τὴν
1341 1676 1457 1711 ῥάϐδον
1466 1686 1526 1713 μου
1548 1677 1605 1712 τὴν
1622 1679 1732 1713 καλὴν.
1753 1680 1810 1708 καὶ

1012 1723 1169 1757 ἀπορρίψω
1185 1722 1290 1756 αὐτὴν,
1312 1722 1364 1750 τοῦ
1377 1723 1574 1751 διασκεδάσαι
1588 1724 1645 1759 τὴν
1656 1724 1805 1760 διαθήκην

1009 1779 1080 1805 μου,
1094 1768 1134 1803 ἦν
1149 1768 1287 1803 διεθέμην
1300 1769 1375 1802 πρὸς
1396 1769 1512 1802 πάντας
1538 1771 1610 1803 τοὺς
1634 1771 1730 1805 λαοὺς
1753 1772 1808 1806 τῆς

1013 1816 1077 1851 τῆς.
1096 1817 1150 1843 Καὶ
1167 1815 1459 1849 διασκεδασθήσεται
1475 1817 1509 1842 ἐν
1526 1816 1563 1850 τῇ
1585 1817 1678 1852 ἡμέρᾳ
1691 1819 1806 1853 ἐκείνῃ,

1013 1863 1062 1890 καί
1078 1862 1245 1898 γνώσονται
1257 1864 1284 1889 οι
1301 1862 1475 1894 Χαναναῖοι,
1495 1862 1532 1889 τὰ
1551 1864 1685 1896 πρόϐατα
1701 1865 1737 1891 τὰ
1752 1874 1807 1899 ςεν-

1012 1909 1189 1944 λασσόμενά
1200 1918 1261 1944 μοι,
1274 1909 1349 1936 διότι
1363 1909 1454 1943 λόγος
1470 1909 1579 1943 Κυρίου
1595 1909 1671 1937 ἐστί.

1048 1954 1112 1981 HA'.
1139 1954 1250 1981 Ῥάϐδον
1276 1954 1325 1990 μὲν
1347 1953 1475 1989 ὀνομάζει
1501 1955 1587 1990 καλὴν
1617 1955 1666 1991 τὴν
1687 1955 1732 1983 διὰ
1758 1956 1807 1991 τῆς

1013 2000 1194 2035 εὐαγγελικῆς
1218 2000 1412 2035 μυσταγωγίας
1434 2000 1587 2033 παίδευσιν,
1606 2002 1655 2036 τὴν
1669 2002 1808 2038 ἐξαίρετον

1013 2046 1041 2072 ὲν
1053 2045 1196 2081 ὼραῖσμῷ,
1209 2045 1288 2080 δῆλον
1307 2046 1337 2072 δὲ.
1361 2046 1402 2072 ὅτι
1425 2046 1465 2081 τῷ
1487 2046 1584 2082 νοητῷ.
1599 2047 1636 2073 Τὸ
1650 2047 1679 2074 δὲ
1703 2048 1736 2083 δὴ
1760 2049 1807 2075 καὶ

1012 2091 1175 2127 ἀπορρῖψαι,
1191 2091 1239 2117 καὶ
1260 2091 1437 2119 διασκευάσαι
1453 2091 1541 2126 λέγειν
1564 2092 1660 2127 αὐτὴν,
1677 2093 1806 2128 ὑπεμφή-

1013 2145 1083 2162 νειεν
1102 2137 1144 2168 ἂν,
1162 2136 1232 2162 κατὰ
1254 2137 1286 2163 τὸ
1301 2138 1384 2170 εἰκὸς,
1399 2138 1449 2174 οὐχ
1470 2138 1511 2165 ὅτι
1535 2139 1582 2165 καὶ
1601 2139 1805 2175 ἀποπέμψεται,

1013 2181 1061 2207 καὶ
1085 2182 1220 2217 σκορπιεῖ,
1241 2182 1388 2217 παραλύων
1403 2183 1497 2219 αὐτὴν,
1513 2185 1597 2219 ἧγουν
1616 2185 1653 2217 ὡς
1668 2185 1806 2221 ἄχρηστον

1013 2227 1161 2260 ἀφανίζων,
1179 2227 1276 2255 πολλοῦ
1301 2237 1332 2263 γε
1358 2229 1405 2256 καὶ
1431 2230 1482 2257 δεῖ.
1502 2231 1587 2265 Φαίην
1610 2231 1633 2258 δ’
1648 2232 1682 2258 ἂν
1705 2233 1806 2268 μᾶλλον

1014 2274 1101 2299 ἐκεῖνο
1111 2273 1209 2309 χρῆναι
1225 2276 1305 2302 νοεῖν.
1320 2276 1352 2302 οι
1367 2276 1494 2311 ποιμένες
1512 2277 1566 2304 ἐσθ’
1580 2278 1636 2311 ὅτε,
1657 2278 1681 2304 εί
1703 2279 1735 2312 δή
1754 2287 1805 2306 που

1014 2320 1155 2348 θεάσαιντο
1165 2322 1219 2348 τῶν
1235 2322 1378 2358 προϐάτων
1393 2324 1452 2351 τινὰ
1462 2324 1513 2360 τῆς
1523 2325 1620 2360 ἀγέλης
1637 2326 1806 2362 ἀποσκιρτήο

171 2364 378 2392 scmotissimam
393 2367 599 2401 conspexerint,
616 2373 670 2394 tum
698 2367 809 2395 omnino
837 2368 938 2403 virgam
951 2387 960 2401 ,

1016 2376 1108 2400 σαντα,
1123 2369 1255 2402 γεγονότα
1269 2378 1299 2396 τε
1315 2369 1369 2396 τῶν
1383 2370 1470 2397 ἄλλων
1487 2371 1525 2402 ὼς
1542 2371 1680 2403 ἀποτάτω,
1698 2373 1759 2399 τότε
1772 2372 1804 2407 δὴ

172 2409 251 2444 765
268 2417 313 2437 seu
333 2411 427 2444 peduut
448 2412 631 2447 projieientes,
647 2420 706 2439 eam
724 2412 757 2439 ad
775 2412 842 2440 alias
861 2421 958 2448 aggre-

171 2455 228 2489 gari
241 2456 416 2490 compellunt.
437 2457 571 2492 PrOpheta
585 2458 667 2493 igitur
684 2458 831 2492 pastoritiie
847 2466 960 2487 consue-

173 2501 256 2528 tudini
275 2503 470 2530 convenienter
492 2503 597 2531 locutus
619 2509 670 2535 est.
690 2504 839 2539 projectum
853 2505 884 2532 iri
903 2506 958 2532 vir-

171 2554 230 2581 gam
246 2547 348 2581 dicens,
367 2549 458 2583 utique
474 2548 498 2575 itt
512 2553 605 2582 gentes
622 2558 627 2575 :
642 2549 693 2576 illa!
727 2550 799 2577 enim
827 2556 906 2578 erant
926 2552 960 2579 de

172 2592 268 2627 quibus
276 2593 428 2628 Apostolus,
445 2603 454 2619 ι
473 2594 517 2628 qui
531 2594 608 2628 longe
623 2595 662 2621 ³⁸,
679 2604 688 2620 ι
700 2594 892 2624 Verumtamen
918 2597 959 2624 fa-

173 2637 208 2663 cli
224 2642 286 2664 sunt
299 2646 380 2673 prope
391 2646 439 2673 per
459 2639 549 2665 Iidem.
575 2639 620 2666 Sic
645 2645 734 2668 autem
765 2642 959 2676 projicicndant

174 2682 239 2709 dit-it
255 2683 368 2718 virgam,
385 2688 412 2710 ut
427 2689 481 2710 toto
502 2689 633 2712 terrarum
657 2687 722 2714 orbe
740 2687 885 2722 dissipata,
902 2689 960 2716 sive

174 2733 203 2754 ttt
220 2735 308 2755 sermo
337 2728 370 2756 de
403 2729 523 2761 Christo.
557 2738 604 2758 sctt
624 2733 778 2767 praedicatio
802 2735 958 2769 evangelica

172 2774 271 2808 ubique
285 2774 426 2802 distributa
451 2781 477 2802 et
491 2776 587 2805 dilInsa
603 2779 734 2807 videatur.
749 2779 837 2815 luquit
861 2781 933 2807 extitit
951 2790 957 2807 :

1013 2415 1122 2446 πάντως
1145 2416 1189 2442 ἐπ’
1207 2415 1276 2442 αὐτὰ
1301 2416 1351 2450 τὴν
1374 2417 1471 2452 ῥάϐδον
1487 2417 1582 2450 ἱέντες,
1605 2419 1804 2458 μιτασοσοῦσιν

1012 2461 1092 2493 εὐθὺς
1113 2461 1153 2493 εἵς
1171 2470 1202 2495 γε
1225 2462 1257 2488 τὸ
1278 2461 1387 2488 ἑλέσθαι
1412 2463 1467 2489 δεῖν
1491 2463 1724 2498 συναγελάζεσθαι
1747 2466 1804 2496 τοῖς

1013 2507 1111 2539 ἄλλοις.
1133 2508 1274 2543 Τετήρηκε
1288 2507 1378 2535 τοίνυν
1395 2508 1444 2543 τῆς
1462 2509 1633 2544 προφητείας
1649 2511 1663 2537 ό
1678 2510 1757 2544 λόγος
1771 2513 1802 2546 τῇ

1012 2553 1067 2579 τῶν
1086 2553 1220 2587 ποιμνίων
1241 2553 1381 2589 ἐπιστήμῃ
1395 2554 1426 2580 τὺ
1441 2554 1546 2586 εἰωθὸς,
1563 2555 1803 2591 ἀπορῤιφήσεσοαι

1012 2600 1061 2634 τὴν
1086 2599 1182 2634 ῥάϐδον
1196 2599 1293 2633 λέγων,
1308 2599 1386 2634 δῆλον
1407 2599 1435 2626 δὲ
1457 2601 1497 2627 ὅτι
1517 2602 1574 2632 τοῖς
1589 2601 1704 2628 ἔθνεσιν.
1723 2603 1803 2629 Αὐτοὶ

1013 2645 1067 2680 γὰρ
1083 2645 1152 2680 ἦσαν
1179 2655 1187 2671 ι
1201 2646 1226 2672 οἱ
1248 2645 1366 2680 μακράν.
1382 2655 1391 2671 t
1410 2646 1482 2682 Πλὴν
1495 2647 1639 2681 γεγόνασιν
1654 2648 1740 2682 ἐγγὺς
1759 2648 1802 2674 διὰ

1013 2691 1061 2725 τῆς
1086 2691 1211 2722 πίστεως.
1233 2692 1480 2727 Ἄπορῤιιρήσεσθαι
1505 2693 1534 2719 δέ
1558 2701 1639 2729 φησιν
1660 2693 1734 2720 οὕτω
1754 2693 1802 2729 τὴν

1014 2735 1120 2770 ράὁδον,
1136 2736 1174 2767 ὡς
1196 2737 1248 2764 ἀνα
1267 2738 1357 2764 πᾶσαν
1373 2738 1458 2773 αὐτὴν
1476 2738 1656 2774 σκεδασθῆναι
1673 2738 1722 2774 τὴν
1739 2739 1801 2773 γῆν,

1014 2781 1095 2815 ἤγουν
1110 2782 1316 2817 διανεμηθῆναι,
1330 2783 1376 2809 καὶ
1389 2783 1566 2819 ἐσκορπίσοαι
1579 2784 1664 2811 δοκεῖι
1679 2785 1802 2820 πανταχῆ

211 2859 232 2872 “"
249 2861 307 2888 Art.
323 2868 362 2894 In,
383 2862 423 2890 15.
462 2865 484 2880 ’⁸
500 2865 578 2894 Jo.in.
595 2875 650 2897 χιι.
671 2868 710 2896 i5.
748 2868 947 2903 ΒΤ.1ςι·ιίη.)ιιι,

1016 2873 1027 2897 ι.
1067 2871 1089 2886 ⁹¹
1105 2871 1248 2906 Ειι1ιρε.ιι,
1267 2873 1307 2900 l5.
