  <div class='ocr_page' id='page_1' title='image "/cluster/home/n/w/nwhite01/storage/ocr_20150623/72/njp.32101077772752/120.png"; bbox 0 0 1916 3053; ppageno 0'>
   <div class='ocr_carea' id='block_1_1' title="bbox 87 124 133 154">
    <p class='ocr_par' dir='ltr' id='par_1_1' title="bbox 87 124 133 154">
     <span class='ocr_line' id='line_1_1' title="bbox 87 124 133 154; baseline -0.022 -1"><span class='ocrx_word' id='word_1_1' title='bbox 87 124 133 154; x_wconf 65' lang='lat'><strong>£93</strong></span> 
     </span>
    </p>
   </div>
   <div class='ocr_carea' id='block_1_2' title="bbox 492 123 1294 156">
    <p class='ocr_par' dir='ltr' id='par_1_2' title="bbox 492 123 1294 156">
     <span class='ocr_line' id='line_1_2' title="bbox 492 123 1294 156; baseline 0.005 -5"><span class='ocrx_word' id='word_1_2' title='bbox 492 123 770 153; x_wconf 73' lang='lat' dir='ltr'><strong>COMMENTARIUS</strong></span> <span class='ocrx_word' id='word_1_3' title='bbox 792 124 823 152; x_wconf 81' lang='lat' dir='ltr'><strong>IN</strong></span> <span class='ocrx_word' id='word_1_4' title='bbox 844 123 1045 153; x_wconf 60' lang='lat' dir='ltr'><strong>ZACIIABMM</strong></span> <span class='ocrx_word' id='word_1_5' title='bbox 1067 126 1294 156; x_wconf 62' lang='lat' dir='ltr'><strong>PROPIIETAM.</strong></span> 
     </span>
    </p>
   </div>
   <div class='ocr_carea' id='block_1_3' title="bbox 1670 125 1720 155">
    <p class='ocr_par' dir='ltr' id='par_1_3' title="bbox 1670 125 1720 155">
     <span class='ocr_line' id='line_1_3' title="bbox 1670 125 1720 155; baseline -0.02 -1"><span class='ocrx_word' id='word_1_6' title='bbox 1670 125 1720 155; x_wconf 62' lang='lat' dir='ltr'><strong>I05</strong></span> 
     </span>
    </p>
   </div>
   <div class='ocr_carea' id='block_1_4' title="bbox 85 181 872 222">
    <p class='ocr_par' dir='ltr' id='par_1_4' title="bbox 85 181 872 218">
     <span class='ocr_line' id='line_1_4' title="bbox 85 181 872 218; baseline 0 -8"><span class='ocrx_word' id='word_1_7' title='bbox 85 183 125 210; x_wconf 79' lang='grc' dir='ltr'>τὸν</span> <span class='ocrx_word' id='word_1_8' title='bbox 137 181 203 217; x_wconf 78' lang='grc' dir='ltr'>περὶ</span> <span class='ocrx_word' id='word_1_9' title='bbox 219 181 341 217; x_wconf 75' lang='grc' dir='ltr'><strong>Χριστοῦ</strong></span> <span class='ocrx_word' id='word_1_10' title='bbox 357 181 447 216; x_wconf 84' lang='grc' dir='ltr'>λόγον,</span> <span class='ocrx_word' id='word_1_11' title='bbox 461 182 519 217; x_wconf 79' lang='grc' dir='ltr'>ἦτοι</span> <span class='ocrx_word' id='word_1_12' title='bbox 533 182 563 208; x_wconf 84' lang='grc' dir='ltr'><strong>τὸ</strong></span> <span class='ocrx_word' id='word_1_13' title='bbox 579 183 709 218; x_wconf 82' lang='grc' dir='ltr'>κήρυγμα</span> <span class='ocrx_word' id='word_1_14' title='bbox 722 183 752 210; x_wconf 74' lang='grc' dir='ltr'>τὸ</span> <span class='ocrx_word' id='word_1_15' title='bbox 766 184 872 218; x_wconf 78' lang='grc' dir='ltr'>εὐαγγε-</span> 
     </span>
    </p>
   </div>
   <div class='ocr_carea' id='block_1_5' title="bbox 926 181 1719 222">
    <p class='ocr_par' dir='ltr' id='par_1_5' title="bbox 935 184 1719 222">
     <span class='ocr_line' id='line_1_5' title="bbox 935 184 1719 222; baseline 0.004 -12"><span class='ocrx_word' id='word_1_16' title='bbox 935 193 943 210; x_wconf 85' lang='grc' dir='ltr'><strong>ι</strong></span> <span class='ocrx_word' id='word_1_17' title='bbox 965 184 1143 220; x_wconf 76' lang='lat' dir='ltr'><strong>DiSsipabitur</strong></span> <span class='ocrx_word' id='word_1_18' title='bbox 1160 186 1186 213; x_wconf 90' lang='lat' dir='ltr'><strong>in</strong></span> <span class='ocrx_word' id='word_1_19' title='bbox 1202 187 1245 214; x_wconf 67' lang='lat' dir='ltr'><strong>«lic</strong></span> <span class='ocrx_word' id='word_1_20' title='bbox 1263 187 1335 221; x_wconf 76' lang='grc' dir='ltr'>ἱΙΙ;ι,ι</span> <span class='ocrx_word' id='word_1_21' title='bbox 1349 187 1399 215; x_wconf 79' lang='lat' dir='ltr'><strong>hoc</strong></span> <span class='ocrx_word' id='word_1_22' title='bbox 1412 187 1517 220; x_wconf 76' lang='lat' dir='ltr'><strong>esl,illo</strong></span> <span class='ocrx_word' id='word_1_23' title='bbox 1532 191 1652 222; x_wconf 84' lang='lat' dir='ltr'><strong>tempore</strong></span> <span class='ocrx_word' id='word_1_24' title='bbox 1666 195 1719 222; x_wconf 90' lang='lat' dir='ltr'><strong>quo</strong></span> 
     </span>
    </p>
   </div>
   <div class='ocr_carea' id='block_1_6' title="bbox 85 226 879 264">
    <p class='ocr_par' dir='ltr' id='par_1_6' title="bbox 85 226 879 264">
     <span class='ocr_line' id='line_1_6' title="bbox 85 226 879 264; baseline 0 -10"><span class='ocrx_word' id='word_1_25' title='bbox 85 227 163 255; x_wconf 79' lang='grc' dir='ltr'>λικόν.</span> <span class='ocrx_word' id='word_1_26' title='bbox 194 235 204 252; x_wconf 75' lang='grc' dir='ltr'><strong>ι</strong></span> <span class='ocrx_word' id='word_1_27' title='bbox 219 226 441 262; x_wconf 79' lang='grc' dir='ltr'>Σκεδασθήσεται</span> <span class='ocrx_word' id='word_1_28' title='bbox 465 226 530 262; x_wconf 70' lang='grc' dir='ltr'>γὰρ,</span> <span class='ocrx_word' id='word_1_29' title='bbox 552 227 651 263; x_wconf 72' lang='grc' dir='ltr'>φησιν,</span> <span class='ocrx_word' id='word_1_30' title='bbox 676 229 704 254; x_wconf 86' lang='lat' dir='ltr'><strong>tv</strong></span> <span class='ocrx_word' id='word_1_31' title='bbox 730 230 761 264; x_wconf 84' lang='grc' dir='ltr'>τῇ</span> <span class='ocrx_word' id='word_1_32' title='bbox 788 229 879 264; x_wconf 70' lang='grc' dir='ltr'>ἡμέρᾳ</span> 
     </span>
    </p>
   </div>
   <div class='ocr_carea' id='block_1_7' title="bbox 85 272 878 309">
    <p class='ocr_par' dir='ltr' id='par_1_7' title="bbox 85 272 878 309">
     <span class='ocr_line' id='line_1_7' title="bbox 85 272 878 309; baseline 0.001 -9"><span class='ocrx_word' id='word_1_33' title='bbox 85 273 181 309; x_wconf 68' lang='grc' dir='ltr'>ἐκείνῃ,</span> <span class='ocrx_word' id='word_1_34' title='bbox 199 281 210 297; x_wconf 71' lang='grc' dir='ltr'><strong>ι</strong></span> <span class='ocrx_word' id='word_1_35' title='bbox 234 272 371 304; x_wconf 77' lang='grc' dir='ltr'><strong>τουτέστι,</strong></span> <span class='ocrx_word' id='word_1_36' title='bbox 388 273 448 300; x_wconf 76' lang='grc' dir='ltr'>κατ’</span> <span class='ocrx_word' id='word_1_37' title='bbox 465 273 568 300; x_wconf 77' lang='grc' dir='ltr'>ἐκεῖνον</span> <span class='ocrx_word' id='word_1_38' title='bbox 585 274 631 300; x_wconf 81' lang='grc' dir='ltr'><strong>τὸν</strong></span> <span class='ocrx_word' id='word_1_39' title='bbox 648 274 752 309; x_wconf 69' lang='grc' dir='ltr'>καιρὸν,</span> <span class='ocrx_word' id='word_1_40' title='bbox 773 274 834 301; x_wconf 80' lang='grc' dir='ltr'>καθ’</span> <span class='ocrx_word' id='word_1_41' title='bbox 849 274 878 301; x_wconf 87' lang='grc' dir='ltr'>ὃν</span> 
     </span>
    </p>
   </div>
   <div class='ocr_carea' id='block_1_8' title="bbox 85 319 876 356">
    <p class='ocr_par' dir='ltr' id='par_1_8' title="bbox 85 319 876 356">
     <span class='ocr_line' id='line_1_8' title="bbox 85 319 876 356; baseline -0.001 -9"><span class='ocrx_word' id='word_1_42' title='bbox 85 320 115 347; x_wconf 74' lang='grc' dir='ltr'>ἂν</span> <span class='ocrx_word' id='word_1_43' title='bbox 128 319 255 354; x_wconf 73' lang='grc' dir='ltr'><strong>¹πατήσας</strong></span> <span class='ocrx_word' id='word_1_44' title='bbox 270 319 317 345; x_wconf 61' lang='lat' dir='ltr'><strong>to?»</strong></span> <span class='ocrx_word' id='word_1_45' title='bbox 334 319 448 346; x_wconf 79' lang='grc' dir='ltr'>θανάτου</span> <span class='ocrx_word' id='word_1_46' title='bbox 460 319 490 345; x_wconf 76' lang='grc' dir='ltr'><strong>τὺ</strong></span> <span class='ocrx_word' id='word_1_47' title='bbox 503 319 604 355; x_wconf 84' lang='grc' dir='ltr'>κράτος</span> <span class='ocrx_word' id='word_1_48' title='bbox 615 319 737 355; x_wconf 80' lang='grc' dir='ltr'>ἁναὸιῴη</span> <span class='ocrx_word' id='word_1_49' title='bbox 751 320 876 356; x_wconf 75' lang='grc' dir='ltr'>Χριστὸς,</span> 
     </span>
    </p>
   </div>
   <div class='ocr_carea' id='block_1_9' title="bbox 85 365 877 401">
    <p class='ocr_par' dir='ltr' id='par_1_9' title="bbox 85 365 877 401">
     <span class='ocr_line' id='line_1_9' title="bbox 85 365 877 401; baseline 0 -9"><span class='ocrx_word' id='word_1_50' title='bbox 85 367 143 401; x_wconf 77' lang='grc' dir='ltr'>εἴπῃ</span> <span class='ocrx_word' id='word_1_51' title='bbox 154 373 182 391; x_wconf 84' lang='grc' dir='ltr'><strong>τε</strong></span> <span class='ocrx_word' id='word_1_52' title='bbox 193 367 253 397; x_wconf 83' lang='grc' dir='ltr'>τοῖς</span> <span class='ocrx_word' id='word_1_53' title='bbox 268 366 446 397; x_wconf 80' lang='grc' dir='ltr'><strong>ἀποστόλοις·</strong></span> <span class='ocrx_word' id='word_1_54' title='bbox 463 375 472 391; x_wconf 78' lang='grc' dir='ltr'><strong>ι</strong></span> <span class='ocrx_word' id='word_1_55' title='bbox 489 366 671 401; x_wconf 80' lang='grc' dir='ltr'><strong>Πορευθέντες</strong></span> <span class='ocrx_word' id='word_1_56' title='bbox 688 365 877 401; x_wconf 83' lang='grc' dir='ltr'><strong>μαθητεύσατε</strong></span> 
     </span>
    </p>
   </div>
   <div class='ocr_carea' id='block_1_10' title="bbox 85 410 876 446">
    <p class='ocr_par' dir='ltr' id='par_1_10' title="bbox 85 410 876 446">
     <span class='ocr_line' id='line_1_10' title="bbox 85 410 876 446; baseline -0.001 -7"><span class='ocrx_word' id='word_1_57' title='bbox 85 412 168 439; x_wconf 83' lang='grc' dir='ltr'>πάντα</span> <span class='ocrx_word' id='word_1_58' title='bbox 183 411 217 437; x_wconf 68' lang='grc' dir='ltr'>τὰ</span> <span class='ocrx_word' id='word_1_59' title='bbox 232 411 311 446; x_wconf 76' lang='grc' dir='ltr'>ἔθνη,</span> <span class='ocrx_word' id='word_1_60' title='bbox 325 411 501 446; x_wconf 79' lang='grc' dir='ltr'><strong>βαπτίζοντες</strong></span> <span class='ocrx_word' id='word_1_61' title='bbox 515 411 615 443; x_wconf 76' lang='grc' dir='ltr'>αὐτοὺς</span> <span class='ocrx_word' id='word_1_62' title='bbox 627 412 668 443; x_wconf 78' lang='grc' dir='ltr'>εἰς</span> <span class='ocrx_word' id='word_1_63' title='bbox 685 411 714 438; x_wconf 83' lang='grc' dir='ltr'><strong>τὸ</strong></span> <span class='ocrx_word' id='word_1_64' title='bbox 732 412 817 446; x_wconf 76' lang='grc' dir='ltr'>δνομα</span> <span class='ocrx_word' id='word_1_65' title='bbox 829 410 876 438; x_wconf 80' lang='grc' dir='ltr'>τοῦ</span> 
     </span>
    </p>
   </div>
   <div class='ocr_carea' id='block_1_11' title="bbox 86 456 874 493">
    <p class='ocr_par' dir='ltr' id='par_1_11' title="bbox 86 456 874 493">
     <span class='ocr_line' id='line_1_11' title="bbox 86 456 874 493; baseline -0.001 -10"><span class='ocrx_word' id='word_1_66' title='bbox 86 458 194 491; x_wconf 67' lang='grc' dir='ltr'>Πατρός,</span> <span class='ocrx_word' id='word_1_67' title='bbox 211 457 261 484; x_wconf 78' lang='grc' dir='ltr'><strong>καὶ</strong></span> <span class='ocrx_word' id='word_1_68' title='bbox 283 457 331 484; x_wconf 79' lang='grc' dir='ltr'><strong>τοῦ</strong></span> <span class='ocrx_word' id='word_1_69' title='bbox 350 457 426 489; x_wconf 82' lang='grc' dir='ltr'>Υἰοῠ,</span> <span class='ocrx_word' id='word_1_70' title='bbox 445 457 492 484; x_wconf 76' lang='grc' dir='ltr'>καὶ</span> <span class='ocrx_word' id='word_1_71' title='bbox 515 456 563 483; x_wconf 85' lang='grc' dir='ltr'>τοῦ</span> <span class='ocrx_word' id='word_1_72' title='bbox 587 457 665 491; x_wconf 84' lang='grc' dir='ltr'>ἁγίου</span> <span class='ocrx_word' id='word_1_73' title='bbox 682 457 850 493; x_wconf 82' lang='grc' dir='ltr'>Πνεύματος.</span> <span class='ocrx_word' id='word_1_74' title='bbox 864 466 874 482; x_wconf 72' lang='grc' dir='ltr'><strong>ι</strong></span> 
     </span>
    </p>
   </div>
   <div class='ocr_carea' id='block_1_12' title="bbox 85 502 876 538">
    <p class='ocr_par' dir='ltr' id='par_1_12' title="bbox 85 502 876 538">
     <span class='ocr_line' id='line_1_12' title="bbox 85 502 876 538; baseline 0 -9"><span class='ocrx_word' id='word_1_75' title='bbox 85 504 146 530; x_wconf 87' lang='grc' dir='ltr'>Τότε</span> <span class='ocrx_word' id='word_1_76' title='bbox 160 503 214 538; x_wconf 83' lang='grc' dir='ltr'>γὰρ</span> <span class='ocrx_word' id='word_1_77' title='bbox 228 503 283 530; x_wconf 77' lang='grc' dir='ltr'>ἀνὰ</span> <span class='ocrx_word' id='word_1_78' title='bbox 297 503 388 530; x_wconf 79' lang='grc' dir='ltr'>πᾶσαν</span> <span class='ocrx_word' id='word_1_79' title='bbox 404 502 453 537; x_wconf 83' lang='grc' dir='ltr'>τὴν</span> <span class='ocrx_word' id='word_1_80' title='bbox 472 502 518 530; x_wconf 83' lang='grc' dir='ltr'><strong>ὑπ’</strong></span> <span class='ocrx_word' id='word_1_81' title='bbox 532 503 647 538; x_wconf 75' lang='grc' dir='ltr'>οὐρανὸν</span> <span class='ocrx_word' id='word_1_82' title='bbox 659 504 673 530; x_wconf 84' lang='grc' dir='ltr'>ὁ</span> <span class='ocrx_word' id='word_1_83' title='bbox 687 502 734 529; x_wconf 80' lang='grc' dir='ltr'>τοῦ</span> <span class='ocrx_word' id='word_1_84' title='bbox 751 503 876 538; x_wconf 79' lang='grc' dir='ltr'><strong>Σωτῆρος</strong></span> 
     </span>
    </p>
   </div>
   <div class='ocr_carea' id='block_1_13' title="bbox 85 548 877 584">
    <p class='ocr_par' dir='ltr' id='par_1_13' title="bbox 85 548 877 584">
     <span class='ocr_line' id='line_1_13' title="bbox 85 548 877 584; baseline 0 -10"><span class='ocrx_word' id='word_1_85' title='bbox 85 549 157 584; x_wconf 79' lang='grc' dir='ltr'>ἡμῶν</span> <span class='ocrx_word' id='word_1_86' title='bbox 171 548 371 584; x_wconf 68' lang='grc' dir='ltr'><strong>διαπεφοίτηκε</strong></span> <span class='ocrx_word' id='word_1_87' title='bbox 393 548 472 583; x_wconf 83' lang='grc' dir='ltr'>λόγος</span> <span class='ocrx_word' id='word_1_88' title='bbox 482 556 488 564; x_wconf 88' lang='grc'>·</span> <span class='ocrx_word' id='word_1_89' title='bbox 505 548 554 576; x_wconf 81' lang='grc' dir='ltr'>καὶ</span> <span class='ocrx_word' id='word_1_90' title='bbox 577 549 695 584; x_wconf 81' lang='grc' dir='ltr'>ἀτρεκὲς</span> <span class='ocrx_word' id='word_1_91' title='bbox 711 549 798 575; x_wconf 84' lang='grc' dir='ltr'>εἰπεῖν</span> <span class='ocrx_word' id='word_1_92' title='bbox 812 550 877 583; x_wconf 79' lang='grc' dir='ltr'>περὶ</span> 
     </span>
    </p>
   </div>
   <div class='ocr_carea' id='block_1_14' title="bbox 84 594 876 631">
    <p class='ocr_par' dir='ltr' id='par_1_14' title="bbox 84 594 876 631">
     <span class='ocr_line' id='line_1_14' title="bbox 84 594 876 631; baseline 0.001 -10"><span class='ocrx_word' id='word_1_93' title='bbox 84 596 133 621; x_wconf 84' lang='grc' dir='ltr'>τῶν</span> <span class='ocrx_word' id='word_1_94' title='bbox 150 595 235 629; x_wconf 79' lang='grc' dir='ltr'>ἁγίων</span> <span class='ocrx_word' id='word_1_95' title='bbox 252 595 427 622; x_wconf 81' lang='grc' dir='ltr'><strong>ἀποστόλων·</strong></span> <span class='ocrx_word' id='word_1_96' title='bbox 451 604 461 621; x_wconf 84' lang='grc' dir='ltr'><strong>ι</strong></span> <span class='ocrx_word' id='word_1_97' title='bbox 476 595 523 627; x_wconf 74' lang='lat' dir='ltr'><strong>Et;</strong></span> <span class='ocrx_word' id='word_1_98' title='bbox 536 595 626 622; x_wconf 81' lang='grc' dir='ltr'>πᾶσαν</span> <span class='ocrx_word' id='word_1_99' title='bbox 635 595 685 631; x_wconf 83' lang='grc' dir='ltr'>τὴν</span> <span class='ocrx_word' id='word_1_100' title='bbox 698 595 749 630; x_wconf 84' lang='grc' dir='ltr'>γῆν</span> <span class='ocrx_word' id='word_1_101' title='bbox 764 594 876 630; x_wconf 76' lang='grc' dir='ltr'>ἐξῆλθεν</span> 
     </span>
    </p>
   </div>
   <div class='ocr_carea' id='block_1_15' title="bbox 85 640 876 677">
    <p class='ocr_par' dir='ltr' id='par_1_15' title="bbox 85 640 876 677">
     <span class='ocr_line' id='line_1_15' title="bbox 85 640 876 677; baseline 0.001 -10"><span class='ocrx_word' id='word_1_102' title='bbox 85 643 98 668; x_wconf 86' lang='grc' dir='ltr'><strong>ό</strong></span> <span class='ocrx_word' id='word_1_103' title='bbox 109 640 223 676; x_wconf 78' lang='grc' dir='ltr'>φθόγγος</span> <span class='ocrx_word' id='word_1_104' title='bbox 241 641 344 674; x_wconf 79' lang='grc' dir='ltr'>αὐτῶν,</span> <span class='ocrx_word' id='word_1_105' title='bbox 363 641 411 668; x_wconf 75' lang='grc' dir='ltr'>καὶ</span> <span class='ocrx_word' id='word_1_106' title='bbox 427 642 467 673; x_wconf 83' lang='grc' dir='ltr'><strong>είς</strong></span> <span class='ocrx_word' id='word_1_107' title='bbox 480 641 515 668; x_wconf 81' lang='grc' dir='ltr'>τὰ</span> <span class='ocrx_word' id='word_1_108' title='bbox 530 641 636 676; x_wconf 80' lang='grc' dir='ltr'>πέρατα</span> <span class='ocrx_word' id='word_1_109' title='bbox 651 641 700 676; x_wconf 83' lang='grc' dir='ltr'>τῆς</span> <span class='ocrx_word' id='word_1_110' title='bbox 714 641 876 677; x_wconf 76' lang='grc' dir='ltr'><strong>οἰκουμένης</strong></span> 
     </span>
    </p>
   </div>
   <div class='ocr_carea' id='block_1_16' title="bbox 85 686 875 723">
    <p class='ocr_par' dir='ltr' id='par_1_16' title="bbox 85 686 875 723">
     <span class='ocr_line' id='line_1_16' title="bbox 85 686 875 723; baseline 0 -11"><span class='ocrx_word' id='word_1_111' title='bbox 85 688 116 713; x_wconf 69' lang='grc' dir='ltr'>τὰ</span> <span class='ocrx_word' id='word_1_112' title='bbox 131 687 241 723; x_wconf 73' lang='grc' dir='ltr'>ῥήματα</span> <span class='ocrx_word' id='word_1_113' title='bbox 255 686 359 714; x_wconf 79' lang='grc' dir='ltr'>αὐτῶν.</span> <span class='ocrx_word' id='word_1_114' title='bbox 376 687 452 713; x_wconf 80' lang='grc' dir='ltr'>»Ὅτι</span> <span class='ocrx_word' id='word_1_115' title='bbox 464 687 493 713; x_wconf 86' lang='grc' dir='ltr'>δὲ</span> <span class='ocrx_word' id='word_1_116' title='bbox 505 686 556 713; x_wconf 85' lang='grc' dir='ltr'>οὒκ</span> <span class='ocrx_word' id='word_1_117' title='bbox 570 687 701 722; x_wconf 83' lang='grc' dir='ltr'>ἀνόνητον</span> <span class='ocrx_word' id='word_1_118' title='bbox 716 687 773 718; x_wconf 83' lang='grc' dir='ltr'>τοῖς</span> <span class='ocrx_word' id='word_1_119' title='bbox 786 686 875 713; x_wconf 78' lang='grc' dir='ltr'>ἔθνεσι</span> 
     </span>
    </p>
   </div>
   <div class='ocr_carea' id='block_1_17' title="bbox 86 732 873 769">
    <p class='ocr_par' dir='ltr' id='par_1_17' title="bbox 86 732 873 769">
     <span class='ocr_line' id='line_1_17' title="bbox 86 732 873 769; baseline 0 -10"><span class='ocrx_word' id='word_1_120' title='bbox 86 734 113 760; x_wconf 74' lang='grc' dir='ltr'><strong>τὸ</strong></span> <span class='ocrx_word' id='word_1_121' title='bbox 125 733 309 769; x_wconf 62' lang='grc' dir='ltr'>ἀπορριφῗψαί</span> <span class='ocrx_word' id='word_1_122' title='bbox 328 741 358 760; x_wconf 81' lang='grc' dir='ltr'><strong>τε</strong></span> <span class='ocrx_word' id='word_1_123' title='bbox 376 733 424 760; x_wconf 80' lang='grc' dir='ltr'>καὶ</span> <span class='ocrx_word' id='word_1_124' title='bbox 438 732 666 768; x_wconf 83' lang='grc' dir='ltr'><strong>διασκεδασθῆναι</strong></span> <span class='ocrx_word' id='word_1_125' title='bbox 681 732 734 760; x_wconf 77' lang='grc' dir='ltr'><strong>ἀνὰ</strong></span> <span class='ocrx_word' id='word_1_126' title='bbox 747 732 796 768; x_wconf 81' lang='grc' dir='ltr'>τὴν</span> <span class='ocrx_word' id='word_1_127' title='bbox 811 733 873 767; x_wconf 79' lang='grc' dir='ltr'>γῆν,</span> 
     </span>
    </p>
   </div>
   <div class='ocr_carea' id='block_1_18' title="bbox 87 778 875 815">
    <p class='ocr_par' dir='ltr' id='par_1_18' title="bbox 87 778 875 815">
     <span class='ocr_line' id='line_1_18' title="bbox 87 778 875 815; baseline 0.003 -10"><span class='ocrx_word' id='word_1_128' title='bbox 87 781 162 814; x_wconf 74' lang='grc' dir='ltr'>ἤγουν</span> <span class='ocrx_word' id='word_1_129' title='bbox 179 779 380 815; x_wconf 82' lang='grc' dir='ltr'>διανεμηθῆναι</span> <span class='ocrx_word' id='word_1_130' title='bbox 407 779 455 806; x_wconf 80' lang='grc' dir='ltr'>καὶ</span> <span class='ocrx_word' id='word_1_131' title='bbox 471 780 501 807; x_wconf 99' lang='lat' dir='ltr'><strong>tv</strong></span> <span class='ocrx_word' id='word_1_132' title='bbox 516 780 575 811; x_wconf 80' lang='grc' dir='ltr'>ταῖς</span> <span class='ocrx_word' id='word_1_133' title='bbox 598 779 688 806; x_wconf 79' lang='grc' dir='ltr'>αὐτῶν</span> <span class='ocrx_word' id='word_1_134' title='bbox 703 778 808 814; x_wconf 84' lang='grc' dir='ltr'>χώραις</span> <span class='ocrx_word' id='word_1_135' title='bbox 825 779 875 813; x_wconf 86' lang='grc' dir='ltr'>τὴν</span> 
     </span>
    </p>
   </div>
   <div class='ocr_carea' id='block_1_19' title="bbox 88 824 875 862">
    <p class='ocr_par' dir='ltr' id='par_1_19' title="bbox 88 824 875 862">
     <span class='ocr_line' id='line_1_19' title="bbox 88 824 875 862; baseline -0.001 -10"><span class='ocrx_word' id='word_1_136' title='bbox 88 825 176 861; x_wconf 70' lang='grc' dir='ltr'>ρἁδον</span> <span class='ocrx_word' id='word_1_137' title='bbox 189 825 238 861; x_wconf 85' lang='grc' dir='ltr'>τὴν</span> <span class='ocrx_word' id='word_1_138' title='bbox 252 826 351 860; x_wconf 76' lang='grc' dir='ltr'>καλὴν,</span> <span class='ocrx_word' id='word_1_139' title='bbox 363 825 422 862; x_wconf 73' lang='grc' dir='ltr'>ἦτοι</span> <span class='ocrx_word' id='word_1_140' title='bbox 436 825 486 862; x_wconf 84' lang='grc' dir='ltr'>τὴν</span> <span class='ocrx_word' id='word_1_141' title='bbox 496 825 646 861; x_wconf 85' lang='grc' dir='ltr'>Διαθήκην,</span> <span class='ocrx_word' id='word_1_142' title='bbox 657 825 691 861; x_wconf 77' lang='grc' dir='ltr'>ἢν</span> <span class='ocrx_word' id='word_1_143' title='bbox 703 824 795 851; x_wconf 81' lang='grc' dir='ltr'>οὐκέτι</span> <span class='ocrx_word' id='word_1_144' title='bbox 807 825 875 860; x_wconf 81' lang='grc' dir='ltr'>πρὸς</span> 
     </span>
    </p>
   </div>
   <div class='ocr_carea' id='block_1_20' title="bbox 89 861 912 907">
    <p class='ocr_par' dir='ltr' id='par_1_20' title="bbox 89 861 912 907">
     <span class='ocr_line' id='line_1_20' title="bbox 89 861 912 907; baseline 0.001 -10"><span class='ocrx_word' id='word_1_145' title='bbox 89 871 160 906; x_wconf 82' lang='grc' dir='ltr'>μόνον</span> <span class='ocrx_word' id='word_1_146' title='bbox 171 872 218 897; x_wconf 72' lang='grc' dir='ltr'>τὸν</span> <span class='ocrx_word' id='word_1_147' title='bbox 237 871 358 907; x_wconf 82' lang='grc' dir='ltr'>Ἰσραὴλ,</span> <span class='ocrx_word' id='word_1_148' title='bbox 375 871 477 898; x_wconf 84' lang='grc' dir='ltr'>διέθετο</span> <span class='ocrx_word' id='word_1_149' title='bbox 488 872 517 899; x_wconf 78' lang='grc' dir='ltr'>δὲ</span> <span class='ocrx_word' id='word_1_150' title='bbox 536 870 637 907; x_wconf 81' lang='grc' dir='ltr'>μᾶλλον</span> <span class='ocrx_word' id='word_1_151' title='bbox 655 871 724 907; x_wconf 81' lang='grc' dir='ltr'>πρὸς</span> <span class='ocrx_word' id='word_1_152' title='bbox 738 871 826 898; x_wconf 82' lang='grc' dir='ltr'>πάντα</span> <span class='ocrx_word' id='word_1_153' title='bbox 841 870 876 898; x_wconf 84' lang='grc' dir='ltr'>τὰ</span> <span class='ocrx_word' id='word_1_154' title='bbox 891 861 912 888; x_wconf 70' lang='grc' dir='ltr'><strong>Β</strong></span> 
     </span>
    </p>
   </div>
   <div class='ocr_carea' id='block_1_21' title="bbox 88 917 875 953">
    <p class='ocr_par' dir='ltr' id='par_1_21' title="bbox 88 917 875 953">
     <span class='ocr_line' id='line_1_21' title="bbox 88 917 875 953; baseline 0.001 -10"><span class='ocrx_word' id='word_1_155' title='bbox 88 917 154 953; x_wconf 79' lang='grc' dir='ltr'>ἔθνη,</span> <span class='ocrx_word' id='word_1_156' title='bbox 169 917 398 953; x_wconf 84' lang='grc' dir='ltr'>καταθρήσαιμεν</span> <span class='ocrx_word' id='word_1_157' title='bbox 415 917 460 950; x_wconf 83' lang='grc' dir='ltr'><strong>ἂν,</strong></span> <span class='ocrx_word' id='word_1_158' title='bbox 482 918 531 944; x_wconf 80' lang='grc' dir='ltr'>καὶ</span> <span class='ocrx_word' id='word_1_159' title='bbox 547 917 608 944; x_wconf 86' lang='grc' dir='ltr'>λίαν</span> <span class='ocrx_word' id='word_1_160' title='bbox 625 917 754 953; x_wconf 70' lang='grc' dir='ltr'>ἀμογητὶ,</span> <span class='ocrx_word' id='word_1_161' title='bbox 767 917 813 944; x_wconf 81' lang='grc' dir='ltr'><strong>τὸν</strong></span> <span class='ocrx_word' id='word_1_162' title='bbox 825 917 875 953; x_wconf 83' lang='grc' dir='ltr'><strong>τῆς</strong></span> 
     </span>
    </p>
   </div>
   <div class='ocr_carea' id='block_1_22' title="bbox 87 963 873 999">
    <p class='ocr_par' dir='ltr' id='par_1_22' title="bbox 87 963 873 999">
     <span class='ocr_line' id='line_1_22' title="bbox 87 963 873 999; baseline 0.001 -10"><span class='ocrx_word' id='word_1_163' title='bbox 87 964 246 998; x_wconf 73' lang='grc' dir='ltr'>προφητείας</span> <span class='ocrx_word' id='word_1_164' title='bbox 257 963 396 996; x_wconf 81' lang='grc' dir='ltr'>συνιέντες</span> <span class='ocrx_word' id='word_1_165' title='bbox 408 963 488 998; x_wconf 84' lang='grc' dir='ltr'>λόγον</span> <span class='ocrx_word' id='word_1_166' title='bbox 498 970 505 977; x_wconf 84' lang='grc'><strong>”</strong></span> <span class='ocrx_word' id='word_1_167' title='bbox 520 973 528 989; x_wconf 87' lang='grc' dir='ltr'><strong>ι</strong></span> <span class='ocrx_word' id='word_1_168' title='bbox 540 963 693 991; x_wconf 84' lang='grc' dir='ltr'>Γνώσονται</span> <span class='ocrx_word' id='word_1_169' title='bbox 703 963 768 999; x_wconf 81' lang='grc' dir='ltr'>γὰρ,</span> <span class='ocrx_word' id='word_1_170' title='bbox 779 963 873 999; x_wconf 80' lang='grc' dir='ltr'>φησὶν,</span> 
     </span>
    </p>
   </div>
   <div class='ocr_carea' id='block_1_23' title="bbox 88 1008 873 1044">
    <p class='ocr_par' dir='ltr' id='par_1_23' title="bbox 88 1008 873 1044">
     <span class='ocr_line' id='line_1_23' title="bbox 88 1008 873 1044; baseline -0.001 -8"><span class='ocrx_word' id='word_1_171' title='bbox 88 1010 110 1036; x_wconf 84' lang='lat' dir='ltr'><strong>oi</strong></span> <span class='ocrx_word' id='word_1_172' title='bbox 130 1009 275 1036; x_wconf 80' lang='grc' dir='ltr'>Χαναναῖοι</span> <span class='ocrx_word' id='word_1_173' title='bbox 297 1009 337 1036; x_wconf 79' lang='grc' dir='ltr'>τὰ</span> <span class='ocrx_word' id='word_1_174' title='bbox 359 1009 562 1044; x_wconf 88' lang='grc' dir='ltr'>φυλασσόμενα,</span> <span class='ocrx_word' id='word_1_175' title='bbox 578 1009 645 1036; x_wconf 81' lang='grc' dir='ltr'>διότι</span> <span class='ocrx_word' id='word_1_176' title='bbox 667 1009 746 1043; x_wconf 83' lang='grc' dir='ltr'>λόγος</span> <span class='ocrx_word' id='word_1_177' title='bbox 771 1008 873 1044; x_wconf 80' lang='grc' dir='ltr'>Κυρίου</span> 
     </span>
    </p>
   </div>
   <div class='ocr_carea' id='block_1_24' title="bbox 88 1054 874 1092">
    <p class='ocr_par' dir='ltr' id='par_1_24' title="bbox 88 1054 874 1092">
     <span class='ocr_line' id='line_1_24' title="bbox 88 1054 874 1092; baseline -0.003 -9"><span class='ocrx_word' id='word_1_178' title='bbox 88 1056 149 1083; x_wconf 73' lang='grc' dir='ltr'>ἐστί.</span> <span class='ocrx_word' id='word_1_179' title='bbox 164 1065 173 1082; x_wconf 76' lang='grc' dir='ltr'><strong>ι</strong></span> <span class='ocrx_word' id='word_1_180' title='bbox 191 1056 366 1088; x_wconf 78' lang='grc' dir='ltr'>Χαναναίους</span> <span class='ocrx_word' id='word_1_181' title='bbox 383 1056 432 1091; x_wconf 81' lang='grc' dir='ltr'>μὲν</span> <span class='ocrx_word' id='word_1_182' title='bbox 452 1056 506 1092; x_wconf 86' lang='grc' dir='ltr'>γὰρ</span> <span class='ocrx_word' id='word_1_183' title='bbox 522 1055 558 1083; x_wconf 85' lang='grc' dir='ltr'><strong>τὰ</strong></span> <span class='ocrx_word' id='word_1_184' title='bbox 572 1055 638 1091; x_wconf 78' lang='grc' dir='ltr'>ἔθνη</span> <span class='ocrx_word' id='word_1_185' title='bbox 649 1055 727 1091; x_wconf 81' lang='grc' dir='ltr'>φησι.</span> <span class='ocrx_word' id='word_1_186' title='bbox 742 1054 874 1091; x_wconf 81' lang='grc' dir='ltr'>Νοηθεῖεν</span> 
     </span>
    </p>
   </div>
   <div class='ocr_carea' id='block_1_25' title="bbox 88 1098 874 1137">
    <p class='ocr_par' dir='ltr' id='par_1_25' title="bbox 88 1098 874 1137">
     <span class='ocr_line' id='line_1_25' title="bbox 88 1098 874 1137; baseline -0.001 -8"><span class='ocrx_word' id='word_1_187' title='bbox 88 1103 106 1129; x_wconf 83' lang='grc' dir='ltr'>δ’</span> <span class='ocrx_word' id='word_1_188' title='bbox 119 1103 148 1130; x_wconf 77' lang='grc' dir='ltr'>ἂν</span> <span class='ocrx_word' id='word_1_189' title='bbox 162 1098 233 1129; x_wconf 74' lang='grc' dir='ltr'>οὗτοι</span> <span class='ocrx_word' id='word_1_190' title='bbox 247 1102 374 1137; x_wconf 78' lang='grc' dir='ltr'>πρόϐατα</span> <span class='ocrx_word' id='word_1_191' title='bbox 387 1102 422 1129; x_wconf 87' lang='grc' dir='ltr'><strong>τὰ</strong></span> <span class='ocrx_word' id='word_1_192' title='bbox 438 1102 630 1137; x_wconf 83' lang='grc' dir='ltr'>φυλασσόμενα</span> <span class='ocrx_word' id='word_1_193' title='bbox 641 1101 679 1137; x_wconf 85' lang='grc' dir='ltr'><strong>τῷ</strong></span> <span class='ocrx_word' id='word_1_194' title='bbox 688 1101 809 1137; x_wconf 80' lang='grc' dir='ltr'>Χριστῷ.</span> <span class='ocrx_word' id='word_1_195' title='bbox 822 1102 874 1129; x_wconf 80' lang='grc' dir='ltr'><strong>Τε-</strong></span> 
     </span>
    </p>
   </div>
   <div class='ocr_carea' id='block_1_26' title="bbox 88 1147 874 1184">
    <p class='ocr_par' dir='ltr' id='par_1_26' title="bbox 88 1147 874 1184">
     <span class='ocr_line' id='line_1_26' title="bbox 88 1147 874 1184; baseline 0.013 -20"><span class='ocrx_word' id='word_1_196' title='bbox 88 1149 210 1184; x_wconf 63' lang='grc' dir='ltr'><strong>τήρηγται</strong></span> <span class='ocrx_word' id='word_1_197' title='bbox 235 1148 292 1184; x_wconf 79' lang='grc' dir='ltr'><strong>γάρ</strong></span> <span class='ocrx_word' id='word_1_198' title='bbox 316 1147 407 1183; x_wconf 80' lang='grc' dir='ltr'>αὐτῷ·</span> <span class='ocrx_word' id='word_1_199' title='bbox 423 1148 470 1175; x_wconf 70' lang='grc' dir='ltr'>καὶ</span> <span class='ocrx_word' id='word_1_200' title='bbox 489 1148 544 1182; x_wconf 85' lang='grc' dir='ltr'>γάρ</span> <span class='ocrx_word' id='word_1_201' title='bbox 566 1157 575 1173; x_wconf 80' lang='grc' dir='ltr'><strong>ι</strong></span> <span class='ocrx_word' id='word_1_202' title='bbox 590 1148 664 1175; x_wconf 82' lang='grc' dir='ltr'>ἐστιν</span> <span class='ocrx_word' id='word_1_203' title='bbox 687 1147 768 1179; x_wconf 78' lang='grc' dir='ltr'>αὐτὸς</span> <span class='ocrx_word' id='word_1_204' title='bbox 786 1148 802 1183; x_wconf 83' lang='grc' dir='ltr'><strong>ἠ</strong></span> <span class='ocrx_word' id='word_1_205' title='bbox 820 1147 874 1175; x_wconf 81' lang='grc' dir='ltr'>τῶν</span> 
     </span>
    </p>
   </div>
   <div class='ocr_carea' id='block_1_27' title="bbox 88 1192 873 1230">
    <p class='ocr_par' dir='ltr' id='par_1_27' title="bbox 88 1192 873 1230">
     <span class='ocr_line' id='line_1_27' title="bbox 88 1192 873 1230; baseline 0 -10"><span class='ocrx_word' id='word_1_206' title='bbox 88 1193 164 1220; x_wconf 72' lang='grc' dir='ltr'>ὲθνῶν</span> <span class='ocrx_word' id='word_1_207' title='bbox 176 1193 338 1230; x_wconf 77' lang='grc' dir='ltr'>προσδοκία.</span> <span class='ocrx_word' id='word_1_208' title='bbox 357 1202 366 1219; x_wconf 72' lang='grc' dir='ltr'><strong>ι</strong></span> <span class='ocrx_word' id='word_1_209' title='bbox 387 1193 497 1229; x_wconf 76' lang='grc' dir='ltr'>Ἐπειδὴ</span> <span class='ocrx_word' id='word_1_210' title='bbox 516 1193 544 1220; x_wconf 80' lang='grc' dir='ltr'>δὲ</span> <span class='ocrx_word' id='word_1_211' title='bbox 563 1192 767 1229; x_wconf 79' lang='grc' dir='ltr'>κατεσκεδάσθη</span> <span class='ocrx_word' id='word_1_212' title='bbox 783 1193 830 1220; x_wconf 84' lang='grc' dir='ltr'>καὶ</span> <span class='ocrx_word' id='word_1_213' title='bbox 845 1193 873 1219; x_wconf 88' lang='lat' dir='ltr'><strong>tv</strong></span> 
     </span>
    </p>
   </div>
   <div class='ocr_carea' id='block_1_28' title="bbox 88 1239 873 1276">
    <p class='ocr_par' dir='ltr' id='par_1_28' title="bbox 88 1239 873 1276">
     <span class='ocr_line' id='line_1_28' title="bbox 88 1239 873 1276; baseline 0 -10"><span class='ocrx_word' id='word_1_214' title='bbox 88 1241 140 1271; x_wconf 73' lang='grc' dir='ltr'>ταῖς</span> <span class='ocrx_word' id='word_1_215' title='bbox 162 1240 249 1267; x_wconf 84' lang='grc' dir='ltr'>αὐτῶν</span> <span class='ocrx_word' id='word_1_216' title='bbox 266 1239 371 1276; x_wconf 83' lang='grc' dir='ltr'>χώραις</span> <span class='ocrx_word' id='word_1_217' title='bbox 394 1241 410 1276; x_wconf 84' lang='grc' dir='ltr'>ἡ</span> <span class='ocrx_word' id='word_1_218' title='bbox 431 1240 499 1275; x_wconf 71' lang='grc' dir='ltr'>πρὸς</span> <span class='ocrx_word' id='word_1_219' title='bbox 522 1239 627 1271; x_wconf 77' lang='grc' dir='ltr'>πάντας</span> <span class='ocrx_word' id='word_1_220' title='bbox 648 1240 776 1276; x_wconf 80' lang='grc' dir='ltr'>διαθήκη,</span> <span class='ocrx_word' id='word_1_221' title='bbox 791 1248 873 1266; x_wconf 78' lang='grc' dir='ltr'><strong>ιιτεπι⁴</strong></span> 
     </span>
    </p>
   </div>
   <div class='ocr_carea' id='block_1_29' title="bbox 89 1284 873 1322">
    <p class='ocr_par' dir='ltr' id='par_1_29' title="bbox 89 1284 873 1322">
     <span class='ocr_line' id='line_1_29' title="bbox 89 1284 873 1322; baseline 0.003 -11"><span class='ocrx_word' id='word_1_222' title='bbox 89 1284 221 1312; x_wconf 80' lang='grc' dir='ltr'>στεύκασιν</span> <span class='ocrx_word' id='word_1_223' title='bbox 236 1294 245 1310; x_wconf 81' lang='grc' dir='ltr'><strong>ι</strong></span> <span class='ocrx_word' id='word_1_224' title='bbox 259 1285 303 1312; x_wconf 80' lang='grc' dir='ltr'>ὅτι</span> <span class='ocrx_word' id='word_1_225' title='bbox 313 1285 390 1320; x_wconf 85' lang='grc' dir='ltr'>λόγος</span> <span class='ocrx_word' id='word_1_226' title='bbox 403 1285 504 1321; x_wconf 80' lang='grc' dir='ltr'>Κυρίου</span> <span class='ocrx_word' id='word_1_227' title='bbox 519 1285 588 1312; x_wconf 78' lang='grc' dir='ltr'>ἐστί.</span> <span class='ocrx_word' id='word_1_228' title='bbox 604 1295 613 1312; x_wconf 72' lang='grc' dir='ltr'><strong>ι</strong></span> <span class='ocrx_word' id='word_1_229' title='bbox 627 1286 807 1321; x_wconf 85' lang='grc' dir='ltr'>Διατιθέμεθα</span> <span class='ocrx_word' id='word_1_230' title='bbox 819 1286 873 1322; x_wconf 76' lang='grc' dir='ltr'><strong>γὰρ</strong></span> 
     </span>
    </p>
   </div>
   <div class='ocr_carea' id='block_1_30' title="bbox 89 1331 874 1368">
    <p class='ocr_par' dir='ltr' id='par_1_30' title="bbox 89 1331 874 1368">
     <span class='ocr_line' id='line_1_30' title="bbox 89 1331 874 1368; baseline 0 -10"><span class='ocrx_word' id='word_1_231' title='bbox 89 1333 109 1358; x_wconf 80' lang='lat' dir='ltr'><strong>ot</strong></span> <span class='ocrx_word' id='word_1_232' title='bbox 125 1331 151 1364; x_wconf 81' lang='grc' dir='ltr'>ἐξ</span> <span class='ocrx_word' id='word_1_233' title='bbox 165 1331 247 1358; x_wconf 77' lang='grc' dir='ltr'>ἐθνῶν</span> <span class='ocrx_word' id='word_1_234' title='bbox 264 1331 430 1367; x_wconf 76' lang='grc' dir='ltr'>κεκλημένοι</span> <span class='ocrx_word' id='word_1_235' title='bbox 444 1331 489 1358; x_wconf 81' lang='grc' dir='ltr'><strong>διὰ</strong></span> <span class='ocrx_word' id='word_1_236' title='bbox 505 1332 556 1367; x_wconf 80' lang='grc' dir='ltr'>τῆς</span> <span class='ocrx_word' id='word_1_237' title='bbox 570 1331 699 1364; x_wconf 83' lang='grc' dir='ltr'>πίστεως,</span> <span class='ocrx_word' id='word_1_238' title='bbox 714 1332 755 1358; x_wconf 83' lang='grc' dir='ltr'>ὅτι</span> <span class='ocrx_word' id='word_1_239' title='bbox 772 1332 874 1368; x_wconf 84' lang='grc' dir='ltr'>Κύριος</span> 
     </span>
    </p>
   </div>
   <div class='ocr_carea' id='block_1_31' title="bbox 89 1377 874 1413">
    <p class='ocr_par' dir='ltr' id='par_1_31' title="bbox 89 1377 874 1413">
     <span class='ocr_line' id='line_1_31' title="bbox 89 1377 874 1413; baseline -0.001 -8"><span class='ocrx_word' id='word_1_240' title='bbox 89 1378 128 1408; x_wconf 84' lang='grc' dir='ltr'>ὢν,</span> <span class='ocrx_word' id='word_1_241' title='bbox 147 1379 190 1405; x_wconf 75' lang='grc' dir='ltr'>καὶ</span> <span class='ocrx_word' id='word_1_242' title='bbox 211 1379 244 1405; x_wconf 77' lang='lat' dir='ltr'><strong>tz</strong></span> <span class='ocrx_word' id='word_1_243' title='bbox 270 1378 340 1405; x_wconf 85' lang='grc' dir='ltr'><strong>Θεοῦ</strong></span> <span class='ocrx_word' id='word_1_244' title='bbox 366 1377 436 1405; x_wconf 84' lang='grc' dir='ltr'>κατὰ</span> <span class='ocrx_word' id='word_1_245' title='bbox 459 1377 541 1412; x_wconf 79' lang='grc' dir='ltr'>φύσιν</span> <span class='ocrx_word' id='word_1_246' title='bbox 558 1378 757 1413; x_wconf 83' lang='grc' dir='ltr'>γεγεννημένος</span> <span class='ocrx_word' id='word_1_247' title='bbox 776 1386 807 1404; x_wconf 84' lang='grc' dir='ltr'><strong>τε</strong></span> <span class='ocrx_word' id='word_1_248' title='bbox 827 1378 874 1404; x_wconf 75' lang='grc' dir='ltr'>καὶ</span> 
     </span>
    </p>
   </div>
   <div class='ocr_carea' id='block_1_32' title="bbox 88 1422 875 1459">
    <p class='ocr_par' dir='ltr' id='par_1_32' title="bbox 88 1422 875 1459">
     <span class='ocr_line' id='line_1_32' title="bbox 88 1422 875 1459; baseline 0 -10"><span class='ocrx_word' id='word_1_249' title='bbox 88 1423 208 1458; x_wconf 75' lang='grc' dir='ltr'>ὑπάρχων</span> <span class='ocrx_word' id='word_1_250' title='bbox 220 1424 234 1450; x_wconf 89' lang='grc' dir='ltr'><strong>ό</strong></span> <span class='ocrx_word' id='word_1_251' title='bbox 245 1423 398 1459; x_wconf 78' lang='grc' dir='ltr'>μονογενὴς</span> <span class='ocrx_word' id='word_1_252' title='bbox 411 1424 458 1449; x_wconf 85' lang='grc' dir='ltr'>τοῦ</span> <span class='ocrx_word' id='word_1_253' title='bbox 471 1423 539 1449; x_wconf 79' lang='grc' dir='ltr'>Θεοῦ</span> <span class='ocrx_word' id='word_1_254' title='bbox 552 1422 649 1457; x_wconf 84' lang='grc' dir='ltr'>Λόγος,</span> <span class='ocrx_word' id='word_1_255' title='bbox 659 1422 741 1454; x_wconf 82' lang='grc' dir='ltr'>αὐτὸς</span> <span class='ocrx_word' id='word_1_256' title='bbox 751 1423 824 1458; x_wconf 75' lang='grc' dir='ltr'>ἡμᾶς</span> <span class='ocrx_word' id='word_1_257' title='bbox 834 1422 860 1449; x_wconf 85' lang='grc' dir='ltr'><strong>δι</strong></span> <span class='ocrx_word' id='word_1_258' title='bbox 867 1422 875 1433; x_wconf 94' lang='lat'><strong>&#39;</strong></span> 
     </span>
    </p>
   </div>
   <div class='ocr_carea' id='block_1_33' title="bbox 88 1467 888 1502">
    <p class='ocr_par' dir='ltr' id='par_1_33' title="bbox 88 1467 888 1502">
     <span class='ocr_line' id='line_1_33' title="bbox 88 1467 888 1502; baseline -0.001 -8"><span class='ocrx_word' id='word_1_259' title='bbox 88 1468 176 1494; x_wconf 69' lang='lat' dir='ltr'><strong>tauro-3</strong></span> <span class='ocrx_word' id='word_1_260' title='bbox 189 1469 252 1500; x_wconf 79' lang='grc' dir='ltr'>τοὺς</span> <span class='ocrx_word' id='word_1_261' title='bbox 272 1468 363 1500; x_wconf 84' lang='grc' dir='ltr'>θείους</span> <span class='ocrx_word' id='word_1_262' title='bbox 380 1477 410 1494; x_wconf 82' lang='grc' dir='ltr'><strong>τε</strong></span> <span class='ocrx_word' id='word_1_263' title='bbox 435 1468 481 1495; x_wconf 75' lang='grc' dir='ltr'>καὶ</span> <span class='ocrx_word' id='word_1_264' title='bbox 495 1467 689 1502; x_wconf 77' lang='grc' dir='ltr'>εὖαγγελικοὺς</span> <span class='ocrx_word' id='word_1_265' title='bbox 708 1467 888 1501; x_wconf 71' lang='grc' dir='ltr'>προσπεφώ-’</span> 
     </span>
    </p>
   </div>
   <div class='ocr_carea' id='block_1_34' title="bbox 88 1512 907 1561">
    <p class='ocr_par' dir='ltr' id='par_1_34' title="bbox 88 1512 907 1561">
     <span class='ocr_line' id='line_1_34' title="bbox 88 1512 907 1561; baseline -0.001 -21"><span class='ocrx_word' id='word_1_266' title='bbox 88 1522 147 1549; x_wconf 80' lang='grc' dir='ltr'>νηκε</span> <span class='ocrx_word' id='word_1_267' title='bbox 161 1513 264 1548; x_wconf 85' lang='grc' dir='ltr'>λόγους.</span> <span class='ocrx_word' id='word_1_268' title='bbox 284 1513 419 1549; x_wconf 74' lang='grc' dir='ltr'>Ταύτητοι</span> <span class='ocrx_word' id='word_1_269' title='bbox 441 1513 705 1548; x_wconf 81' lang='grc' dir='ltr'>προσκεκυνήκαμεν</span> <span class='ocrx_word' id='word_1_270' title='bbox 725 1512 810 1547; x_wconf 84' lang='grc' dir='ltr'>αὐτῷ,</span> <span class='ocrx_word' id='word_1_271' title='bbox 825 1512 873 1539; x_wconf 77' lang='grc' dir='ltr'><strong>καὶ</strong></span> <span class='ocrx_word' id='word_1_272' title='bbox 886 1532 907 1561; x_wconf 76' lang='lat' dir='ltr'><strong>c</strong></span> 
     </span>
    </p>
   </div>
   <div class='ocr_carea' id='block_1_35' title="bbox 89 1557 873 1594">
    <p class='ocr_par' dir='ltr' id='par_1_35' title="bbox 89 1557 873 1594">
     <span class='ocr_line' id='line_1_35' title="bbox 89 1557 873 1594; baseline -0.001 -9"><span class='ocrx_word' id='word_1_273' title='bbox 89 1559 153 1593; x_wconf 78' lang='grc' dir='ltr'>αὑτῷ</span> <span class='ocrx_word' id='word_1_274' title='bbox 175 1558 355 1594; x_wconf 85' lang='grc' dir='ltr'>λατρεύομεν,</span> <span class='ocrx_word' id='word_1_275' title='bbox 371 1558 420 1593; x_wconf 84' lang='grc' dir='ltr'>τὴν</span> <span class='ocrx_word' id='word_1_276' title='bbox 443 1557 560 1593; x_wconf 85' lang='grc' dir='ltr'>ἀρχαίαν</span> <span class='ocrx_word' id='word_1_277' title='bbox 582 1557 691 1593; x_wconf 84' lang='grc' dir='ltr'>ὲκείνην</span> <span class='ocrx_word' id='word_1_278' title='bbox 718 1558 764 1584; x_wconf 78' lang='grc' dir='ltr'>καὶ</span> <span class='ocrx_word' id='word_1_279' title='bbox 787 1557 873 1584; x_wconf 79' lang='grc' dir='ltr'>ἀκλεᾶ</span> 
     </span>
    </p>
   </div>
   <div class='ocr_carea' id='block_1_36' title="bbox 91 1602 874 1639">
    <p class='ocr_par' dir='ltr' id='par_1_36' title="bbox 91 1602 874 1639">
     <span class='ocr_line' id='line_1_36' title="bbox 91 1602 874 1639; baseline -0.001 -9"><span class='ocrx_word' id='word_1_280' title='bbox 91 1603 206 1639; x_wconf 78' lang='grc' dir='ltr'>μεθέντες</span> <span class='ocrx_word' id='word_1_281' title='bbox 219 1604 339 1638; x_wconf 80' lang='grc' dir='ltr'>ἀπάτην,</span> <span class='ocrx_word' id='word_1_282' title='bbox 348 1603 395 1630; x_wconf 71' lang='grc' dir='ltr'><strong>κιιῖ¹</strong></span> <span class='ocrx_word' id='word_1_283' title='bbox 409 1603 458 1639; x_wconf 79' lang='grc' dir='ltr'><strong>τὴν</strong></span> <span class='ocrx_word' id='word_1_284' title='bbox 473 1602 604 1630; x_wconf 79' lang='grc' dir='ltr'>πολύθεΟν</span> <span class='ocrx_word' id='word_1_285' title='bbox 614 1602 671 1636; x_wconf 63' lang='grc' dir='ltr'>ἕξιν</span> <span class='ocrx_word' id='word_1_286' title='bbox 684 1603 874 1638; x_wconf 78' lang='grc' dir='ltr'>μεταδεδιδαγ-</span> 
     </span>
    </p>
   </div>
   <div class='ocr_carea' id='block_1_37' title="bbox 90 1647 875 1686">
    <p class='ocr_par' dir='ltr' id='par_1_37' title="bbox 90 1647 875 1686">
     <span class='ocr_line' id='line_1_37' title="bbox 90 1647 875 1686; baseline -0.001 -9"><span class='ocrx_word' id='word_1_287' title='bbox 90 1649 164 1685; x_wconf 74' lang='grc' dir='ltr'>μένοι.</span> <span class='ocrx_word' id='word_1_288' title='bbox 184 1651 238 1677; x_wconf 77' lang='grc' dir='ltr'><strong>Καὶ</strong></span> <span class='ocrx_word' id='word_1_289' title='bbox 260 1650 343 1676; x_wconf 75' lang='grc' dir='ltr'>τοῦτο</span> <span class='ocrx_word' id='word_1_290' title='bbox 372 1647 406 1686; x_wconf 72' lang='grc' dir='ltr'>ἦν</span> <span class='ocrx_word' id='word_1_291' title='bbox 428 1649 482 1685; x_wconf 82' lang='grc' dir='ltr'>ἄρα</span> <span class='ocrx_word' id='word_1_292' title='bbox 505 1649 535 1675; x_wconf 81' lang='grc' dir='ltr'><strong>τὸ</strong></span> <span class='ocrx_word' id='word_1_293' title='bbox 559 1649 603 1676; x_wconf 82' lang='grc' dir='ltr'><strong>διὰ</strong></span> <span class='ocrx_word' id='word_1_294' title='bbox 619 1650 710 1685; x_wconf 82' lang='grc' dir='ltr'>φωνῆς</span> <span class='ocrx_word' id='word_1_295' title='bbox 727 1649 775 1676; x_wconf 77' lang='grc' dir='ltr'>τοῦ</span> <span class='ocrx_word' id='word_1_296' title='bbox 791 1649 875 1676; x_wconf 76' lang='grc' dir='ltr'><strong>Δαὸὶδ</strong></span> 
     </span>
    </p>
   </div>
   <div class='ocr_carea' id='block_1_38' title="bbox 91 1695 874 1733">
    <p class='ocr_par' dir='ltr' id='par_1_38' title="bbox 91 1695 874 1733">
     <span class='ocr_line' id='line_1_38' title="bbox 91 1695 874 1733; baseline 0 -11"><span class='ocrx_word' id='word_1_297' title='bbox 91 1697 149 1732; x_wconf 63' lang='grc' dir='ltr'>πρὸς</span> <span class='ocrx_word' id='word_1_298' title='bbox 159 1697 235 1724; x_wconf 77' lang='grc' dir='ltr'>αὐτὸν</span> <span class='ocrx_word' id='word_1_299' title='bbox 246 1697 417 1733; x_wconf 80' lang='grc' dir='ltr'>ὑμνούμενον</span> <span class='ocrx_word' id='word_1_300' title='bbox 429 1704 436 1711; x_wconf 93' lang='grc'><strong>·</strong></span> <span class='ocrx_word' id='word_1_301' title='bbox 456 1706 464 1722; x_wconf 84' lang='grc' dir='ltr'><strong>ι</strong></span> <span class='ocrx_word' id='word_1_302' title='bbox 479 1695 572 1723; x_wconf 82' lang='grc' dir='ltr'>Πάντα</span> <span class='ocrx_word' id='word_1_303' title='bbox 589 1696 624 1723; x_wconf 83' lang='grc' dir='ltr'><strong>τὰ</strong></span> <span class='ocrx_word' id='word_1_304' title='bbox 639 1695 703 1731; x_wconf 78' lang='grc' dir='ltr'>ἔθνη</span> <span class='ocrx_word' id='word_1_305' title='bbox 718 1696 767 1722; x_wconf 85' lang='grc' dir='ltr'>ὃσα</span> <span class='ocrx_word' id='word_1_306' title='bbox 779 1695 874 1730; x_wconf 76' lang='grc' dir='ltr'>ἐποίη-</span> 
     </span>
    </p>
   </div>
   <div class='ocr_carea' id='block_1_39' title="bbox 930 231 1719 267">
    <p class='ocr_par' dir='ltr' id='par_1_39' title="bbox 930 231 1719 267">
     <span class='ocr_line' id='line_1_39' title="bbox 930 231 1719 267; baseline 0.004 -10"><span class='ocrx_word' id='word_1_307' title='bbox 930 231 1086 258; x_wconf 73' lang='lat' dir='ltr'><strong>conculeato</strong></span> <span class='ocrx_word' id='word_1_308' title='bbox 1097 233 1198 258; x_wconf 83' lang='lat' dir='ltr'><strong>.mortis</strong></span> <span class='ocrx_word' id='word_1_309' title='bbox 1214 233 1327 267; x_wconf 85' lang='lat' dir='ltr'><strong>imperio</strong></span> <span class='ocrx_word' id='word_1_310' title='bbox 1345 234 1370 260; x_wconf 93' lang='lat' dir='ltr'><strong>in</strong></span> <span class='ocrx_word' id='word_1_311' title='bbox 1390 234 1472 260; x_wconf 88' lang='lat' dir='ltr'><strong>vitam</strong></span> <span class='ocrx_word' id='word_1_312' title='bbox 1487 234 1612 261; x_wconf 73' lang='lat' dir='ltr'><strong>Christus</strong></span> <span class='ocrx_word' id='word_1_313' title='bbox 1633 234 1719 260; x_wconf 82' lang='lat' dir='ltr'><strong>redie-</strong></span> 
     </span>
    </p>
   </div>
   <div class='ocr_carea' id='block_1_40' title="bbox 931 277 1717 313">
    <p class='ocr_par' dir='ltr' id='par_1_40' title="bbox 931 277 1717 313">
     <span class='ocr_line' id='line_1_40' title="bbox 931 277 1717 313; baseline 0.005 -11"><span class='ocrx_word' id='word_1_314' title='bbox 931 277 975 307; x_wconf 86' lang='lat' dir='ltr'><strong>rit,</strong></span> <span class='ocrx_word' id='word_1_315' title='bbox 992 278 1213 312; x_wconf 75' lang='lat' dir='ltr'><strong>manilaveritrlue</strong></span> <span class='ocrx_word' id='word_1_316' title='bbox 1227 280 1355 313; x_wconf 76' lang='lat' dir='ltr'><strong>apostolis</strong></span> <span class='ocrx_word' id='word_1_317' title='bbox 1373 289 1379 306; x_wconf 87' lang='lat'>:</span> <span class='ocrx_word' id='word_1_318' title='bbox 1399 289 1408 305; x_wconf 85' lang='lat'><strong>(</strong></span> <span class='ocrx_word' id='word_1_319' title='bbox 1431 280 1531 307; x_wconf 86' lang='lat' dir='ltr'><strong>Euntcs</strong></span> <span class='ocrx_word' id='word_1_320' title='bbox 1548 280 1641 306; x_wconf 80' lang='lat' dir='ltr'><strong>docete</strong></span> <span class='ocrx_word' id='word_1_321' title='bbox 1657 287 1717 306; x_wconf 70' lang='lat' dir='ltr'><strong>our~</strong></span> 
     </span>
    </p>
   </div>
   <div class='ocr_carea' id='block_1_41' title="bbox 929 323 1718 358">
    <p class='ocr_par' dir='ltr' id='par_1_41' title="bbox 929 323 1718 358">
     <span class='ocr_line' id='line_1_41' title="bbox 929 323 1718 358; baseline 0.004 -10"><span class='ocrx_word' id='word_1_322' title='bbox 929 329 978 349; x_wconf 86' lang='lat' dir='ltr'><strong>nes</strong></span> <span class='ocrx_word' id='word_1_323' title='bbox 994 326 1098 356; x_wconf 73' lang='lat' dir='ltr'><strong>gcntcs,</strong></span> <span class='ocrx_word' id='word_1_324' title='bbox 1116 323 1286 358; x_wconf 80' lang='lat' dir='ltr'><strong>huptizantes</strong></span> <span class='ocrx_word' id='word_1_325' title='bbox 1301 333 1347 352; x_wconf 77' lang='lat' dir='ltr'><strong>eas</strong></span> <span class='ocrx_word' id='word_1_326' title='bbox 1367 326 1394 353; x_wconf 91' lang='lat' dir='ltr'><strong>in</strong></span> <span class='ocrx_word' id='word_1_327' title='bbox 1428 326 1537 352; x_wconf 80' lang='lat' dir='ltr'><strong>nomine</strong></span> <span class='ocrx_word' id='word_1_328' title='bbox 1568 325 1667 358; x_wconf 77' lang='lat' dir='ltr'><strong>Putris,</strong></span> <span class='ocrx_word' id='word_1_329' title='bbox 1691 331 1718 351; x_wconf 89' lang='lat' dir='ltr'><strong>et</strong></span> 
     </span>
    </p>
   </div>
   <div class='ocr_carea' id='block_1_42' title="bbox 929 367 1718 403">
    <p class='ocr_par' dir='ltr' id='par_1_42' title="bbox 929 367 1718 403">
     <span class='ocr_line' id='line_1_42' title="bbox 929 367 1718 403; baseline 0.004 -9"><span class='ocrx_word' id='word_1_330' title='bbox 929 367 1000 399; x_wconf 81' lang='lat' dir='ltr'><strong>Filii,</strong></span> <span class='ocrx_word' id='word_1_331' title='bbox 1015 373 1040 395; x_wconf 89' lang='lat' dir='ltr'><strong>et</strong></span> <span class='ocrx_word' id='word_1_332' title='bbox 1061 368 1179 403; x_wconf 78' lang='lat' dir='ltr'><strong>Spiritus</strong></span> <span class='ocrx_word' id='word_1_333' title='bbox 1196 371 1325 398; x_wconf 70' lang='lat' dir='ltr'><strong>sancti”.</strong></span> <span class='ocrx_word' id='word_1_334' title='bbox 1345 381 1353 397; x_wconf 88' lang='lat' dir='ltr'><strong>I</strong></span> <span class='ocrx_word' id='word_1_335' title='bbox 1374 371 1449 398; x_wconf 90' lang='lat' dir='ltr'><strong>Tuuc</strong></span> <span class='ocrx_word' id='word_1_336' title='bbox 1473 371 1544 398; x_wconf 79' lang='lat' dir='ltr'><strong>enim</strong></span> <span class='ocrx_word' id='word_1_337' title='bbox 1561 375 1644 398; x_wconf 88' lang='lat' dir='ltr'><strong>totum</strong></span> <span class='ocrx_word' id='word_1_338' title='bbox 1668 371 1718 397; x_wconf 85' lang='lat' dir='ltr'><strong>sub</strong></span> 
     </span>
    </p>
   </div>
   <div class='ocr_carea' id='block_1_43' title="bbox 928 413 1718 450">
    <p class='ocr_par' dir='ltr' id='par_1_43' title="bbox 928 413 1718 450">
     <span class='ocr_line' id='line_1_43' title="bbox 928 413 1718 450; baseline 0.005 -11"><span class='ocrx_word' id='word_1_339' title='bbox 928 413 984 440; x_wconf 85' lang='lat' dir='ltr'><strong>sole</strong></span> <span class='ocrx_word' id='word_1_340' title='bbox 1002 414 1130 440; x_wconf 87' lang='lat' dir='ltr'><strong>mundum</strong></span> <span class='ocrx_word' id='word_1_341' title='bbox 1152 421 1242 442; x_wconf 81' lang='lat' dir='ltr'><strong>sermo</strong></span> <span class='ocrx_word' id='word_1_342' title='bbox 1258 415 1405 442; x_wconf 81' lang='lat' dir='ltr'><strong>Salvatoris</strong></span> <span class='ocrx_word' id='word_1_343' title='bbox 1420 417 1504 443; x_wconf 84' lang='lat' dir='ltr'><strong>nostri</strong></span> <span class='ocrx_word' id='word_1_344' title='bbox 1525 417 1642 450; x_wconf 75' lang='lat' dir='ltr'><strong>pervasit</strong></span> <span class='ocrx_word' id='word_1_345' title='bbox 1659 426 1666 449; x_wconf 75' lang='lat'><strong>;</strong></span> <span class='ocrx_word' id='word_1_346' title='bbox 1691 421 1718 443; x_wconf 83' lang='lat' dir='ltr'><strong>et</strong></span> 
     </span>
    </p>
   </div>
   <div class='ocr_carea' id='block_1_44' title="bbox 928 459 1716 496">
    <p class='ocr_par' dir='ltr' id='par_1_44' title="bbox 928 459 1716 496">
     <span class='ocr_line' id='line_1_44' title="bbox 928 459 1716 496; baseline 0.004 -11"><span class='ocrx_word' id='word_1_347' title='bbox 928 464 955 486; x_wconf 91' lang='lat' dir='ltr'><strong>ut</strong></span> <span class='ocrx_word' id='word_1_348' title='bbox 973 466 1066 486; x_wconf 81' lang='lat' dir='ltr'><strong>verum</strong></span> <span class='ocrx_word' id='word_1_349' title='bbox 1082 459 1115 486; x_wconf 89' lang='lat' dir='ltr'><strong>de</strong></span> <span class='ocrx_word' id='word_1_350' title='bbox 1133 461 1234 488; x_wconf 85' lang='lat' dir='ltr'><strong>sanctis</strong></span> <span class='ocrx_word' id='word_1_351' title='bbox 1249 462 1377 496; x_wconf 56' lang='lat' dir='ltr'><strong>apozytolis</strong></span> <span class='ocrx_word' id='word_1_352' title='bbox 1393 463 1528 490; x_wconf 83' lang='lat' dir='ltr'><strong>dicamus:</strong></span> <span class='ocrx_word' id='word_1_353' title='bbox 1543 472 1552 488; x_wconf 80' lang='grc' dir='ltr'><strong>ι</strong></span> <span class='ocrx_word' id='word_1_354' title='bbox 1571 461 1598 488; x_wconf 94' lang='lat' dir='ltr'><strong>In</strong></span> <span class='ocrx_word' id='word_1_355' title='bbox 1610 470 1716 489; x_wconf 91' lang='lat' dir='ltr'><strong>omnem</strong></span> 
     </span>
    </p>
   </div>
   <div class='ocr_carea' id='block_1_45' title="bbox 929 505 1717 542">
    <p class='ocr_par' dir='ltr' id='par_1_45' title="bbox 929 505 1717 542">
     <span class='ocr_line' id='line_1_45' title="bbox 929 505 1717 542; baseline 0.005 -11"><span class='ocrx_word' id='word_1_356' title='bbox 929 510 1027 531; x_wconf 85' lang='lat' dir='ltr'><strong>terram</strong></span> <span class='ocrx_word' id='word_1_357' title='bbox 1044 505 1129 532; x_wconf 79' lang='lat' dir='ltr'><strong>exivit</strong></span> <span class='ocrx_word' id='word_1_358' title='bbox 1146 513 1229 533; x_wconf 87' lang='lat' dir='ltr'><strong>sonus</strong></span> <span class='ocrx_word' id='word_1_359' title='bbox 1250 515 1354 542; x_wconf 65' lang='lat' dir='ltr'><strong>eorum,</strong></span> <span class='ocrx_word' id='word_1_360' title='bbox 1369 512 1397 535; x_wconf 88' lang='lat' dir='ltr'><strong>et</strong></span> <span class='ocrx_word' id='word_1_361' title='bbox 1411 507 1436 535; x_wconf 95' lang='lat' dir='ltr'><strong>in</strong></span> <span class='ocrx_word' id='word_1_362' title='bbox 1456 515 1550 534; x_wconf 82' lang='lat' dir='ltr'><strong>omnes</strong></span> <span class='ocrx_word' id='word_1_363' title='bbox 1565 508 1631 535; x_wconf 87' lang='lat' dir='ltr'><strong>lines</strong></span> <span class='ocrx_word' id='word_1_364' title='bbox 1644 508 1717 535; x_wconf 83' lang='lat' dir='ltr'><strong>orbis</strong></span> 
     </span>
    </p>
   </div>
   <div class='ocr_carea' id='block_1_46' title="bbox 928 549 1717 588">
    <p class='ocr_par' dir='ltr' id='par_1_46' title="bbox 928 549 1717 588">
     <span class='ocr_line' id='line_1_46' title="bbox 928 549 1717 588; baseline 0.004 -12"><span class='ocrx_word' id='word_1_365' title='bbox 928 554 1006 576; x_wconf 77' lang='lat' dir='ltr'><strong>terra:</strong></span> <span class='ocrx_word' id='word_1_366' title='bbox 1021 549 1100 576; x_wconf 79' lang='lat' dir='ltr'><strong>verba</strong></span> <span class='ocrx_word' id='word_1_367' title='bbox 1119 557 1213 577; x_wconf 89' lang='lat' dir='ltr'><strong>eorum</strong></span> <span class='ocrx_word' id='word_1_368' title='bbox 1231 551 1267 578; x_wconf 83' lang='grc' dir='ltr'><strong>ί.)</strong></span> <span class='ocrx_word' id='word_1_369' title='bbox 1291 551 1349 579; x_wconf 83' lang='grc' dir='ltr'>Νοιι</span> <span class='ocrx_word' id='word_1_370' title='bbox 1366 556 1454 579; x_wconf 85' lang='lat' dir='ltr'><strong>autem</strong></span> <span class='ocrx_word' id='word_1_371' title='bbox 1468 552 1525 580; x_wconf 83' lang='lat' dir='ltr'><strong>sine</strong></span> <span class='ocrx_word' id='word_1_372' title='bbox 1535 553 1654 588; x_wconf 76' lang='lat' dir='ltr'><strong>gentium</strong></span> <span class='ocrx_word' id='word_1_373' title='bbox 1664 552 1717 579; x_wconf 86' lang='lat' dir='ltr'><strong>l&#39;ru-</strong></span> 
     </span>
    </p>
   </div>
   <div class='ocr_carea' id='block_1_47' title="bbox 927 595 1718 632">
    <p class='ocr_par' dir='ltr' id='par_1_47' title="bbox 927 595 1718 632">
     <span class='ocr_line' id='line_1_47' title="bbox 927 595 1718 632; baseline 0.005 -12"><span class='ocrx_word' id='word_1_374' title='bbox 927 600 983 628; x_wconf 85' lang='lat' dir='ltr'><strong>ctu,</strong></span> <span class='ocrx_word' id='word_1_375' title='bbox 999 595 1145 630; x_wconf 66' lang='lat' dir='ltr'><strong>proiectam</strong></span> <span class='ocrx_word' id='word_1_376' title='bbox 1162 601 1189 623; x_wconf 90' lang='lat' dir='ltr'><strong>ct</strong></span> <span class='ocrx_word' id='word_1_377' title='bbox 1212 604 1260 630; x_wconf 88' lang='lat' dir='ltr'><strong>per</strong></span> <span class='ocrx_word' id='word_1_378' title='bbox 1278 601 1377 625; x_wconf 80' lang='lat' dir='ltr'><strong>terram</strong></span> <span class='ocrx_word' id='word_1_379' title='bbox 1405 598 1572 632; x_wconf 83' lang='lat' dir='ltr'><strong>dissipatam,</strong></span> <span class='ocrx_word' id='word_1_380' title='bbox 1597 598 1654 625; x_wconf 81' lang='lat' dir='ltr'><strong>sive</strong></span> <span class='ocrx_word' id='word_1_381' title='bbox 1671 605 1718 632; x_wconf 85' lang='lat' dir='ltr'><strong>per</strong></span> 
     </span>
    </p>
   </div>
   <div class='ocr_carea' id='block_1_48' title="bbox 927 642 1716 678">
    <p class='ocr_par' dir='ltr' id='par_1_48' title="bbox 927 642 1716 678">
     <span class='ocr_line' id='line_1_48' title="bbox 927 642 1716 678; baseline 0.005 -12"><span class='ocrx_word' id='word_1_382' title='bbox 927 647 1017 668; x_wconf 85' lang='lat' dir='ltr'><strong>eurum</strong></span> <span class='ocrx_word' id='word_1_383' title='bbox 1032 642 1158 676; x_wconf 78' lang='lat' dir='ltr'><strong>regiones</strong></span> <span class='ocrx_word' id='word_1_384' title='bbox 1176 643 1348 670; x_wconf 73' lang='lat' dir='ltr'><strong>distributum</strong></span> <span class='ocrx_word' id='word_1_385' title='bbox 1362 651 1423 671; x_wconf 85' lang='lat' dir='ltr'><strong>esse</strong></span> <span class='ocrx_word' id='word_1_386' title='bbox 1450 644 1553 678; x_wconf 76' lang='lat' dir='ltr'><strong>virgam</strong></span> <span class='ocrx_word' id='word_1_387' title='bbox 1576 643 1716 678; x_wconf 80' lang='lat' dir='ltr'><strong>pulchram</strong></span> 
     </span>
    </p>
   </div>
   <div class='ocr_carea' id='block_1_49' title="bbox 926 686 1715 725">
    <p class='ocr_par' dir='ltr' id='par_1_49' title="bbox 926 686 1715 725">
     <span class='ocr_line' id='line_1_49' title="bbox 926 686 1715 725; baseline 0.003 -11"><span class='ocrx_word' id='word_1_388' title='bbox 926 687 984 714; x_wconf 83' lang='lat' dir='ltr'><strong>sive</strong></span> <span class='ocrx_word' id='word_1_389' title='bbox 992 686 1205 720; x_wconf 77' lang='lat' dir='ltr'><strong>Testamentum,</strong></span> <span class='ocrx_word' id='word_1_390' title='bbox 1215 690 1285 723; x_wconf 86' lang='lat' dir='ltr'><strong>quod</strong></span> <span class='ocrx_word' id='word_1_391' title='bbox 1302 697 1353 717; x_wconf 90' lang='lat' dir='ltr'><strong>non</strong></span> <span class='ocrx_word' id='word_1_392' title='bbox 1367 690 1612 725; x_wconf 79' lang='lat' dir='ltr'><strong>atnpliusadsolum</strong></span> <span class='ocrx_word' id='word_1_393' title='bbox 1623 689 1715 723; x_wconf 80' lang='lat' dir='ltr'><strong>Israel,</strong></span> 
     </span>
    </p>
   </div>
   <div class='ocr_carea' id='block_1_50' title="bbox 926 733 1717 771">
    <p class='ocr_par' dir='ltr' id='par_1_50' title="bbox 926 733 1717 771">
     <span class='ocr_line' id='line_1_50' title="bbox 926 733 1717 771; baseline 0.004 -12"><span class='ocrx_word' id='word_1_394' title='bbox 926 733 973 760; x_wconf 88' lang='lat' dir='ltr'><strong>sed</strong></span> <span class='ocrx_word' id='word_1_395' title='bbox 989 733 1021 759; x_wconf 86' lang='lat' dir='ltr'><strong>ad</strong></span> <span class='ocrx_word' id='word_1_396' title='bbox 1040 740 1134 760; x_wconf 82' lang='lat' dir='ltr'><strong>omnes</strong></span> <span class='ocrx_word' id='word_1_397' title='bbox 1151 740 1245 767; x_wconf 83' lang='lat' dir='ltr'><strong>gentes</strong></span> <span class='ocrx_word' id='word_1_398' title='bbox 1268 735 1357 769; x_wconf 86' lang='lat' dir='ltr'><strong>potius</strong></span> <span class='ocrx_word' id='word_1_399' title='bbox 1372 736 1514 770; x_wconf 83' lang='lat' dir='ltr'><strong>disposuit,</strong></span> <span class='ocrx_word' id='word_1_400' title='bbox 1524 737 1597 763; x_wconf 83' lang='lat' dir='ltr'><strong>nullo</strong></span> <span class='ocrx_word' id='word_1_401' title='bbox 1610 736 1717 771; x_wconf 82' lang='lat' dir='ltr'><strong>negotio</strong></span> 
     </span>
    </p>
   </div>
   <div class='ocr_carea' id='block_1_51' title="bbox 926 778 1715 817">
    <p class='ocr_par' dir='ltr' id='par_1_51' title="bbox 926 778 1715 817">
     <span class='ocr_line' id='line_1_51' title="bbox 926 778 1715 817; baseline 0.006 -13"><span class='ocrx_word' id='word_1_402' title='bbox 926 785 959 805; x_wconf 78' lang='lat' dir='ltr'><strong>ex</strong></span> <span class='ocrx_word' id='word_1_403' title='bbox 980 778 1158 814; x_wconf 76' lang='lat' dir='ltr'><strong>intelligentia</strong></span> <span class='ocrx_word' id='word_1_404' title='bbox 1181 781 1324 808; x_wconf 76' lang='lat' dir='ltr'><strong>verborum</strong></span> <span class='ocrx_word' id='word_1_405' title='bbox 1356 782 1494 816; x_wconf 66' lang='lat' dir='ltr'><strong>prophetae</strong></span> <span class='ocrx_word' id='word_1_406' title='bbox 1513 782 1715 817; x_wconf 81' lang='lat' dir='ltr'><strong>perspiciemus.</strong></span> 
     </span>
    </p>
   </div>
   <div class='ocr_carea' id='block_1_52' title="bbox 925 823 1713 862">
    <p class='ocr_par' dir='ltr' id='par_1_52' title="bbox 925 823 1713 862">
     <span class='ocr_line' id='line_1_52' title="bbox 925 823 1713 862; baseline 0.006 -12"><span class='ocrx_word' id='word_1_407' title='bbox 925 824 970 851; x_wconf 81' lang='lat' dir='ltr'><strong>Ait</strong></span> <span class='ocrx_word' id='word_1_408' title='bbox 985 823 1056 851; x_wconf 89' lang='lat' dir='ltr'><strong>enim</strong></span> <span class='ocrx_word' id='word_1_409' title='bbox 1072 833 1079 851; x_wconf 89' lang='lat'><strong>:</strong></span> <span class='ocrx_word' id='word_1_410' title='bbox 1098 834 1107 850; x_wconf 86' lang='grc' dir='ltr'><strong>ι</strong></span> <span class='ocrx_word' id='word_1_411' title='bbox 1128 824 1161 851; x_wconf 86' lang='grc' dir='ltr'><strong>Ει</strong></span> <span class='ocrx_word' id='word_1_412' title='bbox 1175 831 1338 859; x_wconf 83' lang='lat' dir='ltr'><strong>cognoscent</strong></span> <span class='ocrx_word' id='word_1_413' title='bbox 1350 827 1495 854; x_wconf 73' lang='lat' dir='ltr'><strong>Chananzei</strong></span> <span class='ocrx_word' id='word_1_414' title='bbox 1510 835 1574 855; x_wconf 77' lang='lat' dir='ltr'><strong>oves</strong></span> <span class='ocrx_word' id='word_1_415' title='bbox 1588 835 1647 862; x_wconf 83' lang='lat' dir='ltr'><strong>qua:</strong></span> <span class='ocrx_word' id='word_1_416' title='bbox 1662 828 1713 855; x_wconf 90' lang='lat' dir='ltr'><strong>ob-</strong></span> 
     </span>
    </p>
   </div>
   <div class='ocr_carea' id='block_1_53' title="bbox 925 871 1715 906">
    <p class='ocr_par' dir='ltr' id='par_1_53' title="bbox 925 871 1715 906">
     <span class='ocr_line' id='line_1_53' title="bbox 925 871 1715 906; baseline 0.006 -10"><span class='ocrx_word' id='word_1_417' title='bbox 925 875 1034 897; x_wconf 83' lang='lat' dir='ltr'><strong>servant</strong></span> <span class='ocrx_word' id='word_1_418' title='bbox 1050 878 1102 903; x_wconf 87' lang='lat' dir='ltr'><strong>me,</strong></span> <span class='ocrx_word' id='word_1_419' title='bbox 1117 871 1179 906; x_wconf 80' lang='lat' dir='ltr'><strong>quia</strong></span> <span class='ocrx_word' id='word_1_420' title='bbox 1197 871 1314 906; x_wconf 87' lang='lat' dir='ltr'><strong>_verbum</strong></span> <span class='ocrx_word' id='word_1_421' title='bbox 1333 872 1436 900; x_wconf 89' lang='lat' dir='ltr'><strong>Domini</strong></span> <span class='ocrx_word' id='word_1_422' title='bbox 1448 878 1500 901; x_wconf 81' lang='lat' dir='ltr'><strong>est.</strong></span> <span class='ocrx_word' id='word_1_423' title='bbox 1517 883 1526 900; x_wconf 76' lang='grc' dir='ltr'><strong>ι</strong></span> <span class='ocrx_word' id='word_1_424' title='bbox 1547 873 1715 901; x_wconf 65' lang='lat' dir='ltr'><strong>Chananeus</strong></span> 
     </span>
    </p>
   </div>
   <div class='ocr_carea' id='block_1_54' title="bbox 925 916 1714 954">
    <p class='ocr_par' dir='ltr' id='par_1_54' title="bbox 925 916 1714 954">
     <span class='ocr_line' id='line_1_54' title="bbox 925 916 1714 954; baseline 0.006 -12"><span class='ocrx_word' id='word_1_425' title='bbox 925 916 996 942; x_wconf 90' lang='lat' dir='ltr'><strong>enim</strong></span> <span class='ocrx_word' id='word_1_426' title='bbox 1012 922 1090 943; x_wconf 85' lang='lat' dir='ltr'><strong>vocat</strong></span> <span class='ocrx_word' id='word_1_427' title='bbox 1105 922 1210 950; x_wconf 74' lang='lat' dir='ltr'><strong>gentes.</strong></span> <span class='ocrx_word' id='word_1_428' title='bbox 1227 918 1314 952; x_wconf 82' lang='lat' dir='ltr'><strong>Atque</strong></span> <span class='ocrx_word' id='word_1_429' title='bbox 1334 919 1359 947; x_wconf 92' lang='lat' dir='ltr'><strong>hi</strong></span> <span class='ocrx_word' id='word_1_430' title='bbox 1376 924 1489 954; x_wconf 84' lang='lat' dir='ltr'><strong>possunt</strong></span> <span class='ocrx_word' id='word_1_431' title='bbox 1516 920 1627 953; x_wconf 68' lang='lat' dir='ltr'><strong>intelligi</strong></span> <span class='ocrx_word' id='word_1_432' title='bbox 1649 927 1714 947; x_wconf 76' lang='lat' dir='ltr'><strong>oves</strong></span> 
     </span>
    </p>
   </div>
   <div class='ocr_carea' id='block_1_55' title="bbox 925 961 1714 998">
    <p class='ocr_par' dir='ltr' id='par_1_55' title="bbox 925 961 1714 998">
     <span class='ocr_line' id='line_1_55' title="bbox 925 961 1714 998; baseline 0.004 -9"><span class='ocrx_word' id='word_1_433' title='bbox 925 961 1061 989; x_wconf 87' lang='lat' dir='ltr'><strong>Christum</strong></span> <span class='ocrx_word' id='word_1_434' title='bbox 1091 963 1275 990; x_wconf 77' lang='lat' dir='ltr'><strong>observantes.</strong></span> <span class='ocrx_word' id='word_1_435' title='bbox 1306 963 1490 992; x_wconf 85' lang='lat' dir='ltr'><strong>Observarunt</strong></span> <span class='ocrx_word' id='word_1_436' title='bbox 1516 966 1588 992; x_wconf 90' lang='lat' dir='ltr'><strong>enim</strong></span> <span class='ocrx_word' id='word_1_437' title='bbox 1614 966 1714 998; x_wconf 86' lang='lat' dir='ltr'><strong>illum;</strong></span> 
     </span>
    </p>
   </div>
   <div class='ocr_carea' id='block_1_56' title="bbox 924 1008 1713 1046">
    <p class='ocr_par' dir='ltr' id='par_1_56' title="bbox 924 1008 1713 1046">
     <span class='ocr_line' id='line_1_56' title="bbox 924 1008 1713 1046; baseline 0.006 -12"><span class='ocrx_word' id='word_1_438' title='bbox 924 1008 1024 1035; x_wconf 88' lang='lat' dir='ltr'><strong>etenim</strong></span> <span class='ocrx_word' id='word_1_439' title='bbox 1050 1017 1059 1034; x_wconf 85' lang='grc' dir='ltr'><strong>ι</strong></span> <span class='ocrx_word' id='word_1_440' title='bbox 1075 1009 1130 1043; x_wconf 87' lang='lat' dir='ltr'><strong>ipse</strong></span> <span class='ocrx_word' id='word_1_441' title='bbox 1148 1014 1190 1037; x_wconf 79' lang='lat' dir='ltr'><strong>est</strong></span> <span class='ocrx_word' id='word_1_442' title='bbox 1206 1011 1373 1045; x_wconf 77' lang='lat' dir='ltr'><strong>exspectatio</strong></span> <span class='ocrx_word' id='word_1_443' title='bbox 1388 1011 1551 1045; x_wconf 64' lang='lat' dir='ltr'><strong>gentiutn&#39;.»</strong></span> <span class='ocrx_word' id='word_1_444' title='bbox 1569 1011 1713 1046; x_wconf 81' lang='lat' dir='ltr'><strong>Postquam</strong></span> 
     </span>
    </p>
   </div>
   <div class='ocr_carea' id='block_1_57' title="bbox 925 1055 1714 1092">
    <p class='ocr_par' dir='ltr' id='par_1_57' title="bbox 925 1055 1714 1092">
     <span class='ocr_line' id='line_1_57' title="bbox 925 1055 1714 1092; baseline 0.006 -11"><span class='ocrx_word' id='word_1_445' title='bbox 925 1059 1016 1082; x_wconf 82' lang='lat' dir='ltr'><strong>autem</strong></span> <span class='ocrx_word' id='word_1_446' title='bbox 1028 1055 1188 1090; x_wconf 70' lang='lat' dir='ltr'><strong>dissipatum</strong></span> <span class='ocrx_word' id='word_1_447' title='bbox 1208 1062 1248 1083; x_wconf 86' lang='lat' dir='ltr'><strong>est</strong></span> <span class='ocrx_word' id='word_1_448' title='bbox 1262 1057 1344 1084; x_wconf 85' lang='lat' dir='ltr'><strong>etiam</strong></span> <span class='ocrx_word' id='word_1_449' title='bbox 1376 1057 1403 1084; x_wconf 93' lang='lat' dir='ltr'><strong>in</strong></span> <span class='ocrx_word' id='word_1_450' title='bbox 1429 1064 1524 1085; x_wconf 89' lang='lat' dir='ltr'><strong>eorum</strong></span> <span class='ocrx_word' id='word_1_451' title='bbox 1560 1058 1714 1092; x_wconf 75' lang='lat' dir='ltr'><strong>regionibus</strong></span> 
     </span>
    </p>
   </div>
   <div class='ocr_carea' id='block_1_58' title="bbox 925 1102 1713 1138">
    <p class='ocr_par' dir='ltr' id='par_1_58' title="bbox 925 1102 1713 1138">
     <span class='ocr_line' id='line_1_58' title="bbox 925 1102 1713 1138; baseline 0.003 -10"><span class='ocrx_word' id='word_1_452' title='bbox 925 1105 1118 1129; x_wconf 86' lang='lat' dir='ltr'><strong>testamentum</strong></span> <span class='ocrx_word' id='word_1_453' title='bbox 1136 1102 1169 1129; x_wconf 88' lang='lat' dir='ltr'><strong>ad</strong></span> <span class='ocrx_word' id='word_1_454' title='bbox 1187 1109 1291 1135; x_wconf 84' lang='lat' dir='ltr'><strong>omnes,</strong></span> <span class='ocrx_word' id='word_1_455' title='bbox 1304 1103 1477 1130; x_wconf 79' lang='lat' dir='ltr'><strong>crediderunt</strong></span> <span class='ocrx_word' id='word_1_456' title='bbox 1491 1112 1500 1129; x_wconf 78' lang='grc' dir='ltr'><strong>ι</strong></span> <span class='ocrx_word' id='word_1_457' title='bbox 1515 1104 1577 1138; x_wconf 86' lang='lat' dir='ltr'><strong>quia</strong></span> <span class='ocrx_word' id='word_1_458' title='bbox 1602 1103 1713 1132; x_wconf 85' lang='lat' dir='ltr'><strong>verbum</strong></span> 
     </span>
    </p>
   </div>
   <div class='ocr_carea' id='block_1_59' title="bbox 925 1147 1714 1184">
    <p class='ocr_par' dir='ltr' id='par_1_59' title="bbox 925 1147 1714 1184">
     <span class='ocr_line' id='line_1_59' title="bbox 925 1147 1714 1184; baseline 0.001 -9"><span class='ocrx_word' id='word_1_459' title='bbox 925 1147 1030 1175; x_wconf 87' lang='lat' dir='ltr'><strong>Domini</strong></span> <span class='ocrx_word' id='word_1_460' title='bbox 1051 1153 1120 1175; x_wconf 67' lang='lat' dir='ltr'><strong>est.»</strong></span> <span class='ocrx_word' id='word_1_461' title='bbox 1141 1148 1281 1176; x_wconf 84' lang='lat' dir='ltr'><strong>Sensimus</strong></span> <span class='ocrx_word' id='word_1_462' title='bbox 1295 1149 1367 1177; x_wconf 89' lang='lat' dir='ltr'><strong>enim</strong></span> <span class='ocrx_word' id='word_1_463' title='bbox 1386 1150 1457 1183; x_wconf 83' lang='lat' dir='ltr'><strong>apud</strong></span> <span class='ocrx_word' id='word_1_464' title='bbox 1471 1150 1577 1176; x_wconf 83' lang='lat' dir='ltr'><strong>animos</strong></span> <span class='ocrx_word' id='word_1_465' title='bbox 1593 1157 1625 1177; x_wconf 79' lang='lat' dir='ltr'><strong>ex</strong></span> <span class='ocrx_word' id='word_1_466' title='bbox 1649 1157 1714 1184; x_wconf 72' lang='lat' dir='ltr'><strong>gen-</strong></span> 
     </span>
    </p>
   </div>
   <div class='ocr_carea' id='block_1_60' title="bbox 926 1194 1715 1229">
    <p class='ocr_par' dir='ltr' id='par_1_60' title="bbox 926 1194 1715 1229">
     <span class='ocr_line' id='line_1_60' title="bbox 926 1194 1715 1229; baseline 0 -7"><span class='ocrx_word' id='word_1_467' title='bbox 926 1194 998 1222; x_wconf 89' lang='lat' dir='ltr'><strong>tibus</strong></span> <span class='ocrx_word' id='word_1_468' title='bbox 1012 1195 1099 1222; x_wconf 82' lang='lat' dir='ltr'><strong>vocati</strong></span> <span class='ocrx_word' id='word_1_469' title='bbox 1114 1202 1161 1229; x_wconf 87' lang='lat' dir='ltr'><strong>per</strong></span> <span class='ocrx_word' id='word_1_470' title='bbox 1176 1195 1268 1228; x_wconf 79' lang='lat' dir='ltr'><strong>(idem,</strong></span> <span class='ocrx_word' id='word_1_471' title='bbox 1289 1195 1431 1223; x_wconf 91' lang='lat' dir='ltr'><strong>Dominum</strong></span> <span class='ocrx_word' id='word_1_472' title='bbox 1457 1203 1534 1228; x_wconf 84' lang='lat' dir='ltr'><strong>esse,</strong></span> <span class='ocrx_word' id='word_1_473' title='bbox 1552 1200 1578 1223; x_wconf 89' lang='lat' dir='ltr'><strong>et</strong></span> <span class='ocrx_word' id='word_1_474' title='bbox 1601 1203 1632 1222; x_wconf 79' lang='lat' dir='ltr'><strong>ex</strong></span> <span class='ocrx_word' id='word_1_475' title='bbox 1659 1195 1715 1223; x_wconf 82' lang='lat' dir='ltr'><strong>Deo</strong></span> 
     </span>
    </p>
   </div>
   <div class='ocr_carea' id='block_1_61' title="bbox 925 1241 1713 1276">
    <p class='ocr_par' dir='ltr' id='par_1_61' title="bbox 925 1241 1713 1276">
     <span class='ocr_line' id='line_1_61' title="bbox 925 1241 1713 1276; baseline 0.001 -8"><span class='ocrx_word' id='word_1_476' title='bbox 925 1241 1072 1268; x_wconf 84' lang='lat' dir='ltr'><strong>secundum</strong></span> <span class='ocrx_word' id='word_1_477' title='bbox 1088 1246 1212 1268; x_wconf 83' lang='lat' dir='ltr'><strong>naturam</strong></span> <span class='ocrx_word' id='word_1_478' title='bbox 1229 1246 1332 1276; x_wconf 77' lang='lat' dir='ltr'><strong>natum,</strong></span> <span class='ocrx_word' id='word_1_479' title='bbox 1356 1246 1384 1269; x_wconf 92' lang='lat' dir='ltr'><strong>et</strong></span> <span class='ocrx_word' id='word_1_480' title='bbox 1401 1242 1566 1276; x_wconf 81' lang='lat' dir='ltr'><strong>unigenitum</strong></span> <span class='ocrx_word' id='word_1_481' title='bbox 1584 1241 1629 1268; x_wconf 85' lang='lat' dir='ltr'><strong>Dei</strong></span> <span class='ocrx_word' id='word_1_482' title='bbox 1644 1241 1713 1269; x_wconf 73' lang='grc' dir='ltr'><strong>νυτ-</strong></span> 
     </span>
    </p>
   </div>
   <div class='ocr_carea' id='block_1_62' title="bbox 925 1285 1715 1322">
    <p class='ocr_par' dir='ltr' id='par_1_62' title="bbox 925 1285 1715 1322">
     <span class='ocr_line' id='line_1_62' title="bbox 925 1285 1715 1322; baseline 0.003 -10"><span class='ocrx_word' id='word_1_483' title='bbox 925 1285 987 1313; x_wconf 89' lang='lat' dir='ltr'><strong>bum</strong></span> <span class='ocrx_word' id='word_1_484' title='bbox 1001 1286 1089 1319; x_wconf 88' lang='lat' dir='ltr'><strong>ipsum</strong></span> <span class='ocrx_word' id='word_1_485' title='bbox 1119 1294 1167 1320; x_wconf 89' lang='lat' dir='ltr'><strong>per</strong></span> <span class='ocrx_word' id='word_1_486' title='bbox 1194 1286 1302 1314; x_wconf 85' lang='lat' dir='ltr'><strong>divinos</strong></span> <span class='ocrx_word' id='word_1_487' title='bbox 1330 1292 1357 1314; x_wconf 93' lang='lat' dir='ltr'><strong>et</strong></span> <span class='ocrx_word' id='word_1_488' title='bbox 1383 1287 1551 1322; x_wconf 79' lang='lat' dir='ltr'><strong>evangelicos</strong></span> <span class='ocrx_word' id='word_1_489' title='bbox 1575 1295 1715 1315; x_wconf 82' lang='lat' dir='ltr'><strong>sermones</strong></span> 
     </span>
    </p>
   </div>
   <div class='ocr_carea' id='block_1_63' title="bbox 924 1331 1714 1368">
    <p class='ocr_par' dir='ltr' id='par_1_63' title="bbox 924 1331 1714 1368">
     <span class='ocr_line' id='line_1_63' title="bbox 924 1331 1714 1368; baseline 0.003 -10"><span class='ocrx_word' id='word_1_490' title='bbox 924 1338 988 1358; x_wconf 85' lang='lat' dir='ltr'><strong>suos</strong></span> <span class='ocrx_word' id='word_1_491' title='bbox 1001 1338 1049 1358; x_wconf 89' lang='lat' dir='ltr'><strong>nos</strong></span> <span class='ocrx_word' id='word_1_492' title='bbox 1062 1331 1218 1359; x_wconf 86' lang='lat' dir='ltr'><strong>alloculum.</strong></span> <span class='ocrx_word' id='word_1_493' title='bbox 1231 1331 1320 1365; x_wconf 81' lang='lat' dir='ltr'><strong>Quare</strong></span> <span class='ocrx_word' id='word_1_494' title='bbox 1340 1332 1426 1366; x_wconf 88' lang='lat' dir='ltr'><strong>ipsum</strong></span> <span class='ocrx_word' id='word_1_495' title='bbox 1443 1332 1624 1364; x_wconf 69' lang='lat' dir='ltr'><strong>adorat-imus,</strong></span> <span class='ocrx_word' id='word_1_496' title='bbox 1634 1333 1714 1368; x_wconf 79' lang='lat' dir='ltr'><strong>eique</strong></span> 
     </span>
    </p>
   </div>
   <div class='ocr_carea' id='block_1_64' title="bbox 924 1375 1714 1410">
    <p class='ocr_par' dir='ltr' id='par_1_64' title="bbox 924 1375 1714 1410">
     <span class='ocr_line' id='line_1_64' title="bbox 924 1375 1714 1410; baseline 0.001 -7"><span class='ocrx_word' id='word_1_497' title='bbox 924 1375 1068 1407; x_wconf 87' lang='lat' dir='ltr'><strong>servimus,</strong></span> <span class='ocrx_word' id='word_1_498' title='bbox 1087 1376 1172 1403; x_wconf 88' lang='lat' dir='ltr'><strong>veteri</strong></span> <span class='ocrx_word' id='word_1_499' title='bbox 1189 1376 1234 1402; x_wconf 92' lang='lat' dir='ltr'><strong>illo</strong></span> <span class='ocrx_word' id='word_1_500' title='bbox 1252 1381 1279 1402; x_wconf 91' lang='lat' dir='ltr'><strong>et</strong></span> <span class='ocrx_word' id='word_1_501' title='bbox 1298 1376 1412 1410; x_wconf 77' lang='lat' dir='ltr'><strong>inglorio</strong></span> <span class='ocrx_word' id='word_1_502' title='bbox 1424 1384 1518 1404; x_wconf 85' lang='lat' dir='ltr'><strong>errore</strong></span> <span class='ocrx_word' id='word_1_503' title='bbox 1534 1377 1674 1410; x_wconf 81' lang='lat' dir='ltr'><strong>derelicto,</strong></span> <span class='ocrx_word' id='word_1_504' title='bbox 1687 1383 1714 1404; x_wconf 90' lang='lat' dir='ltr'><strong>et</strong></span> 
     </span>
    </p>
   </div>
   <div class='ocr_carea' id='block_1_65' title="bbox 925 1421 1715 1458">
    <p class='ocr_par' dir='ltr' id='par_1_65' title="bbox 925 1421 1715 1458">
     <span class='ocr_line' id='line_1_65' title="bbox 925 1421 1715 1458; baseline 0.004 -11"><span class='ocrx_word' id='word_1_505' title='bbox 925 1421 1050 1449; x_wconf 77' lang='lat' dir='ltr'><strong>alTectum</strong></span> <span class='ocrx_word' id='word_1_506' title='bbox 1072 1422 1105 1449; x_wconf 85' lang='lat' dir='ltr'><strong>ad</strong></span> <span class='ocrx_word' id='word_1_507' title='bbox 1127 1422 1225 1450; x_wconf 87' lang='lat' dir='ltr'><strong>multos</strong></span> <span class='ocrx_word' id='word_1_508' title='bbox 1255 1422 1321 1449; x_wconf 83' lang='lat' dir='ltr'><strong>deos</strong></span> <span class='ocrx_word' id='word_1_509' title='bbox 1336 1422 1464 1450; x_wconf 81' lang='lat' dir='ltr'><strong>colendos</strong></span> <span class='ocrx_word' id='word_1_510' title='bbox 1482 1423 1600 1451; x_wconf 76' lang='lat' dir='ltr'><strong>deducti.</strong></span> <span class='ocrx_word' id='word_1_511' title='bbox 1628 1423 1715 1458; x_wconf 79' lang='lat' dir='ltr'><strong>Atque</strong></span> 
     </span>
    </p>
   </div>
   <div class='ocr_carea' id='block_1_66' title="bbox 924 1466 1716 1501">
    <p class='ocr_par' dir='ltr' id='par_1_66' title="bbox 924 1466 1716 1501">
     <span class='ocr_line' id='line_1_66' title="bbox 924 1466 1716 1501; baseline 0.003 -7"><span class='ocrx_word' id='word_1_512' title='bbox 924 1466 976 1494; x_wconf 87' lang='lat' dir='ltr'><strong>hoc</strong></span> <span class='ocrx_word' id='word_1_513' title='bbox 1005 1473 1056 1499; x_wconf 85' lang='lat' dir='ltr'><strong>est,</strong></span> <span class='ocrx_word' id='word_1_514' title='bbox 1069 1467 1140 1501; x_wconf 84' lang='lat' dir='ltr'><strong>quod</strong></span> <span class='ocrx_word' id='word_1_515' title='bbox 1164 1475 1212 1495; x_wconf 89' lang='lat' dir='ltr'><strong>ore</strong></span> <span class='ocrx_word' id='word_1_516' title='bbox 1239 1468 1349 1496; x_wconf 79' lang='lat' dir='ltr'><strong>Davidis</strong></span> <span class='ocrx_word' id='word_1_517' title='bbox 1379 1469 1415 1495; x_wconf 95' lang='lat' dir='ltr'><strong>illi</strong></span> <span class='ocrx_word' id='word_1_518' title='bbox 1443 1469 1566 1496; x_wconf 84' lang='lat' dir='ltr'><strong>canitur:</strong></span> <span class='ocrx_word' id='word_1_519' title='bbox 1585 1479 1594 1495; x_wconf 83' lang='grc' dir='ltr'><strong>ι</strong></span> <span class='ocrx_word' id='word_1_520' title='bbox 1615 1469 1716 1496; x_wconf 86' lang='lat' dir='ltr'><strong>Omnes</strong></span> 
     </span>
    </p>
   </div>
   <div class='ocr_carea' id='block_1_67' title="bbox 925 1512 1713 1548">
    <p class='ocr_par' dir='ltr' id='par_1_67' title="bbox 925 1512 1713 1548">
     <span class='ocr_line' id='line_1_67' title="bbox 925 1512 1713 1548; baseline 0.001 -8"><span class='ocrx_word' id='word_1_521' title='bbox 925 1516 1018 1547; x_wconf 73' lang='lat' dir='ltr'><strong>gentes</strong></span> <span class='ocrx_word' id='word_1_522' title='bbox 1030 1520 1099 1548; x_wconf 85' lang='lat' dir='ltr'><strong>quas</strong></span> <span class='ocrx_word' id='word_1_523' title='bbox 1114 1512 1203 1540; x_wconf 76' lang='lat' dir='ltr'><strong>fecisti</strong></span> <span class='ocrx_word' id='word_1_524' title='bbox 1219 1514 1339 1548; x_wconf 68' lang='lat' dir='ltr'><strong>venient,</strong></span> <span class='ocrx_word' id='word_1_525' title='bbox 1354 1519 1381 1540; x_wconf 83' lang='lat' dir='ltr'><strong>et</strong></span> <span class='ocrx_word' id='word_1_526' title='bbox 1398 1514 1550 1541; x_wconf 81' lang='lat' dir='ltr'><strong>adorabunt</strong></span> <span class='ocrx_word' id='word_1_527' title='bbox 1567 1522 1659 1542; x_wconf 82' lang='lat' dir='ltr'><strong>coram</strong></span> <span class='ocrx_word' id='word_1_528' title='bbox 1676 1520 1713 1546; x_wconf 72' lang='lat' dir='ltr'><strong>te,</strong></span> 
     </span>
    </p>
   </div>
   <div class='ocr_carea' id='block_1_68' title="bbox 926 1558 1714 1594">
    <p class='ocr_par' dir='ltr' id='par_1_68' title="bbox 926 1558 1714 1594">
     <span class='ocr_line' id='line_1_68' title="bbox 926 1558 1714 1594; baseline 0 -8"><span class='ocrx_word' id='word_1_529' title='bbox 926 1558 1038 1586; x_wconf 88' lang='lat' dir='ltr'><strong>Domine</strong></span> <span class='ocrx_word' id='word_1_530' title='bbox 1051 1558 1071 1585; x_wconf 92' lang='grc'><strong>³.</strong></span> <span class='ocrx_word' id='word_1_531' title='bbox 1081 1573 1115 1578; x_wconf 89' lang='grc'><strong><em>--</em></strong></span> <span class='ocrx_word' id='word_1_532' title='bbox 1124 1558 1150 1585; x_wconf 92' lang='lat' dir='ltr'><strong>In</strong></span> <span class='ocrx_word' id='word_1_533' title='bbox 1169 1559 1277 1587; x_wconf 88' lang='lat' dir='ltr'><strong>nomine</strong></span> <span class='ocrx_word' id='word_1_534' title='bbox 1296 1558 1438 1586; x_wconf 77' lang='lat' dir='ltr'><strong>enimJesu</strong></span> <span class='ocrx_word' id='word_1_535' title='bbox 1448 1559 1547 1587; x_wconf 88' lang='lat' dir='ltr'><strong>Christi</strong></span> <span class='ocrx_word' id='word_1_536' title='bbox 1556 1567 1635 1587; x_wconf 91' lang='lat' dir='ltr'><strong>omne</strong></span> <span class='ocrx_word' id='word_1_537' title='bbox 1645 1568 1714 1594; x_wconf 68' lang='lat' dir='ltr'><strong>genu</strong></span> 
     </span>
    </p>
   </div>
   <div class='ocr_carea' id='block_1_69' title="bbox 924 1603 1717 1638">
    <p class='ocr_par' dir='ltr' id='par_1_69' title="bbox 924 1603 1717 1638">
     <span class='ocr_line' id='line_1_69' title="bbox 924 1603 1717 1638; baseline 0.003 -6"><span class='ocrx_word' id='word_1_538' title='bbox 924 1603 1058 1636; x_wconf 78' lang='lat' dir='ltr'><strong>ﬂectetur,</strong></span> <span class='ocrx_word' id='word_1_539' title='bbox 1074 1604 1225 1632; x_wconf 70' lang='lat' dir='ltr'><strong>cwlestium</strong></span> <span class='ocrx_word' id='word_1_540' title='bbox 1239 1624 1247 1637; x_wconf 89' lang='lat'><strong>,</strong></span> <span class='ocrx_word' id='word_1_541' title='bbox 1261 1606 1432 1633; x_wconf 75' lang='lat' dir='ltr'><strong>terrestrium</strong></span> <span class='ocrx_word' id='word_1_542' title='bbox 1447 1611 1474 1633; x_wconf 87' lang='lat' dir='ltr'><strong>et</strong></span> <span class='ocrx_word' id='word_1_543' title='bbox 1492 1606 1675 1638; x_wconf 77' lang='lat' dir='ltr'><strong>inferuerunt,</strong></span> <span class='ocrx_word' id='word_1_544' title='bbox 1689 1612 1717 1634; x_wconf 84' lang='lat' dir='ltr'><strong>et</strong></span> 
     </span>
    </p>
   </div>
   <div class='ocr_carea' id='block_1_70' title="bbox 924 1651 1716 1687">
    <p class='ocr_par' dir='ltr' id='par_1_70' title="bbox 924 1651 1716 1687">
     <span class='ocr_line' id='line_1_70' title="bbox 924 1651 1716 1687; baseline 0.003 -9"><span class='ocrx_word' id='word_1_545' title='bbox 924 1652 1013 1679; x_wconf 87' lang='lat' dir='ltr'><strong>omnis</strong></span> <span class='ocrx_word' id='word_1_546' title='bbox 1030 1651 1119 1687; x_wconf 74' lang='lat' dir='ltr'><strong>lingua</strong></span> <span class='ocrx_word' id='word_1_547' title='bbox 1133 1651 1287 1684; x_wconf 81' lang='lat' dir='ltr'><strong>conﬁtetur,</strong></span> <span class='ocrx_word' id='word_1_548' title='bbox 1298 1652 1360 1686; x_wconf 86' lang='lat' dir='ltr'><strong>quia</strong></span> <span class='ocrx_word' id='word_1_549' title='bbox 1369 1652 1582 1680; x_wconf 77' lang='lat' dir='ltr'><strong>Doutinuchsus</strong></span> <span class='ocrx_word' id='word_1_550' title='bbox 1591 1652 1716 1680; x_wconf 87' lang='lat' dir='ltr'><strong>Christus</strong></span> 
     </span>
    </p>
   </div>
   <div class='ocr_carea' id='block_1_71' title="bbox 925 1694 1340 1729">
    <p class='ocr_par' dir='ltr' id='par_1_71' title="bbox 925 1694 1340 1729">
     <span class='ocr_line' id='line_1_71' title="bbox 925 1694 1340 1729; baseline 0.005 -9"><span class='ocrx_word' id='word_1_551' title='bbox 925 1695 951 1722; x_wconf 88' lang='lat' dir='ltr'><strong>in</strong></span> <span class='ocrx_word' id='word_1_552' title='bbox 970 1694 1054 1729; x_wconf 83' lang='lat' dir='ltr'><strong>gloria</strong></span> <span class='ocrx_word' id='word_1_553' title='bbox 1069 1701 1110 1722; x_wconf 87' lang='lat' dir='ltr'><strong>est</strong></span> <span class='ocrx_word' id='word_1_554' title='bbox 1127 1695 1173 1722; x_wconf 88' lang='lat' dir='ltr'><strong>Dei</strong></span> <span class='ocrx_word' id='word_1_555' title='bbox 1189 1694 1278 1722; x_wconf 79' lang='lat' dir='ltr'><strong>Putris</strong></span> <span class='ocrx_word' id='word_1_556' title='bbox 1291 1695 1312 1725; x_wconf 75' lang='grc'><strong>⁸.</strong></span> <span class='ocrx_word' id='word_1_557' title='bbox 1331 1704 1340 1721; x_wconf 80' lang='grc' dir='ltr'><strong>ι</strong></span> 
     </span>
    </p>
   </div>
   <div class='ocr_carea' id='block_1_72' title="bbox 91 1744 1714 1782">
    <p class='ocr_par' dir='ltr' id='par_1_72' title="bbox 91 1744 1714 1782">
     <span class='ocr_line' id='line_1_72' title="bbox 91 1744 1714 1782; baseline -0.001 -9"><span class='ocrx_word' id='word_1_558' title='bbox 91 1755 141 1778; x_wconf 83' lang='grc' dir='ltr'>σας,</span> <span class='ocrx_word' id='word_1_559' title='bbox 158 1747 261 1782; x_wconf 73' lang='grc' dir='ltr'>ἥξουσι,</span> <span class='ocrx_word' id='word_1_560' title='bbox 277 1747 326 1774; x_wconf 74' lang='grc' dir='ltr'>καὶ</span> <span class='ocrx_word' id='word_1_561' title='bbox 347 1746 582 1782; x_wconf 82' lang='grc' dir='ltr'>προσκυνήσουσιν</span> <span class='ocrx_word' id='word_1_562' title='bbox 616 1745 731 1773; x_wconf 80' lang='grc' dir='ltr'>ἐνώπιόν</span> <span class='ocrx_word' id='word_1_563' title='bbox 754 1754 812 1777; x_wconf 90' lang='grc' dir='ltr'>σου,</span> <span class='ocrx_word' id='word_1_564' title='bbox 829 1745 927 1782; x_wconf 81' lang='grc' dir='ltr'>Κύριε.</span> <span class='ocrx_word' id='word_1_565' title='bbox 943 1758 979 1765; x_wconf 86' lang='lat'><strong>-—</strong></span> <span class='ocrx_word' id='word_1_566' title='bbox 1004 1745 1049 1771; x_wconf 87' lang='grc' dir='ltr'>Ἐν</span> <span class='ocrx_word' id='word_1_567' title='bbox 1063 1746 1118 1781; x_wconf 83' lang='grc' dir='ltr'>γὰρ</span> <span class='ocrx_word' id='word_1_568' title='bbox 1130 1745 1169 1781; x_wconf 87' lang='grc' dir='ltr'>τῷ</span> <span class='ocrx_word' id='word_1_569' title='bbox 1198 1745 1310 1780; x_wconf 76' lang='grc' dir='ltr'>ὀνόματι</span> <span class='ocrx_word' id='word_1_570' title='bbox 1333 1745 1421 1782; x_wconf 81' lang='grc' dir='ltr'><strong>Ἰησοῦ</strong></span> <span class='ocrx_word' id='word_1_571' title='bbox 1454 1745 1573 1781; x_wconf 80' lang='grc' dir='ltr'>Χριστοῦ</span> <span class='ocrx_word' id='word_1_572' title='bbox 1587 1745 1641 1772; x_wconf 83' lang='grc' dir='ltr'><strong>πᾶν</strong></span> <span class='ocrx_word' id='word_1_573' title='bbox 1651 1744 1714 1780; x_wconf 83' lang='grc' dir='ltr'>γόνυ</span> 
     </span>
    </p>
   </div>
   <div class='ocr_carea' id='block_1_73' title="bbox 91 1790 1716 1829">
    <p class='ocr_par' dir='ltr' id='par_1_73' title="bbox 91 1790 1716 1829">
     <span class='ocr_line' id='line_1_73' title="bbox 91 1790 1716 1829; baseline -0.001 -9"><span class='ocrx_word' id='word_1_574' title='bbox 91 1793 191 1828; x_wconf 69' lang='grc' dir='ltr'>κάμψει,</span> <span class='ocrx_word' id='word_1_575' title='bbox 205 1793 385 1829; x_wconf 76' lang='grc' dir='ltr'>ἐπουρανίων,</span> <span class='ocrx_word' id='word_1_576' title='bbox 400 1793 447 1820; x_wconf 68' lang='grc' dir='ltr'>καὶ</span> <span class='ocrx_word' id='word_1_577' title='bbox 460 1793 600 1827; x_wconf 75' lang='grc' dir='ltr'>ἐπιγείων,</span> <span class='ocrx_word' id='word_1_578' title='bbox 612 1794 660 1819; x_wconf 77' lang='grc' dir='ltr'>καὶ</span> <span class='ocrx_word' id='word_1_579' title='bbox 674 1790 869 1827; x_wconf 77' lang='grc' dir='ltr'>καταχθονίων,</span> <span class='ocrx_word' id='word_1_580' title='bbox 889 1791 937 1819; x_wconf 81' lang='grc' dir='ltr'>καὶ</span> <span class='ocrx_word' id='word_1_581' title='bbox 952 1792 1026 1818; x_wconf 78' lang='grc' dir='ltr'>πᾶσα</span> <span class='ocrx_word' id='word_1_582' title='bbox 1058 1791 1169 1826; x_wconf 79' lang='grc' dir='ltr'>γλῶσσα</span> <span class='ocrx_word' id='word_1_583' title='bbox 1185 1792 1420 1828; x_wconf 74' lang='grc' dir='ltr'>ἐξομολογήσεται,</span> <span class='ocrx_word' id='word_1_584' title='bbox 1450 1792 1490 1819; x_wconf 77' lang='grc' dir='ltr'>ὅτι</span> <span class='ocrx_word' id='word_1_585' title='bbox 1502 1791 1605 1827; x_wconf 82' lang='grc' dir='ltr'>Κύριος</span> <span class='ocrx_word' id='word_1_586' title='bbox 1612 1791 1716 1828; x_wconf 74' lang='grc' dir='ltr'>Ἰησοῦς</span> 
     </span>
    </p>
   </div>
   <div class='ocr_carea' id='block_1_74' title="bbox 90 1838 596 1875">
    <p class='ocr_par' dir='ltr' id='par_1_74' title="bbox 90 1838 596 1875">
     <span class='ocr_line' id='line_1_74' title="bbox 90 1838 596 1875; baseline 0 -10"><span class='ocrx_word' id='word_1_587' title='bbox 90 1839 203 1875; x_wconf 71' lang='grc' dir='ltr'>Χριστὸς,</span> <span class='ocrx_word' id='word_1_588' title='bbox 216 1840 257 1871; x_wconf 81' lang='grc' dir='ltr'><strong>εἰς</strong></span> <span class='ocrx_word' id='word_1_589' title='bbox 271 1838 350 1871; x_wconf 72' lang='grc' dir='ltr'>δόξαν</span> <span class='ocrx_word' id='word_1_590' title='bbox 366 1838 434 1865; x_wconf 74' lang='grc' dir='ltr'>Θεοῦ</span> <span class='ocrx_word' id='word_1_591' title='bbox 452 1839 568 1875; x_wconf 85' lang='grc' dir='ltr'>Πατρός.</span> <span class='ocrx_word' id='word_1_592' title='bbox 586 1848 596 1865; x_wconf 74' lang='grc' dir='ltr'><strong>ι</strong></span> 
     </span>
    </p>
   </div>
   <div class='ocr_carea' id='block_1_75' title="bbox 119 1884 868 1920">
    <p class='ocr_par' dir='ltr' id='par_1_75' title="bbox 119 1884 868 1920">
     <span class='ocr_line' id='line_1_75' title="bbox 119 1884 868 1920; baseline -0.001 -8"><span class='ocrx_word' id='word_1_593' title='bbox 119 1886 168 1912; x_wconf 82' lang='grc' dir='ltr'>Καί</span> <span class='ocrx_word' id='word_1_594' title='bbox 183 1886 238 1920; x_wconf 81' lang='grc' dir='ltr'><strong>ἐρῶ</strong></span> <span class='ocrx_word' id='word_1_595' title='bbox 249 1886 326 1920; x_wconf 76' lang='grc' dir='ltr'>,πρὸς</span> <span class='ocrx_word' id='word_1_596' title='bbox 338 1886 466 1919; x_wconf 84' lang='grc' dir='ltr'>αὐτούς·</span> <span class='ocrx_word' id='word_1_597' title='bbox 482 1887 515 1913; x_wconf 81' lang='lat' dir='ltr'><strong>Et</strong></span> <span class='ocrx_word' id='word_1_598' title='bbox 530 1885 626 1913; x_wconf 71' lang='grc' dir='ltr'>καλὸν</span> <span class='ocrx_word' id='word_1_599' title='bbox 640 1884 769 1912; x_wconf 78' lang='grc' dir='ltr'>ἐνώπιον</span> <span class='ocrx_word' id='word_1_600' title='bbox 784 1884 868 1919; x_wconf 83' lang='grc' dir='ltr'><strong>ὑμῶν</strong></span> 
     </span>
    </p>
   </div>
   <div class='ocr_carea' id='block_1_76' title="bbox 90 1930 868 1967">
    <p class='ocr_par' dir='ltr' id='par_1_76' title="bbox 90 1930 868 1967">
     <span class='ocr_line' id='line_1_76' title="bbox 90 1930 868 1967; baseline -0.001 -10"><span class='ocrx_word' id='word_1_601' title='bbox 90 1931 156 1963; x_wconf 80' lang='grc' dir='ltr'>ἐστι,</span> <span class='ocrx_word' id='word_1_602' title='bbox 169 1931 234 1958; x_wconf 81' lang='grc' dir='ltr'>δότε</span> <span class='ocrx_word' id='word_1_603' title='bbox 250 1931 424 1966; x_wconf 78' lang='grc' dir='ltr'>στήσαντες</span> <span class='ocrx_word' id='word_1_604' title='bbox 439 1932 491 1960; x_wconf 83' lang='grc' dir='ltr'><strong>τὸν</strong></span> <span class='ocrx_word' id='word_1_605' title='bbox 504 1931 616 1967; x_wconf 79' lang='grc' dir='ltr'>μισθόν</span> <span class='ocrx_word' id='word_1_606' title='bbox 624 1939 695 1965; x_wconf 83' lang='grc' dir='ltr'>μου,</span> <span class='ocrx_word' id='word_1_607' title='bbox 708 1930 728 1965; x_wconf 77' lang='grc' dir='ltr'>ἢ</span> <span class='ocrx_word' id='word_1_608' title='bbox 740 1931 868 1957; x_wconf 68' lang='grc' dir='ltr'>ἀπείπαη</span> 
     </span>
    </p>
   </div>
   <div class='ocr_carea' id='block_1_77' title="bbox 90 1974 869 2011">
    <p class='ocr_par' dir='ltr' id='par_1_77' title="bbox 90 1974 869 2011">
     <span class='ocr_line' id='line_1_77' title="bbox 90 1974 869 2011; baseline -0.001 -9"><span class='ocrx_word' id='word_1_609' title='bbox 90 1977 145 2002; x_wconf 76' lang='grc' dir='ltr'>σθε.</span> <span class='ocrx_word' id='word_1_610' title='bbox 158 1976 209 2003; x_wconf 76' lang='lat' dir='ltr'><strong>Kal</strong></span> <span class='ocrx_word' id='word_1_611' title='bbox 227 1976 366 2010; x_wconf 71' lang='grc' dir='ltr'>ἔστησαν</span> <span class='ocrx_word' id='word_1_612' title='bbox 381 1977 436 2003; x_wconf 77' lang='grc' dir='ltr'><strong>τὸν</strong></span> <span class='ocrx_word' id='word_1_613' title='bbox 446 1977 557 2011; x_wconf 82' lang='grc' dir='ltr'>μισθόν</span> <span class='ocrx_word' id='word_1_614' title='bbox 567 1983 627 2010; x_wconf 85' lang='grc' dir='ltr'><strong>μου</strong></span> <span class='ocrx_word' id='word_1_615' title='bbox 648 1974 806 2010; x_wconf 75' lang='grc' dir='ltr'>τριάκοντα</span> <span class='ocrx_word' id='word_1_616' title='bbox 818 1975 869 2009; x_wconf 80' lang='grc' dir='ltr'><strong>ἀρ-</strong></span> 
     </span>
    </p>
   </div>
   <div class='ocr_carea' id='block_1_78' title="bbox 89 2019 869 2057">
    <p class='ocr_par' dir='ltr' id='par_1_78' title="bbox 89 2019 869 2057">
     <span class='ocr_line' id='line_1_78' title="bbox 89 2019 869 2057; baseline -0.001 -10"><span class='ocrx_word' id='word_1_617' title='bbox 89 2021 196 2056; x_wconf 73' lang='grc' dir='ltr'>τυροῦς.</span> <span class='ocrx_word' id='word_1_618' title='bbox 214 2023 267 2050; x_wconf 75' lang='grc' dir='ltr'><strong>Καὶ</strong></span> <span class='ocrx_word' id='word_1_619' title='bbox 279 2023 345 2050; x_wconf 77' lang='grc' dir='ltr'>εἶπε</span> <span class='ocrx_word' id='word_1_620' title='bbox 357 2023 465 2057; x_wconf 72' lang='grc' dir='ltr'>Κύριος</span> <span class='ocrx_word' id='word_1_621' title='bbox 481 2022 556 2056; x_wconf 81' lang='grc' dir='ltr'>πρός</span> <span class='ocrx_word' id='word_1_622' title='bbox 564 2029 602 2055; x_wconf 80' lang='grc' dir='ltr'><strong>με</strong></span> <span class='ocrx_word' id='word_1_623' title='bbox 615 2028 622 2036; x_wconf 92' lang='grc'><strong>·</strong></span> <span class='ocrx_word' id='word_1_624' title='bbox 643 2019 738 2053; x_wconf 81' lang='grc' dir='ltr'>Κάθες</span> <span class='ocrx_word' id='word_1_625' title='bbox 758 2020 869 2054; x_wconf 82' lang='grc' dir='ltr'>αὐτοὺς</span> 
     </span>
    </p>
   </div>
   <div class='ocr_carea' id='block_1_79' title="bbox 90 2066 868 2104">
    <p class='ocr_par' dir='ltr' id='par_1_79' title="bbox 90 2066 868 2104">
     <span class='ocr_line' id='line_1_79' title="bbox 90 2066 868 2104; baseline -0.001 -10"><span class='ocrx_word' id='word_1_626' title='bbox 90 2068 127 2100; x_wconf 81' lang='grc' dir='ltr'><strong>είς</strong></span> <span class='ocrx_word' id='word_1_627' title='bbox 138 2068 168 2095; x_wconf 87' lang='grc' dir='ltr'>τὸ</span> <span class='ocrx_word' id='word_1_628' title='bbox 180 2068 393 2104; x_wconf 71' lang='grc' dir='ltr'>χωνευτήριον,</span> <span class='ocrx_word' id='word_1_629' title='bbox 402 2069 450 2096; x_wconf 72' lang='grc' dir='ltr'>καὶ</span> <span class='ocrx_word' id='word_1_630' title='bbox 460 2068 610 2102; x_wconf 76' lang='grc' dir='ltr'>σκέψομαι</span> <span class='ocrx_word' id='word_1_631' title='bbox 621 2067 645 2093; x_wconf 83' lang='grc' dir='ltr'><strong>εί</strong></span> <span class='ocrx_word' id='word_1_632' title='bbox 655 2066 781 2101; x_wconf 79' lang='grc' dir='ltr'>δόκιμόν</span> <span class='ocrx_word' id='word_1_633' title='bbox 792 2066 868 2098; x_wconf 80' lang='grc' dir='ltr'>ἐστι,</span> 
     </span>
    </p>
   </div>
   <div class='ocr_carea' id='block_1_80' title="bbox 957 1881 1714 1919">
    <p class='ocr_par' dir='ltr' id='par_1_80' title="bbox 957 1881 1714 1919">
     <span class='ocr_line' id='line_1_80' title="bbox 957 1881 1714 1919; baseline 0.003 -9"><span class='ocrx_word' id='word_1_634' title='bbox 957 1883 1039 1919; x_wconf 67' lang='grc'><strong>766</strong></span> <span class='ocrx_word' id='word_1_635' title='bbox 1057 1881 1136 1910; x_wconf 76' lang='lat' dir='ltr'><strong>Vens.</strong></span> <span class='ocrx_word' id='word_1_636' title='bbox 1157 1883 1200 1915; x_wconf 72' lang='grc'>12,</span> <span class='ocrx_word' id='word_1_637' title='bbox 1217 1883 1259 1910; x_wconf 78' lang='lat' dir='ltr'><strong>I5.</strong></span> <span class='ocrx_word' id='word_1_638' title='bbox 1272 1882 1306 1909; x_wconf 85' lang='lat' dir='ltr'><strong>Et</strong></span> <span class='ocrx_word' id='word_1_639' title='bbox 1318 1883 1404 1909; x_wconf 82' lang='lat' dir='ltr'><strong>dicam</strong></span> <span class='ocrx_word' id='word_1_640' title='bbox 1415 1883 1449 1909; x_wconf 83' lang='lat' dir='ltr'><strong>ad</strong></span> <span class='ocrx_word' id='word_1_641' title='bbox 1462 1891 1504 1910; x_wconf 76' lang='lat' dir='ltr'><strong>eos</strong></span> <span class='ocrx_word' id='word_1_642' title='bbox 1516 1890 1525 1910; x_wconf 88' lang='lat'><strong><em>:</em></strong></span> <span class='ocrx_word' id='word_1_643' title='bbox 1539 1882 1570 1910; x_wconf 89' lang='lat' dir='ltr'><strong>Si</strong></span> <span class='ocrx_word' id='word_1_644' title='bbox 1582 1883 1675 1911; x_wconf 74' lang='lat' dir='ltr'><strong>bonum</strong></span> <span class='ocrx_word' id='word_1_645' title='bbox 1688 1884 1714 1912; x_wconf 81' lang='lat' dir='ltr'><strong>in</strong></span> 
     </span>
    </p>
   </div>
   <div class='ocr_carea' id='block_1_81' title="bbox 921 1928 1715 1963">
    <p class='ocr_par' dir='ltr' id='par_1_81' title="bbox 921 1928 1715 1963">
     <span class='ocr_line' id='line_1_81' title="bbox 921 1928 1715 1963; baseline 0.001 -8"><span class='ocrx_word' id='word_1_646' title='bbox 921 1933 1059 1963; x_wconf 73' lang='lat' dir='ltr'><strong>conspectu</strong></span> <span class='ocrx_word' id='word_1_647' title='bbox 1097 1932 1181 1955; x_wconf 71' lang='lat' dir='ltr'><strong>vestro</strong></span> <span class='ocrx_word' id='word_1_648' title='bbox 1217 1933 1274 1959; x_wconf 75' lang='lat' dir='ltr'><strong>est,</strong></span> <span class='ocrx_word' id='word_1_649' title='bbox 1307 1928 1369 1955; x_wconf 80' lang='lat' dir='ltr'><strong>date</strong></span> <span class='ocrx_word' id='word_1_650' title='bbox 1398 1933 1542 1955; x_wconf 70' lang='lat' dir='ltr'><strong>statuentes</strong></span> <span class='ocrx_word' id='word_1_651' title='bbox 1572 1931 1715 1956; x_wconf 80' lang='lat' dir='ltr'><strong>mercedem</strong></span> 
     </span>
    </p>
   </div>
   <div class='ocr_carea' id='block_1_82' title="bbox 922 1973 1714 2009">
    <p class='ocr_par' dir='ltr' id='par_1_82' title="bbox 922 1973 1714 2009">
     <span class='ocr_line' id='line_1_82' title="bbox 922 1973 1714 2009; baseline 0 -7"><span class='ocrx_word' id='word_1_652' title='bbox 922 1983 1016 2007; x_wconf 73' lang='lat' dir='ltr'><strong>nteant,</strong></span> <span class='ocrx_word' id='word_1_653' title='bbox 1041 1979 1087 2001; x_wconf 87' lang='lat' dir='ltr'><strong>aut</strong></span> <span class='ocrx_word' id='word_1_654' title='bbox 1107 1974 1243 2009; x_wconf 78' lang='lat' dir='ltr'><strong>quiescite.</strong></span> <span class='ocrx_word' id='word_1_655' title='bbox 1257 1973 1292 2001; x_wconf 86' lang='lat' dir='ltr'><strong>Et</strong></span> <span class='ocrx_word' id='word_1_656' title='bbox 1315 1978 1463 2000; x_wconf 74' lang='lat' dir='ltr'><strong>statuerunt</strong></span> <span class='ocrx_word' id='word_1_657' title='bbox 1476 1975 1616 2001; x_wconf 80' lang='lat' dir='ltr'><strong>mercedem</strong></span> <span class='ocrx_word' id='word_1_658' title='bbox 1630 1984 1714 2002; x_wconf 75' lang='lat' dir='ltr'><strong>nterim</strong></span> 
     </span>
    </p>
   </div>
   <div class='ocr_carea' id='block_1_83' title="bbox 923 2018 1713 2056">
    <p class='ocr_par' dir='ltr' id='par_1_83' title="bbox 923 2018 1713 2056">
     <span class='ocr_line' id='line_1_83' title="bbox 923 2018 1713 2056; baseline 0.001 -9"><span class='ocrx_word' id='word_1_659' title='bbox 923 2021 1032 2056; x_wconf 81' lang='lat' dir='ltr'><strong>triginta</strong></span> <span class='ocrx_word' id='word_1_660' title='bbox 1074 2024 1221 2054; x_wconf 66' lang='lat' dir='ltr'><strong>argenteos.</strong></span> <span class='ocrx_word' id='word_1_661' title='bbox 1268 2018 1304 2046; x_wconf 87' lang='lat' dir='ltr'><strong>Et</strong></span> <span class='ocrx_word' id='word_1_662' title='bbox 1336 2019 1402 2045; x_wconf 74' lang='lat' dir='ltr'><strong>dixit</strong></span> <span class='ocrx_word' id='word_1_663' title='bbox 1433 2019 1560 2046; x_wconf 64' lang='lat' dir='ltr'><strong>Dominus</strong></span> <span class='ocrx_word' id='word_1_664' title='bbox 1589 2020 1624 2046; x_wconf 87' lang='lat' dir='ltr'><strong>ad</strong></span> <span class='ocrx_word' id='word_1_665' title='bbox 1653 2029 1713 2048; x_wconf 86' lang='lat' dir='ltr'><strong>me:</strong></span> 
     </span>
    </p>
   </div>
   <div class='ocr_carea' id='block_1_84' title="bbox 923 2065 1713 2100">
    <p class='ocr_par' dir='ltr' id='par_1_84' title="bbox 923 2065 1713 2100">
     <span class='ocr_line' id='line_1_84' title="bbox 923 2065 1713 2100; baseline -0.001 -7"><span class='ocrx_word' id='word_1_666' title='bbox 923 2065 1028 2100; x_wconf 78' lang='lat' dir='ltr'><strong>Depone</strong></span> <span class='ocrx_word' id='word_1_667' title='bbox 1047 2074 1090 2093; x_wconf 76' lang='lat' dir='ltr'><strong>eos</strong></span> <span class='ocrx_word' id='word_1_668' title='bbox 1111 2066 1138 2092; x_wconf 86' lang='lat' dir='ltr'><strong>in</strong></span> <span class='ocrx_word' id='word_1_669' title='bbox 1161 2065 1358 2100; x_wconf 81' lang='lat' dir='ltr'><strong>ronﬂatorium,</strong></span> <span class='ocrx_word' id='word_1_670' title='bbox 1379 2069 1403 2091; x_wconf 89' lang='lat' dir='ltr'><strong>et</strong></span> <span class='ocrx_word' id='word_1_671' title='bbox 1420 2065 1522 2096; x_wconf 80' lang='lat' dir='ltr'><strong>videbo,</strong></span> <span class='ocrx_word' id='word_1_672' title='bbox 1542 2065 1565 2092; x_wconf 74' lang='grc' dir='ltr'>εἰ</span> <span class='ocrx_word' id='word_1_673' title='bbox 1575 2065 1713 2099; x_wconf 77' lang='lat' dir='ltr'><strong>probatum</strong></span> 
     </span>
    </p>
   </div>
   <div class='ocr_carea' id='block_1_85' title="bbox 90 2110 872 2149">
    <p class='ocr_par' dir='ltr' id='par_1_85' title="bbox 90 2111 871 2149">
     <span class='ocr_line' id='line_1_85' title="bbox 90 2111 871 2149; baseline 0 -10"><span class='ocrx_word' id='word_1_674' title='bbox 90 2113 121 2139; x_wconf 79' lang='grc' dir='ltr'>ὃν</span> <span class='ocrx_word' id='word_1_675' title='bbox 132 2114 237 2148; x_wconf 81' lang='grc' dir='ltr'>τρόπον</span> <span class='ocrx_word' id='word_1_676' title='bbox 251 2114 458 2149; x_wconf 78' lang='grc' dir='ltr'>ἐδοκιμάσθην</span> <span class='ocrx_word' id='word_1_677' title='bbox 471 2113 548 2148; x_wconf 79' lang='grc' dir='ltr'>ὑπὲρ</span> <span class='ocrx_word' id='word_1_678' title='bbox 566 2112 675 2140; x_wconf 84' lang='grc' dir='ltr'>αὐτῶν.</span> <span class='ocrx_word' id='word_1_679' title='bbox 691 2111 745 2140; x_wconf 80' lang='grc' dir='ltr'><strong>Καὶ</strong></span> <span class='ocrx_word' id='word_1_680' title='bbox 761 2112 871 2139; x_wconf 77' lang='grc' dir='ltr'>ἔλαϐον</span> 
     </span>
    </p>
   </div>
   <div class='ocr_carea' id='block_1_86' title="bbox 926 2110 1713 2149">
    <p class='ocr_par' dir='ltr' id='par_1_86' title="bbox 926 2110 1713 2145">
     <span class='ocr_line' id='line_1_86' title="bbox 926 2110 1713 2145; baseline 0 -6"><span class='ocrx_word' id='word_1_681' title='bbox 926 2117 960 2140; x_wconf 76' lang='grc' dir='ltr'><strong>εει</strong></span> <span class='ocrx_word' id='word_1_682' title='bbox 974 2133 982 2145; x_wconf 88' lang='grc'><strong>,</strong></span> <span class='ocrx_word' id='word_1_683' title='bbox 1007 2113 1075 2139; x_wconf 69' lang='lat' dir='ltr'><strong>sicut</strong></span> <span class='ocrx_word' id='word_1_684' title='bbox 1105 2111 1231 2145; x_wconf 79' lang='lat' dir='ltr'><strong>probatus</strong></span> <span class='ocrx_word' id='word_1_685' title='bbox 1251 2119 1311 2138; x_wconf 70' lang='lat' dir='ltr'><strong>sum</strong></span> <span class='ocrx_word' id='word_1_686' title='bbox 1331 2119 1409 2145; x_wconf 71' lang='lat' dir='ltr'><strong>super</strong></span> <span class='ocrx_word' id='word_1_687' title='bbox 1428 2111 1474 2138; x_wconf 71' lang='lat' dir='ltr'><strong>eis.</strong></span> <span class='ocrx_word' id='word_1_688' title='bbox 1496 2110 1530 2138; x_wconf 85' lang='lat' dir='ltr'><strong>Et</strong></span> <span class='ocrx_word' id='word_1_689' title='bbox 1555 2112 1641 2144; x_wconf 74' lang='lat' dir='ltr'><strong>accepi</strong></span> <span class='ocrx_word' id='word_1_690' title='bbox 1664 2113 1713 2139; x_wconf 78' lang='lat' dir='ltr'><strong>tri—</strong></span> 
     </span>
    </p>
   </div>
   <div class='ocr_carea' id='block_1_87' title="bbox 89 2156 872 2196">
    <p class='ocr_par' dir='ltr' id='par_1_87' title="bbox 89 2158 870 2196">
     <span class='ocr_line' id='line_1_87' title="bbox 89 2158 870 2196; baseline 0 -11"><span class='ocrx_word' id='word_1_691' title='bbox 89 2159 150 2192; x_wconf 75' lang='grc' dir='ltr'>τοὺς</span> <span class='ocrx_word' id='word_1_692' title='bbox 167 2160 325 2195; x_wconf 78' lang='grc' dir='ltr'>τριάκοντα</span> <span class='ocrx_word' id='word_1_693' title='bbox 346 2160 505 2196; x_wconf 64' lang='grc' dir='ltr'>ἀργψροῦς,</span> <span class='ocrx_word' id='word_1_694' title='bbox 520 2159 569 2186; x_wconf 76' lang='grc' dir='ltr'>καὶ</span> <span class='ocrx_word' id='word_1_695' title='bbox 594 2158 738 2186; x_wconf 72' lang='grc' dir='ltr'><strong>ἐνέϐαλον</strong></span> <span class='ocrx_word' id='word_1_696' title='bbox 758 2158 870 2191; x_wconf 80' lang='grc' dir='ltr'>αὐτοὺς</span> 
     </span>
    </p>
   </div>
   <div class='ocr_carea' id='block_1_88' title="bbox 926 2156 1712 2196">
    <p class='ocr_par' dir='ltr' id='par_1_88' title="bbox 926 2156 1712 2192">
     <span class='ocr_line' id='line_1_88' title="bbox 926 2156 1712 2192; baseline 0 -8"><span class='ocrx_word' id='word_1_697' title='bbox 926 2158 995 2192; x_wconf 82' lang='lat' dir='ltr'><strong>ginta</strong></span> <span class='ocrx_word' id='word_1_698' title='bbox 1015 2162 1200 2192; x_wconf 76' lang='lat' dir='ltr'><strong>argenteos,et</strong></span> <span class='ocrx_word' id='word_1_699' title='bbox 1224 2157 1283 2184; x_wconf 78' lang='lat' dir='ltr'><strong>misi</strong></span> <span class='ocrx_word' id='word_1_700' title='bbox 1311 2164 1353 2184; x_wconf 79' lang='lat' dir='ltr'><strong>eos</strong></span> <span class='ocrx_word' id='word_1_701' title='bbox 1376 2157 1404 2183; x_wconf 82' lang='lat' dir='ltr'><strong>in</strong></span> <span class='ocrx_word' id='word_1_702' title='bbox 1425 2157 1531 2183; x_wconf 83' lang='lat' dir='ltr'><strong>domum</strong></span> <span class='ocrx_word' id='word_1_703' title='bbox 1555 2156 1672 2189; x_wconf 81' lang='lat' dir='ltr'><strong>Domini,</strong></span> <span class='ocrx_word' id='word_1_704' title='bbox 1685 2158 1712 2184; x_wconf 84' lang='lat' dir='ltr'><strong>iu</strong></span> 
     </span>
    </p>
   </div>
   <div class='ocr_carea' id='block_1_89' title="bbox 90 2205 745 2241">
    <p class='ocr_par' dir='ltr' id='par_1_89' title="bbox 90 2205 745 2241">
     <span class='ocr_line' id='line_1_89' title="bbox 90 2205 745 2241; baseline -0.002 -10"><span class='ocrx_word' id='word_1_705' title='bbox 90 2207 126 2238; x_wconf 77' lang='grc' dir='ltr'><strong>εις</strong></span> <span class='ocrx_word' id='word_1_706' title='bbox 138 2207 186 2232; x_wconf 66' lang='grc' dir='ltr'><strong>τὸν</strong></span> <span class='ocrx_word' id='word_1_707' title='bbox 200 2205 285 2234; x_wconf 77' lang='grc' dir='ltr'>οἷκον</span> <span class='ocrx_word' id='word_1_708' title='bbox 301 2207 413 2241; x_wconf 82' lang='grc' dir='ltr'>Κυρίου</span> <span class='ocrx_word' id='word_1_709' title='bbox 425 2207 469 2239; x_wconf 76' lang='grc' dir='ltr'>εἷς</span> <span class='ocrx_word' id='word_1_710' title='bbox 485 2206 518 2232; x_wconf 78' lang='grc' dir='ltr'>τὸ</span> <span class='ocrx_word' id='word_1_711' title='bbox 534 2205 745 2240; x_wconf 80' lang='grc' dir='ltr'>χωνευτήριον.</span> 
     </span>
    </p>
   </div>
   <div class='ocr_carea' id='block_1_90' title="bbox 119 2247 870 2285">
    <p class='ocr_par' dir='ltr' id='par_1_90' title="bbox 119 2247 870 2285">
     <span class='ocr_line' id='line_1_90' title="bbox 119 2247 870 2285; baseline -0.009 -5"><span class='ocrx_word' id='word_1_712' title='bbox 119 2251 176 2280; x_wconf 80' lang='lat' dir='ltr'><strong>UB’.</strong></span> <span class='ocrx_word' id='word_1_713' title='bbox 196 2252 244 2279; x_wconf 76' lang='grc' dir='ltr'>Διὰ</span> <span class='ocrx_word' id='word_1_714' title='bbox 259 2252 314 2278; x_wconf 84' lang='grc' dir='ltr'>τῶν</span> <span class='ocrx_word' id='word_1_715' title='bbox 327 2251 514 2285; x_wconf 82' lang='grc' dir='ltr'>εὐαγγελικῶν</span> <span class='ocrx_word' id='word_1_716' title='bbox 530 2249 736 2284; x_wconf 79' lang='grc' dir='ltr'>θεσπισμάτων,</span> <span class='ocrx_word' id='word_1_717' title='bbox 750 2249 809 2284; x_wconf 75' lang='grc' dir='ltr'>ἦτοι</span> <span class='ocrx_word' id='word_1_718' title='bbox 826 2247 870 2274; x_wconf 80' lang='grc' dir='ltr'><strong>διὰ</strong></span> 
     </span>
    </p>
   </div>
   <div class='ocr_carea' id='block_1_91' title="bbox 88 2294 870 2333">
    <p class='ocr_par' dir='ltr' id='par_1_91' title="bbox 88 2294 870 2333">
     <span class='ocr_line' id='line_1_91' title="bbox 88 2294 870 2333; baseline -0.009 -7"><span class='ocrx_word' id='word_1_719' title='bbox 88 2299 130 2332; x_wconf 68' lang='grc' dir='ltr'><strong>τῆς</strong></span> <span class='ocrx_word' id='word_1_720' title='bbox 143 2299 235 2333; x_wconf 70' lang='grc' dir='ltr'>ῥάϐδου</span> <span class='ocrx_word' id='word_1_721' title='bbox 251 2298 302 2333; x_wconf 72' lang='grc' dir='ltr'>τῆς</span> <span class='ocrx_word' id='word_1_722' title='bbox 329 2298 426 2332; x_wconf 77' lang='grc' dir='ltr'>καλῆς,</span> <span class='ocrx_word' id='word_1_723' title='bbox 442 2297 566 2323; x_wconf 82' lang='grc' dir='ltr'>τουτέστι</span> <span class='ocrx_word' id='word_1_724' title='bbox 580 2296 628 2331; x_wconf 79' lang='grc' dir='ltr'>τῆς</span> <span class='ocrx_word' id='word_1_725' title='bbox 645 2294 785 2330; x_wconf 77' lang='grc' dir='ltr'>ὲξαιρὲτου</span> <span class='ocrx_word' id='word_1_726' title='bbox 806 2302 870 2321; x_wconf 80' lang='grc' dir='ltr'>παι-</span> 
     </span>
    </p>
   </div>
   <div class='ocr_carea' id='block_1_92' title="bbox 89 2339 870 2379">
    <p class='ocr_par' dir='ltr' id='par_1_92' title="bbox 89 2339 870 2379">
     <span class='ocr_line' id='line_1_92' title="bbox 89 2339 870 2379; baseline -0.003 -11"><span class='ocrx_word' id='word_1_727' title='bbox 89 2342 160 2374; x_wconf 76' lang='grc' dir='ltr'>δείας,</span> <span class='ocrx_word' id='word_1_728' title='bbox 173 2345 219 2379; x_wconf 83' lang='grc' dir='ltr'>τῆς</span> <span class='ocrx_word' id='word_1_729' title='bbox 244 2344 313 2379; x_wconf 74' lang='grc' dir='ltr'>μετὰ</span> <span class='ocrx_word' id='word_1_730' title='bbox 336 2343 436 2379; x_wconf 81' lang='grc' dir='ltr'>σαρκὸς</span> <span class='ocrx_word' id='word_1_731' title='bbox 459 2342 615 2377; x_wconf 75' lang='grc' dir='ltr'>οἰκονομίας</span> <span class='ocrx_word' id='word_1_732' title='bbox 638 2340 685 2367; x_wconf 84' lang='grc' dir='ltr'>τοῦ</span> <span class='ocrx_word' id='word_1_733' title='bbox 700 2339 870 2374; x_wconf 80' lang='grc' dir='ltr'>Μονογενοῦς</span> 
     </span>
    </p>
   </div>
   <div class='ocr_carea' id='block_1_93' title="bbox 90 2385 868 2424">
    <p class='ocr_par' dir='ltr' id='par_1_93' title="bbox 90 2385 868 2424">
     <span class='ocr_line' id='line_1_93' title="bbox 90 2385 868 2424; baseline -0.004 -10"><span class='ocrx_word' id='word_1_734' title='bbox 90 2389 282 2424; x_wconf 77' lang='grc' dir='ltr'>πεπαιδεύμεθα</span> <span class='ocrx_word' id='word_1_735' title='bbox 303 2390 336 2415; x_wconf 54' lang='lat' dir='ltr'><strong>es</strong></span> <span class='ocrx_word' id='word_1_736' title='bbox 361 2389 519 2424; x_wconf 82' lang='grc' dir='ltr'>μυστήριον.</span> <span class='ocrx_word' id='word_1_737' title='bbox 551 2387 721 2422; x_wconf 82' lang='grc' dir='ltr'>Ἀκηκόαμεν</span> <span class='ocrx_word' id='word_1_738' title='bbox 743 2385 797 2421; x_wconf 84' lang='grc' dir='ltr'>γὰρ</span> <span class='ocrx_word' id='word_1_739' title='bbox 821 2385 868 2412; x_wconf 79' lang='grc' dir='ltr'>καὶ</span> 
     </span>
    </p>
   </div>
   <div class='ocr_carea' id='block_1_94' title="bbox 90 2430 867 2470">
    <p class='ocr_par' dir='ltr' id='par_1_94' title="bbox 90 2430 867 2470">
     <span class='ocr_line' id='line_1_94' title="bbox 90 2430 867 2470; baseline -0.003 -11"><span class='ocrx_word' id='word_1_740' title='bbox 90 2433 309 2470; x_wconf 81' lang='grc' dir='ltr'>πεπιστεύκαμεν,</span> <span class='ocrx_word' id='word_1_741' title='bbox 329 2434 369 2460; x_wconf 84' lang='grc' dir='ltr'>ὅτι</span> <span class='ocrx_word' id='word_1_742' title='bbox 392 2434 457 2466; x_wconf 81' lang='grc' dir='ltr'>Θεὸς</span> <span class='ocrx_word' id='word_1_743' title='bbox 481 2433 530 2466; x_wconf 84' lang='grc' dir='ltr'>ὢν,</span> <span class='ocrx_word' id='word_1_744' title='bbox 549 2432 585 2464; x_wconf 82' lang='grc' dir='ltr'>ὡς</span> <span class='ocrx_word' id='word_1_745' title='bbox 608 2431 686 2466; x_wconf 77' lang='grc' dir='ltr'>ἔφην,</span> <span class='ocrx_word' id='word_1_746' title='bbox 703 2431 717 2457; x_wconf 84' lang='grc' dir='ltr'><strong>ὁ</strong></span> <span class='ocrx_word' id='word_1_747' title='bbox 740 2432 772 2458; x_wconf 82' lang='grc' dir='ltr'>ὲκ</span> <span class='ocrx_word' id='word_1_748' title='bbox 799 2430 867 2458; x_wconf 84' lang='grc' dir='ltr'>Θεοῦ</span> 
     </span>
    </p>
   </div>
   <div class='ocr_carea' id='block_1_95' title="bbox 90 2477 867 2515">
    <p class='ocr_par' dir='ltr' id='par_1_95' title="bbox 90 2477 867 2515">
     <span class='ocr_line' id='line_1_95' title="bbox 90 2477 867 2515; baseline -0.003 -11"><span class='ocrx_word' id='word_1_749' title='bbox 90 2479 184 2515; x_wconf 79' lang='grc' dir='ltr'>Πατρὺς</span> <span class='ocrx_word' id='word_1_750' title='bbox 207 2481 303 2515; x_wconf 77' lang='grc' dir='ltr'>Λόγος,</span> <span class='ocrx_word' id='word_1_751' title='bbox 326 2480 422 2514; x_wconf 82' lang='grc' dir='ltr'>γέγονε</span> <span class='ocrx_word' id='word_1_752' title='bbox 449 2478 538 2514; x_wconf 77' lang='grc' dir='ltr'>σὰρξ,</span> <span class='ocrx_word' id='word_1_753' title='bbox 565 2488 574 2504; x_wconf 82' lang='grc' dir='ltr'><strong>ι</strong></span> <span class='ocrx_word' id='word_1_754' title='bbox 589 2478 636 2506; x_wconf 79' lang='grc' dir='ltr'>καὶ</span> <span class='ocrx_word' id='word_1_755' title='bbox 661 2477 816 2513; x_wconf 74' lang='grc' dir='ltr'>ἐσκήνωσεν</span> <span class='ocrx_word' id='word_1_756' title='bbox 838 2477 867 2503; x_wconf 91' lang='lat' dir='ltr'><strong>tv</strong></span> 
     </span>
    </p>
   </div>
   <div class='ocr_carea' id='block_1_96' title="bbox 90 2524 868 2561">
    <p class='ocr_par' dir='ltr' id='par_1_96' title="bbox 90 2524 868 2561">
     <span class='ocr_line' id='line_1_96' title="bbox 90 2524 868 2561; baseline 0 -11"><span class='ocrx_word' id='word_1_757' title='bbox 90 2525 154 2559; x_wconf 69' lang='grc' dir='ltr'>ἡμῖν,</span> <span class='ocrx_word' id='word_1_758' title='bbox 168 2535 176 2551; x_wconf 78' lang='grc' dir='ltr'><strong>ι</strong></span> <span class='ocrx_word' id='word_1_759' title='bbox 196 2526 323 2553; x_wconf 79' lang='grc' dir='ltr'>καθίκετό</span> <span class='ocrx_word' id='word_1_760' title='bbox 346 2534 376 2552; x_wconf 83' lang='grc' dir='ltr'><strong>τε</strong></span> <span class='ocrx_word' id='word_1_761' title='bbox 398 2526 427 2551; x_wconf 79' lang='grc' dir='ltr'>ἐν</span> <span class='ocrx_word' id='word_1_762' title='bbox 444 2525 537 2552; x_wconf 86' lang='grc' dir='ltr'>δούλου</span> <span class='ocrx_word' id='word_1_763' title='bbox 565 2525 666 2561; x_wconf 81' lang='grc' dir='ltr'>μορφῇ,</span> <span class='ocrx_word' id='word_1_764' title='bbox 691 2524 821 2560; x_wconf 84' lang='grc' dir='ltr'>ὑπάρχων</span> <span class='ocrx_word' id='word_1_765' title='bbox 839 2524 868 2550; x_wconf 89' lang='lat' dir='ltr'><strong>tv</strong></span> 
     </span>
    </p>
   </div>
   <div class='ocr_carea' id='block_1_97' title="bbox 91 2570 867 2607">
    <p class='ocr_par' dir='ltr' id='par_1_97' title="bbox 91 2570 867 2607">
     <span class='ocr_line' id='line_1_97' title="bbox 91 2570 867 2607; baseline -0.001 -10"><span class='ocrx_word' id='word_1_766' title='bbox 91 2574 169 2607; x_wconf 74' lang='grc' dir='ltr'>μορφῇ</span> <span class='ocrx_word' id='word_1_767' title='bbox 185 2573 231 2599; x_wconf 81' lang='grc' dir='ltr'>καὶ</span> <span class='ocrx_word' id='word_1_768' title='bbox 247 2573 349 2607; x_wconf 84' lang='grc' dir='ltr'>ἰσότητι</span> <span class='ocrx_word' id='word_1_769' title='bbox 365 2571 412 2599; x_wconf 76' lang='grc' dir='ltr'><strong>τοῦ</strong></span> <span class='ocrx_word' id='word_1_770' title='bbox 438 2571 642 2606; x_wconf 80' lang='grc' dir='ltr'>γεγεννηκότος,</span> <span class='ocrx_word' id='word_1_771' title='bbox 661 2580 670 2596; x_wconf 86' lang='grc' dir='ltr'><strong>ι</strong></span> <span class='ocrx_word' id='word_1_772' title='bbox 688 2570 801 2605; x_wconf 84' lang='grc' dir='ltr'>γέγονεν</span> <span class='ocrx_word' id='word_1_773' title='bbox 814 2570 867 2596; x_wconf 80' lang='grc' dir='ltr'><strong>ὑπ-</strong></span> 
     </span>
    </p>
   </div>
   <div class='ocr_carea' id='block_1_98' title="bbox 89 2615 867 2655">
    <p class='ocr_par' dir='ltr' id='par_1_98' title="bbox 89 2615 867 2655">
     <span class='ocr_line' id='line_1_98' title="bbox 89 2615 867 2655; baseline -0.005 -10"><span class='ocrx_word' id='word_1_774' title='bbox 89 2618 158 2652; x_wconf 77' lang='grc' dir='ltr'>ήκοος</span> <span class='ocrx_word' id='word_1_775' title='bbox 171 2618 249 2655; x_wconf 85' lang='grc' dir='ltr'>μέχρι</span> <span class='ocrx_word' id='word_1_776' title='bbox 264 2619 391 2650; x_wconf 80' lang='grc' dir='ltr'>θανάτου,</span> <span class='ocrx_word' id='word_1_777' title='bbox 406 2617 522 2644; x_wconf 81' lang='grc' dir='ltr'>θανάτου</span> <span class='ocrx_word' id='word_1_778' title='bbox 537 2616 566 2643; x_wconf 86' lang='grc' dir='ltr'>δὲ</span> <span class='ocrx_word' id='word_1_779' title='bbox 577 2615 708 2652; x_wconf 72' lang='grc' dir='ltr'>σταυροῦ*</span> <span class='ocrx_word' id='word_1_780' title='bbox 727 2615 774 2642; x_wconf 72' lang='grc' dir='ltr'>καὶ</span> <span class='ocrx_word' id='word_1_781' title='bbox 786 2615 867 2642; x_wconf 90' lang='grc' dir='ltr'>πλού-</span> 
     </span>
    </p>
   </div>
   <div class='ocr_carea' id='block_1_99' title="bbox 922 2203 1116 2234">
    <p class='ocr_par' dir='ltr' id='par_1_99' title="bbox 922 2203 1116 2234">
     <span class='ocr_line' id='line_1_99' title="bbox 922 2203 1116 2234; baseline 0 -6"><span class='ocrx_word' id='word_1_782' title='bbox 922 2203 1116 2234; x_wconf 78' lang='lat' dir='ltr'><strong>conﬂatorium.</strong></span> 
     </span>
    </p>
   </div>
   <div class='ocr_carea' id='block_1_100' title="bbox 957 2246 1714 2280">
    <p class='ocr_par' dir='ltr' id='par_1_100' title="bbox 957 2246 1714 2280">
     <span class='ocr_line' id='line_1_100' title="bbox 957 2246 1714 2280; baseline -0.001 -6"><span class='ocrx_word' id='word_1_783' title='bbox 957 2247 1088 2274; x_wconf 75' lang='lat' dir='ltr'><strong>LXXXII.</strong></span> <span class='ocrx_word' id='word_1_784' title='bbox 1103 2247 1154 2274; x_wconf 80' lang='lat' dir='ltr'><strong>Per</strong></span> <span class='ocrx_word' id='word_1_785' title='bbox 1180 2246 1337 2280; x_wconf 67' lang='lat' dir='ltr'><strong>evangelica</strong></span> <span class='ocrx_word' id='word_1_786' title='bbox 1354 2246 1475 2278; x_wconf 80' lang='lat' dir='ltr'><strong>oracula,</strong></span> <span class='ocrx_word' id='word_1_787' title='bbox 1497 2246 1554 2273; x_wconf 85' lang='lat' dir='ltr'><strong>sire</strong></span> <span class='ocrx_word' id='word_1_788' title='bbox 1582 2254 1629 2280; x_wconf 87' lang='lat' dir='ltr'><strong>per</strong></span> <span class='ocrx_word' id='word_1_789' title='bbox 1659 2246 1714 2273; x_wconf 75' lang='lat' dir='ltr'><strong>vir-</strong></span> 
     </span>
    </p>
   </div>
   <div class='ocr_carea' id='block_1_101' title="bbox 921 2292 1714 2328">
    <p class='ocr_par' dir='ltr' id='par_1_101' title="bbox 921 2292 1714 2328">
     <span class='ocr_line' id='line_1_101' title="bbox 921 2292 1714 2328; baseline 0 -9"><span class='ocrx_word' id='word_1_790' title='bbox 921 2301 982 2328; x_wconf 80' lang='lat' dir='ltr'><strong>gam</strong></span> <span class='ocrx_word' id='word_1_791' title='bbox 1017 2293 1160 2325; x_wconf 79' lang='lat' dir='ltr'><strong>decoram,</strong></span> <span class='ocrx_word' id='word_1_792' title='bbox 1194 2293 1245 2320; x_wconf 82' lang='lat' dir='ltr'><strong>hoc</strong></span> <span class='ocrx_word' id='word_1_793' title='bbox 1267 2297 1310 2320; x_wconf 73' lang='lat' dir='ltr'><strong>cst</strong></span> <span class='ocrx_word' id='word_1_794' title='bbox 1332 2300 1380 2327; x_wconf 83' lang='lat' dir='ltr'><strong>per</strong></span> <span class='ocrx_word' id='word_1_795' title='bbox 1420 2292 1546 2319; x_wconf 80' lang='lat' dir='ltr'><strong>eximiam</strong></span> <span class='ocrx_word' id='word_1_796' title='bbox 1570 2293 1714 2319; x_wconf 75' lang='lat' dir='ltr'><strong>institutio-</strong></span> 
     </span>
    </p>
   </div>
   <div class='ocr_carea' id='block_1_102' title="bbox 921 2336 1709 2372">
    <p class='ocr_par' dir='ltr' id='par_1_102' title="bbox 921 2336 1709 2372">
     <span class='ocr_line' id='line_1_102' title="bbox 921 2336 1709 2372; baseline -0.003 -7"><span class='ocrx_word' id='word_1_797' title='bbox 921 2347 992 2371; x_wconf 86' lang='lat' dir='ltr'><strong>nem,</strong></span> <span class='ocrx_word' id='word_1_798' title='bbox 1012 2339 1170 2366; x_wconf 64' lang='lat' dir='ltr'><strong>mconomia;</strong></span> <span class='ocrx_word' id='word_1_799' title='bbox 1188 2345 1248 2366; x_wconf 90' lang='lat' dir='ltr'><strong>cum</strong></span> <span class='ocrx_word' id='word_1_800' title='bbox 1273 2345 1355 2365; x_wconf 84' lang='lat' dir='ltr'><strong>carne</strong></span> <span class='ocrx_word' id='word_1_801' title='bbox 1383 2336 1520 2372; x_wconf 84' lang='lat' dir='ltr'><strong>Uuigeniti</strong></span> <span class='ocrx_word' id='word_1_802' title='bbox 1552 2339 1709 2372; x_wconf 81' lang='lat' dir='ltr'><strong>mysterium</strong></span> 
     </span>
    </p>
   </div>
   <div class='ocr_carea' id='block_1_103' title="bbox 919 2383 1711 2418">
    <p class='ocr_par' dir='ltr' id='par_1_103' title="bbox 919 2383 1711 2418">
     <span class='ocr_line' id='line_1_103' title="bbox 919 2383 1711 2418; baseline -0.004 -6"><span class='ocrx_word' id='word_1_803' title='bbox 919 2385 1073 2413; x_wconf 81' lang='lat' dir='ltr'><strong>didicimus.</strong></span> <span class='ocrx_word' id='word_1_804' title='bbox 1086 2385 1244 2412; x_wconf 72' lang='lat' dir='ltr'><strong>Autlivimus</strong></span> <span class='ocrx_word' id='word_1_805' title='bbox 1252 2385 1324 2412; x_wconf 93' lang='lat' dir='ltr'><strong>enim</strong></span> <span class='ocrx_word' id='word_1_806' title='bbox 1339 2388 1364 2411; x_wconf 86' lang='lat' dir='ltr'><strong>et</strong></span> <span class='ocrx_word' id='word_1_807' title='bbox 1377 2383 1553 2414; x_wconf 84' lang='lat' dir='ltr'><strong>credidimus.</strong></span> <span class='ocrx_word' id='word_1_808' title='bbox 1569 2384 1638 2418; x_wconf 85' lang='lat' dir='ltr'><strong>quo-.l</strong></span> <span class='ocrx_word' id='word_1_809' title='bbox 1651 2391 1711 2410; x_wconf 90' lang='lat' dir='ltr'><strong>cum</strong></span> 
     </span>
    </p>
   </div>
   <div class='ocr_carea' id='block_1_104' title="bbox 920 2429 1712 2463">
    <p class='ocr_par' dir='ltr' id='par_1_104' title="bbox 920 2429 1712 2463">
     <span class='ocr_line' id='line_1_104' title="bbox 920 2429 1712 2463; baseline -0.001 -5"><span class='ocrx_word' id='word_1_810' title='bbox 920 2437 993 2458; x_wconf 87' lang='lat' dir='ltr'><strong>esset</strong></span> <span class='ocrx_word' id='word_1_811' title='bbox 1009 2431 1089 2463; x_wconf 83' lang='lat' dir='ltr'><strong>Deus,</strong></span> <span class='ocrx_word' id='word_1_812' title='bbox 1105 2435 1133 2457; x_wconf 91' lang='lat' dir='ltr'><strong>ut</strong></span> <span class='ocrx_word' id='word_1_813' title='bbox 1146 2431 1212 2463; x_wconf 84' lang='lat' dir='ltr'><strong>dixi,</strong></span> <span class='ocrx_word' id='word_1_814' title='bbox 1228 2438 1261 2458; x_wconf 74' lang='lat' dir='ltr'><strong>ex</strong></span> <span class='ocrx_word' id='word_1_815' title='bbox 1284 2430 1338 2458; x_wconf 86' lang='lat' dir='ltr'><strong>Deo</strong></span> <span class='ocrx_word' id='word_1_816' title='bbox 1365 2430 1446 2456; x_wconf 77' lang='lat' dir='ltr'><strong>Patre</strong></span> <span class='ocrx_word' id='word_1_817' title='bbox 1476 2429 1594 2456; x_wconf 85' lang='lat' dir='ltr'><strong>Verbum</strong></span> <span class='ocrx_word' id='word_1_818' title='bbox 1625 2430 1712 2457; x_wconf 87' lang='lat' dir='ltr'><strong>lactus</strong></span> 
     </span>
    </p>
   </div>
   <div class='ocr_carea' id='block_1_105' title="bbox 920 2475 1710 2510">
    <p class='ocr_par' dir='ltr' id='par_1_105' title="bbox 920 2475 1710 2510">
     <span class='ocr_line' id='line_1_105' title="bbox 920 2475 1710 2510; baseline -0.003 -6"><span class='ocrx_word' id='word_1_819' title='bbox 920 2477 956 2504; x_wconf 89' lang='lat' dir='ltr'><strong>sit</strong></span> <span class='ocrx_word' id='word_1_820' title='bbox 967 2484 1042 2509; x_wconf 84' lang='lat' dir='ltr'><strong>caro,</strong></span> <span class='ocrx_word' id='word_1_821' title='bbox 1057 2481 1104 2504; x_wconf 67' lang='lat' dir='ltr'><strong>(et</strong></span> <span class='ocrx_word' id='word_1_822' title='bbox 1121 2476 1282 2504; x_wconf 76' lang='lat' dir='ltr'><strong>habitaverit</strong></span> <span class='ocrx_word' id='word_1_823' title='bbox 1301 2477 1328 2504; x_wconf 93' lang='lat' dir='ltr'><strong>in</strong></span> <span class='ocrx_word' id='word_1_824' title='bbox 1347 2477 1426 2504; x_wconf 87' lang='lat' dir='ltr'><strong>nobis</strong></span> <span class='ocrx_word' id='word_1_825' title='bbox 1438 2476 1459 2507; x_wconf 82' lang='grc'>⁵,</span> <span class='ocrx_word' id='word_1_826' title='bbox 1480 2485 1489 2501; x_wconf 74' lang='grc' dir='ltr'><strong>ι</strong></span> <span class='ocrx_word' id='word_1_827' title='bbox 1505 2475 1662 2510; x_wconf 85' lang='lat' dir='ltr'><strong>veneritque</strong></span> <span class='ocrx_word' id='word_1_828' title='bbox 1684 2478 1710 2503; x_wconf 93' lang='lat' dir='ltr'><strong>in</strong></span> 
     </span>
    </p>
   </div>
   <div class='ocr_carea' id='block_1_106' title="bbox 920 2521 1710 2557">
    <p class='ocr_par' dir='ltr' id='par_1_106' title="bbox 920 2521 1710 2557">
     <span class='ocr_line' id='line_1_106' title="bbox 920 2521 1710 2557; baseline -0.004 -7"><span class='ocrx_word' id='word_1_829' title='bbox 920 2522 1006 2550; x_wconf 78' lang='lat' dir='ltr'><strong>forma</strong></span> <span class='ocrx_word' id='word_1_830' title='bbox 1020 2523 1101 2555; x_wconf 85' lang='lat' dir='ltr'><strong>servi,</strong></span> <span class='ocrx_word' id='word_1_831' title='bbox 1111 2523 1157 2557; x_wconf 87' lang='lat' dir='ltr'><strong>qui</strong></span> <span class='ocrx_word' id='word_1_832' title='bbox 1172 2527 1215 2550; x_wconf 89' lang='lat' dir='ltr'><strong>est</strong></span> <span class='ocrx_word' id='word_1_833' title='bbox 1231 2522 1353 2550; x_wconf 78' lang='lat' dir='ltr'><strong>informa</strong></span> <span class='ocrx_word' id='word_1_834' title='bbox 1366 2528 1392 2550; x_wconf 87' lang='lat' dir='ltr'><strong>et</strong></span> <span class='ocrx_word' id='word_1_835' title='bbox 1403 2522 1557 2557; x_wconf 75' lang='lat' dir='ltr'><strong>aequalitate</strong></span> <span class='ocrx_word' id='word_1_836' title='bbox 1565 2521 1710 2553; x_wconf 85' lang='lat' dir='ltr'><strong>Genitoris,</strong></span> 
     </span>
    </p>
   </div>
   <div class='ocr_carea' id='block_1_107' title="bbox 924 2569 1710 2604">
    <p class='ocr_par' dir='ltr' id='par_1_107' title="bbox 924 2569 1710 2604">
     <span class='ocr_line' id='line_1_107' title="bbox 924 2569 1710 2604; baseline -0.003 -8"><span class='ocrx_word' id='word_1_837' title='bbox 924 2578 934 2595; x_wconf 82' lang='grc' dir='ltr'><strong>ι</strong></span> <span class='ocrx_word' id='word_1_838' title='bbox 953 2573 980 2597; x_wconf 85' lang='lat' dir='ltr'><strong>et</strong></span> <span class='ocrx_word' id='word_1_839' title='bbox 999 2569 1088 2597; x_wconf 78' lang='lat' dir='ltr'><strong>factus</strong></span> <span class='ocrx_word' id='word_1_840' title='bbox 1106 2569 1142 2596; x_wconf 87' lang='lat' dir='ltr'><strong>sit</strong></span> <span class='ocrx_word' id='word_1_841' title='bbox 1159 2569 1289 2596; x_wconf 86' lang='lat' dir='ltr'><strong>ohediens</strong></span> <span class='ocrx_word' id='word_1_842' title='bbox 1311 2576 1397 2604; x_wconf 89' lang='lat' dir='ltr'><strong>usque</strong></span> <span class='ocrx_word' id='word_1_843' title='bbox 1409 2569 1441 2596; x_wconf 86' lang='lat' dir='ltr'><strong>ad</strong></span> <span class='ocrx_word' id='word_1_844' title='bbox 1458 2572 1582 2600; x_wconf 88' lang='lat' dir='ltr'><strong>mortem,</strong></span> <span class='ocrx_word' id='word_1_845' title='bbox 1596 2572 1710 2594; x_wconf 83' lang='lat' dir='ltr'><strong>mortem</strong></span> 
     </span>
    </p>
   </div>
   <div class='ocr_carea' id='block_1_108' title="bbox 920 2612 1711 2648">
    <p class='ocr_par' dir='ltr' id='par_1_108' title="bbox 920 2612 1711 2648">
     <span class='ocr_line' id='line_1_108' title="bbox 920 2612 1711 2648; baseline -0.008 -4"><span class='ocrx_word' id='word_1_846' title='bbox 920 2622 1011 2644; x_wconf 84' lang='lat' dir='ltr'><strong>autem</strong></span> <span class='ocrx_word' id='word_1_847' title='bbox 1031 2615 1122 2643; x_wconf 86' lang='lat' dir='ltr'><strong>crucis</strong></span> <span class='ocrx_word' id='word_1_848' title='bbox 1133 2615 1143 2630; x_wconf 89' lang='grc'><strong><em>⁶</em></strong></span> <span class='ocrx_word' id='word_1_849' title='bbox 1160 2623 1167 2648; x_wconf 89' lang='lat'>;</span> <span class='ocrx_word' id='word_1_850' title='bbox 1181 2619 1208 2641; x_wconf 84' lang='lat' dir='ltr'><strong>et</strong></span> <span class='ocrx_word' id='word_1_851' title='bbox 1222 2621 1283 2642; x_wconf 88' lang='lat' dir='ltr'><strong>cum</strong></span> <span class='ocrx_word' id='word_1_852' title='bbox 1302 2613 1377 2641; x_wconf 86' lang='lat' dir='ltr'><strong>dives</strong></span> <span class='ocrx_word' id='word_1_853' title='bbox 1390 2618 1474 2645; x_wconf 82' lang='lat' dir='ltr'><strong>esset,</strong></span> <span class='ocrx_word' id='word_1_854' title='bbox 1491 2612 1578 2639; x_wconf 81' lang='lat' dir='ltr'><strong>factus</strong></span> <span class='ocrx_word' id='word_1_855' title='bbox 1599 2612 1634 2639; x_wconf 89' lang='lat' dir='ltr'><strong>sit</strong></span> <span class='ocrx_word' id='word_1_856' title='bbox 1649 2619 1711 2646; x_wconf 77' lang='lat' dir='ltr'><strong>ege-</strong></span> 
     </span>
    </p>
   </div>
   <div class='ocr_carea' id='block_1_109' title="bbox 90 2658 872 2700">
    <p class='ocr_par' dir='ltr' id='par_1_109' title="bbox 90 2660 866 2700">
     <span class='ocr_line' id='line_1_109' title="bbox 90 2660 866 2700; baseline -0.005 -9"><span class='ocrx_word' id='word_1_857' title='bbox 90 2671 137 2695; x_wconf 78' lang='grc' dir='ltr'>σιος</span> <span class='ocrx_word' id='word_1_858' title='bbox 160 2664 205 2695; x_wconf 82' lang='grc' dir='ltr'><strong>ὢν,</strong></span> <span class='ocrx_word' id='word_1_859' title='bbox 219 2663 373 2700; x_wconf 82' lang='grc' dir='ltr'>ὲπτώχευσε</span> <span class='ocrx_word' id='word_1_860' title='bbox 396 2663 429 2690; x_wconf 77' lang='grc' dir='ltr'>δι’</span> <span class='ocrx_word' id='word_1_861' title='bbox 445 2664 530 2699; x_wconf 80' lang='grc' dir='ltr'>ἡμᾶς,</span> <span class='ocrx_word' id='word_1_862' title='bbox 555 2662 598 2689; x_wconf 83' lang='grc' dir='ltr'>ἵνα</span> <span class='ocrx_word' id='word_1_863' title='bbox 621 2663 702 2697; x_wconf 79' lang='grc' dir='ltr'>ἡμεῖς</span> <span class='ocrx_word' id='word_1_864' title='bbox 728 2662 761 2697; x_wconf 87' lang='grc' dir='ltr'><strong>τῇ</strong></span> <span class='ocrx_word' id='word_1_865' title='bbox 784 2660 866 2688; x_wconf 79' lang='grc' dir='ltr'>αὑτοῦ</span> 
     </span>
    </p>
   </div>
   <div class='ocr_carea' id='block_1_110' title="bbox 926 2658 1709 2700">
    <p class='ocr_par' dir='ltr' id='par_1_110' title="bbox 926 2658 1709 2696">
     <span class='ocr_line' id='line_1_110' title="bbox 926 2658 1709 2696; baseline -0.008 -7"><span class='ocrx_word' id='word_1_866' title='bbox 926 2671 981 2695; x_wconf 72' lang='lat' dir='ltr'><strong>aus,</strong></span> <span class='ocrx_word' id='word_1_867' title='bbox 995 2667 1024 2690; x_wconf 91' lang='lat' dir='ltr'><strong>ut</strong></span> <span class='ocrx_word' id='word_1_868' title='bbox 1039 2670 1088 2689; x_wconf 84' lang='lat' dir='ltr'><strong>nos</strong></span> <span class='ocrx_word' id='word_1_869' title='bbox 1120 2660 1178 2696; x_wconf 78' lang='lat' dir='ltr'><strong>ejus</strong></span> <span class='ocrx_word' id='word_1_870' title='bbox 1192 2660 1280 2695; x_wconf 89' lang='lat' dir='ltr'><strong>inopia</strong></span> <span class='ocrx_word' id='word_1_871' title='bbox 1292 2660 1439 2687; x_wconf 85' lang='lat' dir='ltr'><strong>ditaremur</strong></span> <span class='ocrx_word' id='word_1_872' title='bbox 1457 2659 1494 2686; x_wconf 75' lang='grc'><strong>⁷.»</strong></span> <span class='ocrx_word' id='word_1_873' title='bbox 1510 2658 1615 2686; x_wconf 75' lang='lat' dir='ltr'><strong>Excutit</strong></span> <span class='ocrx_word' id='word_1_874' title='bbox 1638 2658 1709 2685; x_wconf 86' lang='lat' dir='ltr'><strong>enim</strong></span> 
     </span>
    </p>
   </div>
   <div class='ocr_carea' id='block_1_111' title="bbox 90 2702 872 2746">
    <p class='ocr_par' dir='ltr' id='par_1_111' title="bbox 90 2707 865 2746">
     <span class='ocr_line' id='line_1_111' title="bbox 90 2707 865 2746; baseline -0.001 -11"><span class='ocrx_word' id='word_1_875' title='bbox 90 2711 199 2746; x_wconf 78' lang='grc' dir='ltr'>πτωχείᾳ</span> <span class='ocrx_word' id='word_1_876' title='bbox 212 2711 418 2746; x_wconf 83' lang='grc' dir='ltr'>πλουτήσωμεν.</span> <span class='ocrx_word' id='word_1_877' title='bbox 436 2720 445 2736; x_wconf 84' lang='grc'><strong>›</strong></span> <span class='ocrx_word' id='word_1_878' title='bbox 457 2708 589 2741; x_wconf 81' lang='grc' dir='ltr'>Ἐξείλετο</span> <span class='ocrx_word' id='word_1_879' title='bbox 600 2709 655 2744; x_wconf 84' lang='grc' dir='ltr'><strong>γὰρ</strong></span> <span class='ocrx_word' id='word_1_880' title='bbox 667 2709 740 2744; x_wconf 83' lang='grc' dir='ltr'>ἡμᾶς</span> <span class='ocrx_word' id='word_1_881' title='bbox 751 2708 806 2735; x_wconf 85' lang='grc' dir='ltr'>τῶν</span> <span class='ocrx_word' id='word_1_882' title='bbox 819 2707 865 2734; x_wconf 80' lang='grc' dir='ltr'>τοῦ</span> 
     </span>
    </p>
   </div>
   <div class='ocr_carea' id='block_1_112' title="bbox 926 2702 1708 2746">
    <p class='ocr_par' dir='ltr' id='par_1_112' title="bbox 926 2702 1708 2739">
     <span class='ocr_line' id='line_1_112' title="bbox 926 2702 1708 2739; baseline -0.005 -6"><span class='ocrx_word' id='word_1_883' title='bbox 926 2716 969 2736; x_wconf 69' lang='lat' dir='ltr'><strong>nos</strong></span> <span class='ocrx_word' id='word_1_884' title='bbox 993 2716 1008 2736; x_wconf 89' lang='lat' dir='ltr'><strong>e</strong></span> <span class='ocrx_word' id='word_1_885' title='bbox 1024 2707 1139 2735; x_wconf 86' lang='lat' dir='ltr'><strong>vinculis</strong></span> <span class='ocrx_word' id='word_1_886' title='bbox 1153 2707 1259 2739; x_wconf 88' lang='lat' dir='ltr'><strong>mortis,</strong></span> <span class='ocrx_word' id='word_1_887' title='bbox 1277 2705 1400 2733; x_wconf 85' lang='lat' dir='ltr'><strong>liberavit</strong></span> <span class='ocrx_word' id='word_1_888' title='bbox 1415 2712 1429 2731; x_wconf 87' lang='lat' dir='ltr'><strong>a</strong></span> <span class='ocrx_word' id='word_1_889' title='bbox 1447 2708 1569 2739; x_wconf 76' lang='lat' dir='ltr'><strong>peccato,</strong></span> <span class='ocrx_word' id='word_1_890' title='bbox 1584 2703 1653 2730; x_wconf 87' lang='lat' dir='ltr'><strong>tilios</strong></span> <span class='ocrx_word' id='word_1_891' title='bbox 1664 2702 1708 2730; x_wconf 86' lang='lat' dir='ltr'><strong>Dei</strong></span> 
     </span>
    </p>
   </div>
   <div class='ocr_carea' id='block_1_113' title="bbox 119 2791 1702 2833">
    <p class='ocr_par' dir='ltr' id='par_1_113' title="bbox 119 2791 1702 2833">
     <span class='ocr_line' id='line_1_113' title="bbox 119 2791 1702 2833; baseline -0.005 -6"><span class='ocrx_word' id='word_1_892' title='bbox 119 2801 139 2817; x_wconf 83' lang='lat'>”</span> <span class='ocrx_word' id='word_1_893' title='bbox 154 2800 245 2828; x_wconf 72' lang='lat' dir='ltr'><strong>Matth.</strong></span> <span class='ocrx_word' id='word_1_894' title='bbox 263 2810 357 2832; x_wconf 73' lang='lat' dir='ltr'><strong>nun.</strong></span> <span class='ocrx_word' id='word_1_895' title='bbox 375 2801 418 2833; x_wconf 79' lang='lat' dir='ltr'><strong>l9,</strong></span> <span class='ocrx_word' id='word_1_896' title='bbox 431 2801 476 2827; x_wconf 71' lang='lat'><strong>20.</strong></span> <span class='ocrx_word' id='word_1_897' title='bbox 531 2799 624 2832; x_wconf 64' lang='lat' dir='ltr'><strong>‘l‘sal.</strong></span> <span class='ocrx_word' id='word_1_898' title='bbox 647 2807 725 2831; x_wconf 74' lang='lat' dir='ltr'><strong>xvnt,</strong></span> <span class='ocrx_word' id='word_1_899' title='bbox 740 2799 766 2827; x_wconf 85' lang='lat'><strong>5.</strong></span> <span class='ocrx_word' id='word_1_900' title='bbox 818 2800 827 2814; x_wconf 83' lang='lat'>&#39;</span> <span class='ocrx_word' id='word_1_901' title='bbox 844 2799 912 2827; x_wconf 80' lang='lat' dir='ltr'><strong>Gen.</strong></span> <span class='ocrx_word' id='word_1_902' title='bbox 928 2808 1000 2830; x_wconf 68' lang='lat' dir='ltr'><strong>un,</strong></span> <span class='ocrx_word' id='word_1_903' title='bbox 1020 2799 1061 2825; x_wconf 89' lang='lat' dir='ltr'><strong>l0.</strong></span> <span class='ocrx_word' id='word_1_904' title='bbox 1102 2799 1111 2814; x_wconf 86' lang='grc'>³</span> <span class='ocrx_word' id='word_1_905' title='bbox 1127 2798 1198 2826; x_wconf 80' lang='lat' dir='ltr'><strong>Psal.</strong></span> <span class='ocrx_word' id='word_1_906' title='bbox 1219 2805 1318 2827; x_wconf 80' lang='lat' dir='ltr'><strong>Luxv,</strong></span> <span class='ocrx_word' id='word_1_907' title='bbox 1333 2796 1377 2823; x_wconf 86' lang='grc'><strong>1..</strong></span> <span class='ocrx_word' id='word_1_908' title='bbox 1398 2795 1407 2810; x_wconf 63' lang='grc' dir='ltr'><strong>δ</strong></span> <span class='ocrx_word' id='word_1_909' title='bbox 1419 2794 1534 2830; x_wconf 80' lang='lat' dir='ltr'><strong>Philipp.</strong></span> <span class='ocrx_word' id='word_1_910' title='bbox 1550 2800 1578 2826; x_wconf 89' lang='lat' dir='ltr'><strong>ll,</strong></span> <span class='ocrx_word' id='word_1_911' title='bbox 1595 2791 1637 2824; x_wconf 87' lang='lat' dir='ltr'><strong>l0,</strong></span> <span class='ocrx_word' id='word_1_912' title='bbox 1659 2791 1702 2820; x_wconf 79' lang='lat' dir='ltr'><strong>ll.</strong></span> 
     </span>
    </p>
   </div>
   <div class='ocr_carea' id='block_1_114' title="bbox 91 2834 857 2872">
    <p class='ocr_par' dir='ltr' id='par_1_114' title="bbox 91 2834 857 2872">
     <span class='ocr_line' id='line_1_114' title="bbox 91 2834 857 2872; baseline 0 -10"><span class='ocrx_word' id='word_1_913' title='bbox 91 2834 180 2863; x_wconf 77' lang='lat' dir='ltr'><strong>&#39;Joau.</strong></span> <span class='ocrx_word' id='word_1_914' title='bbox 198 2844 215 2867; x_wconf 88' lang='grc' dir='ltr'><strong>ι,</strong></span> <span class='ocrx_word' id='word_1_915' title='bbox 231 2837 272 2864; x_wconf 75' lang='grc' dir='ltr'><strong>Η.</strong></span> <span class='ocrx_word' id='word_1_916' title='bbox 311 2838 321 2850; x_wconf 85' lang='grc'>¹</span> <span class='ocrx_word' id='word_1_917' title='bbox 338 2837 452 2872; x_wconf 78' lang='lat' dir='ltr'><strong>Philipp.</strong></span> <span class='ocrx_word' id='word_1_918' title='bbox 468 2843 499 2869; x_wconf 88' lang='lat' dir='ltr'><strong>ll,</strong></span> <span class='ocrx_word' id='word_1_919' title='bbox 515 2835 572 2863; x_wconf 80' lang='lat'><strong>6-8.</strong></span> <span class='ocrx_word' id='word_1_920' title='bbox 611 2835 620 2850; x_wconf 84' lang='grc'><strong>⁷</strong></span> <span class='ocrx_word' id='word_1_921' title='bbox 638 2834 656 2861; x_wconf 86' lang='lat' dir='ltr'><strong>Il</strong></span> <span class='ocrx_word' id='word_1_922' title='bbox 678 2835 741 2862; x_wconf 74' lang='lat' dir='ltr'><strong>Cor.</strong></span> <span class='ocrx_word' id='word_1_923' title='bbox 757 2842 816 2866; x_wconf 85' lang='lat' dir='ltr'><strong>Vltl,</strong></span> <span class='ocrx_word' id='word_1_924' title='bbox 830 2834 857 2862; x_wconf 82' lang='lat'><strong>9.</strong></span> 
     </span>
    </p>
   </div>
  </div>
