  <div class='ocr_page' id='page_1' title='image "/cluster/home/n/w/nwhite01/storage/ocr_20150623/72/njp.32101077772752/123.png"; bbox 0 0 1916 3053; ppageno 0'>
   <div class='ocr_carea' id='block_1_1' title="bbox 229 137 278 165">
    <p class='ocr_par' dir='ltr' id='par_1_1' title="bbox 229 137 278 165">
     <span class='ocr_line' id='line_1_1' title="bbox 229 137 278 165; baseline 0.041 -2"><span class='ocrx_word' id='word_1_1' title='bbox 229 137 278 165; x_wconf 76' lang='grc' dir='ltr'><strong>Ιῦθ</strong></span> 
     </span>
    </p>
   </div>
   <div class='ocr_carea' id='block_1_2' title="bbox 678 115 1345 164">
    <p class='ocr_par' dir='ltr' id='par_1_2' title="bbox 678 115 1345 164">
     <span class='ocr_line' id='line_1_2' title="bbox 678 115 1345 164; baseline -0.004 0"><span class='ocrx_word' id='word_1_2' title='bbox 678 132 688 156; x_wconf 65' lang='grc'><em>³</em></span> <span class='ocrx_word' id='word_1_3' title='bbox 726 136 754 164; x_wconf 88' lang='lat' dir='ltr'><strong>S.</strong></span> <span class='ocrx_word' id='word_1_4' title='bbox 775 135 912 164; x_wconf 69' lang='lat' dir='ltr'><strong>CYRIIJJ</strong></span> <span class='ocrx_word' id='word_1_5' title='bbox 929 115 1163 162; x_wconf 43' lang='lat' dir='ltr'><strong>ALEXANDRINI</strong></span> <span class='ocrx_word' id='word_1_6' title='bbox 1183 134 1345 162; x_wconf 76' lang='lat' dir='ltr'><strong>ARCHIEP.</strong></span> 
     </span>
    </p>
   </div>
   <div class='ocr_carea' id='block_1_3' title="bbox 1807 132 1859 160">
    <p class='ocr_par' dir='ltr' id='par_1_3' title="bbox 1807 132 1859 160">
     <span class='ocr_line' id='line_1_3' title="bbox 1807 132 1859 160; baseline 0.019 -1"><span class='ocrx_word' id='word_1_7' title='bbox 1807 132 1859 160; x_wconf 72' lang='lat'><strong>290</strong></span> 
     </span>
    </p>
   </div>
   <div class='ocr_carea' id='block_1_4' title="bbox 228 185 1013 232">
    <p class='ocr_par' dir='ltr' id='par_1_4' title="bbox 228 185 1013 232">
     <span class='ocr_line' id='line_1_4' title="bbox 228 185 1013 232; baseline -0.005 -8"><span class='ocrx_word' id='word_1_8' title='bbox 228 197 342 229; x_wconf 66' lang='lat' dir='ltr'><strong>sanabit,</strong></span> <span class='ocrx_word' id='word_1_9' title='bbox 358 202 380 224; x_wconf 75' lang='lat' dir='ltr'><strong>et</strong></span> <span class='ocrx_word' id='word_1_10' title='bbox 392 198 520 232; x_wconf 69' lang='lat' dir='ltr'><strong>integrum</strong></span> <span class='ocrx_word' id='word_1_11' title='bbox 535 205 586 223; x_wconf 81' lang='lat' dir='ltr'><strong>mm</strong></span> <span class='ocrx_word' id='word_1_12' title='bbox 599 196 704 231; x_wconf 75' lang='lat' dir='ltr'><strong>diriget,</strong></span> <span class='ocrx_word' id='word_1_13' title='bbox 719 201 743 222; x_wconf 80' lang='lat' dir='ltr'><strong>et</strong></span> <span class='ocrx_word' id='word_1_14' title='bbox 759 203 849 223; x_wconf 70' lang='lat' dir='ltr'><strong>carnes</strong></span> <span class='ocrx_word' id='word_1_15' title='bbox 875 185 1013 222; x_wconf 73' lang='lat' dir='ltr'><strong>electoruml</strong></span> 
     </span>
    </p>
   </div>
   <div class='ocr_carea' id='block_1_5' title="bbox 1066 185 1858 232">
    <p class='ocr_par' dir='ltr' id='par_1_5' title="bbox 1066 190 1858 228">
     <span class='ocr_line' id='line_1_5' title="bbox 1066 190 1858 228; baseline -0.005 -8"><span class='ocrx_word' id='word_1_16' title='bbox 1066 193 1214 228; x_wconf 78' lang='grc' dir='ltr'>πισμένον</span> <span class='ocrx_word' id='word_1_17' title='bbox 1238 194 1275 219; x_wconf 75' lang='grc' dir='ltr'>οὺ</span> <span class='ocrx_word' id='word_1_18' title='bbox 1290 193 1333 228; x_wconf 76' lang='grc' dir='ltr'><strong>μὴ</strong></span> <span class='ocrx_word' id='word_1_19' title='bbox 1351 192 1474 226; x_wconf 54' lang='lat' dir='ltr'><strong>(Simian,</strong></span> <span class='ocrx_word' id='word_1_20' title='bbox 1490 191 1537 218; x_wconf 77' lang='grc' dir='ltr'>καὶ</span> <span class='ocrx_word' id='word_1_21' title='bbox 1552 191 1587 218; x_wconf 85' lang='grc' dir='ltr'>τὸ</span> <span class='ocrx_word' id='word_1_22' title='bbox 1603 190 1858 225; x_wconf 63' lang='grc' dir='ltr'>συντετριμμένον</span> 
     </span>
    </p>
   </div>
   <div class='ocr_carea' id='block_1_6' title="bbox 228 242 740 276">
    <p class='ocr_par' dir='ltr' id='par_1_6' title="bbox 228 242 740 276">
     <span class='ocr_line' id='line_1_6' title="bbox 228 242 740 276; baseline -0.006 -5"><span class='ocrx_word' id='word_1_23' title='bbox 228 243 371 276; x_wconf 68' lang='lat' dir='ltr'><strong>devotabit,</strong></span> <span class='ocrx_word' id='word_1_24' title='bbox 388 247 411 269; x_wconf 77' lang='lat' dir='ltr'><strong>et</strong></span> <span class='ocrx_word' id='word_1_25' title='bbox 426 242 491 269; x_wconf 79' lang='lat' dir='ltr'><strong>talos</strong></span> <span class='ocrx_word' id='word_1_26' title='bbox 499 250 588 268; x_wconf 80' lang='lat' dir='ltr'><strong>eorum</strong></span> <span class='ocrx_word' id='word_1_27' title='bbox 605 246 740 276; x_wconf 73' lang='lat' dir='ltr'><strong>pervertet.</strong></span> 
     </span>
    </p>
   </div>
   <div class='ocr_carea' id='block_1_7' title="bbox 262 371 1013 407">
    <p class='ocr_par' dir='ltr' id='par_1_7' title="bbox 262 371 1013 407">
     <span class='ocr_line' id='line_1_7' title="bbox 262 371 1013 407; baseline -0.004 -6"><span class='ocrx_word' id='word_1_28' title='bbox 262 373 404 401; x_wconf 78' lang='lat' dir='ltr'><strong>LXXXIV.</strong></span> <span class='ocrx_word' id='word_1_29' title='bbox 421 373 500 406; x_wconf 79' lang='lat' dir='ltr'><strong>Boni,</strong></span> <span class='ocrx_word' id='word_1_30' title='bbox 516 373 644 407; x_wconf 86' lang='lat' dir='ltr'><strong>sapientis</strong></span> <span class='ocrx_word' id='word_1_31' title='bbox 658 372 788 407; x_wconf 87' lang='lat' dir='ltr'><strong>peritique</strong></span> <span class='ocrx_word' id='word_1_32' title='bbox 810 371 934 406; x_wconf 72' lang='lat' dir='ltr'><strong>pastoris,</strong></span> <span class='ocrx_word' id='word_1_33' title='bbox 962 371 1013 398; x_wconf 89' lang='lat' dir='ltr'><strong>hoc</strong></span> 
     </span>
    </p>
   </div>
   <div class='ocr_carea' id='block_1_8' title="bbox 228 417 1014 454">
    <p class='ocr_par' dir='ltr' id='par_1_8' title="bbox 228 417 1014 454">
     <span class='ocr_line' id='line_1_8' title="bbox 228 417 1014 454; baseline -0.005 -7"><span class='ocrx_word' id='word_1_34' title='bbox 228 425 269 447; x_wconf 84' lang='lat' dir='ltr'><strong>est</strong></span> <span class='ocrx_word' id='word_1_35' title='bbox 288 420 400 452; x_wconf 79' lang='lat' dir='ltr'><strong>Christi,</strong></span> <span class='ocrx_word' id='word_1_36' title='bbox 413 419 503 454; x_wconf 74' lang='lat' dir='ltr'><strong>virgas</strong></span> <span class='ocrx_word' id='word_1_37' title='bbox 519 420 596 452; x_wconf 80' lang='lat' dir='ltr'><strong>duas,</strong></span> <span class='ocrx_word' id='word_1_38' title='bbox 613 426 679 453; x_wconf 86' lang='lat' dir='ltr'><strong>quas</strong></span> <span class='ocrx_word' id='word_1_39' title='bbox 693 419 814 453; x_wconf 74' lang='lat' dir='ltr'><strong>proiecit,</strong></span> <span class='ocrx_word' id='word_1_40' title='bbox 837 424 864 444; x_wconf 90' lang='lat' dir='ltr'><strong>et</strong></span> <span class='ocrx_word' id='word_1_41' title='bbox 879 417 904 444; x_wconf 89' lang='lat' dir='ltr'><strong>in</strong></span> <span class='ocrx_word' id='word_1_42' title='bbox 924 417 1014 452; x_wconf 83' lang='lat' dir='ltr'><strong>regio-</strong></span> 
     </span>
    </p>
   </div>
   <div class='ocr_carea' id='block_1_9' title="bbox 229 455 1013 497">
    <p class='ocr_par' dir='ltr' id='par_1_9' title="bbox 229 455 1013 497">
     <span class='ocr_line' id='line_1_9' title="bbox 229 455 1013 497; baseline -0.004 -5"><span class='ocrx_word' id='word_1_43' title='bbox 229 465 309 492; x_wconf 86' lang='lat' dir='ltr'><strong>nibus</strong></span> <span class='ocrx_word' id='word_1_44' title='bbox 325 465 537 492; x_wconf 81' lang='lat' dir='ltr'><strong>Chanameornm</strong></span> <span class='ocrx_word' id='word_1_45' title='bbox 551 465 740 497; x_wconf 84' lang='lat' dir='ltr'><strong>dissipavit,eo</strong></span> <span class='ocrx_word' id='word_1_46' title='bbox 758 463 837 490; x_wconf 89' lang='lat' dir='ltr'><strong>modo</strong></span> <span class='ocrx_word' id='word_1_47' title='bbox 861 470 915 497; x_wconf 94' lang='lat' dir='ltr'><strong>quo</strong></span> <span class='ocrx_word' id='word_1_48' title='bbox 932 455 1013 496; x_wconf 61' lang='lat' dir='ltr'><strong>sitpra</strong></span> 
     </span>
    </p>
   </div>
   <div class='ocr_carea' id='block_1_10' title="bbox 230 509 1014 545">
    <p class='ocr_par' dir='ltr' id='par_1_10' title="bbox 230 509 1014 545">
     <span class='ocr_line' id='line_1_10' title="bbox 230 509 1014 545; baseline -0.005 -7"><span class='ocrx_word' id='word_1_49' title='bbox 230 519 245 538; x_wconf 73' lang='grc' dir='ltr'>ι</span> <span class='ocrx_word' id='word_1_50' title='bbox 261 511 339 538; x_wconf 87' lang='lat' dir='ltr'><strong>nobis</strong></span> <span class='ocrx_word' id='word_1_51' title='bbox 353 511 515 545; x_wconf 84' lang='lat' dir='ltr'><strong>explicatum</strong></span> <span class='ocrx_word' id='word_1_52' title='bbox 538 514 589 542; x_wconf 83' lang='lat' dir='ltr'><strong>est,</strong></span> <span class='ocrx_word' id='word_1_53' title='bbox 609 510 691 545; x_wconf 75' lang='lat'><strong>769</strong></span> <span class='ocrx_word' id='word_1_54' title='bbox 705 509 812 544; x_wconf 88' lang='lat' dir='ltr'><strong>quidatn</strong></span> <span class='ocrx_word' id='word_1_55' title='bbox 829 511 1014 542; x_wconf 81' lang='lat' dir='ltr'><strong>cognoverunt</strong></span> 
     </span>
    </p>
   </div>
   <div class='ocr_carea' id='block_1_11' title="bbox 232 553 1013 586">
    <p class='ocr_par' dir='ltr' id='par_1_11' title="bbox 232 553 1013 586">
     <span class='ocr_line' id='line_1_11' title="bbox 232 553 1013 586; baseline -0.006 -2"><span class='ocrx_word' id='word_1_56' title='bbox 232 557 337 584; x_wconf 83' lang='lat' dir='ltr'><strong>Domini</strong></span> <span class='ocrx_word' id='word_1_57' title='bbox 359 556 473 583; x_wconf 78' lang='lat' dir='ltr'><strong>Verbum</strong></span> <span class='ocrx_word' id='word_1_58' title='bbox 505 564 573 584; x_wconf 87' lang='lat' dir='ltr'><strong>esse.</strong></span> <span class='ocrx_word' id='word_1_59' title='bbox 600 556 779 583; x_wconf 85' lang='lat' dir='ltr'><strong>Crediderunt</strong></span> <span class='ocrx_word' id='word_1_60' title='bbox 802 554 884 586; x_wconf 88' lang='lat' dir='ltr'><strong>enim,</strong></span> <span class='ocrx_word' id='word_1_61' title='bbox 904 558 932 580; x_wconf 89' lang='lat' dir='ltr'><strong>ut</strong></span> <span class='ocrx_word' id='word_1_62' title='bbox 946 553 1013 585; x_wconf 78' lang='lat' dir='ltr'><strong>dixi,</strong></span> 
     </span>
    </p>
   </div>
   <div class='ocr_carea' id='block_1_12' title="bbox 230 597 1012 635">
    <p class='ocr_par' dir='ltr' id='par_1_12' title="bbox 230 597 1012 635">
     <span class='ocr_line' id='line_1_12' title="bbox 230 597 1012 635; baseline -0.006 -7"><span class='ocrx_word' id='word_1_63' title='bbox 230 601 302 635; x_wconf 87' lang='lat' dir='ltr'><strong>quod</strong></span> <span class='ocrx_word' id='word_1_64' title='bbox 331 609 390 628; x_wconf 90' lang='lat' dir='ltr'><strong>cum</strong></span> <span class='ocrx_word' id='word_1_65' title='bbox 405 601 474 628; x_wconf 83' lang='lat' dir='ltr'><strong>Deus</strong></span> <span class='ocrx_word' id='word_1_66' title='bbox 504 606 587 633; x_wconf 84' lang='lat' dir='ltr'><strong>esset,</strong></span> <span class='ocrx_word' id='word_1_67' title='bbox 600 608 634 627; x_wconf 78' lang='lat' dir='ltr'><strong>ex</strong></span> <span class='ocrx_word' id='word_1_68' title='bbox 656 601 711 626; x_wconf 89' lang='lat' dir='ltr'><strong>Deo</strong></span> <span class='ocrx_word' id='word_1_69' title='bbox 732 599 812 626; x_wconf 86' lang='lat' dir='ltr'><strong>Patre</strong></span> <span class='ocrx_word' id='word_1_70' title='bbox 839 597 1012 625; x_wconf 80' lang='lat' dir='ltr'><strong>inenarrabili</strong></span> 
     </span>
    </p>
   </div>
   <div class='ocr_carea' id='block_1_13' title="bbox 229 642 1014 681">
    <p class='ocr_par' dir='ltr' id='par_1_13' title="bbox 229 642 1014 681">
     <span class='ocr_line' id='line_1_13' title="bbox 229 642 1014 681; baseline -0.004 -8"><span class='ocrx_word' id='word_1_71' title='bbox 229 647 334 674; x_wconf 82' lang='lat' dir='ltr'><strong>ratione</strong></span> <span class='ocrx_word' id='word_1_72' title='bbox 362 647 481 681; x_wconf 85' lang='lat' dir='ltr'><strong>genitum</strong></span> <span class='ocrx_word' id='word_1_73' title='bbox 515 646 641 677; x_wconf 84' lang='lat' dir='ltr'><strong>Verbum,</strong></span> <span class='ocrx_word' id='word_1_74' title='bbox 669 650 808 679; x_wconf 85' lang='lat' dir='ltr'><strong>postquam</strong></span> <span class='ocrx_word' id='word_1_75' title='bbox 830 643 912 670; x_wconf 84' lang='lat' dir='ltr'><strong>nostri</strong></span> <span class='ocrx_word' id='word_1_76' title='bbox 927 642 1014 670; x_wconf 84' lang='lat' dir='ltr'><strong>simile</strong></span> 
     </span>
    </p>
   </div>
   <div class='ocr_carea' id='block_1_14' title="bbox 230 689 1013 726">
    <p class='ocr_par' dir='ltr' id='par_1_14' title="bbox 230 689 1013 726">
     <span class='ocr_line' id='line_1_14' title="bbox 230 689 1013 726; baseline -0.004 -8"><span class='ocrx_word' id='word_1_77' title='bbox 230 697 321 718; x_wconf 83' lang='lat' dir='ltr'><strong>natum</strong></span> <span class='ocrx_word' id='word_1_78' title='bbox 351 697 404 723; x_wconf 71' lang='lat' dir='ltr'><strong>est,</strong></span> <span class='ocrx_word' id='word_1_79' title='bbox 432 697 460 719; x_wconf 89' lang='lat' dir='ltr'><strong>et</strong></span> <span class='ocrx_word' id='word_1_80' title='bbox 485 692 609 726; x_wconf 80' lang='lat' dir='ltr'><strong>princeps</strong></span> <span class='ocrx_word' id='word_1_81' title='bbox 638 695 774 726; x_wconf 86' lang='lat' dir='ltr'><strong>pastorum</strong></span> <span class='ocrx_word' id='word_1_82' title='bbox 797 689 956 724; x_wconf 80' lang='lat' dir='ltr'><strong>appellatum</strong></span> <span class='ocrx_word' id='word_1_83' title='bbox 979 689 1013 721; x_wconf 82' lang='lat'><strong>&quot;,</strong></span> 
     </span>
    </p>
   </div>
   <div class='ocr_carea' id='block_1_15' title="bbox 230 737 1016 772">
    <p class='ocr_par' dir='ltr' id='par_1_15' title="bbox 230 737 1016 772">
     <span class='ocr_line' id='line_1_15' title="bbox 230 737 1016 772; baseline -0.004 -9"><span class='ocrx_word' id='word_1_84' title='bbox 230 737 296 772; x_wconf 84' lang='lat' dir='ltr'><strong>ipsis</strong></span> <span class='ocrx_word' id='word_1_85' title='bbox 314 737 347 767; x_wconf 84' lang='lat' dir='ltr'><strong>ad</strong></span> <span class='ocrx_word' id='word_1_86' title='bbox 360 738 553 772; x_wconf 77' lang='lat' dir='ltr'><strong>inystagogiam</strong></span> <span class='ocrx_word' id='word_1_87' title='bbox 565 742 592 763; x_wconf 90' lang='lat' dir='ltr'><strong>et</strong></span> <span class='ocrx_word' id='word_1_88' title='bbox 602 737 634 763; x_wconf 89' lang='lat' dir='ltr'><strong>ad</strong></span> <span class='ocrx_word' id='word_1_89' title='bbox 649 737 770 763; x_wconf 86' lang='lat' dir='ltr'><strong>notitiam</strong></span> <span class='ocrx_word' id='word_1_90' title='bbox 789 739 942 762; x_wconf 74' lang='lat' dir='ltr'><strong>accuratam</strong></span> <span class='ocrx_word' id='word_1_91' title='bbox 957 742 1016 769; x_wconf 83' lang='lat' dir='ltr'><strong>my--</strong></span> 
     </span>
    </p>
   </div>
   <div class='ocr_carea' id='block_1_16' title="bbox 233 781 1016 817">
    <p class='ocr_par' dir='ltr' id='par_1_16' title="bbox 233 781 1016 817">
     <span class='ocr_line' id='line_1_16' title="bbox 233 781 1016 817; baseline -0.005 -7"><span class='ocrx_word' id='word_1_92' title='bbox 233 783 307 810; x_wconf 80' lang='lat' dir='ltr'><strong>sterii</strong></span> <span class='ocrx_word' id='word_1_93' title='bbox 324 783 377 814; x_wconf 88' lang='lat' dir='ltr'><strong>sui,</strong></span> <span class='ocrx_word' id='word_1_94' title='bbox 394 783 577 817; x_wconf 83' lang='lat' dir='ltr'><strong>evangelicatn</strong></span> <span class='ocrx_word' id='word_1_95' title='bbox 591 782 788 809; x_wconf 83' lang='lat' dir='ltr'><strong>institutionem</strong></span> <span class='ocrx_word' id='word_1_96' title='bbox 805 785 831 807; x_wconf 89' lang='lat' dir='ltr'><strong>et</strong></span> <span class='ocrx_word' id='word_1_97' title='bbox 844 781 1016 807; x_wconf 87' lang='lat' dir='ltr'><strong>illuminatio-</strong></span> 
     </span>
    </p>
   </div>
   <div class='ocr_carea' id='block_1_17' title="bbox 232 826 1013 863">
    <p class='ocr_par' dir='ltr' id='par_1_17' title="bbox 232 826 1013 863">
     <span class='ocr_line' id='line_1_17' title="bbox 232 826 1013 863; baseline 0 -9"><span class='ocrx_word' id='word_1_98' title='bbox 232 836 304 860; x_wconf 84' lang='lat' dir='ltr'><strong>nem,</strong></span> <span class='ocrx_word' id='word_1_99' title='bbox 325 828 491 863; x_wconf 82' lang='lat' dir='ltr'><strong>legalemqne</strong></span> <span class='ocrx_word' id='word_1_100' title='bbox 516 828 599 856; x_wconf 86' lang='lat' dir='ltr'><strong>etiam</strong></span> <span class='ocrx_word' id='word_1_101' title='bbox 633 827 804 861; x_wconf 82' lang='lat' dir='ltr'><strong>disciplinam</strong></span> <span class='ocrx_word' id='word_1_102' title='bbox 833 826 1013 861; x_wconf 84' lang='lat' dir='ltr'><strong>proposuerit.</strong></span> 
     </span>
    </p>
   </div>
   <div class='ocr_carea' id='block_1_18' title="bbox 1063 236 1858 273">
    <p class='ocr_par' dir='ltr' id='par_1_18' title="bbox 1063 236 1858 273">
     <span class='ocr_line' id='line_1_18' title="bbox 1063 236 1858 273; baseline -0.003 -8"><span class='ocrx_word' id='word_1_103' title='bbox 1063 239 1099 265; x_wconf 79' lang='grc' dir='ltr'>οὐ</span> <span class='ocrx_word' id='word_1_104' title='bbox 1112 238 1154 273; x_wconf 76' lang='grc' dir='ltr'>μὴ</span> <span class='ocrx_word' id='word_1_105' title='bbox 1168 238 1299 271; x_wconf 76' lang='grc' dir='ltr'>ἰάσηται.</span> <span class='ocrx_word' id='word_1_106' title='bbox 1317 238 1365 264; x_wconf 68' lang='grc' dir='ltr'>καὶ</span> <span class='ocrx_word' id='word_1_107' title='bbox 1378 238 1410 264; x_wconf 82' lang='grc' dir='ltr'>τι)</span> <span class='ocrx_word' id='word_1_108' title='bbox 1424 238 1594 271; x_wconf 63' lang='grc' dir='ltr'>ὀλόκληρον</span> <span class='ocrx_word' id='word_1_109' title='bbox 1609 238 1645 264; x_wconf 85' lang='grc' dir='ltr'>οὺ</span> <span class='ocrx_word' id='word_1_110' title='bbox 1658 237 1701 271; x_wconf 84' lang='grc' dir='ltr'>μὴ</span> <span class='ocrx_word' id='word_1_111' title='bbox 1714 236 1858 263; x_wconf 82' lang='grc' dir='ltr'>κατευθύ-</span> 
     </span>
    </p>
   </div>
   <div class='ocr_carea' id='block_1_19' title="bbox 1063 281 1857 317">
    <p class='ocr_par' dir='ltr' id='par_1_19' title="bbox 1063 281 1857 317">
     <span class='ocr_line' id='line_1_19' title="bbox 1063 281 1857 317; baseline -0.004 -7"><span class='ocrx_word' id='word_1_112' title='bbox 1063 291 1114 317; x_wconf 72' lang='lat' dir='ltr'><strong>ra,</strong></span> <span class='ocrx_word' id='word_1_113' title='bbox 1130 283 1180 309; x_wconf 79' lang='grc' dir='ltr'>καὶ</span> <span class='ocrx_word' id='word_1_114' title='bbox 1200 282 1235 310; x_wconf 78' lang='grc' dir='ltr'>τὰ</span> <span class='ocrx_word' id='word_1_115' title='bbox 1253 283 1327 316; x_wconf 78' lang='grc' dir='ltr'>κρέα</span> <span class='ocrx_word' id='word_1_116' title='bbox 1339 282 1398 309; x_wconf 80' lang='grc' dir='ltr'>τῶν</span> <span class='ocrx_word' id='word_1_117' title='bbox 1414 282 1565 309; x_wconf 79' lang='grc' dir='ltr'><strong>ἐκλεκτῶν</strong></span> <span class='ocrx_word' id='word_1_118' title='bbox 1579 281 1794 316; x_wconf 62' lang='grc' dir='ltr'>καταφάγεται,</span> <span class='ocrx_word' id='word_1_119' title='bbox 1810 282 1857 307; x_wconf 77' lang='grc' dir='ltr'><strong>καί</strong></span> 
     </span>
    </p>
   </div>
   <div class='ocr_carea' id='block_1_20' title="bbox 1064 327 1663 363">
    <p class='ocr_par' dir='ltr' id='par_1_20' title="bbox 1064 327 1663 363">
     <span class='ocr_line' id='line_1_20' title="bbox 1064 327 1663 363; baseline -0.005 -7"><span class='ocrx_word' id='word_1_120' title='bbox 1064 329 1134 362; x_wconf 83' lang='grc' dir='ltr'>τοὺς</span> <span class='ocrx_word' id='word_1_121' title='bbox 1148 329 1360 363; x_wconf 71' lang='grc' dir='ltr'><strong>ἀστραγάλους</strong></span> <span class='ocrx_word' id='word_1_122' title='bbox 1377 327 1476 355; x_wconf 76' lang='grc' dir='ltr'>αὐτῶν</span> <span class='ocrx_word' id='word_1_123' title='bbox 1491 327 1663 361; x_wconf 53' lang='lat' dir='ltr'><strong>nomen.</strong></span> 
     </span>
    </p>
   </div>
   <div class='ocr_carea' id='block_1_21' title="bbox 1100 373 1859 409">
    <p class='ocr_par' dir='ltr' id='par_1_21' title="bbox 1100 373 1859 409">
     <span class='ocr_line' id='line_1_21' title="bbox 1100 373 1859 409; baseline -0.004 -8"><span class='ocrx_word' id='word_1_124' title='bbox 1100 376 1161 401; x_wconf 60' lang='grc' dir='ltr'><strong>ΠΝ.</strong></span> <span class='ocrx_word' id='word_1_125' title='bbox 1184 374 1237 401; x_wconf 79' lang='grc' dir='ltr'><strong>Τοῦ</strong></span> <span class='ocrx_word' id='word_1_126' title='bbox 1257 374 1361 408; x_wconf 77' lang='grc' dir='ltr'><strong>ἀγαθοῦ</strong></span> <span class='ocrx_word' id='word_1_127' title='bbox 1381 373 1519 409; x_wconf 80' lang='grc' dir='ltr'><strong>ποιμένος,</strong></span> <span class='ocrx_word' id='word_1_128' title='bbox 1535 374 1616 408; x_wconf 83' lang='grc' dir='ltr'>σοφοῦ</span> <span class='ocrx_word' id='word_1_129' title='bbox 1633 382 1661 399; x_wconf 86' lang='grc' dir='ltr'><strong>τε</strong></span> <span class='ocrx_word' id='word_1_130' title='bbox 1680 373 1729 400; x_wconf 83' lang='grc' dir='ltr'><strong>καὶ</strong></span> <span class='ocrx_word' id='word_1_131' title='bbox 1746 373 1859 407; x_wconf 73' lang='grc' dir='ltr'>ἐπιστή-</span> 
     </span>
    </p>
   </div>
   <div class='ocr_carea' id='block_1_22' title="bbox 1066 418 1858 455">
    <p class='ocr_par' dir='ltr' id='par_1_22' title="bbox 1066 418 1858 455">
     <span class='ocr_line' id='line_1_22' title="bbox 1066 418 1858 455; baseline -0.005 -8"><span class='ocrx_word' id='word_1_132' title='bbox 1066 429 1155 455; x_wconf 83' lang='grc' dir='ltr'>μονος,</span> <span class='ocrx_word' id='word_1_133' title='bbox 1170 420 1294 446; x_wconf 75' lang='grc' dir='ltr'><strong>τουτέστι</strong></span> <span class='ocrx_word' id='word_1_134' title='bbox 1316 418 1445 454; x_wconf 82' lang='grc' dir='ltr'>Χριστοῦ,</span> <span class='ocrx_word' id='word_1_135' title='bbox 1459 418 1509 450; x_wconf 82' lang='grc' dir='ltr'>τὰς</span> <span class='ocrx_word' id='word_1_136' title='bbox 1534 418 1581 444; x_wconf 85' lang='grc' dir='ltr'><strong>δύο</strong></span> <span class='ocrx_word' id='word_1_137' title='bbox 1607 418 1722 453; x_wconf 75' lang='grc' dir='ltr'>ράὗδους</span> <span class='ocrx_word' id='word_1_138' title='bbox 1741 418 1858 453; x_wconf 64' lang='grc' dir='ltr'>ἀπορρί-</span> 
     </span>
    </p>
   </div>
   <div class='ocr_carea' id='block_1_23' title="bbox 1063 463 1859 502">
    <p class='ocr_par' dir='ltr' id='par_1_23' title="bbox 1063 463 1859 502">
     <span class='ocr_line' id='line_1_23' title="bbox 1063 463 1859 502; baseline -0.006 -8"><span class='ocrx_word' id='word_1_139' title='bbox 1063 467 1162 502; x_wconf 79' lang='grc' dir='ltr'>ψαντός</span> <span class='ocrx_word' id='word_1_140' title='bbox 1180 475 1208 493; x_wconf 89' lang='grc' dir='ltr'><strong>τε</strong></span> <span class='ocrx_word' id='word_1_141' title='bbox 1223 466 1271 493; x_wconf 75' lang='grc' dir='ltr'>καὶ</span> <span class='ocrx_word' id='word_1_142' title='bbox 1285 465 1510 495; x_wconf 82' lang='grc' dir='ltr'>διασκεδάσαντος</span> <span class='ocrx_word' id='word_1_143' title='bbox 1521 465 1550 490; x_wconf 74' lang='grc' dir='ltr'>ἐν</span> <span class='ocrx_word' id='word_1_144' title='bbox 1562 466 1622 496; x_wconf 79' lang='grc' dir='ltr'>ταῖς</span> <span class='ocrx_word' id='word_1_145' title='bbox 1629 464 1683 490; x_wconf 84' lang='grc' dir='ltr'><strong>τῶν</strong></span> <span class='ocrx_word' id='word_1_146' title='bbox 1697 463 1859 490; x_wconf 74' lang='grc' dir='ltr'>Χαναναίων</span> 
     </span>
    </p>
   </div>
   <div class='ocr_carea' id='block_1_24' title="bbox 1064 510 1857 549">
    <p class='ocr_par' dir='ltr' id='par_1_24' title="bbox 1064 510 1857 549">
     <span class='ocr_line' id='line_1_24' title="bbox 1064 510 1857 549; baseline -0.006 -9"><span class='ocrx_word' id='word_1_147' title='bbox 1064 513 1178 549; x_wconf 83' lang='grc' dir='ltr'><strong>χώραις,</strong></span> <span class='ocrx_word' id='word_1_148' title='bbox 1193 513 1264 540; x_wconf 73' lang='grc' dir='ltr'>κατὰ</span> <span class='ocrx_word' id='word_1_149' title='bbox 1287 513 1350 544; x_wconf 81' lang='grc' dir='ltr'>τοὺς</span> <span class='ocrx_word' id='word_1_150' title='bbox 1367 512 1418 547; x_wconf 76' lang='grc' dir='ltr'><strong>ἤδη</strong></span> <span class='ocrx_word' id='word_1_151' title='bbox 1443 510 1712 546; x_wconf 83' lang='grc' dir='ltr'>προαποδεδομένους</span> <span class='ocrx_word' id='word_1_152' title='bbox 1727 510 1857 545; x_wconf 77' lang='grc' dir='ltr'><strong>τρόπους,</strong></span> 
     </span>
    </p>
   </div>
   <div class='ocr_carea' id='block_1_25' title="bbox 1064 555 1858 595">
    <p class='ocr_par' dir='ltr' id='par_1_25' title="bbox 1064 555 1858 595">
     <span class='ocr_line' id='line_1_25' title="bbox 1064 555 1858 595; baseline -0.006 -9"><span class='ocrx_word' id='word_1_153' title='bbox 1064 561 1088 586; x_wconf 81' lang='grc' dir='ltr'>οι</span> <span class='ocrx_word' id='word_1_154' title='bbox 1109 559 1159 595; x_wconf 75' lang='grc' dir='ltr'>μὲν</span> <span class='ocrx_word' id='word_1_155' title='bbox 1177 558 1329 593; x_wconf 75' lang='grc' dir='ltr'><strong>ἐγνώκασιν</strong></span> <span class='ocrx_word' id='word_1_156' title='bbox 1341 558 1381 585; x_wconf 85' lang='grc' dir='ltr'><strong>ὃτι</strong></span> <span class='ocrx_word' id='word_1_157' title='bbox 1395 557 1480 591; x_wconf 75' lang='grc' dir='ltr'>Λόγος</span> <span class='ocrx_word' id='word_1_158' title='bbox 1497 556 1599 592; x_wconf 82' lang='grc' dir='ltr'>Κυρίου</span> <span class='ocrx_word' id='word_1_159' title='bbox 1619 556 1688 582; x_wconf 81' lang='grc' dir='ltr'>ἐστί.</span> <span class='ocrx_word' id='word_1_160' title='bbox 1706 555 1858 582; x_wconf 81' lang='grc' dir='ltr'>Πεπιστεύ-</span> 
     </span>
    </p>
   </div>
   <div class='ocr_carea' id='block_1_26' title="bbox 1064 601 1859 640">
    <p class='ocr_par' dir='ltr' id='par_1_26' title="bbox 1064 601 1859 640">
     <span class='ocr_line' id='line_1_26' title="bbox 1064 601 1859 640; baseline -0.006 -8"><span class='ocrx_word' id='word_1_161' title='bbox 1064 613 1129 633; x_wconf 83' lang='grc' dir='ltr'>κασι</span> <span class='ocrx_word' id='word_1_162' title='bbox 1143 605 1206 640; x_wconf 80' lang='grc' dir='ltr'>γὰρ,</span> <span class='ocrx_word' id='word_1_163' title='bbox 1223 605 1261 636; x_wconf 83' lang='grc' dir='ltr'>ὼς</span> <span class='ocrx_word' id='word_1_164' title='bbox 1284 605 1361 639; x_wconf 77' lang='grc' dir='ltr'>ἔφην,</span> <span class='ocrx_word' id='word_1_165' title='bbox 1377 603 1497 634; x_wconf 75' lang='grc' dir='ltr'>ὅτιθεὸς</span> <span class='ocrx_word' id='word_1_166' title='bbox 1519 602 1557 629; x_wconf 82' lang='grc' dir='ltr'>ὢν</span> <span class='ocrx_word' id='word_1_167' title='bbox 1581 603 1595 629; x_wconf 82' lang='grc' dir='ltr'>ὁ</span> <span class='ocrx_word' id='word_1_168' title='bbox 1614 603 1646 629; x_wconf 83' lang='grc' dir='ltr'>ὲκ</span> <span class='ocrx_word' id='word_1_169' title='bbox 1664 602 1735 629; x_wconf 84' lang='grc' dir='ltr'>Θεοῦ</span> <span class='ocrx_word' id='word_1_170' title='bbox 1753 601 1859 635; x_wconf 68' lang='grc' dir='ltr'>Πατρὺς</span> 
     </span>
    </p>
   </div>
   <div class='ocr_carea' id='block_1_27' title="bbox 1064 646 1860 686">
    <p class='ocr_par' dir='ltr' id='par_1_27' title="bbox 1064 646 1860 686">
     <span class='ocr_line' id='line_1_27' title="bbox 1064 646 1860 686; baseline -0.008 -9"><span class='ocrx_word' id='word_1_171' title='bbox 1064 650 1228 686; x_wconf 71' lang='grc' dir='ltr'>ἀπορῤήτως</span> <span class='ocrx_word' id='word_1_172' title='bbox 1243 648 1441 683; x_wconf 81' lang='grc' dir='ltr'><strong>γεγεννημένος</strong></span> <span class='ocrx_word' id='word_1_173' title='bbox 1459 647 1555 681; x_wconf 81' lang='grc' dir='ltr'>Λόγος,</span> <span class='ocrx_word' id='word_1_174' title='bbox 1574 647 1667 682; x_wconf 78' lang='grc' dir='ltr'>ἐπειδὴ</span> <span class='ocrx_word' id='word_1_175' title='bbox 1682 647 1781 680; x_wconf 83' lang='grc' dir='ltr'>γέγονε</span> <span class='ocrx_word' id='word_1_176' title='bbox 1795 646 1860 671; x_wconf 72' lang='grc' dir='ltr'>καθ’</span> 
     </span>
    </p>
   </div>
   <div class='ocr_carea' id='block_1_28' title="bbox 1065 689 1859 730">
    <p class='ocr_par' dir='ltr' id='par_1_28' title="bbox 1065 689 1859 730">
     <span class='ocr_line' id='line_1_28' title="bbox 1065 689 1859 730; baseline -0.008 -9"><span class='ocrx_word' id='word_1_177' title='bbox 1065 695 1149 730; x_wconf 74' lang='grc' dir='ltr'>ἡμᾶς,</span> <span class='ocrx_word' id='word_1_178' title='bbox 1169 693 1356 729; x_wconf 77' lang='grc' dir='ltr'>κεχρημάτικέ</span> <span class='ocrx_word' id='word_1_179' title='bbox 1375 701 1404 719; x_wconf 87' lang='grc' dir='ltr'><strong>τε</strong></span> <span class='ocrx_word' id='word_1_180' title='bbox 1421 692 1475 718; x_wconf 85' lang='grc' dir='ltr'><strong>τῶν</strong></span> <span class='ocrx_word' id='word_1_181' title='bbox 1491 691 1558 718; x_wconf 85' lang='grc' dir='ltr'>ὅλων</span> <span class='ocrx_word' id='word_1_182' title='bbox 1575 691 1756 727; x_wconf 81' lang='grc' dir='ltr'>ἁρχιποίμην,</span> <span class='ocrx_word' id='word_1_183' title='bbox 1777 689 1859 724; x_wconf 69' lang='grc' dir='ltr'>προῦ-</span> 
     </span>
    </p>
   </div>
   <div class='ocr_carea' id='block_1_29' title="bbox 1065 736 1858 776">
    <p class='ocr_par' dir='ltr' id='par_1_29' title="bbox 1065 736 1858 776">
     <span class='ocr_line' id='line_1_29' title="bbox 1065 736 1858 776; baseline -0.006 -9"><span class='ocrx_word' id='word_1_184' title='bbox 1065 741 1148 776; x_wconf 86' lang='grc' dir='ltr'>θηκεν</span> <span class='ocrx_word' id='word_1_185' title='bbox 1162 741 1253 771; x_wconf 81' lang='grc' dir='ltr'>αὐτοῖς</span> <span class='ocrx_word' id='word_1_186' title='bbox 1265 740 1304 771; x_wconf 85' lang='grc' dir='ltr'><strong>εις</strong></span> <span class='ocrx_word' id='word_1_187' title='bbox 1319 738 1514 774; x_wconf 79' lang='grc' dir='ltr'><strong>μυσταγωγίαν</strong></span> <span class='ocrx_word' id='word_1_188' title='bbox 1528 737 1575 764; x_wconf 75' lang='grc' dir='ltr'>καὶ</span> <span class='ocrx_word' id='word_1_189' title='bbox 1586 738 1625 768; x_wconf 87' lang='grc' dir='ltr'>εἰς</span> <span class='ocrx_word' id='word_1_190' title='bbox 1641 737 1737 772; x_wconf 64' lang='grc' dir='ltr'>εἴδησιι</span> <span class='ocrx_word' id='word_1_191' title='bbox 1756 736 1858 771; x_wconf 75' lang='grc' dir='ltr'>ἀκριΰῆ</span> 
     </span>
    </p>
   </div>
   <div class='ocr_carea' id='block_1_30' title="bbox 1065 781 1858 819">
    <p class='ocr_par' dir='ltr' id='par_1_30' title="bbox 1065 781 1858 819">
     <span class='ocr_line' id='line_1_30' title="bbox 1065 781 1858 819; baseline -0.009 -6"><span class='ocrx_word' id='word_1_192' title='bbox 1065 786 1111 813; x_wconf 75' lang='grc' dir='ltr'>τοῦ</span> <span class='ocrx_word' id='word_1_193' title='bbox 1128 786 1188 813; x_wconf 83' lang='grc' dir='ltr'>καθ’</span> <span class='ocrx_word' id='word_1_194' title='bbox 1204 785 1300 811; x_wconf 78' lang='grc' dir='ltr'>ἑαυτὸν</span> <span class='ocrx_word' id='word_1_195' title='bbox 1320 782 1471 819; x_wconf 77' lang='grc' dir='ltr'><strong>μυστηρίου</strong></span> <span class='ocrx_word' id='word_1_196' title='bbox 1489 783 1538 818; x_wconf 85' lang='grc' dir='ltr'>τήν</span> <span class='ocrx_word' id='word_1_197' title='bbox 1553 790 1582 808; x_wconf 88' lang='grc' dir='ltr'><strong>τε</strong></span> <span class='ocrx_word' id='word_1_198' title='bbox 1599 782 1783 816; x_wconf 71' lang='grc' dir='ltr'>εὐαγγελικὴν</span> <span class='ocrx_word' id='word_1_199' title='bbox 1797 781 1858 806; x_wconf 86' lang='grc' dir='ltr'>παί-</span> 
     </span>
    </p>
   </div>
   <div class='ocr_carea' id='block_1_31' title="bbox 1065 827 1856 865">
    <p class='ocr_par' dir='ltr' id='par_1_31' title="bbox 1065 827 1856 865">
     <span class='ocr_line' id='line_1_31' title="bbox 1065 827 1856 865; baseline -0.009 -6"><span class='ocrx_word' id='word_1_200' title='bbox 1065 832 1156 858; x_wconf 86' lang='grc' dir='ltr'>δευσιν</span> <span class='ocrx_word' id='word_1_201' title='bbox 1177 832 1225 858; x_wconf 74' lang='grc' dir='ltr'>καὶ</span> <span class='ocrx_word' id='word_1_202' title='bbox 1248 829 1449 865; x_wconf 86' lang='grc' dir='ltr'>φωταγωγίαν,</span> <span class='ocrx_word' id='word_1_203' title='bbox 1477 829 1524 855; x_wconf 73' lang='grc' dir='ltr'>καὶ</span> <span class='ocrx_word' id='word_1_204' title='bbox 1548 828 1639 863; x_wconf 84' lang='grc' dir='ltr'>μέντοι</span> <span class='ocrx_word' id='word_1_205' title='bbox 1661 827 1710 863; x_wconf 81' lang='grc' dir='ltr'><strong>τὴν</strong></span> <span class='ocrx_word' id='word_1_206' title='bbox 1730 827 1856 862; x_wconf 69' lang='grc' dir='ltr'>νομικὴν.</span> 
     </span>
    </p>
   </div>
   <div class='ocr_carea' id='block_1_32' title="bbox 231 868 1013 912">
    <p class='ocr_par' dir='ltr' id='par_1_32' title="bbox 231 873 1013 908">
     <span class='ocr_line' id='line_1_32' title="bbox 231 873 1013 908; baseline 0 -8"><span class='ocrx_word' id='word_1_207' title='bbox 231 874 284 901; x_wconf 84' lang='lat' dir='ltr'><strong>llas</strong></span> <span class='ocrx_word' id='word_1_208' title='bbox 300 875 371 901; x_wconf 89' lang='lat' dir='ltr'><strong>enitn</strong></span> <span class='ocrx_word' id='word_1_209' title='bbox 388 875 456 902; x_wconf 90' lang='lat' dir='ltr'><strong>duas</strong></span> <span class='ocrx_word' id='word_1_210' title='bbox 473 881 534 902; x_wconf 77' lang='lat' dir='ltr'><strong>esse</strong></span> <span class='ocrx_word' id='word_1_211' title='bbox 549 875 638 908; x_wconf 78' lang='lat' dir='ltr'><strong>virgas</strong></span> <span class='ocrx_word' id='word_1_212' title='bbox 649 873 814 904; x_wconf 79' lang='lat' dir='ltr'><strong>dicebamus,</strong></span> <span class='ocrx_word' id='word_1_213' title='bbox 845 873 943 906; x_wconf 85' lang='lat' dir='ltr'><strong>quibus</strong></span> <span class='ocrx_word' id='word_1_214' title='bbox 967 879 1013 900; x_wconf 77' lang='lat' dir='ltr'><strong>nos</strong></span> 
     </span>
    </p>
   </div>
   <div class='ocr_carea' id='block_1_33' title="bbox 1066 868 1858 912">
    <p class='ocr_par' dir='ltr' id='par_1_33' title="bbox 1068 868 1858 912">
     <span class='ocr_line' id='line_1_33' title="bbox 1068 868 1858 912; baseline -0.01 -8"><span class='ocrx_word' id='word_1_215' title='bbox 1068 877 1175 908; x_wconf 82' lang='grc' dir='ltr'>Ταύτας</span> <span class='ocrx_word' id='word_1_216' title='bbox 1191 876 1245 912; x_wconf 83' lang='grc' dir='ltr'>γὰρ</span> <span class='ocrx_word' id='word_1_217' title='bbox 1269 873 1338 902; x_wconf 82' lang='grc' dir='ltr'>εἶναι</span> <span class='ocrx_word' id='word_1_218' title='bbox 1354 874 1402 906; x_wconf 81' lang='grc' dir='ltr'>τὰς</span> <span class='ocrx_word' id='word_1_219' title='bbox 1417 874 1464 900; x_wconf 87' lang='grc' dir='ltr'>δύο</span> <span class='ocrx_word' id='word_1_220' title='bbox 1481 873 1594 909; x_wconf 73' lang='grc' dir='ltr'>ῥάϐδους</span> <span class='ocrx_word' id='word_1_221' title='bbox 1615 872 1756 907; x_wconf 76' lang='grc' dir='ltr'>ἐλέγομεν,</span> <span class='ocrx_word' id='word_1_222' title='bbox 1774 871 1808 897; x_wconf 78' lang='grc' dir='ltr'><strong>δι’</strong></span> <span class='ocrx_word' id='word_1_223' title='bbox 1823 868 1858 897; x_wconf 79' lang='grc' dir='ltr'>ὧν</span> 
     </span>
    </p>
   </div>
   <div class='ocr_carea' id='block_1_34' title="bbox 230 917 1016 954">
    <p class='ocr_par' dir='ltr' id='par_1_34' title="bbox 230 917 1016 954">
     <span class='ocr_line' id='line_1_34' title="bbox 230 917 1016 954; baseline -0.003 -9"><span class='ocrx_word' id='word_1_224' title='bbox 230 920 316 954; x_wconf 82' lang='lat' dir='ltr'><strong>pascit</strong></span> <span class='ocrx_word' id='word_1_225' title='bbox 329 919 453 946; x_wconf 81' lang='lat' dir='ltr'><strong>Christus</strong></span> <span class='ocrx_word' id='word_1_226' title='bbox 471 928 481 945; x_wconf 80' lang='grc' dir='ltr'><strong>ι</strong></span> <span class='ocrx_word' id='word_1_227' title='bbox 499 919 524 945; x_wconf 93' lang='lat' dir='ltr'><strong>in</strong></span> <span class='ocrx_word' id='word_1_228' title='bbox 541 918 649 953; x_wconf 84' lang='lat' dir='ltr'><strong>pascuis</strong></span> <span class='ocrx_word' id='word_1_229' title='bbox 678 918 763 948; x_wconf 83' lang='lat' dir='ltr'><strong>bonis,</strong></span> <span class='ocrx_word' id='word_1_230' title='bbox 790 922 815 944; x_wconf 89' lang='lat' dir='ltr'><strong>et</strong></span> <span class='ocrx_word' id='word_1_231' title='bbox 833 917 858 944; x_wconf 89' lang='lat' dir='ltr'><strong>itt</strong></span> <span class='ocrx_word' id='word_1_232' title='bbox 874 917 932 944; x_wconf 90' lang='lat' dir='ltr'><strong>loco</strong></span> <span class='ocrx_word' id='word_1_233' title='bbox 953 917 1016 950; x_wconf 85' lang='lat' dir='ltr'><strong>pitt-</strong></span> 
     </span>
    </p>
   </div>
   <div class='ocr_carea' id='block_1_35' title="bbox 229 962 1016 1000">
    <p class='ocr_par' dir='ltr' id='par_1_35' title="bbox 229 962 1016 1000">
     <span class='ocr_line' id='line_1_35' title="bbox 229 962 1016 1000; baseline -0.003 -9"><span class='ocrx_word' id='word_1_234' title='bbox 229 966 284 1000; x_wconf 72' lang='lat' dir='ltr'><strong>gui,</strong></span> <span class='ocrx_word' id='word_1_235' title='bbox 305 974 314 990; x_wconf 83' lang='grc' dir='ltr'><strong>ι</strong></span> <span class='ocrx_word' id='word_1_236' title='bbox 331 970 360 992; x_wconf 91' lang='lat' dir='ltr'><strong>ut</strong></span> <span class='ocrx_word' id='word_1_237' title='bbox 375 965 506 999; x_wconf 89' lang='lat' dir='ltr'><strong>scriptum</strong></span> <span class='ocrx_word' id='word_1_238' title='bbox 515 964 646 991; x_wconf 77' lang='lat' dir='ltr'><strong>exstat&quot;.</strong></span> <span class='ocrx_word' id='word_1_239' title='bbox 673 963 774 990; x_wconf 75' lang='lat' dir='ltr'><strong>Verum</strong></span> <span class='ocrx_word' id='word_1_240' title='bbox 802 962 886 990; x_wconf 81' lang='lat' dir='ltr'><strong>Jud:ei</strong></span> <span class='ocrx_word' id='word_1_241' title='bbox 907 970 959 990; x_wconf 90' lang='lat' dir='ltr'><strong>nou</strong></span> <span class='ocrx_word' id='word_1_242' title='bbox 974 963 1016 990; x_wconf 87' lang='lat' dir='ltr'><strong>in-</strong></span> 
     </span>
    </p>
   </div>
   <div class='ocr_carea' id='block_1_36' title="bbox 230 1008 1016 1044">
    <p class='ocr_par' dir='ltr' id='par_1_36' title="bbox 230 1008 1016 1044">
     <span class='ocr_line' id='line_1_36' title="bbox 230 1008 1016 1044; baseline -0.001 -9"><span class='ocrx_word' id='word_1_243' title='bbox 230 1008 384 1044; x_wconf 83' lang='lat' dir='ltr'><strong>telligentes</strong></span> <span class='ocrx_word' id='word_1_244' title='bbox 416 1009 585 1043; x_wconf 82' lang='lat' dir='ltr'><strong>mysterium,</strong></span> <span class='ocrx_word' id='word_1_245' title='bbox 604 1013 632 1035; x_wconf 90' lang='lat' dir='ltr'><strong>et</strong></span> <span class='ocrx_word' id='word_1_246' title='bbox 657 1008 811 1043; x_wconf 77' lang='lat' dir='ltr'><strong>ignorantes</strong></span> <span class='ocrx_word' id='word_1_247' title='bbox 828 1008 932 1042; x_wconf 83' lang='lat' dir='ltr'><strong>virgam</strong></span> <span class='ocrx_word' id='word_1_248' title='bbox 955 1008 1016 1043; x_wconf 84' lang='lat' dir='ltr'><strong>pul-</strong></span> 
     </span>
    </p>
   </div>
   <div class='ocr_carea' id='block_1_37' title="bbox 228 1054 1015 1088">
    <p class='ocr_par' dir='ltr' id='par_1_37' title="bbox 228 1054 1015 1088">
     <span class='ocr_line' id='line_1_37' title="bbox 228 1054 1015 1088; baseline -0.003 -6"><span class='ocrx_word' id='word_1_249' title='bbox 228 1057 334 1086; x_wconf 84' lang='lat' dir='ltr'><strong>chram,</strong></span> <span class='ocrx_word' id='word_1_250' title='bbox 347 1054 400 1082; x_wconf 87' lang='lat' dir='ltr'><strong>hoc</strong></span> <span class='ocrx_word' id='word_1_251' title='bbox 410 1058 453 1081; x_wconf 79' lang='lat' dir='ltr'><strong>est</strong></span> <span class='ocrx_word' id='word_1_252' title='bbox 479 1054 695 1088; x_wconf 75' lang='lat' dir='ltr'><strong>praedicationem</strong></span> <span class='ocrx_word' id='word_1_253' title='bbox 709 1054 901 1088; x_wconf 71' lang='lat' dir='ltr'><strong>evangelicatn,</strong></span> <span class='ocrx_word' id='word_1_254' title='bbox 920 1057 947 1080; x_wconf 91' lang='lat' dir='ltr'><strong>et</strong></span> <span class='ocrx_word' id='word_1_255' title='bbox 972 1054 1015 1081; x_wconf 85' lang='lat' dir='ltr'><strong>in-</strong></span> 
     </span>
    </p>
   </div>
   <div class='ocr_carea' id='block_1_38' title="bbox 228 1098 1015 1133">
    <p class='ocr_par' dir='ltr' id='par_1_38' title="bbox 228 1098 1015 1133">
     <span class='ocr_line' id='line_1_38' title="bbox 228 1098 1015 1133; baseline 0.004 -9"><span class='ocrx_word' id='word_1_256' title='bbox 228 1106 310 1133; x_wconf 75' lang='lat' dir='ltr'><strong>super</strong></span> <span class='ocrx_word' id='word_1_257' title='bbox 325 1098 438 1124; x_wconf 88' lang='lat' dir='ltr'><strong>alteratn</strong></span> <span class='ocrx_word' id='word_1_258' title='bbox 457 1098 569 1133; x_wconf 70' lang='lat' dir='ltr'><strong>virgam,</strong></span> <span class='ocrx_word' id='word_1_259' title='bbox 585 1099 627 1125; x_wconf 81' lang='lat' dir='ltr'><strong>citi</strong></span> <span class='ocrx_word' id='word_1_260' title='bbox 660 1106 758 1126; x_wconf 87' lang='lat' dir='ltr'><strong>nomen</strong></span> <span class='ocrx_word' id='word_1_261' title='bbox 789 1098 944 1132; x_wconf 86' lang='lat' dir='ltr'><strong>Fntticulus,</strong></span> <span class='ocrx_word' id='word_1_262' title='bbox 969 1099 1015 1127; x_wconf 86' lang='lat' dir='ltr'><strong>de-</strong></span> 
     </span>
    </p>
   </div>
   <div class='ocr_carea' id='block_1_39' title="bbox 229 1142 1014 1178">
    <p class='ocr_par' dir='ltr' id='par_1_39' title="bbox 229 1142 1014 1178">
     <span class='ocr_line' id='line_1_39' title="bbox 229 1142 1014 1178; baseline 0.003 -9"><span class='ocrx_word' id='word_1_263' title='bbox 229 1143 333 1177; x_wconf 83' lang='lat' dir='ltr'><strong>spectui</strong></span> <span class='ocrx_word' id='word_1_264' title='bbox 351 1143 493 1175; x_wconf 79' lang='lat' dir='ltr'><strong>habentes,</strong></span> <span class='ocrx_word' id='word_1_265' title='bbox 508 1143 593 1178; x_wconf 87' lang='lat' dir='ltr'><strong>legem</strong></span> <span class='ocrx_word' id='word_1_266' title='bbox 609 1150 656 1178; x_wconf 85' lang='lat' dir='ltr'><strong>per</strong></span> <span class='ocrx_word' id='word_1_267' title='bbox 670 1142 761 1170; x_wconf 79' lang='lat' dir='ltr'><strong>Mosen</strong></span> <span class='ocrx_word' id='word_1_268' title='bbox 785 1144 875 1170; x_wconf 81' lang='lat' dir='ltr'><strong>datam</strong></span> <span class='ocrx_word' id='word_1_269' title='bbox 899 1143 1014 1177; x_wconf 84' lang='lat' dir='ltr'><strong>scilicet,</strong></span> 
     </span>
    </p>
   </div>
   <div class='ocr_carea' id='block_1_40' title="bbox 231 1188 1013 1224">
    <p class='ocr_par' dir='ltr' id='par_1_40' title="bbox 231 1188 1013 1224">
     <span class='ocr_line' id='line_1_40' title="bbox 231 1188 1013 1224; baseline 0.001 -8"><span class='ocrx_word' id='word_1_270' title='bbox 231 1188 310 1216; x_wconf 73' lang='lat' dir='ltr'><strong>ﬁdem</strong></span> <span class='ocrx_word' id='word_1_271' title='bbox 327 1189 511 1224; x_wconf 79' lang='lat' dir='ltr'><strong>repudiarunt,</strong></span> <span class='ocrx_word' id='word_1_272' title='bbox 524 1193 551 1215; x_wconf 89' lang='lat' dir='ltr'><strong>et</strong></span> <span class='ocrx_word' id='word_1_273' title='bbox 563 1196 611 1224; x_wconf 90' lang='lat' dir='ltr'><strong>per</strong></span> <span class='ocrx_word' id='word_1_274' title='bbox 625 1189 710 1224; x_wconf 84' lang='lat' dir='ltr'><strong>legem</strong></span> <span class='ocrx_word' id='word_1_275' title='bbox 728 1196 760 1215; x_wconf 87' lang='lat' dir='ltr'><strong>ac</strong></span> <span class='ocrx_word' id='word_1_276' title='bbox 787 1189 932 1223; x_wconf 83' lang='lat' dir='ltr'><strong>prophetas</strong></span> <span class='ocrx_word' id='word_1_277' title='bbox 947 1197 1013 1224; x_wconf 63' lang='lat' dir='ltr'><strong>pm</strong></span> 
     </span>
    </p>
   </div>
   <div class='ocr_carea' id='block_1_41' title="bbox 231 1233 1015 1268">
    <p class='ocr_par' dir='ltr' id='par_1_41' title="bbox 231 1233 1015 1268">
     <span class='ocr_line' id='line_1_41' title="bbox 231 1233 1015 1268; baseline 0.001 -8"><span class='ocrx_word' id='word_1_278' title='bbox 231 1235 383 1261; x_wconf 82' lang='lat' dir='ltr'><strong>nuntiatum</strong></span> <span class='ocrx_word' id='word_1_279' title='bbox 400 1234 566 1266; x_wconf 90' lang='lat' dir='ltr'><strong>nescierunt,</strong></span> <span class='ocrx_word' id='word_1_280' title='bbox 587 1233 612 1260; x_wconf 89' lang='lat' dir='ltr'><strong>id</strong></span> <span class='ocrx_word' id='word_1_281' title='bbox 627 1234 697 1268; x_wconf 89' lang='lat' dir='ltr'><strong>quod</strong></span> <span class='ocrx_word' id='word_1_282' title='bbox 722 1234 761 1261; x_wconf 88' lang='lat' dir='ltr'><strong>eis</strong></span> <span class='ocrx_word' id='word_1_283' title='bbox 786 1238 878 1268; x_wconf 86' lang='lat' dir='ltr'><strong>aperte</strong></span> <span class='ocrx_word' id='word_1_284' title='bbox 892 1233 1015 1262; x_wconf 81' lang='lat' dir='ltr'><strong>Salvator</strong></span> 
     </span>
    </p>
   </div>
   <div class='ocr_carea' id='block_1_42' title="bbox 230 1280 1015 1316">
    <p class='ocr_par' dir='ltr' id='par_1_42' title="bbox 230 1280 1015 1316">
     <span class='ocr_line' id='line_1_42' title="bbox 230 1280 1015 1316; baseline 0.004 -10"><span class='ocrx_word' id='word_1_285' title='bbox 230 1280 287 1314; x_wconf 88' lang='lat' dir='ltr'><strong>ipse</strong></span> <span class='ocrx_word' id='word_1_286' title='bbox 297 1280 490 1315; x_wconf 86' lang='lat' dir='ltr'><strong>exprobravit:</strong></span> <span class='ocrx_word' id='word_1_287' title='bbox 506 1289 516 1306; x_wconf 77' lang='grc' dir='ltr'><strong>ι</strong></span> <span class='ocrx_word' id='word_1_288' title='bbox 531 1281 569 1308; x_wconf 83' lang='lat' dir='ltr'><strong>Ne</strong></span> <span class='ocrx_word' id='word_1_289' title='bbox 579 1280 678 1314; x_wconf 87' lang='lat' dir='ltr'><strong>putetis</strong></span> <span class='ocrx_word' id='word_1_290' title='bbox 690 1280 759 1315; x_wconf 89' lang='lat' dir='ltr'><strong>quod</strong></span> <span class='ocrx_word' id='word_1_291' title='bbox 777 1288 826 1316; x_wconf 86' lang='lat' dir='ltr'><strong>ego</strong></span> <span class='ocrx_word' id='word_1_292' title='bbox 841 1285 1015 1310; x_wconf 79' lang='lat' dir='ltr'><strong>accusaturus</strong></span> 
     </span>
    </p>
   </div>
   <div class='ocr_carea' id='block_1_43' title="bbox 229 1325 1014 1362">
    <p class='ocr_par' dir='ltr' id='par_1_43' title="bbox 229 1325 1014 1362">
     <span class='ocr_line' id='line_1_43' title="bbox 229 1325 1014 1362; baseline 0.003 -9"><span class='ocrx_word' id='word_1_293' title='bbox 229 1327 280 1353; x_wconf 84' lang='lat' dir='ltr'><strong>sim</strong></span> <span class='ocrx_word' id='word_1_294' title='bbox 298 1333 347 1353; x_wconf 90' lang='lat' dir='ltr'><strong>vos</strong></span> <span class='ocrx_word' id='word_1_295' title='bbox 362 1327 432 1362; x_wconf 87' lang='lat' dir='ltr'><strong>apud</strong></span> <span class='ocrx_word' id='word_1_296' title='bbox 446 1325 566 1354; x_wconf 85' lang='lat' dir='ltr'><strong>Patrem.</strong></span> <span class='ocrx_word' id='word_1_297' title='bbox 583 1326 682 1362; x_wconf 85' lang='lat' dir='ltr'><strong>Estqui</strong></span> <span class='ocrx_word' id='word_1_298' title='bbox 696 1331 806 1354; x_wconf 82' lang='lat' dir='ltr'><strong>accusat</strong></span> <span class='ocrx_word' id='word_1_299' title='bbox 819 1335 866 1354; x_wconf 84' lang='lat' dir='ltr'><strong>vos</strong></span> <span class='ocrx_word' id='word_1_300' title='bbox 881 1327 976 1360; x_wconf 77' lang='lat' dir='ltr'><strong>Moses,</strong></span> <span class='ocrx_word' id='word_1_301' title='bbox 988 1329 1014 1355; x_wconf 92' lang='lat' dir='ltr'><strong>iu</strong></span> 
     </span>
    </p>
   </div>
   <div class='ocr_carea' id='block_1_44' title="bbox 229 1371 1014 1407">
    <p class='ocr_par' dir='ltr' id='par_1_44' title="bbox 229 1371 1014 1407">
     <span class='ocr_line' id='line_1_44' title="bbox 229 1371 1014 1407; baseline 0.003 -9"><span class='ocrx_word' id='word_1_302' title='bbox 229 1380 309 1407; x_wconf 84' lang='lat' dir='ltr'><strong>quem</strong></span> <span class='ocrx_word' id='word_1_303' title='bbox 326 1379 374 1400; x_wconf 82' lang='lat' dir='ltr'><strong>vos</strong></span> <span class='ocrx_word' id='word_1_304' title='bbox 390 1372 516 1407; x_wconf 76' lang='lat' dir='ltr'><strong>speratis.</strong></span> <span class='ocrx_word' id='word_1_305' title='bbox 536 1371 564 1400; x_wconf 91' lang='lat' dir='ltr'><strong>Si</strong></span> <span class='ocrx_word' id='word_1_306' title='bbox 576 1372 648 1399; x_wconf 86' lang='lat' dir='ltr'><strong>enim</strong></span> <span class='ocrx_word' id='word_1_307' title='bbox 665 1373 813 1400; x_wconf 85' lang='lat' dir='ltr'><strong>crederetis</strong></span> <span class='ocrx_word' id='word_1_308' title='bbox 829 1372 905 1404; x_wconf 70' lang='lat' dir='ltr'><strong>Mosi.</strong></span> <span class='ocrx_word' id='word_1_309' title='bbox 919 1374 1014 1400; x_wconf 89' lang='lat' dir='ltr'><strong>crede-</strong></span> 
     </span>
    </p>
   </div>
   <div class='ocr_carea' id='block_1_45' title="bbox 229 1417 1013 1453">
    <p class='ocr_par' dir='ltr' id='par_1_45' title="bbox 229 1417 1013 1453">
     <span class='ocr_line' id='line_1_45' title="bbox 229 1417 1013 1453; baseline 0 -7"><span class='ocrx_word' id='word_1_310' title='bbox 229 1418 296 1446; x_wconf 81' lang='lat' dir='ltr'><strong>retis</strong></span> <span class='ocrx_word' id='word_1_311' title='bbox 313 1417 424 1445; x_wconf 80' lang='lat' dir='ltr'><strong>iortisan</strong></span> <span class='ocrx_word' id='word_1_312' title='bbox 435 1422 463 1446; x_wconf 90' lang='lat' dir='ltr'><strong>et</strong></span> <span class='ocrx_word' id='word_1_313' title='bbox 478 1418 545 1446; x_wconf 90' lang='lat' dir='ltr'><strong>mihi</strong></span> <span class='ocrx_word' id='word_1_314' title='bbox 560 1427 566 1444; x_wconf 92' lang='lat'><strong>:</strong></span> <span class='ocrx_word' id='word_1_315' title='bbox 581 1418 613 1445; x_wconf 90' lang='lat' dir='ltr'><strong>de</strong></span> <span class='ocrx_word' id='word_1_316' title='bbox 631 1426 673 1445; x_wconf 86' lang='lat' dir='ltr'><strong>me</strong></span> <span class='ocrx_word' id='word_1_317' title='bbox 684 1419 756 1445; x_wconf 85' lang='lat' dir='ltr'><strong>enim</strong></span> <span class='ocrx_word' id='word_1_318' title='bbox 774 1418 819 1446; x_wconf 91' lang='lat' dir='ltr'><strong>ille</strong></span> <span class='ocrx_word' id='word_1_319' title='bbox 839 1419 957 1453; x_wconf 85' lang='lat' dir='ltr'><strong>scripsit.</strong></span> <span class='ocrx_word' id='word_1_320' title='bbox 985 1419 1013 1446; x_wconf 89' lang='lat' dir='ltr'><strong>Si</strong></span> 
     </span>
    </p>
   </div>
   <div class='ocr_carea' id='block_1_46' title="bbox 229 1463 1015 1498">
    <p class='ocr_par' dir='ltr' id='par_1_46' title="bbox 229 1463 1015 1498">
     <span class='ocr_line' id='line_1_46' title="bbox 229 1463 1015 1498; baseline 0 -6"><span class='ocrx_word' id='word_1_321' title='bbox 229 1469 320 1492; x_wconf 76' lang='lat' dir='ltr'><strong>autem</strong></span> <span class='ocrx_word' id='word_1_322' title='bbox 337 1463 409 1491; x_wconf 88' lang='lat' dir='ltr'><strong>illius</strong></span> <span class='ocrx_word' id='word_1_323' title='bbox 421 1463 519 1491; x_wconf 86' lang='lat' dir='ltr'><strong>litteris</strong></span> <span class='ocrx_word' id='word_1_324' title='bbox 535 1472 587 1491; x_wconf 91' lang='lat' dir='ltr'><strong>non</strong></span> <span class='ocrx_word' id='word_1_325' title='bbox 615 1464 739 1497; x_wconf 84' lang='lat' dir='ltr'><strong>creditis,</strong></span> <span class='ocrx_word' id='word_1_326' title='bbox 767 1465 902 1498; x_wconf 86' lang='lat' dir='ltr'><strong>quomodo</strong></span> <span class='ocrx_word' id='word_1_327' title='bbox 927 1465 1015 1492; x_wconf 82' lang='lat' dir='ltr'><strong>verbis</strong></span> 
     </span>
    </p>
   </div>
   <div class='ocr_carea' id='block_1_47' title="bbox 229 1509 1013 1544">
    <p class='ocr_par' dir='ltr' id='par_1_47' title="bbox 229 1509 1013 1544">
     <span class='ocr_line' id='line_1_47' title="bbox 229 1509 1013 1544; baseline -0.001 -6"><span class='ocrx_word' id='word_1_328' title='bbox 229 1510 298 1538; x_wconf 86' lang='lat' dir='ltr'><strong>meis</strong></span> <span class='ocrx_word' id='word_1_329' title='bbox 311 1509 477 1537; x_wconf 75' lang='lat' dir='ltr'><strong>credetis&quot;?</strong></span> <span class='ocrx_word' id='word_1_330' title='bbox 494 1519 502 1535; x_wconf 89' lang='grc' dir='ltr'><strong>ι</strong></span> <span class='ocrx_word' id='word_1_331' title='bbox 516 1509 618 1536; x_wconf 83' lang='lat' dir='ltr'><strong>Nullam</strong></span> <span class='ocrx_word' id='word_1_332' title='bbox 628 1509 709 1544; x_wconf 85' lang='lat' dir='ltr'><strong>igitur</strong></span> <span class='ocrx_word' id='word_1_333' title='bbox 721 1510 914 1537; x_wconf 83' lang='lat' dir='ltr'><strong>dubitationem</strong></span> <span class='ocrx_word' id='word_1_334' title='bbox 923 1510 1013 1543; x_wconf 88' lang='lat' dir='ltr'><strong>habet,</strong></span> 
     </span>
    </p>
   </div>
   <div class='ocr_carea' id='block_1_48' title="bbox 1068 917 1859 960">
    <p class='ocr_par' dir='ltr' id='par_1_48' title="bbox 1068 917 1859 960">
     <span class='ocr_line' id='line_1_48' title="bbox 1068 917 1859 960; baseline -0.011 -9"><span class='ocrx_word' id='word_1_335' title='bbox 1068 924 1141 960; x_wconf 76' lang='grc' dir='ltr'>ἡμᾶς</span> <span class='ocrx_word' id='word_1_336' title='bbox 1158 921 1368 957; x_wconf 84' lang='grc' dir='ltr'>καταποιμαίνει</span> <span class='ocrx_word' id='word_1_337' title='bbox 1391 919 1507 954; x_wconf 77' lang='grc' dir='ltr'>Χριστὸς</span> <span class='ocrx_word' id='word_1_338' title='bbox 1534 929 1543 945; x_wconf 83' lang='grc' dir='ltr'><strong>ι</strong></span> <span class='ocrx_word' id='word_1_339' title='bbox 1561 919 1589 945; x_wconf 82' lang='grc' dir='ltr'>ὲν</span> <span class='ocrx_word' id='word_1_340' title='bbox 1609 919 1677 954; x_wconf 84' lang='grc' dir='ltr'>νομῇ</span> <span class='ocrx_word' id='word_1_341' title='bbox 1695 917 1800 952; x_wconf 80' lang='grc' dir='ltr'><strong>ἀγαθῇ,</strong></span> <span class='ocrx_word' id='word_1_342' title='bbox 1815 917 1859 942; x_wconf 70' lang='grc' dir='ltr'>καὶ</span> 
     </span>
    </p>
   </div>
   <div class='ocr_carea' id='block_1_49' title="bbox 1068 964 1857 1006">
    <p class='ocr_par' dir='ltr' id='par_1_49' title="bbox 1068 964 1857 1006">
     <span class='ocr_line' id='line_1_49' title="bbox 1068 964 1857 1006; baseline -0.013 -8"><span class='ocrx_word' id='word_1_343' title='bbox 1068 973 1097 998; x_wconf 79' lang='grc' dir='ltr'>ὲν</span> <span class='ocrx_word' id='word_1_344' title='bbox 1113 971 1188 1006; x_wconf 87' lang='grc' dir='ltr'>τόπῳ</span> <span class='ocrx_word' id='word_1_345' title='bbox 1202 970 1283 1001; x_wconf 82' lang='grc' dir='ltr'>πίονι,</span> <span class='ocrx_word' id='word_1_346' title='bbox 1302 978 1311 994; x_wconf 78' lang='grc' dir='ltr'><strong>ι</strong></span> <span class='ocrx_word' id='word_1_347' title='bbox 1333 966 1405 995; x_wconf 80' lang='grc' dir='ltr'><strong>καθά</strong></span> <span class='ocrx_word' id='word_1_348' title='bbox 1421 965 1662 1001; x_wconf 81' lang='grc' dir='ltr'>γέγραπται.’Δλλ“</span> <span class='ocrx_word' id='word_1_349' title='bbox 1678 965 1709 990; x_wconf 72' lang='grc' dir='ltr'>οὗ</span> <span class='ocrx_word' id='word_1_350' title='bbox 1734 964 1857 994; x_wconf 70' lang='grc' dir='ltr'>συνέντες</span> 
     </span>
    </p>
   </div>
   <div class='ocr_carea' id='block_1_50' title="bbox 1075 1009 1859 1050">
    <p class='ocr_par' dir='ltr' id='par_1_50' title="bbox 1075 1009 1859 1050">
     <span class='ocr_line' id='line_1_50' title="bbox 1075 1009 1859 1050; baseline -0.013 -6"><span class='ocrx_word' id='word_1_351' title='bbox 1075 1017 1196 1044; x_wconf 82' lang='grc' dir='ltr'>Ἰουδαῖοι</span> <span class='ocrx_word' id='word_1_352' title='bbox 1209 1016 1239 1042; x_wconf 67' lang='grc' dir='ltr'>τὸ</span> <span class='ocrx_word' id='word_1_353' title='bbox 1254 1015 1413 1050; x_wconf 79' lang='grc' dir='ltr'>μυστήριον,</span> <span class='ocrx_word' id='word_1_354' title='bbox 1422 1011 1585 1047; x_wconf 76' lang='grc' dir='ltr'>ἠγνοηκότες</span> <span class='ocrx_word' id='word_1_355' title='bbox 1598 1010 1626 1037; x_wconf 74' lang='grc' dir='ltr'><strong>δὲ</strong></span> <span class='ocrx_word' id='word_1_356' title='bbox 1639 1011 1686 1037; x_wconf 78' lang='grc' dir='ltr'>καὶ</span> <span class='ocrx_word' id='word_1_357' title='bbox 1700 1009 1750 1045; x_wconf 79' lang='grc' dir='ltr'><strong>τὴν</strong></span> <span class='ocrx_word' id='word_1_358' title='bbox 1763 1009 1859 1044; x_wconf 77' lang='grc' dir='ltr'>ῥάϐδον</span> 
     </span>
    </p>
   </div>
   <div class='ocr_carea' id='block_1_51' title="bbox 1067 1053 1857 1096">
    <p class='ocr_par' dir='ltr' id='par_1_51' title="bbox 1067 1053 1857 1096">
     <span class='ocr_line' id='line_1_51' title="bbox 1067 1053 1857 1096; baseline -0.009 -10"><span class='ocrx_word' id='word_1_359' title='bbox 1067 1061 1117 1096; x_wconf 78' lang='grc' dir='ltr'>τὴν</span> <span class='ocrx_word' id='word_1_360' title='bbox 1144 1059 1239 1094; x_wconf 82' lang='grc' dir='ltr'>καλὴν,</span> <span class='ocrx_word' id='word_1_361' title='bbox 1259 1057 1391 1088; x_wconf 77' lang='grc' dir='ltr'>τουτέστι,</span> <span class='ocrx_word' id='word_1_362' title='bbox 1407 1057 1438 1083; x_wconf 85' lang='grc' dir='ltr'><strong>τὸ</strong></span> <span class='ocrx_word' id='word_1_363' title='bbox 1464 1056 1595 1090; x_wconf 83' lang='grc' dir='ltr'>κήρυγμα</span> <span class='ocrx_word' id='word_1_364' title='bbox 1617 1054 1647 1080; x_wconf 82' lang='grc' dir='ltr'>τὺ</span> <span class='ocrx_word' id='word_1_365' title='bbox 1668 1053 1857 1088; x_wconf 72' lang='grc' dir='ltr'>εὐαγγελικδν,</span> 
     </span>
    </p>
   </div>
   <div class='ocr_carea' id='block_1_52' title="bbox 1069 1099 1858 1141">
    <p class='ocr_par' dir='ltr' id='par_1_52' title="bbox 1069 1099 1858 1141">
     <span class='ocr_line' id='line_1_52' title="bbox 1069 1099 1858 1141; baseline -0.011 -8"><span class='ocrx_word' id='word_1_366' title='bbox 1069 1107 1116 1133; x_wconf 78' lang='grc' dir='ltr'>καὶ</span> <span class='ocrx_word' id='word_1_367' title='bbox 1130 1105 1240 1141; x_wconf 78' lang='grc' dir='ltr'>προσέτι</span> <span class='ocrx_word' id='word_1_368' title='bbox 1255 1104 1358 1134; x_wconf 76' lang='grc' dir='ltr'>τούτοις</span> <span class='ocrx_word' id='word_1_369' title='bbox 1371 1103 1419 1138; x_wconf 82' lang='grc' dir='ltr'>τὴν</span> <span class='ocrx_word' id='word_1_370' title='bbox 1435 1102 1529 1137; x_wconf 76' lang='grc' dir='ltr'>ἑτέραν</span> <span class='ocrx_word' id='word_1_371' title='bbox 1546 1100 1730 1135; x_wconf 82' lang='grc' dir='ltr'>ἀτιμάσαντες</span> <span class='ocrx_word' id='word_1_372' title='bbox 1748 1099 1858 1135; x_wconf 74' lang='grc' dir='ltr'>ῥάϐδον,</span> 
     </span>
    </p>
   </div>
   <div class='ocr_carea' id='block_1_53' title="bbox 1069 1146 1858 1189">
    <p class='ocr_par' dir='ltr' id='par_1_53' title="bbox 1069 1146 1858 1189">
     <span class='ocr_line' id='line_1_53' title="bbox 1069 1146 1858 1189; baseline -0.011 -10"><span class='ocrx_word' id='word_1_373' title='bbox 1069 1149 1085 1189; x_wconf 81' lang='grc' dir='ltr'>ᾖ</span> <span class='ocrx_word' id='word_1_374' title='bbox 1101 1152 1186 1186; x_wconf 74' lang='grc' dir='ltr'>ὄνομα</span> <span class='ocrx_word' id='word_1_375' title='bbox 1203 1149 1492 1186; x_wconf 75' lang='grc' dir='ltr'>Σχοίνισμα,τουτέστι</span> <span class='ocrx_word' id='word_1_376' title='bbox 1509 1147 1555 1174; x_wconf 79' lang='grc' dir='ltr'>τὸν</span> <span class='ocrx_word' id='word_1_377' title='bbox 1572 1147 1615 1174; x_wconf 78' lang='grc' dir='ltr'><strong>διὰ</strong></span> <span class='ocrx_word' id='word_1_378' title='bbox 1629 1146 1752 1177; x_wconf 80' lang='grc' dir='ltr'><strong>Μωσέως</strong></span> <span class='ocrx_word' id='word_1_379' title='bbox 1765 1146 1858 1180; x_wconf 65' lang='grc' dir='ltr'>νόμον.</span> 
     </span>
    </p>
   </div>
   <div class='ocr_carea' id='block_1_54' title="bbox 1068 1190 1858 1231">
    <p class='ocr_par' dir='ltr' id='par_1_54' title="bbox 1068 1190 1858 1231">
     <span class='ocr_line' id='line_1_54' title="bbox 1068 1190 1858 1231; baseline -0.009 -8"><span class='ocrx_word' id='word_1_380' title='bbox 1068 1197 1098 1223; x_wconf 81' lang='grc' dir='ltr'>οὑ</span> <span class='ocrx_word' id='word_1_381' title='bbox 1115 1195 1287 1231; x_wconf 81' lang='grc' dir='ltr'>προσήκαντο</span> <span class='ocrx_word' id='word_1_382' title='bbox 1305 1195 1354 1229; x_wconf 76' lang='grc' dir='ltr'><strong>μὲν</strong></span> <span class='ocrx_word' id='word_1_383' title='bbox 1371 1194 1418 1229; x_wconf 82' lang='grc' dir='ltr'>τὴν</span> <span class='ocrx_word' id='word_1_384' title='bbox 1429 1193 1532 1224; x_wconf 85' lang='grc' dir='ltr'>πίστιν,</span> <span class='ocrx_word' id='word_1_385' title='bbox 1549 1192 1700 1227; x_wconf 74' lang='grc' dir='ltr'>ἠγνοήκασι</span> <span class='ocrx_word' id='word_1_386' title='bbox 1713 1191 1742 1217; x_wconf 80' lang='grc' dir='ltr'><strong>δὲ</strong></span> <span class='ocrx_word' id='word_1_387' title='bbox 1758 1190 1806 1217; x_wconf 79' lang='grc' dir='ltr'><strong>τὸν</strong></span> <span class='ocrx_word' id='word_1_388' title='bbox 1818 1191 1858 1217; x_wconf 76' lang='grc' dir='ltr'><strong>διὰ</strong></span> 
     </span>
    </p>
   </div>
   <div class='ocr_carea' id='block_1_55' title="bbox 1068 1236 1859 1277">
    <p class='ocr_par' dir='ltr' id='par_1_55' title="bbox 1068 1236 1859 1277">
     <span class='ocr_line' id='line_1_55' title="bbox 1068 1236 1859 1277; baseline -0.01 -8"><span class='ocrx_word' id='word_1_389' title='bbox 1068 1242 1151 1277; x_wconf 81' lang='grc' dir='ltr'>νόμου</span> <span class='ocrx_word' id='word_1_390' title='bbox 1165 1241 1211 1267; x_wconf 78' lang='grc' dir='ltr'>καὶ</span> <span class='ocrx_word' id='word_1_391' title='bbox 1230 1240 1376 1275; x_wconf 80' lang='grc' dir='ltr'>προφητῶν</span> <span class='ocrx_word' id='word_1_392' title='bbox 1390 1238 1638 1274; x_wconf 83' lang='grc' dir='ltr'>προηγορευμένον,</span> <span class='ocrx_word' id='word_1_393' title='bbox 1655 1237 1702 1263; x_wconf 73' lang='grc' dir='ltr'>καὶ</span> <span class='ocrx_word' id='word_1_394' title='bbox 1716 1236 1799 1263; x_wconf 77' lang='grc' dir='ltr'>τοῦτο</span> <span class='ocrx_word' id='word_1_395' title='bbox 1813 1236 1859 1262; x_wconf 72' lang='grc' dir='ltr'><strong>αὖ·</strong></span> 
     </span>
    </p>
   </div>
   <div class='ocr_carea' id='block_1_56' title="bbox 1068 1281 1857 1322">
    <p class='ocr_par' dir='ltr' id='par_1_56' title="bbox 1068 1281 1857 1322">
     <span class='ocr_line' id='line_1_56' title="bbox 1068 1281 1857 1322; baseline -0.009 -8"><span class='ocrx_word' id='word_1_396' title='bbox 1068 1288 1124 1319; x_wconf 86' lang='grc' dir='ltr'>τοῖς</span> <span class='ocrx_word' id='word_1_397' title='bbox 1140 1287 1258 1322; x_wconf 77' lang='grc' dir='ltr'>ἔφασκεν</span> <span class='ocrx_word' id='word_1_398' title='bbox 1271 1285 1394 1320; x_wconf 80' lang='grc' dir='ltr'>ἐναργῶς</span> <span class='ocrx_word' id='word_1_399' title='bbox 1409 1284 1490 1316; x_wconf 77' lang='grc' dir='ltr'>αὐτὸς</span> <span class='ocrx_word' id='word_1_400' title='bbox 1502 1284 1516 1310; x_wconf 83' lang='grc' dir='ltr'>ὁ</span> <span class='ocrx_word' id='word_1_401' title='bbox 1530 1283 1640 1318; x_wconf 84' lang='grc' dir='ltr'>Σωτήρ·</span> <span class='ocrx_word' id='word_1_402' title='bbox 1663 1291 1672 1308; x_wconf 87' lang='grc' dir='ltr'><strong>ι</strong></span> <span class='ocrx_word' id='word_1_403' title='bbox 1683 1281 1730 1317; x_wconf 79' lang='grc' dir='ltr'><strong>Μὴ</strong></span> <span class='ocrx_word' id='word_1_404' title='bbox 1744 1281 1857 1311; x_wconf 82' lang='grc' dir='ltr'>δοκεῖτε,</span> 
     </span>
    </p>
   </div>
   <div class='ocr_carea' id='block_1_57' title="bbox 1068 1327 1858 1367">
    <p class='ocr_par' dir='ltr' id='par_1_57' title="bbox 1068 1327 1858 1367">
     <span class='ocr_line' id='line_1_57' title="bbox 1068 1327 1858 1367; baseline -0.01 -7"><span class='ocrx_word' id='word_1_405' title='bbox 1068 1333 1109 1360; x_wconf 83' lang='grc' dir='ltr'>ὅτι</span> <span class='ocrx_word' id='word_1_406' title='bbox 1127 1333 1182 1367; x_wconf 75' lang='grc' dir='ltr'><strong>ἐγὼ</strong></span> <span class='ocrx_word' id='word_1_407' title='bbox 1200 1331 1379 1367; x_wconf 80' lang='grc' dir='ltr'>κατηγορήσω</span> <span class='ocrx_word' id='word_1_408' title='bbox 1404 1330 1480 1365; x_wconf 79' lang='grc' dir='ltr'>ὑμῶν</span> <span class='ocrx_word' id='word_1_409' title='bbox 1497 1329 1565 1364; x_wconf 79' lang='grc' dir='ltr'>πρὸς</span> <span class='ocrx_word' id='word_1_410' title='bbox 1579 1328 1623 1355; x_wconf 79' lang='grc' dir='ltr'><strong>τὸν</strong></span> <span class='ocrx_word' id='word_1_411' title='bbox 1638 1327 1858 1361; x_wconf 72' lang='grc' dir='ltr'>Πατέρα.Ἐστ;ν</span> 
     </span>
    </p>
   </div>
   <div class='ocr_carea' id='block_1_58' title="bbox 1068 1373 1858 1414">
    <p class='ocr_par' dir='ltr' id='par_1_58' title="bbox 1068 1373 1858 1414">
     <span class='ocr_line' id='line_1_58' title="bbox 1068 1373 1858 1414; baseline -0.011 -7"><span class='ocrx_word' id='word_1_412' title='bbox 1068 1381 1081 1407; x_wconf 82' lang='grc' dir='ltr'><strong><em>ὸ</em></strong></span> <span class='ocrx_word' id='word_1_413' title='bbox 1094 1377 1253 1414; x_wconf 82' lang='grc' dir='ltr'>κατηγορῶν</span> <span class='ocrx_word' id='word_1_414' title='bbox 1268 1377 1344 1409; x_wconf 83' lang='grc' dir='ltr'>ὑμῶν</span> <span class='ocrx_word' id='word_1_415' title='bbox 1359 1376 1520 1411; x_wconf 81' lang='grc' dir='ltr'>Μωσῆς,εις</span> <span class='ocrx_word' id='word_1_416' title='bbox 1533 1374 1562 1401; x_wconf 81' lang='grc' dir='ltr'>ὃν</span> <span class='ocrx_word' id='word_1_417' title='bbox 1578 1374 1656 1409; x_wconf 82' lang='grc' dir='ltr'>ὑμεῖς</span> <span class='ocrx_word' id='word_1_418' title='bbox 1670 1373 1858 1408; x_wconf 73' lang='grc' dir='ltr'>ἠλπίκατεσει</span> 
     </span>
    </p>
   </div>
   <div class='ocr_carea' id='block_1_59' title="bbox 1068 1417 1858 1459">
    <p class='ocr_par' dir='ltr' id='par_1_59' title="bbox 1068 1417 1858 1459">
     <span class='ocr_line' id='line_1_59' title="bbox 1068 1417 1858 1459; baseline -0.01 -9"><span class='ocrx_word' id='word_1_419' title='bbox 1068 1423 1123 1459; x_wconf 81' lang='grc' dir='ltr'>γὰρ</span> <span class='ocrx_word' id='word_1_420' title='bbox 1135 1422 1291 1450; x_wconf 78' lang='grc' dir='ltr'>ἐπιστεύετε</span> <span class='ocrx_word' id='word_1_421' title='bbox 1306 1422 1408 1450; x_wconf 80' lang='grc' dir='ltr'>Μωσεῖ,</span> <span class='ocrx_word' id='word_1_422' title='bbox 1421 1419 1577 1446; x_wconf 65' lang='grc' dir='ltr'>ἐπιστεύετε</span> <span class='ocrx_word' id='word_1_423' title='bbox 1590 1418 1623 1446; x_wconf 83' lang='grc' dir='ltr'><strong>ἂν</strong></span> <span class='ocrx_word' id='word_1_424' title='bbox 1638 1418 1709 1452; x_wconf 82' lang='grc' dir='ltr'>ἐμοί·</span> <span class='ocrx_word' id='word_1_425' title='bbox 1728 1417 1796 1452; x_wconf 73' lang='grc' dir='ltr'>περὶ</span> <span class='ocrx_word' id='word_1_426' title='bbox 1809 1417 1858 1452; x_wconf 74' lang='grc' dir='ltr'>γὰρ</span> 
     </span>
    </p>
   </div>
   <div class='ocr_carea' id='block_1_60' title="bbox 1068 1462 1858 1504">
    <p class='ocr_par' dir='ltr' id='par_1_60' title="bbox 1068 1462 1858 1504">
     <span class='ocr_line' id='line_1_60' title="bbox 1068 1462 1858 1504; baseline -0.01 -8"><span class='ocrx_word' id='word_1_427' title='bbox 1068 1467 1135 1504; x_wconf 72' lang='grc' dir='ltr'>ἐμοῦ</span> <span class='ocrx_word' id='word_1_428' title='bbox 1150 1469 1251 1498; x_wconf 72' lang='grc' dir='ltr'>ἐκεῖνος</span> <span class='ocrx_word' id='word_1_429' title='bbox 1267 1465 1397 1500; x_wconf 77' lang='grc' dir='ltr'>ἔγραψεν.</span> <span class='ocrx_word' id='word_1_430' title='bbox 1414 1464 1444 1490; x_wconf 83' lang='lat' dir='ltr'><strong>Ei</strong></span> <span class='ocrx_word' id='word_1_431' title='bbox 1461 1463 1488 1490; x_wconf 71' lang='grc' dir='ltr'><strong>δὲ</strong></span> <span class='ocrx_word' id='word_1_432' title='bbox 1501 1465 1556 1495; x_wconf 86' lang='grc' dir='ltr'>τοῖς</span> <span class='ocrx_word' id='word_1_433' title='bbox 1576 1463 1681 1490; x_wconf 75' lang='grc' dir='ltr'>ἐκείνου</span> <span class='ocrx_word' id='word_1_434' title='bbox 1696 1462 1858 1498; x_wconf 74' lang='grc' dir='ltr'>γράμμασιν</span> 
     </span>
    </p>
   </div>
   <div class='ocr_carea' id='block_1_61' title="bbox 1068 1508 1854 1546">
    <p class='ocr_par' dir='ltr' id='par_1_61' title="bbox 1068 1508 1854 1546">
     <span class='ocr_line' id='line_1_61' title="bbox 1068 1508 1854 1546; baseline -0.009 -5"><span class='ocrx_word' id='word_1_435' title='bbox 1068 1515 1098 1541; x_wconf 76' lang='grc' dir='ltr'>οὐ</span> <span class='ocrx_word' id='word_1_436' title='bbox 1116 1513 1268 1545; x_wconf 81' lang='grc' dir='ltr'>πιστεύετε,</span> <span class='ocrx_word' id='word_1_437' title='bbox 1282 1512 1340 1542; x_wconf 81' lang='grc' dir='ltr'>πῶς</span> <span class='ocrx_word' id='word_1_438' title='bbox 1358 1512 1412 1542; x_wconf 85' lang='grc' dir='ltr'>τοῖς</span> <span class='ocrx_word' id='word_1_439' title='bbox 1425 1510 1503 1546; x_wconf 81' lang='grc' dir='ltr'><strong>ὲμοῖς</strong></span> <span class='ocrx_word' id='word_1_440' title='bbox 1528 1510 1631 1545; x_wconf 76' lang='grc' dir='ltr'>ῥήμασι</span> <span class='ocrx_word' id='word_1_441' title='bbox 1646 1508 1830 1541; x_wconf 62' lang='grc' dir='ltr'>πιστεύετε-τες</span> <span class='ocrx_word' id='word_1_442' title='bbox 1846 1518 1854 1534; x_wconf 81' lang='grc' dir='ltr'><strong>ι</strong></span> 
     </span>
    </p>
   </div>
   <div class='ocr_carea' id='block_1_62' title="bbox 229 1550 1013 1592">
    <p class='ocr_par' dir='ltr' id='par_1_62' title="bbox 229 1554 1013 1590">
     <span class='ocr_line' id='line_1_62' title="bbox 229 1554 1013 1590; baseline -0.004 -5"><span class='ocrx_word' id='word_1_443' title='bbox 229 1564 277 1585; x_wconf 79' lang='lat' dir='ltr'><strong>eos</strong></span> <span class='ocrx_word' id='word_1_444' title='bbox 291 1563 378 1590; x_wconf 80' lang='lat' dir='ltr'><strong>neque</strong></span> <span class='ocrx_word' id='word_1_445' title='bbox 390 1555 487 1583; x_wconf 89' lang='lat' dir='ltr'><strong>litteris</strong></span> <span class='ocrx_word' id='word_1_446' title='bbox 504 1555 638 1587; x_wconf 74' lang='lat' dir='ltr'><strong>Mosaicis.</strong></span> <span class='ocrx_word' id='word_1_447' title='bbox 653 1562 740 1589; x_wconf 87' lang='lat' dir='ltr'><strong>neque</strong></span> <span class='ocrx_word' id='word_1_448' title='bbox 753 1555 842 1582; x_wconf 87' lang='lat' dir='ltr'><strong>verbis</strong></span> <span class='ocrx_word' id='word_1_449' title='bbox 865 1554 1013 1582; x_wconf 83' lang='lat' dir='ltr'><strong>Salvatoris</strong></span> 
     </span>
    </p>
   </div>
   <div class='ocr_carea' id='block_1_63' title="bbox 1066 1550 1855 1592">
    <p class='ocr_par' dir='ltr' id='par_1_63' title="bbox 1068 1553 1855 1592">
     <span class='ocr_line' id='line_1_63' title="bbox 1068 1553 1855 1592; baseline -0.009 -5"><span class='ocrx_word' id='word_1_450' title='bbox 1068 1561 1146 1587; x_wconf 87' lang='grc' dir='ltr'>Ἐστι</span> <span class='ocrx_word' id='word_1_451' title='bbox 1158 1560 1245 1586; x_wconf 84' lang='grc' dir='ltr'>τοίνυν</span> <span class='ocrx_word' id='word_1_452' title='bbox 1259 1557 1408 1592; x_wconf 68' lang='grc' dir='ltr'>οὐδαμόθεν</span> <span class='ocrx_word' id='word_1_453' title='bbox 1421 1556 1583 1591; x_wconf 81' lang='grc' dir='ltr'>ἀμφίλογον,</span> <span class='ocrx_word' id='word_1_454' title='bbox 1598 1555 1635 1586; x_wconf 84' lang='grc' dir='ltr'>ὡς</span> <span class='ocrx_word' id='word_1_455' title='bbox 1650 1554 1710 1581; x_wconf 73' lang='grc' dir='ltr'>οὔτε</span> <span class='ocrx_word' id='word_1_456' title='bbox 1725 1555 1784 1586; x_wconf 81' lang='grc' dir='ltr'>τοῖς</span> <span class='ocrx_word' id='word_1_457' title='bbox 1793 1553 1855 1581; x_wconf 82' lang='grc' dir='ltr'><strong>Μω-</strong></span> 
     </span>
    </p>
   </div>
   <div class='ocr_carea' id='block_1_64' title="bbox 228 1601 1015 1636">
    <p class='ocr_par' dir='ltr' id='par_1_64' title="bbox 228 1601 1015 1636">
     <span class='ocr_line' id='line_1_64' title="bbox 228 1601 1015 1636; baseline -0.001 -5"><span class='ocrx_word' id='word_1_458' title='bbox 228 1603 309 1631; x_wconf 79' lang='lat' dir='ltr'><strong>Ildem</strong></span> <span class='ocrx_word' id='word_1_459' title='bbox 320 1601 485 1630; x_wconf 83' lang='lat' dir='ltr'><strong>adhibuisse.</strong></span> <span class='ocrx_word' id='word_1_460' title='bbox 501 1601 569 1634; x_wconf 87' lang='lat' dir='ltr'><strong>Quia</strong></span> <span class='ocrx_word' id='word_1_461' title='bbox 586 1608 649 1628; x_wconf 86' lang='lat' dir='ltr'><strong>vero</strong></span> <span class='ocrx_word' id='word_1_462' title='bbox 685 1601 867 1636; x_wconf 76' lang='lat' dir='ltr'><strong>cognitionem</strong></span> <span class='ocrx_word' id='word_1_463' title='bbox 892 1602 1015 1630; x_wconf 83' lang='lat' dir='ltr'><strong>veritatis</strong></span> 
     </span>
    </p>
   </div>
   <div class='ocr_carea' id='block_1_65' title="bbox 234 1647 1013 1683">
    <p class='ocr_par' dir='ltr' id='par_1_65' title="bbox 234 1647 1013 1683">
     <span class='ocr_line' id='line_1_65' title="bbox 234 1647 1013 1683; baseline -0.001 -8"><span class='ocrx_word' id='word_1_464' title='bbox 234 1647 372 1683; x_wconf 84' lang='lat' dir='ltr'><strong>aspernati</strong></span> <span class='ocrx_word' id='word_1_465' title='bbox 388 1652 463 1678; x_wconf 84' lang='lat' dir='ltr'><strong>sunt,</strong></span> <span class='ocrx_word' id='word_1_466' title='bbox 477 1647 607 1681; x_wconf 85' lang='lat' dir='ltr'><strong>scriptum</strong></span> <span class='ocrx_word' id='word_1_467' title='bbox 619 1651 661 1674; x_wconf 89' lang='lat' dir='ltr'><strong>est</strong></span> <span class='ocrx_word' id='word_1_468' title='bbox 673 1654 687 1673; x_wconf 88' lang='lat' dir='ltr'><strong>a</strong></span> <span class='ocrx_word' id='word_1_469' title='bbox 699 1647 782 1674; x_wconf 82' lang='lat' dir='ltr'><strong>Paulo</strong></span> <span class='ocrx_word' id='word_1_470' title='bbox 794 1647 994 1681; x_wconf 87' lang='lat' dir='ltr'><strong>sapientissimo</strong></span> <span class='ocrx_word' id='word_1_471' title='bbox 1006 1655 1013 1674; x_wconf 87' lang='lat'>:</span> 
     </span>
    </p>
   </div>
   <div class='ocr_carea' id='block_1_66' title="bbox 231 1690 1017 1725">
    <p class='ocr_par' dir='ltr' id='par_1_66' title="bbox 231 1690 1017 1725">
     <span class='ocr_line' id='line_1_66' title="bbox 231 1690 1017 1725; baseline 0.001 -8"><span class='ocrx_word' id='word_1_472' title='bbox 231 1700 242 1717; x_wconf 72' lang='grc' dir='ltr'><strong>ι</strong></span> <span class='ocrx_word' id='word_1_473' title='bbox 258 1691 321 1718; x_wconf 70' lang='lat' dir='ltr'><strong>ideo</strong></span> <span class='ocrx_word' id='word_1_474' title='bbox 332 1691 420 1718; x_wconf 87' lang='lat' dir='ltr'><strong>mittet</strong></span> <span class='ocrx_word' id='word_1_475' title='bbox 443 1690 496 1717; x_wconf 83' lang='lat' dir='ltr'><strong>illis</strong></span> <span class='ocrx_word' id='word_1_476' title='bbox 511 1690 581 1718; x_wconf 85' lang='lat' dir='ltr'><strong>Dens</strong></span> <span class='ocrx_word' id='word_1_477' title='bbox 591 1691 774 1725; x_wconf 86' lang='lat' dir='ltr'><strong>operationem</strong></span> <span class='ocrx_word' id='word_1_478' title='bbox 790 1691 902 1724; x_wconf 86' lang='lat' dir='ltr'><strong>erroris,</strong></span> <span class='ocrx_word' id='word_1_479' title='bbox 915 1697 943 1718; x_wconf 89' lang='lat' dir='ltr'><strong>ut</strong></span> <span class='ocrx_word' id='word_1_480' title='bbox 956 1699 1017 1719; x_wconf 83' lang='lat' dir='ltr'><strong>cre-</strong></span> 
     </span>
    </p>
   </div>
   <div class='ocr_carea' id='block_1_67' title="bbox 229 1736 1015 1770">
    <p class='ocr_par' dir='ltr' id='par_1_67' title="bbox 229 1736 1015 1770">
     <span class='ocr_line' id='line_1_67' title="bbox 229 1736 1015 1770; baseline 0 -6"><span class='ocrx_word' id='word_1_481' title='bbox 229 1736 445 1764; x_wconf 81' lang='lat' dir='ltr'><strong>dauttnendacio</strong></span> <span class='ocrx_word' id='word_1_482' title='bbox 459 1736 492 1765; x_wconf 82' lang='lat'><strong>&quot;.</strong></span> <span class='ocrx_word' id='word_1_483' title='bbox 509 1745 518 1762; x_wconf 80' lang='grc' dir='ltr'><strong>ι</strong></span> <span class='ocrx_word' id='word_1_484' title='bbox 533 1736 722 1770; x_wconf 83' lang='lat' dir='ltr'><strong>Operationeut</strong></span> <span class='ocrx_word' id='word_1_485' title='bbox 750 1737 850 1764; x_wconf 76' lang='lat' dir='ltr'><strong>erroris</strong></span> <span class='ocrx_word' id='word_1_486' title='bbox 877 1737 1015 1765; x_wconf 75' lang='lat' dir='ltr'><strong>Antichri-</strong></span> 
     </span>
    </p>
   </div>
   <div class='ocr_carea' id='block_1_68' title="bbox 230 1781 1016 1815">
    <p class='ocr_par' dir='ltr' id='par_1_68' title="bbox 230 1781 1016 1815">
     <span class='ocr_line' id='line_1_68' title="bbox 230 1781 1016 1815; baseline 0.003 -7"><span class='ocrx_word' id='word_1_487' title='bbox 230 1787 300 1809; x_wconf 88' lang='lat' dir='ltr'><strong>stntu</strong></span> <span class='ocrx_word' id='word_1_488' title='bbox 315 1789 376 1809; x_wconf 83' lang='lat' dir='ltr'><strong>esse</strong></span> <span class='ocrx_word' id='word_1_489' title='bbox 387 1782 462 1812; x_wconf 90' lang='lat' dir='ltr'><strong>dicit,</strong></span> <span class='ocrx_word' id='word_1_490' title='bbox 483 1781 525 1808; x_wconf 73' lang='lat' dir='ltr'><strong>cui</strong></span> <span class='ocrx_word' id='word_1_491' title='bbox 538 1781 637 1809; x_wconf 85' lang='lat' dir='ltr'><strong>addicti</strong></span> <span class='ocrx_word' id='word_1_492' title='bbox 662 1781 746 1810; x_wconf 65' lang='lat' dir='ltr'><strong>Judaei</strong></span> <span class='ocrx_word' id='word_1_493' title='bbox 768 1783 977 1815; x_wconf 88' lang='lat' dir='ltr'><strong>damnabuntur,</strong></span> <span class='ocrx_word' id='word_1_494' title='bbox 988 1788 1016 1811; x_wconf 87' lang='lat' dir='ltr'><strong>et</strong></span> 
     </span>
    </p>
   </div>
   <div class='ocr_carea' id='block_1_69' title="bbox 235 1827 1015 1864">
    <p class='ocr_par' dir='ltr' id='par_1_69' title="bbox 235 1827 1015 1864">
     <span class='ocr_line' id='line_1_69' title="bbox 235 1827 1015 1864; baseline 0.003 -10"><span class='ocrx_word' id='word_1_495' title='bbox 235 1836 317 1855; x_wconf 76' lang='lat' dir='ltr'><strong>verax</strong></span> <span class='ocrx_word' id='word_1_496' title='bbox 337 1827 486 1862; x_wconf 81' lang='lat' dir='ltr'><strong>reperietur</strong></span> <span class='ocrx_word' id='word_1_497' title='bbox 496 1827 620 1854; x_wconf 88' lang='lat' dir='ltr'><strong>Salvator</strong></span> <span class='ocrx_word' id='word_1_498' title='bbox 632 1827 779 1855; x_wconf 89' lang='lat' dir='ltr'><strong>incredulis</strong></span> <span class='ocrx_word' id='word_1_499' title='bbox 791 1828 885 1855; x_wconf 89' lang='lat' dir='ltr'><strong>dicens</strong></span> <span class='ocrx_word' id='word_1_500' title='bbox 899 1837 906 1856; x_wconf 91' lang='lat'>:</span> <span class='ocrx_word' id='word_1_501' title='bbox 925 1837 935 1854; x_wconf 77' lang='grc' dir='ltr'><strong>ι</strong></span> <span class='ocrx_word' id='word_1_502' title='bbox 960 1828 1015 1864; x_wconf 77' lang='lat' dir='ltr'><strong>Ego</strong></span> 
     </span>
    </p>
   </div>
   <div class='ocr_carea' id='block_1_70' title="bbox 231 1868 1014 1908">
    <p class='ocr_par' dir='ltr' id='par_1_70' title="bbox 231 1868 1014 1908">
     <span class='ocr_line' id='line_1_70' title="bbox 231 1868 1014 1908; baseline 0.003 -8"><span class='ocrx_word' id='word_1_503' title='bbox 231 1875 293 1901; x_wconf 78' lang='lat' dir='ltr'><strong>veni</strong></span> <span class='ocrx_word' id='word_1_504' title='bbox 306 1874 332 1901; x_wconf 87' lang='lat' dir='ltr'><strong>in</strong></span> <span class='ocrx_word' id='word_1_505' title='bbox 355 1874 464 1901; x_wconf 90' lang='lat' dir='ltr'><strong>nomine</strong></span> <span class='ocrx_word' id='word_1_506' title='bbox 476 1873 565 1900; x_wconf 80' lang='lat' dir='ltr'><strong>Patris</strong></span> <span class='ocrx_word' id='word_1_507' title='bbox 576 1868 638 1905; x_wconf 81' lang='lat' dir='ltr'><strong>mei.</strong></span> <span class='ocrx_word' id='word_1_508' title='bbox 654 1879 680 1900; x_wconf 91' lang='lat' dir='ltr'><strong>et</strong></span> <span class='ocrx_word' id='word_1_509' title='bbox 692 1881 744 1901; x_wconf 90' lang='lat' dir='ltr'><strong>non</strong></span> <span class='ocrx_word' id='word_1_510' title='bbox 770 1874 892 1908; x_wconf 80' lang='lat' dir='ltr'><strong>accipitis</strong></span> <span class='ocrx_word' id='word_1_511' title='bbox 902 1881 944 1901; x_wconf 92' lang='lat' dir='ltr'><strong>me</strong></span> <span class='ocrx_word' id='word_1_512' title='bbox 958 1882 964 1900; x_wconf 92' lang='lat'>:</span> <span class='ocrx_word' id='word_1_513' title='bbox 992 1875 1014 1902; x_wconf 89' lang='lat' dir='ltr'><strong>si</strong></span> 
     </span>
    </p>
   </div>
   <div class='ocr_carea' id='block_1_71' title="bbox 230 1917 1015 1952">
    <p class='ocr_par' dir='ltr' id='par_1_71' title="bbox 230 1917 1015 1952">
     <span class='ocr_line' id='line_1_71' title="bbox 230 1917 1015 1952; baseline 0.001 -7"><span class='ocrx_word' id='word_1_514' title='bbox 230 1919 299 1945; x_wconf 72' lang='lat' dir='ltr'><strong>alius</strong></span> <span class='ocrx_word' id='word_1_515' title='bbox 310 1918 412 1945; x_wconf 75' lang='lat' dir='ltr'><strong>venerit</strong></span> <span class='ocrx_word' id='word_1_516' title='bbox 427 1917 455 1945; x_wconf 88' lang='lat' dir='ltr'><strong>in</strong></span> <span class='ocrx_word' id='word_1_517' title='bbox 469 1919 576 1945; x_wconf 80' lang='lat' dir='ltr'><strong>nomine</strong></span> <span class='ocrx_word' id='word_1_518' title='bbox 586 1925 645 1950; x_wconf 86' lang='lat' dir='ltr'><strong>suo,</strong></span> <span class='ocrx_word' id='word_1_519' title='bbox 659 1918 732 1945; x_wconf 84' lang='lat' dir='ltr'><strong>illum</strong></span> <span class='ocrx_word' id='word_1_520' title='bbox 741 1918 880 1952; x_wconf 86' lang='lat' dir='ltr'><strong>accipietis</strong></span> <span class='ocrx_word' id='word_1_521' title='bbox 893 1919 926 1945; x_wconf 80' lang='lat'><strong>&quot;.</strong></span> <span class='ocrx_word' id='word_1_522' title='bbox 940 1928 948 1945; x_wconf 81' lang='grc' dir='ltr'><strong>ι</strong></span> <span class='ocrx_word' id='word_1_523' title='bbox 966 1918 1015 1946; x_wconf 79' lang='lat' dir='ltr'><strong>Ju-</strong></span> 
     </span>
    </p>
   </div>
   <div class='ocr_carea' id='block_1_72' title="bbox 230 1963 1016 1998">
    <p class='ocr_par' dir='ltr' id='par_1_72' title="bbox 230 1963 1016 1998">
     <span class='ocr_line' id='line_1_72' title="bbox 230 1963 1016 1998; baseline 0 -7"><span class='ocrx_word' id='word_1_524' title='bbox 230 1965 302 1991; x_wconf 65' lang='grc' dir='ltr'><strong>αωοϐ</strong></span> <span class='ocrx_word' id='word_1_525' title='bbox 317 1963 399 1998; x_wconf 84' lang='lat' dir='ltr'><strong>igitur</strong></span> <span class='ocrx_word' id='word_1_526' title='bbox 409 1963 494 1990; x_wconf 76' lang='lat' dir='ltr'><strong>ﬁlium</strong></span> <span class='ocrx_word' id='word_1_527' title='bbox 516 1963 670 1998; x_wconf 84' lang='lat' dir='ltr'><strong>iniquitatis</strong></span> <span class='ocrx_word' id='word_1_528' title='bbox 685 1963 748 1991; x_wconf 87' lang='lat' dir='ltr'><strong>olim</strong></span> <span class='ocrx_word' id='word_1_529' title='bbox 773 1971 832 1990; x_wconf 88' lang='lat' dir='ltr'><strong>cum</strong></span> <span class='ocrx_word' id='word_1_530' title='bbox 859 1965 1016 1998; x_wconf 85' lang='lat' dir='ltr'><strong>apparuerit</strong></span> 
     </span>
    </p>
   </div>
   <div class='ocr_carea' id='block_1_73' title="bbox 212 2009 1015 2044">
    <p class='ocr_par' dir='ltr' id='par_1_73' title="bbox 212 2009 1015 2044">
     <span class='ocr_line' id='line_1_73' title="bbox 212 2009 1015 2044; baseline 0 -6"><span class='ocrx_word' id='word_1_531' title='bbox 212 2010 296 2038; x_wconf 70' lang='lat' dir='ltr'><strong>icitra</strong></span> <span class='ocrx_word' id='word_1_532' title='bbox 311 2009 704 2044; x_wconf 80' lang='lat' dir='ltr'><strong>cunctationemsuscepturos,</strong></span> <span class='ocrx_word' id='word_1_533' title='bbox 736 2017 745 2035; x_wconf 84' lang='grc' dir='ltr'><strong>ι</strong></span> <span class='ocrx_word' id='word_1_534' title='bbox 775 2009 964 2037; x_wconf 83' lang='lat' dir='ltr'><strong>adversantem</strong></span> <span class='ocrx_word' id='word_1_535' title='bbox 980 2011 1015 2044; x_wconf 73' lang='lat' dir='ltr'><strong>{et</strong></span> 
     </span>
    </p>
   </div>
   <div class='ocr_carea' id='block_1_74' title="bbox 227 2055 1015 2090">
    <p class='ocr_par' dir='ltr' id='par_1_74' title="bbox 227 2055 1015 2090">
     <span class='ocr_line' id='line_1_74' title="bbox 227 2055 1015 2090; baseline 0 -7"><span class='ocrx_word' id='word_1_536' title='bbox 227 2055 401 2083; x_wconf 77' lang='lat' dir='ltr'><strong>extollentem</strong></span> <span class='ocrx_word' id='word_1_537' title='bbox 414 2062 443 2082; x_wconf 87' lang='lat' dir='ltr'><strong>se</strong></span> <span class='ocrx_word' id='word_1_538' title='bbox 453 2063 532 2090; x_wconf 88' lang='lat' dir='ltr'><strong>supra</strong></span> <span class='ocrx_word' id='word_1_539' title='bbox 542 2063 625 2082; x_wconf 89' lang='lat' dir='ltr'><strong>omne</strong></span> <span class='ocrx_word' id='word_1_540' title='bbox 649 2055 720 2090; x_wconf 80' lang='lat' dir='ltr'><strong>quati</strong></span> <span class='ocrx_word' id='word_1_541' title='bbox 740 2055 838 2082; x_wconf 90' lang='lat' dir='ltr'><strong>dicitur</strong></span> <span class='ocrx_word' id='word_1_542' title='bbox 867 2055 946 2088; x_wconf 88' lang='lat' dir='ltr'><strong>Deus,</strong></span> <span class='ocrx_word' id='word_1_543' title='bbox 968 2061 1015 2084; x_wconf 88' lang='lat' dir='ltr'><strong>aut</strong></span> 
     </span>
    </p>
   </div>
   <div class='ocr_carea' id='block_1_75' title="bbox 228 2100 1015 2135">
    <p class='ocr_par' dir='ltr' id='par_1_75' title="bbox 228 2100 1015 2135">
     <span class='ocr_line' id='line_1_75' title="bbox 228 2100 1015 2135; baseline 0.003 -9"><span class='ocrx_word' id='word_1_544' title='bbox 228 2103 299 2135; x_wconf 86' lang='lat' dir='ltr'><strong>quod</strong></span> <span class='ocrx_word' id='word_1_545' title='bbox 308 2101 416 2133; x_wconf 90' lang='lat' dir='ltr'><strong>colitur,</strong></span> <span class='ocrx_word' id='word_1_546' title='bbox 429 2100 465 2127; x_wconf 88' lang='lat' dir='ltr'><strong>ita</strong></span> <span class='ocrx_word' id='word_1_547' title='bbox 483 2105 511 2127; x_wconf 94' lang='lat' dir='ltr'><strong>ut</strong></span> <span class='ocrx_word' id='word_1_548' title='bbox 530 2101 556 2127; x_wconf 90' lang='lat' dir='ltr'><strong>in</strong></span> <span class='ocrx_word' id='word_1_549' title='bbox 572 2100 670 2134; x_wconf 83' lang='lat' dir='ltr'><strong>templo</strong></span> <span class='ocrx_word' id='word_1_550' title='bbox 688 2100 732 2127; x_wconf 90' lang='lat' dir='ltr'><strong>Dei</strong></span> <span class='ocrx_word' id='word_1_551' title='bbox 746 2101 848 2133; x_wconf 83' lang='lat' dir='ltr'><strong>sedeat,</strong></span> <span class='ocrx_word' id='word_1_552' title='bbox 869 2102 1015 2129; x_wconf 87' lang='lat' dir='ltr'><strong>ostendens</strong></span> 
     </span>
    </p>
   </div>
   <div class='ocr_carea' id='block_1_76' title="bbox 228 2146 1014 2181">
    <p class='ocr_par' dir='ltr' id='par_1_76' title="bbox 228 2146 1014 2181">
     <span class='ocr_line' id='line_1_76' title="bbox 228 2146 1014 2181; baseline 0.001 -7"><span class='ocrx_word' id='word_1_553' title='bbox 228 2156 258 2175; x_wconf 86' lang='lat' dir='ltr'><strong>se</strong></span> <span class='ocrx_word' id='word_1_554' title='bbox 273 2151 401 2181; x_wconf 83' lang='lat' dir='ltr'><strong>tanquam</strong></span> <span class='ocrx_word' id='word_1_555' title='bbox 418 2147 453 2174; x_wconf 88' lang='lat' dir='ltr'><strong>sit</strong></span> <span class='ocrx_word' id='word_1_556' title='bbox 463 2147 529 2174; x_wconf 83' lang='lat' dir='ltr'><strong>deus</strong></span> <span class='ocrx_word' id='word_1_557' title='bbox 544 2146 576 2179; x_wconf 83' lang='lat'><strong>&quot;’,</strong></span> <span class='ocrx_word' id='word_1_558' title='bbox 599 2156 608 2173; x_wconf 83' lang='grc' dir='ltr'><strong>ι</strong></span> <span class='ocrx_word' id='word_1_559' title='bbox 624 2147 788 2175; x_wconf 85' lang='lat' dir='ltr'><strong>nescientem</strong></span> <span class='ocrx_word' id='word_1_560' title='bbox 805 2147 871 2174; x_wconf 89' lang='lat' dir='ltr'><strong>bene</strong></span> <span class='ocrx_word' id='word_1_561' title='bbox 889 2152 916 2175; x_wconf 87' lang='lat' dir='ltr'><strong>et</strong></span> <span class='ocrx_word' id='word_1_562' title='bbox 937 2148 1014 2176; x_wconf 88' lang='lat' dir='ltr'><strong>docte</strong></span> 
     </span>
    </p>
   </div>
   <div class='ocr_carea' id='block_1_77' title="bbox 230 2192 1012 2227">
    <p class='ocr_par' dir='ltr' id='par_1_77' title="bbox 230 2192 1012 2227">
     <span class='ocr_line' id='line_1_77' title="bbox 230 2192 1012 2227; baseline 0.001 -9"><span class='ocrx_word' id='word_1_563' title='bbox 230 2200 351 2227; x_wconf 78' lang='lat' dir='ltr'><strong>past-ere,</strong></span> <span class='ocrx_word' id='word_1_564' title='bbox 370 2192 455 2227; x_wconf 80' lang='lat' dir='ltr'><strong>tigura</strong></span> <span class='ocrx_word' id='word_1_565' title='bbox 479 2193 595 2226; x_wconf 84' lang='lat' dir='ltr'><strong>quadam</strong></span> <span class='ocrx_word' id='word_1_566' title='bbox 613 2199 627 2218; x_wconf 85' lang='lat' dir='ltr'><strong>a</strong></span> <span class='ocrx_word' id='word_1_567' title='bbox 656 2193 786 2227; x_wconf 84' lang='lat' dir='ltr'><strong>propheta</strong></span> <span class='ocrx_word' id='word_1_568' title='bbox 811 2193 1012 2226; x_wconf 67' lang='lat' dir='ltr'><strong>prminoustrari</strong></span> 
     </span>
    </p>
   </div>
   <div class='ocr_carea' id='block_1_78' title="bbox 229 2237 1014 2272">
    <p class='ocr_par' dir='ltr' id='par_1_78' title="bbox 229 2237 1014 2272">
     <span class='ocr_line' id='line_1_78' title="bbox 229 2237 1014 2272; baseline 0 -8"><span class='ocrx_word' id='word_1_569' title='bbox 229 2238 301 2265; x_wconf 85' lang='lat' dir='ltr'><strong>Deus</strong></span> <span class='ocrx_word' id='word_1_570' title='bbox 314 2238 400 2272; x_wconf 83' lang='lat' dir='ltr'><strong>jubet,</strong></span> <span class='ocrx_word' id='word_1_571' title='bbox 419 2238 461 2265; x_wconf 89' lang='lat' dir='ltr'><strong>Itis</strong></span> <span class='ocrx_word' id='word_1_572' title='bbox 476 2237 584 2265; x_wconf 71' lang='lat' dir='ltr'><strong>verbis:</strong></span> <span class='ocrx_word' id='word_1_573' title='bbox 601 2247 610 2263; x_wconf 85' lang='grc' dir='ltr'><strong>ι</strong></span> <span class='ocrx_word' id='word_1_574' title='bbox 630 2237 725 2265; x_wconf 84' lang='lat' dir='ltr'><strong>Adhuc</strong></span> <span class='ocrx_word' id='word_1_575' title='bbox 737 2245 812 2264; x_wconf 88' lang='lat' dir='ltr'><strong>sume</strong></span> <span class='ocrx_word' id='word_1_576' title='bbox 829 2238 874 2264; x_wconf 91' lang='lat' dir='ltr'><strong>tibi</strong></span> <span class='ocrx_word' id='word_1_577' title='bbox 893 2245 956 2265; x_wconf 80' lang='lat' dir='ltr'><strong>vasa</strong></span> <span class='ocrx_word' id='word_1_578' title='bbox 971 2246 1014 2272; x_wconf 82' lang='lat' dir='ltr'><strong>pa-</strong></span> 
     </span>
    </p>
   </div>
   <div class='ocr_carea' id='block_1_79' title="bbox 229 2283 1012 2318">
    <p class='ocr_par' dir='ltr' id='par_1_79' title="bbox 229 2283 1012 2318">
     <span class='ocr_line' id='line_1_79' title="bbox 229 2283 1012 2318; baseline -0.001 -7"><span class='ocrx_word' id='word_1_579' title='bbox 229 2284 338 2311; x_wconf 75' lang='lat' dir='ltr'><strong>storalia</strong></span> <span class='ocrx_word' id='word_1_580' title='bbox 354 2284 469 2318; x_wconf 80' lang='lat' dir='ltr'><strong>pastoris</strong></span> <span class='ocrx_word' id='word_1_581' title='bbox 483 2284 610 2318; x_wconf 74' lang='lat' dir='ltr'><strong>imperiti.</strong></span> <span class='ocrx_word' id='word_1_582' title='bbox 630 2293 638 2309; x_wconf 86' lang='grc' dir='ltr'><strong>ι</strong></span> <span class='ocrx_word' id='word_1_583' title='bbox 653 2283 778 2310; x_wconf 84' lang='lat' dir='ltr'><strong>Pastores</strong></span> <span class='ocrx_word' id='word_1_584' title='bbox 790 2283 860 2310; x_wconf 90' lang='lat' dir='ltr'><strong>enint</strong></span> <span class='ocrx_word' id='word_1_585' title='bbox 877 2284 1012 2317; x_wconf 67' lang='lat' dir='ltr'><strong>tneiiores,</strong></span> 
     </span>
    </p>
   </div>
   <div class='ocr_carea' id='block_1_80' title="bbox 228 2329 1012 2364">
    <p class='ocr_par' dir='ltr' id='par_1_80' title="bbox 228 2329 1012 2364">
     <span class='ocr_line' id='line_1_80' title="bbox 228 2329 1012 2364; baseline 0 -8"><span class='ocrx_word' id='word_1_586' title='bbox 228 2335 256 2357; x_wconf 89' lang='lat' dir='ltr'><strong>et</strong></span> <span class='ocrx_word' id='word_1_587' title='bbox 272 2331 422 2356; x_wconf 88' lang='lat' dir='ltr'><strong>studiorutu</strong></span> <span class='ocrx_word' id='word_1_588' title='bbox 448 2338 507 2364; x_wconf 71' lang='lat' dir='ltr'><strong>qua-</strong></span> <span class='ocrx_word' id='word_1_589' title='bbox 532 2334 646 2356; x_wconf 86' lang='lat' dir='ltr'><strong>tractant</strong></span> <span class='ocrx_word' id='word_1_590' title='bbox 677 2329 787 2355; x_wconf 87' lang='lat' dir='ltr'><strong>minime</strong></span> <span class='ocrx_word' id='word_1_591' title='bbox 813 2329 900 2360; x_wconf 84' lang='lat' dir='ltr'><strong>rudes,</strong></span> <span class='ocrx_word' id='word_1_592' title='bbox 924 2329 1012 2364; x_wconf 72' lang='lat' dir='ltr'><strong>virgas</strong></span> 
     </span>
    </p>
   </div>
   <div class='ocr_carea' id='block_1_81' title="bbox 229 2374 1010 2410">
    <p class='ocr_par' dir='ltr' id='par_1_81' title="bbox 229 2374 1010 2410">
     <span class='ocr_line' id='line_1_81' title="bbox 229 2374 1010 2410; baseline 0 -8"><span class='ocrx_word' id='word_1_593' title='bbox 229 2376 330 2403; x_wconf 87' lang='lat' dir='ltr'><strong>habent</strong></span> <span class='ocrx_word' id='word_1_594' title='bbox 346 2375 470 2410; x_wconf 73' lang='lat' dir='ltr'><strong>graciles,</strong></span> <span class='ocrx_word' id='word_1_595' title='bbox 500 2380 527 2401; x_wconf 87' lang='lat' dir='ltr'><strong>ut</strong></span> <span class='ocrx_word' id='word_1_596' title='bbox 557 2383 616 2401; x_wconf 89' lang='lat' dir='ltr'><strong>cum</strong></span> <span class='ocrx_word' id='word_1_597' title='bbox 643 2374 723 2400; x_wconf 81' lang='lat' dir='ltr'><strong>fuerit</strong></span> <span class='ocrx_word' id='word_1_598' title='bbox 753 2374 834 2400; x_wconf 86' lang='lat' dir='ltr'><strong>etiam</strong></span> <span class='ocrx_word' id='word_1_599' title='bbox 847 2375 1010 2408; x_wconf 85' lang='lat' dir='ltr'><strong>percutiendi</strong></span> 
     </span>
    </p>
   </div>
   <div class='ocr_carea' id='block_1_82' title="bbox 229 2418 1009 2456">
    <p class='ocr_par' dir='ltr' id='par_1_82' title="bbox 229 2418 1009 2456">
     <span class='ocr_line' id='line_1_82' title="bbox 229 2418 1009 2456; baseline -0.001 -8"><span class='ocrx_word' id='word_1_600' title='bbox 229 2426 343 2456; x_wconf 84' lang='lat' dir='ltr'><strong>tempus,</strong></span> <span class='ocrx_word' id='word_1_601' title='bbox 353 2421 423 2456; x_wconf 89' lang='lat' dir='ltr'><strong>quod</strong></span> <span class='ocrx_word' id='word_1_602' title='bbox 444 2420 592 2456; x_wconf 85' lang='lat' dir='ltr'><strong>percutitur</strong></span> <span class='ocrx_word' id='word_1_603' title='bbox 610 2427 660 2447; x_wconf 92' lang='lat' dir='ltr'><strong>non</strong></span> <span class='ocrx_word' id='word_1_604' title='bbox 675 2424 839 2447; x_wconf 85' lang='lat' dir='ltr'><strong>conteratur.</strong></span> <span class='ocrx_word' id='word_1_605' title='bbox 862 2418 946 2455; x_wconf 85' lang='lat' dir='ltr'><strong>Hujus</strong></span> <span class='ocrx_word' id='word_1_606' title='bbox 973 2421 1009 2447; x_wconf 81' lang='lat' dir='ltr'><strong>rei</strong></span> 
     </span>
    </p>
   </div>
   <div class='ocr_carea' id='block_1_83' title="bbox 229 2465 1012 2501">
    <p class='ocr_par' dir='ltr' id='par_1_83' title="bbox 229 2465 1012 2501">
     <span class='ocr_line' id='line_1_83' title="bbox 229 2465 1012 2501; baseline 0.001 -8"><span class='ocrx_word' id='word_1_607' title='bbox 229 2467 380 2501; x_wconf 87' lang='lat' dir='ltr'><strong>imperitus,</strong></span> <span class='ocrx_word' id='word_1_608' title='bbox 392 2472 418 2493; x_wconf 90' lang='lat' dir='ltr'><strong>et</strong></span> <span class='ocrx_word' id='word_1_609' title='bbox 433 2467 499 2494; x_wconf 87' lang='lat' dir='ltr'><strong>artis</strong></span> <span class='ocrx_word' id='word_1_610' title='bbox 515 2466 662 2500; x_wconf 71' lang='lat' dir='ltr'><strong>pastoritim</strong></span> <span class='ocrx_word' id='word_1_611' title='bbox 678 2465 921 2500; x_wconf 82' lang='lat' dir='ltr'><strong>ignorantissitnus,</strong></span> <span class='ocrx_word' id='word_1_612' title='bbox 939 2474 1012 2494; x_wconf 87' lang='lat' dir='ltr'><strong>cras-</strong></span> 
     </span>
    </p>
   </div>
   <div class='ocr_carea' id='block_1_84' title="bbox 228 2511 1008 2546">
    <p class='ocr_par' dir='ltr' id='par_1_84' title="bbox 228 2511 1008 2546">
     <span class='ocr_line' id='line_1_84' title="bbox 228 2511 1008 2546; baseline 0 -7"><span class='ocrx_word' id='word_1_613' title='bbox 228 2513 345 2540; x_wconf 81' lang='lat' dir='ltr'><strong>sioribus</strong></span> <span class='ocrx_word' id='word_1_614' title='bbox 363 2513 466 2539; x_wconf 80' lang='lat' dir='ltr'><strong>baculis</strong></span> <span class='ocrx_word' id='word_1_615' title='bbox 482 2511 597 2545; x_wconf 81' lang='lat' dir='ltr'><strong>pecudes</strong></span> <span class='ocrx_word' id='word_1_616' title='bbox 613 2511 761 2537; x_wconf 84' lang='lat' dir='ltr'><strong>contundit.</strong></span> <span class='ocrx_word' id='word_1_617' title='bbox 775 2511 805 2537; x_wconf 79' lang='lat' dir='ltr'><strong>Et</strong></span> <span class='ocrx_word' id='word_1_618' title='bbox 820 2511 886 2543; x_wconf 69' lang='lat' dir='ltr'><strong>haec,</strong></span> <span class='ocrx_word' id='word_1_619' title='bbox 902 2513 1008 2546; x_wconf 90' lang='lat' dir='ltr'><strong>opinor,</strong></span> 
     </span>
    </p>
   </div>
   <div class='ocr_carea' id='block_1_85' title="bbox 229 2557 1009 2593">
    <p class='ocr_par' dir='ltr' id='par_1_85' title="bbox 229 2557 1009 2593">
     <span class='ocr_line' id='line_1_85' title="bbox 229 2557 1009 2593; baseline 0.003 -9"><span class='ocrx_word' id='word_1_620' title='bbox 229 2559 310 2593; x_wconf 82' lang='lat' dir='ltr'><strong>77o</strong></span> <span class='ocrx_word' id='word_1_621' title='bbox 321 2564 382 2585; x_wconf 92' lang='lat' dir='ltr'><strong>sunt</strong></span> <span class='ocrx_word' id='word_1_622' title='bbox 396 2566 458 2584; x_wconf 82' lang='lat' dir='ltr'><strong>vasa</strong></span> <span class='ocrx_word' id='word_1_623' title='bbox 476 2557 621 2591; x_wconf 75' lang='lat' dir='ltr'><strong>pastoralia</strong></span> <span class='ocrx_word' id='word_1_624' title='bbox 650 2557 764 2592; x_wconf 86' lang='lat' dir='ltr'><strong>imperiti</strong></span> <span class='ocrx_word' id='word_1_625' title='bbox 782 2558 908 2591; x_wconf 82' lang='lat' dir='ltr'><strong>pastoris.</strong></span> <span class='ocrx_word' id='word_1_626' title='bbox 934 2558 1009 2591; x_wconf 82' lang='lat' dir='ltr'><strong>Quo-</strong></span> 
     </span>
    </p>
   </div>
   <div class='ocr_carea' id='block_1_86' title="bbox 228 2602 1009 2640">
    <p class='ocr_par' dir='ltr' id='par_1_86' title="bbox 228 2602 1009 2640">
     <span class='ocr_line' id='line_1_86' title="bbox 228 2602 1009 2640; baseline -0.001 -8"><span class='ocrx_word' id='word_1_627' title='bbox 228 2606 300 2632; x_wconf 83' lang='lat' dir='ltr'><strong>niam</strong></span> <span class='ocrx_word' id='word_1_628' title='bbox 322 2612 386 2631; x_wconf 84' lang='lat' dir='ltr'><strong>vero</strong></span> <span class='ocrx_word' id='word_1_629' title='bbox 405 2603 547 2638; x_wconf 86' lang='lat' dir='ltr'><strong>aliquando</strong></span> <span class='ocrx_word' id='word_1_630' title='bbox 564 2602 633 2630; x_wconf 83' lang='lat' dir='ltr'><strong>ﬁlius</strong></span> <span class='ocrx_word' id='word_1_631' title='bbox 650 2603 799 2638; x_wconf 85' lang='lat' dir='ltr'><strong>iniquitatis</strong></span> <span class='ocrx_word' id='word_1_632' title='bbox 816 2605 888 2640; x_wconf 82' lang='lat' dir='ltr'><strong>regio</strong></span> <span class='ocrx_word' id='word_1_633' title='bbox 912 2605 1009 2639; x_wconf 64' lang='lat' dir='ltr'><strong>praedi-</strong></span> 
     </span>
    </p>
   </div>
   <div class='ocr_carea' id='block_1_87' title="bbox 228 2649 1007 2684">
    <p class='ocr_par' dir='ltr' id='par_1_87' title="bbox 228 2649 1007 2684">
     <span class='ocr_line' id='line_1_87' title="bbox 228 2649 1007 2684; baseline 0 -6"><span class='ocrx_word' id='word_1_634' title='bbox 228 2656 272 2678; x_wconf 86' lang='lat' dir='ltr'><strong>tus</strong></span> <span class='ocrx_word' id='word_1_635' title='bbox 288 2652 389 2678; x_wconf 89' lang='lat' dir='ltr'><strong>honore</strong></span> <span class='ocrx_word' id='word_1_636' title='bbox 405 2650 563 2677; x_wconf 86' lang='lat' dir='ltr'><strong>mortalibus</strong></span> <span class='ocrx_word' id='word_1_637' title='bbox 580 2649 694 2684; x_wconf 83' lang='lat' dir='ltr'><strong>pastoris</strong></span> <span class='ocrx_word' id='word_1_638' title='bbox 710 2650 768 2677; x_wconf 84' lang='lat' dir='ltr'><strong>loco</strong></span> <span class='ocrx_word' id='word_1_639' title='bbox 783 2651 921 2678; x_wconf 85' lang='lat' dir='ltr'><strong>habendus</strong></span> <span class='ocrx_word' id='word_1_640' title='bbox 939 2657 1007 2683; x_wconf 89' lang='lat' dir='ltr'><strong>erat,</strong></span> 
     </span>
    </p>
   </div>
   <div class='ocr_carea' id='block_1_88' title="bbox 228 2695 1007 2732">
    <p class='ocr_par' dir='ltr' id='par_1_88' title="bbox 228 2695 1007 2732">
     <span class='ocr_line' id='line_1_88' title="bbox 228 2695 1007 2732; baseline -0.001 -9"><span class='ocrx_word' id='word_1_641' title='bbox 228 2703 278 2724; x_wconf 87' lang='lat' dir='ltr'><strong>nec</strong></span> <span class='ocrx_word' id='word_1_642' title='bbox 293 2703 432 2732; x_wconf 80' lang='lat' dir='ltr'><strong>parsttrttttt</strong></span> <span class='ocrx_word' id='word_1_643' title='bbox 452 2695 596 2729; x_wconf 79' lang='lat' dir='ltr'><strong>quidquam</strong></span> <span class='ocrx_word' id='word_1_644' title='bbox 605 2695 707 2730; x_wconf 84' lang='lat' dir='ltr'><strong>populis</strong></span> <span class='ocrx_word' id='word_1_645' title='bbox 720 2700 772 2722; x_wconf 82' lang='lat' dir='ltr'><strong>tam</strong></span> <span class='ocrx_word' id='word_1_646' title='bbox 788 2696 1007 2730; x_wconf 84' lang='lat' dir='ltr'><strong>Subjertis,qnant</strong></span> 
     </span>
    </p>
   </div>
   <div class='ocr_carea' id='block_1_89' title="bbox 262 2795 489 2828">
    <p class='ocr_par' dir='ltr' id='par_1_89' title="bbox 262 2795 489 2828">
     <span class='ocr_line' id='line_1_89' title="bbox 262 2795 489 2828; baseline 0.009 -7"><span class='ocrx_word' id='word_1_647' title='bbox 262 2796 286 2812; x_wconf 82' lang='grc'><strong>³⁸</strong></span> <span class='ocrx_word' id='word_1_648' title='bbox 304 2797 316 2825; x_wconf 74' lang='grc' dir='ltr'><strong>ι</strong></span> <span class='ocrx_word' id='word_1_649' title='bbox 333 2795 402 2822; x_wconf 77' lang='lat' dir='ltr'><strong>Petr.</strong></span> <span class='ocrx_word' id='word_1_650' title='bbox 424 2804 449 2828; x_wconf 74' lang='grc' dir='ltr'><strong>ν,</strong></span> <span class='ocrx_word' id='word_1_651' title='bbox 468 2797 489 2823; x_wconf 85' lang='grc' dir='ltr'>ι.</span> 
     </span>
    </p>
   </div>
   <div class='ocr_carea' id='block_1_90' title="bbox 227 2830 411 2861">
    <p class='ocr_par' dir='ltr' id='par_1_90' title="bbox 227 2830 411 2861">
     <span class='ocr_line' id='line_1_90' title="bbox 227 2830 411 2861; baseline 0.005 -4"><span class='ocrx_word' id='word_1_652' title='bbox 227 2830 323 2859; x_wconf 75' lang='lat' dir='ltr'><strong>Thess.</strong></span> <span class='ocrx_word' id='word_1_653' title='bbox 343 2838 370 2861; x_wconf 90' lang='grc' dir='ltr'><strong>ιιΙ</strong></span> <span class='ocrx_word' id='word_1_654' title='bbox 390 2832 411 2858; x_wconf 85' lang='lat' dir='ltr'><strong>i.</strong></span> 
     </span>
    </p>
   </div>
   <div class='ocr_carea' id='block_1_91' title="bbox 529 2796 836 2830">
    <p class='ocr_par' dir='ltr' id='par_1_91' title="bbox 529 2796 836 2830">
     <span class='ocr_line' id='line_1_91' title="bbox 529 2796 836 2830; baseline -0.007 -6"><span class='ocrx_word' id='word_1_655' title='bbox 529 2798 550 2813; x_wconf 71' lang='grc' dir='ltr'><strong>’τ</strong></span> <span class='ocrx_word' id='word_1_656' title='bbox 568 2796 664 2824; x_wconf 66' lang='lat' dir='ltr'><strong>iizrcit.</strong></span> <span class='ocrx_word' id='word_1_657' title='bbox 682 2805 773 2830; x_wconf 69' lang='lat' dir='ltr'><strong>xxxtt&#39;,</strong></span> <span class='ocrx_word' id='word_1_658' title='bbox 798 2797 836 2824; x_wconf 74' lang='grc' dir='ltr'>Η.</span> 
     </span>
    </p>
   </div>
   <div class='ocr_carea' id='block_1_92' title="bbox 877 2797 1142 2828">
    <p class='ocr_par' dir='ltr' id='par_1_92' title="bbox 877 2797 1142 2828">
     <span class='ocr_line' id='line_1_92' title="bbox 877 2797 1142 2828; baseline -0.004 -5"><span class='ocrx_word' id='word_1_659' title='bbox 877 2798 898 2813; x_wconf 64' lang='grc' dir='ltr'>’λ</span> <span class='ocrx_word' id='word_1_660' title='bbox 913 2797 991 2824; x_wconf 83' lang='lat' dir='ltr'><strong>.loan.</strong></span> <span class='ocrx_word' id='word_1_661' title='bbox 1009 2804 1033 2828; x_wconf 75' lang='grc' dir='ltr'>ι’,</span> <span class='ocrx_word' id='word_1_662' title='bbox 1052 2797 1142 2824; x_wconf 61' lang='lat'><strong>55-57.</strong></span> 
     </span>
    </p>
   </div>
   <div class='ocr_carea' id='block_1_93' title="bbox 1067 1599 1854 1637">
    <p class='ocr_par' dir='ltr' id='par_1_93' title="bbox 1067 1599 1854 1637">
     <span class='ocr_line' id='line_1_93' title="bbox 1067 1599 1854 1637; baseline -0.01 -5"><span class='ocrx_word' id='word_1_663' title='bbox 1067 1606 1136 1636; x_wconf 85' lang='grc' dir='ltr'>σέως</span> <span class='ocrx_word' id='word_1_664' title='bbox 1162 1602 1359 1630; x_wconf 81' lang='grc' dir='ltr'>πεπιστεύκασι</span> <span class='ocrx_word' id='word_1_665' title='bbox 1378 1602 1550 1637; x_wconf 81' lang='grc' dir='ltr'>γράμμασιν,</span> <span class='ocrx_word' id='word_1_666' title='bbox 1564 1599 1626 1626; x_wconf 74' lang='grc' dir='ltr'>οὔτε</span> <span class='ocrx_word' id='word_1_667' title='bbox 1652 1599 1705 1634; x_wconf 81' lang='grc' dir='ltr'>μὴν</span> <span class='ocrx_word' id='word_1_668' title='bbox 1731 1600 1789 1630; x_wconf 79' lang='grc' dir='ltr'>τοῖς</span> <span class='ocrx_word' id='word_1_669' title='bbox 1812 1599 1854 1625; x_wconf 76' lang='grc' dir='ltr'>τοῦ</span> 
     </span>
    </p>
   </div>
   <div class='ocr_carea' id='block_1_94' title="bbox 1066 1642 1855 1685">
    <p class='ocr_par' dir='ltr' id='par_1_94' title="bbox 1066 1642 1855 1685">
     <span class='ocr_line' id='line_1_94' title="bbox 1066 1642 1855 1685; baseline -0.014 -7"><span class='ocrx_word' id='word_1_670' title='bbox 1066 1651 1190 1685; x_wconf 75' lang='grc' dir='ltr'>Σωτῆρος</span> <span class='ocrx_word' id='word_1_671' title='bbox 1207 1650 1336 1685; x_wconf 69' lang='grc' dir='ltr'>ῥήμασιν.</span> <span class='ocrx_word' id='word_1_672' title='bbox 1346 1647 1455 1681; x_wconf 79' lang='grc' dir='ltr'>Ἐπειδὴ</span> <span class='ocrx_word' id='word_1_673' title='bbox 1470 1645 1497 1672; x_wconf 77' lang='grc' dir='ltr'><strong>δὲ</strong></span> <span class='ocrx_word' id='word_1_674' title='bbox 1514 1645 1562 1680; x_wconf 83' lang='grc' dir='ltr'>τῆς</span> <span class='ocrx_word' id='word_1_675' title='bbox 1577 1644 1706 1679; x_wconf 79' lang='grc' dir='ltr'>ἀληθείας</span> <span class='ocrx_word' id='word_1_676' title='bbox 1725 1643 1778 1677; x_wconf 77' lang='grc' dir='ltr'>τὴν</span> <span class='ocrx_word' id='word_1_677' title='bbox 1793 1642 1855 1676; x_wconf 80' lang='grc' dir='ltr'><strong>γνῶ-</strong></span> 
     </span>
    </p>
   </div>
   <div class='ocr_carea' id='block_1_95' title="bbox 1067 1690 1855 1731">
    <p class='ocr_par' dir='ltr' id='par_1_95' title="bbox 1067 1690 1855 1731">
     <span class='ocr_line' id='line_1_95' title="bbox 1067 1690 1855 1731; baseline -0.01 -7"><span class='ocrx_word' id='word_1_678' title='bbox 1067 1706 1109 1724; x_wconf 88' lang='grc' dir='ltr'><strong>σιν</strong></span> <span class='ocrx_word' id='word_1_679' title='bbox 1130 1697 1160 1724; x_wconf 84' lang='grc' dir='ltr'><strong>οὑ</strong></span> <span class='ocrx_word' id='word_1_680' title='bbox 1179 1695 1369 1731; x_wconf 76' lang='grc' dir='ltr'>παρεδέξαντο,</span> <span class='ocrx_word' id='word_1_681' title='bbox 1389 1703 1398 1720; x_wconf 80' lang='grc' dir='ltr'><strong>ι</strong></span> <span class='ocrx_word' id='word_1_682' title='bbox 1413 1693 1558 1728; x_wconf 77' lang='grc' dir='ltr'>Ταύτῃτοι,</span> <span class='ocrx_word' id='word_1_683' title='bbox 1572 1691 1654 1727; x_wconf 71' lang='grc' dir='ltr'>φησὶν</span> <span class='ocrx_word' id='word_1_684' title='bbox 1672 1692 1686 1718; x_wconf 84' lang='grc' dir='ltr'>ὁ</span> <span class='ocrx_word' id='word_1_685' title='bbox 1703 1690 1855 1725; x_wconf 68' lang='grc' dir='ltr'>σοφώτατος</span> 
     </span>
    </p>
   </div>
   <div class='ocr_carea' id='block_1_96' title="bbox 1066 1737 1855 1777">
    <p class='ocr_par' dir='ltr' id='par_1_96' title="bbox 1066 1737 1855 1777">
     <span class='ocr_line' id='line_1_96' title="bbox 1066 1737 1855 1777; baseline -0.01 -6"><span class='ocrx_word' id='word_1_686' title='bbox 1066 1743 1182 1775; x_wconf 71' lang='grc' dir='ltr'>Παῦλος,</span> <span class='ocrx_word' id='word_1_687' title='bbox 1199 1742 1304 1777; x_wconf 72' lang='grc' dir='ltr'>πέμψει</span> <span class='ocrx_word' id='word_1_688' title='bbox 1319 1741 1411 1772; x_wconf 76' lang='grc' dir='ltr'>αὐτοῖς</span> <span class='ocrx_word' id='word_1_689' title='bbox 1423 1741 1437 1767; x_wconf 82' lang='grc' dir='ltr'>ὁ</span> <span class='ocrx_word' id='word_1_690' title='bbox 1453 1740 1519 1771; x_wconf 85' lang='grc' dir='ltr'>Θεὸς</span> <span class='ocrx_word' id='word_1_691' title='bbox 1534 1738 1674 1773; x_wconf 74' lang='grc' dir='ltr'>ἐνέργειαν</span> <span class='ocrx_word' id='word_1_692' title='bbox 1692 1737 1808 1773; x_wconf 79' lang='grc' dir='ltr'>πλάνης,</span> <span class='ocrx_word' id='word_1_693' title='bbox 1819 1738 1855 1768; x_wconf 70' lang='grc' dir='ltr'><strong>είς</strong></span> 
     </span>
    </p>
   </div>
   <div class='ocr_carea' id='block_1_97' title="bbox 1065 1783 1854 1821">
    <p class='ocr_par' dir='ltr' id='par_1_97' title="bbox 1065 1783 1854 1821">
     <span class='ocr_line' id='line_1_97' title="bbox 1065 1783 1854 1821; baseline -0.01 -5"><span class='ocrx_word' id='word_1_694' title='bbox 1065 1789 1096 1816; x_wconf 87' lang='grc' dir='ltr'>τδ</span> <span class='ocrx_word' id='word_1_695' title='bbox 1109 1788 1251 1816; x_wconf 81' lang='grc' dir='ltr'>πιστεῦσαι</span> <span class='ocrx_word' id='word_1_696' title='bbox 1266 1787 1365 1818; x_wconf 72' lang='grc' dir='ltr'>αὐτοὺς</span> <span class='ocrx_word' id='word_1_697' title='bbox 1379 1786 1418 1821; x_wconf 87' lang='grc' dir='ltr'>τῷ</span> <span class='ocrx_word' id='word_1_698' title='bbox 1431 1785 1533 1821; x_wconf 78' lang='grc' dir='ltr'>ψεύδει.</span> <span class='ocrx_word' id='word_1_699' title='bbox 1550 1794 1559 1810; x_wconf 80' lang='grc' dir='ltr'><strong>ι</strong></span> <span class='ocrx_word' id='word_1_700' title='bbox 1579 1783 1736 1818; x_wconf 83' lang='grc' dir='ltr'>Ἐνέργειαν</span> <span class='ocrx_word' id='word_1_701' title='bbox 1762 1783 1790 1809; x_wconf 83' lang='grc' dir='ltr'><strong>δὲ</strong></span> <span class='ocrx_word' id='word_1_702' title='bbox 1809 1783 1854 1816; x_wconf 72' lang='grc' dir='ltr'>τῆς</span> 
     </span>
    </p>
   </div>
   <div class='ocr_carea' id='block_1_98' title="bbox 1066 1826 1852 1870">
    <p class='ocr_par' dir='ltr' id='par_1_98' title="bbox 1066 1826 1852 1870">
     <span class='ocr_line' id='line_1_98' title="bbox 1066 1826 1852 1870; baseline -0.011 -8"><span class='ocrx_word' id='word_1_703' title='bbox 1066 1835 1171 1870; x_wconf 79' lang='grc' dir='ltr'>πλάνης</span> <span class='ocrx_word' id='word_1_704' title='bbox 1181 1832 1229 1861; x_wconf 79' lang='grc' dir='ltr'>’τὸν</span> <span class='ocrx_word' id='word_1_705' title='bbox 1244 1833 1427 1868; x_wconf 77' lang='grc' dir='ltr'>Ἀντίχριστον</span> <span class='ocrx_word' id='word_1_706' title='bbox 1442 1829 1511 1858; x_wconf 78' lang='grc' dir='ltr'>εἷναί</span> <span class='ocrx_word' id='word_1_707' title='bbox 1525 1838 1616 1865; x_wconf 76' lang='grc' dir='ltr'>φησιν,</span> <span class='ocrx_word' id='word_1_708' title='bbox 1628 1826 1650 1862; x_wconf 81' lang='grc' dir='ltr'>ᾧ</span> <span class='ocrx_word' id='word_1_709' title='bbox 1661 1828 1852 1863; x_wconf 65' lang='grc' dir='ltr'>προσκεθέντες</span> 
     </span>
    </p>
   </div>
   <div class='ocr_carea' id='block_1_99' title="bbox 1073 1874 1853 1914">
    <p class='ocr_par' dir='ltr' id='par_1_99' title="bbox 1073 1874 1853 1914">
     <span class='ocr_line' id='line_1_99' title="bbox 1073 1874 1853 1914; baseline -0.013 -6"><span class='ocrx_word' id='word_1_710' title='bbox 1073 1881 1194 1908; x_wconf 82' lang='grc' dir='ltr'>Ἰουδαῖοι</span> <span class='ocrx_word' id='word_1_711' title='bbox 1219 1878 1487 1914; x_wconf 80' lang='grc' dir='ltr'>κατακριθήσονται,</span> <span class='ocrx_word' id='word_1_712' title='bbox 1507 1876 1555 1903; x_wconf 83' lang='grc' dir='ltr'>καὶ</span> <span class='ocrx_word' id='word_1_713' title='bbox 1579 1874 1745 1904; x_wconf 85' lang='grc' dir='ltr'>πιστώσεται</span> <span class='ocrx_word' id='word_1_714' title='bbox 1771 1874 1853 1908; x_wconf 80' lang='grc' dir='ltr'>λέγων</span> 
     </span>
    </p>
   </div>
   <div class='ocr_carea' id='block_1_100' title="bbox 1065 1920 1851 1960">
    <p class='ocr_par' dir='ltr' id='par_1_100' title="bbox 1065 1920 1851 1960">
     <span class='ocr_line' id='line_1_100' title="bbox 1065 1920 1851 1960; baseline -0.011 -6"><span class='ocrx_word' id='word_1_715' title='bbox 1065 1927 1156 1958; x_wconf 78' lang='grc' dir='ltr'>αὐτοῖς</span> <span class='ocrx_word' id='word_1_716' title='bbox 1170 1927 1184 1953; x_wconf 83' lang='grc' dir='ltr'>ὁ</span> <span class='ocrx_word' id='word_1_717' title='bbox 1199 1925 1304 1960; x_wconf 79' lang='grc' dir='ltr'>Σωτὴρ,</span> <span class='ocrx_word' id='word_1_718' title='bbox 1315 1923 1436 1951; x_wconf 80' lang='grc' dir='ltr'>ἀπειθεῖν</span> <span class='ocrx_word' id='word_1_719' title='bbox 1448 1922 1595 1959; x_wconf 83' lang='grc' dir='ltr'>ᾑρημένοις</span> <span class='ocrx_word' id='word_1_720' title='bbox 1605 1930 1611 1937; x_wconf 90' lang='grc'>·</span> <span class='ocrx_word' id='word_1_721' title='bbox 1629 1931 1638 1947; x_wconf 79' lang='grc' dir='ltr'><strong>ι</strong></span> <span class='ocrx_word' id='word_1_722' title='bbox 1651 1920 1722 1954; x_wconf 84' lang='grc' dir='ltr'><strong>Ἐγὼ</strong></span> <span class='ocrx_word' id='word_1_723' title='bbox 1737 1920 1851 1955; x_wconf 74' lang='grc' dir='ltr'>ἐλήλυθα</span> 
     </span>
    </p>
   </div>
   <div class='ocr_carea' id='block_1_101' title="bbox 1066 1966 1851 2008">
    <p class='ocr_par' dir='ltr' id='par_1_101' title="bbox 1066 1966 1851 2008">
     <span class='ocr_line' id='line_1_101' title="bbox 1066 1966 1851 2008; baseline -0.011 -8"><span class='ocrx_word' id='word_1_724' title='bbox 1066 1975 1094 2000; x_wconf 78' lang='grc' dir='ltr'>ὲν</span> <span class='ocrx_word' id='word_1_725' title='bbox 1106 1973 1144 2008; x_wconf 85' lang='grc' dir='ltr'>τῷ</span> <span class='ocrx_word' id='word_1_726' title='bbox 1157 1972 1271 2008; x_wconf 79' lang='grc' dir='ltr'>ὀνόματι</span> <span class='ocrx_word' id='word_1_727' title='bbox 1285 1970 1331 1998; x_wconf 80' lang='grc' dir='ltr'>τοῦ</span> <span class='ocrx_word' id='word_1_728' title='bbox 1349 1970 1454 2005; x_wconf 79' lang='grc' dir='ltr'>Πατρός</span> <span class='ocrx_word' id='word_1_729' title='bbox 1470 1978 1532 2004; x_wconf 88' lang='grc' dir='ltr'>μου,</span> <span class='ocrx_word' id='word_1_730' title='bbox 1545 1968 1592 1995; x_wconf 74' lang='grc' dir='ltr'><strong>καὶ</strong></span> <span class='ocrx_word' id='word_1_731' title='bbox 1602 1969 1632 1994; x_wconf 81' lang='grc' dir='ltr'><strong>ού</strong></span> <span class='ocrx_word' id='word_1_732' title='bbox 1643 1966 1798 2003; x_wconf 73' lang='grc' dir='ltr'>λαμϐάνετέ</span> <span class='ocrx_word' id='word_1_733' title='bbox 1811 1974 1851 2001; x_wconf 87' lang='grc' dir='ltr'>με·</span> 
     </span>
    </p>
   </div>
   <div class='ocr_carea' id='block_1_102' title="bbox 1065 2012 1852 2054">
    <p class='ocr_par' dir='ltr' id='par_1_102' title="bbox 1065 2012 1852 2054">
     <span class='ocr_line' id='line_1_102' title="bbox 1065 2012 1852 2054; baseline -0.013 -7"><span class='ocrx_word' id='word_1_734' title='bbox 1065 2020 1112 2047; x_wconf 73' lang='grc' dir='ltr'><strong>ἐὰν</strong></span> <span class='ocrx_word' id='word_1_735' title='bbox 1127 2019 1205 2050; x_wconf 80' lang='grc' dir='ltr'>ἄλλος</span> <span class='ocrx_word' id='word_1_736' title='bbox 1229 2017 1293 2054; x_wconf 74' lang='grc' dir='ltr'>ἔλθῃ</span> <span class='ocrx_word' id='word_1_737' title='bbox 1307 2018 1335 2044; x_wconf 77' lang='grc' dir='ltr'>ὲν</span> <span class='ocrx_word' id='word_1_738' title='bbox 1351 2016 1388 2051; x_wconf 85' lang='grc' dir='ltr'><strong>τῷ</strong></span> <span class='ocrx_word' id='word_1_739' title='bbox 1402 2016 1514 2050; x_wconf 84' lang='grc' dir='ltr'>ὀνόματι</span> <span class='ocrx_word' id='word_1_740' title='bbox 1539 2014 1577 2049; x_wconf 84' lang='grc' dir='ltr'>τῷ</span> <span class='ocrx_word' id='word_1_741' title='bbox 1604 2014 1672 2048; x_wconf 77' lang='grc' dir='ltr'>ἰδίῳ,</span> <span class='ocrx_word' id='word_1_742' title='bbox 1688 2014 1793 2040; x_wconf 82' lang='grc' dir='ltr'>ἐκεῖνον</span> <span class='ocrx_word' id='word_1_743' title='bbox 1808 2012 1852 2047; x_wconf 81' lang='grc' dir='ltr'><strong>λή-</strong></span> 
     </span>
    </p>
   </div>
   <div class='ocr_carea' id='block_1_103' title="bbox 1064 2057 1852 2100">
    <p class='ocr_par' dir='ltr' id='par_1_103' title="bbox 1064 2057 1852 2100">
     <span class='ocr_line' id='line_1_103' title="bbox 1064 2057 1852 2100; baseline -0.011 -8"><span class='ocrx_word' id='word_1_744' title='bbox 1064 2065 1158 2100; x_wconf 79' lang='grc' dir='ltr'>ψεσθε.</span> <span class='ocrx_word' id='word_1_745' title='bbox 1175 2065 1250 2090; x_wconf 74' lang='grc' dir='ltr'>»Ὅτι</span> <span class='ocrx_word' id='word_1_746' title='bbox 1265 2063 1355 2089; x_wconf 83' lang='grc' dir='ltr'>τοίνυν</span> <span class='ocrx_word' id='word_1_747' title='bbox 1373 2061 1494 2088; x_wconf 81' lang='grc' dir='ltr'>Ἰουδαῖοι</span> <span class='ocrx_word' id='word_1_748' title='bbox 1512 2060 1637 2095; x_wconf 85' lang='grc' dir='ltr'>μέλλουσι</span> <span class='ocrx_word' id='word_1_749' title='bbox 1655 2058 1726 2085; x_wconf 78' lang='grc' dir='ltr'>κατὰ</span> <span class='ocrx_word' id='word_1_750' title='bbox 1744 2057 1852 2092; x_wconf 72' lang='grc' dir='ltr'>καιροὺς</span> 
     </span>
    </p>
   </div>
   <div class='ocr_carea' id='block_1_104' title="bbox 1067 2103 1853 2145">
    <p class='ocr_par' dir='ltr' id='par_1_104' title="bbox 1067 2103 1853 2145">
     <span class='ocr_line' id='line_1_104' title="bbox 1067 2103 1853 2145; baseline -0.011 -8"><span class='ocrx_word' id='word_1_751' title='bbox 1067 2111 1205 2145; x_wconf 75' lang='grc' dir='ltr'>πεφηνότα</span> <span class='ocrx_word' id='word_1_752' title='bbox 1231 2109 1276 2135; x_wconf 77' lang='grc' dir='ltr'>τὸν</span> <span class='ocrx_word' id='word_1_753' title='bbox 1304 2109 1351 2143; x_wconf 78' lang='grc' dir='ltr'>τῆς</span> <span class='ocrx_word' id='word_1_754' title='bbox 1376 2107 1490 2142; x_wconf 85' lang='grc' dir='ltr'>ἀνομίας</span> <span class='ocrx_word' id='word_1_755' title='bbox 1507 2106 1563 2132; x_wconf 74' lang='grc' dir='ltr'>υἱὸν</span> <span class='ocrx_word' id='word_1_756' title='bbox 1580 2104 1712 2139; x_wconf 75' lang='grc' dir='ltr'>ἀμελλητὶ</span> <span class='ocrx_word' id='word_1_757' title='bbox 1740 2103 1853 2138; x_wconf 73' lang='grc' dir='ltr'>παραδέ-</span> 
     </span>
    </p>
   </div>
   <div class='ocr_carea' id='block_1_105' title="bbox 1064 2147 1852 2191">
    <p class='ocr_par' dir='ltr' id='par_1_105' title="bbox 1064 2147 1852 2191">
     <span class='ocr_line' id='line_1_105' title="bbox 1064 2147 1852 2191; baseline -0.013 -9"><span class='ocrx_word' id='word_1_758' title='bbox 1064 2155 1171 2191; x_wconf 85' lang='grc' dir='ltr'>χεσθαι,</span> <span class='ocrx_word' id='word_1_759' title='bbox 1192 2163 1201 2180; x_wconf 76' lang='grc' dir='ltr'><strong>ι</strong></span> <span class='ocrx_word' id='word_1_760' title='bbox 1220 2153 1265 2179; x_wconf 73' lang='grc' dir='ltr'>τὸν</span> <span class='ocrx_word' id='word_1_761' title='bbox 1282 2152 1471 2186; x_wconf 77' lang='grc' dir='ltr'>ἀντικείμενον</span> <span class='ocrx_word' id='word_1_762' title='bbox 1493 2152 1541 2177; x_wconf 81' lang='grc' dir='ltr'><strong>καὶ</strong></span> <span class='ocrx_word' id='word_1_763' title='bbox 1570 2148 1787 2184; x_wconf 83' lang='grc' dir='ltr'>ὑπεραιρόμενον</span> <span class='ocrx_word' id='word_1_764' title='bbox 1811 2147 1852 2173; x_wconf 79' lang='grc' dir='ltr'><strong>ἐπὶ</strong></span> 
     </span>
    </p>
   </div>
   <div class='ocr_carea' id='block_1_106' title="bbox 1067 2193 1852 2232">
    <p class='ocr_par' dir='ltr' id='par_1_106' title="bbox 1067 2193 1852 2232">
     <span class='ocr_line' id='line_1_106' title="bbox 1067 2193 1852 2232; baseline -0.01 -6"><span class='ocrx_word' id='word_1_765' title='bbox 1067 2200 1154 2226; x_wconf 81' lang='grc' dir='ltr'>πάντα</span> <span class='ocrx_word' id='word_1_766' title='bbox 1172 2198 1316 2232; x_wconf 73' lang='grc' dir='ltr'>λεγόμενον</span> <span class='ocrx_word' id='word_1_767' title='bbox 1340 2197 1415 2229; x_wconf 74' lang='grc' dir='ltr'>Θεὸν,</span> <span class='ocrx_word' id='word_1_768' title='bbox 1432 2197 1447 2230; x_wconf 86' lang='grc' dir='ltr'><strong>ἦ</strong></span> <span class='ocrx_word' id='word_1_769' title='bbox 1472 2195 1607 2230; x_wconf 75' lang='grc' dir='ltr'>σέϐασμα,</span> <span class='ocrx_word' id='word_1_770' title='bbox 1621 2194 1692 2220; x_wconf 81' lang='grc' dir='ltr'>ὥστε</span> <span class='ocrx_word' id='word_1_771' title='bbox 1717 2193 1800 2219; x_wconf 72' lang='grc' dir='ltr'>αὑτὸν</span> <span class='ocrx_word' id='word_1_772' title='bbox 1817 2193 1852 2223; x_wconf 83' lang='grc' dir='ltr'><strong>είς</strong></span> 
     </span>
    </p>
   </div>
   <div class='ocr_carea' id='block_1_107' title="bbox 1065 2237 1852 2271">
    <p class='ocr_par' dir='ltr' id='par_1_107' title="bbox 1065 2237 1852 2271">
     <span class='ocr_line' id='line_1_107' title="bbox 1065 2237 1852 2271; baseline -0.006 -3"><span class='ocrx_word' id='word_1_773' title='bbox 1065 2242 1111 2268; x_wconf 81' lang='grc' dir='ltr'>τὸν</span> <span class='ocrx_word' id='word_1_774' title='bbox 1126 2242 1189 2268; x_wconf 71' lang='grc' dir='ltr'>ναὸν</span> <span class='ocrx_word' id='word_1_775' title='bbox 1208 2241 1254 2267; x_wconf 83' lang='grc' dir='ltr'>τοῦ</span> <span class='ocrx_word' id='word_1_776' title='bbox 1272 2240 1344 2267; x_wconf 56' lang='grc' dir='ltr'><strong>Θεοῦν</strong></span> <span class='ocrx_word' id='word_1_777' title='bbox 1355 2240 1476 2271; x_wconf 76' lang='grc' dir='ltr'>καθίσαι,</span> <span class='ocrx_word' id='word_1_778' title='bbox 1492 2238 1686 2266; x_wconf 76' lang='grc' dir='ltr'>ἀποδεικνύντα</span> <span class='ocrx_word' id='word_1_779' title='bbox 1701 2237 1799 2264; x_wconf 75' lang='grc' dir='ltr'>ἑαυτὸν</span> <span class='ocrx_word' id='word_1_780' title='bbox 1816 2237 1852 2263; x_wconf 83' lang='grc' dir='ltr'>ὅτι</span> 
     </span>
    </p>
   </div>
   <div class='ocr_carea' id='block_1_108' title="bbox 1066 2284 1853 2319">
    <p class='ocr_par' dir='ltr' id='par_1_108' title="bbox 1066 2284 1853 2319">
     <span class='ocr_line' id='line_1_108' title="bbox 1066 2284 1853 2319; baseline -0.005 -5"><span class='ocrx_word' id='word_1_781' title='bbox 1066 2288 1124 2315; x_wconf 71' lang='grc' dir='ltr'>ἐστὶ</span> <span class='ocrx_word' id='word_1_782' title='bbox 1137 2287 1212 2319; x_wconf 74' lang='grc' dir='ltr'>Θεὸς,</span> <span class='ocrx_word' id='word_1_783' title='bbox 1226 2287 1270 2313; x_wconf 67' lang='grc' dir='ltr'><strong>τὸν</strong></span> <span class='ocrx_word' id='word_1_784' title='bbox 1286 2287 1334 2313; x_wconf 79' lang='grc' dir='ltr'><strong>οὐκ</strong></span> <span class='ocrx_word' id='word_1_785' title='bbox 1352 2286 1440 2312; x_wconf 72' lang='grc' dir='ltr'>εἰδότα</span> <span class='ocrx_word' id='word_1_786' title='bbox 1455 2285 1545 2317; x_wconf 70' lang='grc' dir='ltr'>καλῶς</span> <span class='ocrx_word' id='word_1_787' title='bbox 1561 2284 1715 2319; x_wconf 80' lang='grc' dir='ltr'>ποιμαίνειν</span> <span class='ocrx_word' id='word_1_788' title='bbox 1730 2284 1780 2310; x_wconf 68' lang='grc' dir='ltr'><strong>καὶ</strong></span> <span class='ocrx_word' id='word_1_789' title='bbox 1798 2285 1853 2310; x_wconf 80' lang='grc' dir='ltr'>ἐπι-</span> 
     </span>
    </p>
   </div>
   <div class='ocr_carea' id='block_1_109' title="bbox 1067 2329 1853 2370">
    <p class='ocr_par' dir='ltr' id='par_1_109' title="bbox 1067 2329 1853 2370">
     <span class='ocr_line' id='line_1_109' title="bbox 1067 2329 1853 2370; baseline -0.009 -9"><span class='ocrx_word' id='word_1_790' title='bbox 1067 2335 1224 2370; x_wconf 76' lang='grc' dir='ltr'>στημόνως,</span> <span class='ocrx_word' id='word_1_791' title='bbox 1248 2331 1503 2368; x_wconf 72' lang='grc' dir='ltr'>προεινατυποῦσθαι</span> <span class='ocrx_word' id='word_1_792' title='bbox 1532 2330 1637 2357; x_wconf 80' lang='grc' dir='ltr'>κελεύει</span> <span class='ocrx_word' id='word_1_793' title='bbox 1661 2329 1700 2365; x_wconf 83' lang='grc' dir='ltr'>τῷ</span> <span class='ocrx_word' id='word_1_794' title='bbox 1729 2330 1853 2365; x_wconf 71' lang='grc' dir='ltr'>προφήτῃ</span> 
     </span>
    </p>
   </div>
   <div class='ocr_carea' id='block_1_110' title="bbox 1065 2376 1852 2412">
    <p class='ocr_par' dir='ltr' id='par_1_110' title="bbox 1065 2376 1852 2412">
     <span class='ocr_line' id='line_1_110' title="bbox 1065 2376 1852 2412; baseline -0.006 -6"><span class='ocrx_word' id='word_1_795' title='bbox 1065 2380 1140 2411; x_wconf 72' lang='grc' dir='ltr'>Θεὸς,</span> <span class='ocrx_word' id='word_1_796' title='bbox 1152 2379 1223 2406; x_wconf 66' lang='grc' dir='ltr'>οὕτω</span> <span class='ocrx_word' id='word_1_797' title='bbox 1241 2379 1338 2412; x_wconf 79' lang='grc' dir='ltr'>λέγων·</span> <span class='ocrx_word' id='word_1_798' title='bbox 1360 2378 1436 2403; x_wconf 73' lang='grc' dir='ltr'>«Ἔτι</span> <span class='ocrx_word' id='word_1_799' title='bbox 1452 2377 1517 2403; x_wconf 74' lang='grc' dir='ltr'>λαϐὲ</span> <span class='ocrx_word' id='word_1_800' title='bbox 1535 2376 1638 2411; x_wconf 78' lang='grc' dir='ltr'>σεαυτῷ</span> <span class='ocrx_word' id='word_1_801' title='bbox 1656 2376 1741 2411; x_wconf 74' lang='grc' dir='ltr'>σκεύη</span> <span class='ocrx_word' id='word_1_802' title='bbox 1758 2384 1852 2411; x_wconf 82' lang='grc' dir='ltr'>ποιμε-</span> 
     </span>
    </p>
   </div>
   <div class='ocr_carea' id='block_1_111' title="bbox 1063 2422 1852 2459">
    <p class='ocr_par' dir='ltr' id='par_1_111' title="bbox 1063 2422 1852 2459">
     <span class='ocr_line' id='line_1_111' title="bbox 1063 2422 1852 2459; baseline -0.005 -7"><span class='ocrx_word' id='word_1_803' title='bbox 1063 2426 1124 2452; x_wconf 69' lang='grc' dir='ltr'>νικὲ</span> <span class='ocrx_word' id='word_1_804' title='bbox 1147 2425 1274 2459; x_wconf 80' lang='grc' dir='ltr'>ποιμένος</span> <span class='ocrx_word' id='word_1_805' title='bbox 1297 2424 1422 2459; x_wconf 81' lang='grc' dir='ltr'>ἀπείρου.</span> <span class='ocrx_word' id='word_1_806' title='bbox 1439 2434 1448 2449; x_wconf 75' lang='grc' dir='ltr'><strong>ι</strong></span> <span class='ocrx_word' id='word_1_807' title='bbox 1467 2424 1497 2449; x_wconf 84' lang='grc' dir='ltr'><strong>Οἱ</strong></span> <span class='ocrx_word' id='word_1_808' title='bbox 1516 2422 1564 2457; x_wconf 86' lang='grc' dir='ltr'><strong>μὲν</strong></span> <span class='ocrx_word' id='word_1_809' title='bbox 1579 2422 1633 2457; x_wconf 80' lang='grc' dir='ltr'><strong>γὰρ</strong></span> <span class='ocrx_word' id='word_1_810' title='bbox 1649 2422 1703 2448; x_wconf 84' lang='grc' dir='ltr'><strong>τῶν</strong></span> <span class='ocrx_word' id='word_1_811' title='bbox 1719 2422 1852 2457; x_wconf 79' lang='grc' dir='ltr'>ποιμένων</span> 
     </span>
    </p>
   </div>
   <div class='ocr_carea' id='block_1_112' title="bbox 1063 2468 1852 2505">
    <p class='ocr_par' dir='ltr' id='par_1_112' title="bbox 1063 2468 1852 2505">
     <span class='ocr_line' id='line_1_112' title="bbox 1063 2468 1852 2505; baseline -0.005 -7"><span class='ocrx_word' id='word_1_812' title='bbox 1063 2472 1270 2505; x_wconf 73' lang='grc' dir='ltr'>ἐπιεικέστεροι,</span> <span class='ocrx_word' id='word_1_813' title='bbox 1289 2470 1336 2496; x_wconf 79' lang='grc' dir='ltr'><strong>καὶ</strong></span> <span class='ocrx_word' id='word_1_814' title='bbox 1355 2470 1410 2496; x_wconf 84' lang='grc' dir='ltr'>τῶν</span> <span class='ocrx_word' id='word_1_815' title='bbox 1422 2470 1451 2496; x_wconf 80' lang='grc' dir='ltr'>ὲν</span> <span class='ocrx_word' id='word_1_816' title='bbox 1471 2469 1550 2504; x_wconf 81' lang='grc' dir='ltr'>χερσὶ</span> <span class='ocrx_word' id='word_1_817' title='bbox 1568 2468 1786 2503; x_wconf 75' lang='grc' dir='ltr'>σπουδασμάτων</span> <span class='ocrx_word' id='word_1_818' title='bbox 1799 2468 1852 2495; x_wconf 80' lang='grc' dir='ltr'>ἐπι-</span> 
     </span>
    </p>
   </div>
   <div class='ocr_carea' id='block_1_113' title="bbox 1063 2512 1852 2549">
    <p class='ocr_par' dir='ltr' id='par_1_113' title="bbox 1063 2512 1852 2549">
     <span class='ocr_line' id='line_1_113' title="bbox 1063 2512 1852 2549; baseline -0.003 -9"><span class='ocrx_word' id='word_1_819' title='bbox 1063 2515 1205 2549; x_wconf 82' lang='grc' dir='ltr'>στήμονες,</span> <span class='ocrx_word' id='word_1_820' title='bbox 1222 2513 1314 2548; x_wconf 82' lang='grc' dir='ltr'>ἰσχνὰς</span> <span class='ocrx_word' id='word_1_821' title='bbox 1327 2513 1419 2548; x_wconf 75' lang='grc' dir='ltr'>ἔχουσι</span> <span class='ocrx_word' id='word_1_822' title='bbox 1431 2513 1481 2544; x_wconf 82' lang='grc' dir='ltr'><strong>τὰς</strong></span> <span class='ocrx_word' id='word_1_823' title='bbox 1496 2512 1620 2548; x_wconf 77' lang='grc' dir='ltr'>ῥάϐδους,</span> <span class='ocrx_word' id='word_1_824' title='bbox 1639 2513 1683 2539; x_wconf 77' lang='grc' dir='ltr'><strong>ἵνα</strong></span> <span class='ocrx_word' id='word_1_825' title='bbox 1702 2513 1726 2539; x_wconf 82' lang='grc' dir='ltr'>εἰ</span> <span class='ocrx_word' id='word_1_826' title='bbox 1748 2513 1852 2546; x_wconf 76' lang='grc' dir='ltr'>γένοιτο</span> 
     </span>
    </p>
   </div>
   <div class='ocr_carea' id='block_1_114' title="bbox 1062 2557 1849 2594">
    <p class='ocr_par' dir='ltr' id='par_1_114' title="bbox 1062 2557 1849 2594">
     <span class='ocr_line' id='line_1_114' title="bbox 1062 2557 1849 2594; baseline -0.003 -8"><span class='ocrx_word' id='word_1_827' title='bbox 1062 2560 1108 2586; x_wconf 74' lang='grc' dir='ltr'><strong>καὶ</strong></span> <span class='ocrx_word' id='word_1_828' title='bbox 1134 2559 1224 2586; x_wconf 82' lang='grc' dir='ltr'>παίειν</span> <span class='ocrx_word' id='word_1_829' title='bbox 1248 2559 1351 2594; x_wconf 64' lang='grc' dir='ltr'>καιρδς,</span> <span class='ocrx_word' id='word_1_830' title='bbox 1368 2558 1405 2592; x_wconf 88' lang='grc' dir='ltr'>μὴ</span> <span class='ocrx_word' id='word_1_831' title='bbox 1423 2557 1605 2593; x_wconf 83' lang='grc' dir='ltr'>συνθραύηται</span> <span class='ocrx_word' id='word_1_832' title='bbox 1625 2557 1655 2583; x_wconf 79' lang='grc' dir='ltr'>τὸ</span> <span class='ocrx_word' id='word_1_833' title='bbox 1672 2557 1849 2592; x_wconf 85' lang='grc' dir='ltr'>τυπτόμενον.</span> 
     </span>
    </p>
   </div>
   <div class='ocr_carea' id='block_1_115' title="bbox 1062 2603 1850 2639">
    <p class='ocr_par' dir='ltr' id='par_1_115' title="bbox 1062 2603 1850 2639">
     <span class='ocr_line' id='line_1_115' title="bbox 1062 2603 1850 2639; baseline -0.004 -8"><span class='ocrx_word' id='word_1_834' title='bbox 1062 2605 1146 2632; x_wconf 74' lang='grc' dir='ltr'><strong>Εἱ’δὲ</strong></span> <span class='ocrx_word' id='word_1_835' title='bbox 1170 2605 1202 2639; x_wconf 79' lang='grc' dir='ltr'><strong>δή</strong></span> <span class='ocrx_word' id='word_1_836' title='bbox 1228 2613 1268 2636; x_wconf 80' lang='grc' dir='ltr'><strong>τις</strong></span> <span class='ocrx_word' id='word_1_837' title='bbox 1293 2603 1335 2638; x_wconf 76' lang='grc' dir='ltr'>εἴη</span> <span class='ocrx_word' id='word_1_838' title='bbox 1358 2604 1412 2630; x_wconf 83' lang='grc' dir='ltr'><strong>τῶν</strong></span> <span class='ocrx_word' id='word_1_839' title='bbox 1431 2604 1481 2630; x_wconf 76' lang='grc' dir='ltr'><strong>οὐκ</strong></span> <span class='ocrx_word' id='word_1_840' title='bbox 1505 2603 1613 2629; x_wconf 77' lang='grc' dir='ltr'>εἰδότων</span> <span class='ocrx_word' id='word_1_841' title='bbox 1629 2603 1659 2628; x_wconf 79' lang='grc' dir='ltr'>τὸ</span> <span class='ocrx_word' id='word_1_842' title='bbox 1676 2603 1784 2638; x_wconf 78' lang='grc' dir='ltr'>χρῆμα,</span> <span class='ocrx_word' id='word_1_843' title='bbox 1807 2603 1850 2630; x_wconf 70' lang='grc' dir='ltr'>καὶ</span> 
     </span>
    </p>
   </div>
   <div class='ocr_carea' id='block_1_116' title="bbox 1064 2649 1849 2686">
    <p class='ocr_par' dir='ltr' id='par_1_116' title="bbox 1064 2649 1849 2686">
     <span class='ocr_line' id='line_1_116' title="bbox 1064 2649 1849 2686; baseline -0.003 -9"><span class='ocrx_word' id='word_1_844' title='bbox 1064 2651 1223 2686; x_wconf 79' lang='grc' dir='ltr'>ποιμενικῆς</span> <span class='ocrx_word' id='word_1_845' title='bbox 1246 2650 1400 2684; x_wconf 74' lang='grc' dir='ltr'>ἐπιστήμης</span> <span class='ocrx_word' id='word_1_846' title='bbox 1419 2649 1456 2681; x_wconf 82' lang='grc' dir='ltr'>ὡς</span> <span class='ocrx_word' id='word_1_847' title='bbox 1464 2649 1601 2676; x_wconf 78' lang='grc' dir='ltr'>ἀπωτάτω</span> <span class='ocrx_word' id='word_1_848' title='bbox 1618 2649 1756 2683; x_wconf 75' lang='grc' dir='ltr'>κείμενος,</span> <span class='ocrx_word' id='word_1_849' title='bbox 1776 2649 1849 2685; x_wconf 66' lang='grc' dir='ltr'><strong>ἀδρο⁴</strong></span> 
     </span>
    </p>
   </div>
   <div class='ocr_carea' id='block_1_117' title="bbox 1063 2693 1847 2733">
    <p class='ocr_par' dir='ltr' id='par_1_117' title="bbox 1063 2693 1847 2733">
     <span class='ocr_line' id='line_1_117' title="bbox 1063 2693 1847 2733; baseline -0.001 -10"><span class='ocrx_word' id='word_1_850' title='bbox 1063 2698 1151 2733; x_wconf 77' lang='grc' dir='ltr'>τέροις</span> <span class='ocrx_word' id='word_1_851' title='bbox 1175 2696 1243 2722; x_wconf 73' lang='grc' dir='ltr'>αὑτά</span> <span class='ocrx_word' id='word_1_852' title='bbox 1262 2696 1398 2731; x_wconf 71' lang='grc' dir='ltr'>συντρίϐει</span> <span class='ocrx_word' id='word_1_853' title='bbox 1418 2697 1554 2732; x_wconf 75' lang='grc' dir='ltr'>ῥοπάλοις.</span> <span class='ocrx_word' id='word_1_854' title='bbox 1571 2695 1625 2721; x_wconf 73' lang='grc' dir='ltr'><strong>Καὶ</strong></span> <span class='ocrx_word' id='word_1_855' title='bbox 1650 2695 1737 2722; x_wconf 68' lang='grc' dir='ltr'>ταῦτα</span> <span class='ocrx_word' id='word_1_856' title='bbox 1765 2693 1847 2731; x_wconf 68' lang='grc' dir='ltr'>σ’μςιι.</span> 
     </span>
    </p>
   </div>
   <div class='ocr_carea' id='block_1_118' title="bbox 1185 2793 1835 2828">
    <p class='ocr_par' dir='ltr' id='par_1_118' title="bbox 1185 2793 1835 2828">
     <span class='ocr_line' id='line_1_118' title="bbox 1185 2793 1835 2828; baseline -0.003 -5"><span class='ocrx_word' id='word_1_857' title='bbox 1185 2797 1206 2812; x_wconf 63' lang='grc'>⁸³</span> <span class='ocrx_word' id='word_1_858' title='bbox 1223 2796 1242 2823; x_wconf 93' lang='lat' dir='ltr'><strong>ll</strong></span> <span class='ocrx_word' id='word_1_859' title='bbox 1261 2795 1353 2823; x_wconf 70' lang='lat' dir='ltr'><strong>Thess.</strong></span> <span class='ocrx_word' id='word_1_860' title='bbox 1373 2804 1402 2828; x_wconf 90' lang='grc' dir='ltr'><strong>ιι,</strong></span> <span class='ocrx_word' id='word_1_861' title='bbox 1420 2796 1460 2822; x_wconf 85' lang='lat' dir='ltr'><strong>l0.</strong></span> <span class='ocrx_word' id='word_1_862' title='bbox 1511 2796 1532 2812; x_wconf 83' lang='lat'><strong>&quot;&#39;</strong></span> <span class='ocrx_word' id='word_1_863' title='bbox 1548 2795 1625 2823; x_wconf 84' lang='lat' dir='ltr'><strong>Joan.</strong></span> <span class='ocrx_word' id='word_1_864' title='bbox 1645 2803 1670 2827; x_wconf 66' lang='grc' dir='ltr'>ι’,</span> <span class='ocrx_word' id='word_1_865' title='bbox 1692 2794 1737 2821; x_wconf 62' lang='grc'><strong>45.</strong></span> <span class='ocrx_word' id='word_1_866' title='bbox 1777 2795 1798 2810; x_wconf 84' lang='grc'><strong>¹⁷</strong></span> <span class='ocrx_word' id='word_1_867' title='bbox 1815 2793 1835 2821; x_wconf 82' lang='lat' dir='ltr'><strong>ii</strong></span> 
     </span>
    </p>
   </div>
  </div>
