1916 3053
47 192 97 218 τοι

462 191 736 220 COMMENTARIUS
757 192 790 219 IN
810 191 1010 220 ZACHARIAM
1030 191 1250 220 PROPHETAM.

1620 193 1673 220 20:!

48 248 109 274 lci-rt
122 247 156 274 τὰ
173 247 260 283 σκεύη
282 248 317 275 τὰ
338 249 482 284 ποιμενικά
499 250 545 276 τοῦ
567 250 682 286 ἀπείρου
707 251 844 286 ποιμένος.

904 258 949 278 ton
966 249 1105 284 subjectis,
1123 250 1224 278 idcirco
1238 249 1293 277 ait:
1313 258 1322 275 1
1342 248 1410 277 Ecce
1426 257 1476 285 ego
1491 250 1615 279 excitabo
1631 259 1677 286 pa-

56 292 168 329 Ἐπειδὴ
181 293 210 320 δὲ
223 294 296 321 κατά
311 295 424 329 καιροὺς
436 294 547 329 ἔμελλεν
560 296 574 320 6
587 295 635 330 τῆς
656 296 771 331 ἀνομίας
785 296 843 327 υίὸς

48 340 100 374 τὴν
127 339 252 374 βασιλίδα
279 341 362 376 τιμὴν
382 341 581 376 περικείμενος,
596 342 685 368 δοκεῖν
714 343 742 368 ἐν
767 341 842 374 τάξει

49 386 183 420 ποιμένος
204 386 446 422 ἀναδειχθήσεσθαι
460 388 516 418 τοῖς
531 387 577 414 ἐπὶ
592 387 641 422 τῆς
657 387 719 422 γῆς,
737 388 843 422 φειδοῦς

49 440 82 466 γε
99 432 156 467 μὴν
171 432 300 467 οὐδεμιᾶς
316 432 408 465 ἀξιοῦν
423 433 485 463 τοὺς
501 432 554 458 ὑπὸ
569 434 646 468 χεῖρα
660 433 751 465 λαοὺς,
761 433 778 468 ἢ
796 433 843 460 καὶ

49 479 115 509 τοὺς
127 478 183 511 ἔξω
196 478 298 514 χειρὸς,
311 478 396 514 ταύτῃ
407 487 448 504 τοι
466 478 562 513 φησίν·
582 487 591 504 ι
603 478 668 505 Ἰδοὺ
686 478 741 513 ἐγὼ
757 477 844 513 ἔγερῶ

50 521 172 556 ποιμένα
186 521 236 547 ἐπὶ
248 521 297 556 τὴν
310 522 368 557 γῆν.
375 521 411 548 Τὸ
425 522 591 556 ἐκλιμπάνον
605 523 635 549 οὐ
648 522 685 557 μὴ
693 522 843 557 ὲπισκέψη-

51 574 107 592 ται.
123 567 255 601 »⁷ομοιον
269 566 307 598 ὠς
323 567 348 593 εἰ
362 567 447 601 λέγοι·
455 567 491 593 Τὸ
503 567 651 602 ὀλισθῆσαν
667 568 706 599 είς
722 568 843 601 ὀλιγοπι-

52 611 144 642 στίαν,
165 611 215 647 οὐκ
235 611 268 637 ἃν
293 611 454 647 ἐπιρρώσειε
474 614 534 644 ταῖς
552 613 766 648 μυσταγωγίαις.
784 622 794 638 ι
809 613 845 640 Τὸ

51 657 81 683 δὲ
95 657 324 692 ἐσκορπισμένον,
340 658 370 684 οὐ
384 657 421 693 μὴ
434 657 550 694 ζητήσῃ.
561 667 570 684 ι
587 658 623 685 Τὸ
636 658 843 693 ὲκπεφοιτηκδς,

53 703 135 738 φησι,
152 704 204 738 τῆς
219 704 327 735 εὐθείας
341 703 412 736 ὁδοῦ,
428 704 475 730 καὶ
490 704 539 740 τὴς
556 703 656 739 ἀγέλης
676 704 845 739 ἀποσκιρτᾷν

53 749 162 782 εἰωθὸς,
180 749 211 775 οὺ
235 749 273 785 μὴ
293 750 407 786 ζητήσῃ,
421 749 559 776 τουτέστιν
586 749 636 775 οὐκ
660 749 693 775 ἂν
715 748 844 784 μεταθείη

54 796 124 831 1:96;
139 795 171 822 τὸ
188 796 298 829 ἄμεινόν
311 804 342 822 τε
357 795 405 821 καὶ
418 795 479 830 ἔχον
493 795 590 830 ὀρθῶς.
609 803 618 819 ι
633 795 669 821 Τὸ
684 803 846 830 συντετριμ-

57 843 139 877 μένον
149 843 180 868 οὺ
188 842 253 878 [μὴ]
266 843 399 878 ἰάσηται.)
410 841 585 877 Συντρίϐεται
595 841 623 868 δέ
638 840 715 876 τις,ἥ
727 841 847 876 πονηρᾶς

55 888 155 924 ἡδονῆς
177 888 344 924 ἡττώμενος,
359 887 405 914 καὶ
422 885 477 914 οἷον
491 888 521 914 οὒ
535 886 625 922 φέρων
646 886 696 921 τῆς
717 886 846 921 φιλοσαρ⁸

894 301 994 324 storem
1007 303 1087 331 super
1105 300 1215 324 terram.
1232 295 1306 329 Quod
1322 295 1419 323 defecit
1441 304 1492 324 non
1516 297 1644 325 visitabit.
1663 307 1673 324 ι

894 341 1010 369 Perinde
1020 348 1052 369 ac
1062 341 1083 368 si
1098 341 1179 372 dicat,
1199 340 1269 375 quod
1285 341 1436 376 prolapsum
1449 346 1489 369 est
1505 342 1531 369 in
1555 342 1677 371 imbecil-

894 387 995 414 litatem
1015 387 1086 419 ﬁdei,
1101 386 1223 414 doctrina
1236 393 1312 414 sacra
1343 394 1396 414 non
1416 388 1598 417 conﬁrmabit.
1615 397 1625 414 1
1645 389 1678 416 Et

894 431 964 466 quod
980 432 1130 465 dispersum
1146 435 1197 463 est,
1217 438 1270 458 non
1284 431 1414 466 requiret.
1430 439 1440 457 ι
1454 431 1530 465 Quod
1564 440 1579 460 a
1604 438 1677 461 recta

894 476 936 502 via
952 475 1088 508 discessit,
1104 475 1201 510 inquit,
1229 479 1257 503 et
1285 483 1299 502 a
1316 483 1399 511 grege
1411 476 1516 503 resilire
1532 476 1610 510 solet,
1623 485 1677 505 non

895 521 1024 555 requiret,
1041 521 1090 548 hoc
1103 527 1155 552 est,
1168 521 1200 547 ad
1215 524 1314 547 statum
1325 521 1464 548 meliorem
1485 526 1510 549 et
1533 522 1675 557 probatum

896 574 948 594 non
959 566 1108 594 revocabit.
1125 576 1134 592 1
1150 567 1227 600 Quod
1241 567 1387 594 contritum
1397 571 1440 594 est
1455 574 1508 594 non
1531 567 1648 594 sanabit.
1666 576 1676 593 ι

895 612 1051 640 Conteritur
1064 618 1152 640 autem
1162 612 1233 647 quis,
1243 618 1286 640 aut
1299 613 1437 647 voluptate
1448 621 1530 648 prava
1543 621 1680 648 expugna-

897 662 940 686 lus
953 663 981 686 et
997 658 1195 694 quodammodo
1213 659 1315 687 amoris
1332 666 1423 686 rerum
1437 659 1587 686 carnalium
1611 667 1679 694 pon-

895 703 947 731 dus
962 712 1013 731 uou
1034 704 1171 732 sustinens
1185 724 1194 737 ,
1219 710 1266 731 aut
1280 709 1354 732 certe
1372 705 1514 739 impiorum
1539 705 1680 732 haeretico-

896 757 955 776 rum
971 750 1174 785 deceptiouibus
1190 758 1243 777 una
1254 750 1380 784 abreptus
1394 755 1421 777 et
1435 750 1468 778 ad
1482 754 1555 778 recte
1568 751 1681 778 creden-

897 795 959 823 dum
987 803 1052 822 saua
1073 800 1163 822 mente
1184 795 1338 823 destitutus.
1367 795 1460 823 Talem
1488 803 1581 823 rursus
1603 801 1682 823 sanat

897 846 988 876 pastor
1004 842 1101 868 bonus.
1131 841 1272 876 Imperitos
1287 846 1376 868 autem
1402 850 1412 867 1
1444 841 1515 876 quod
1545 841 1679 876 integrum

897 891 939 914 est
951 894 1004 914 non
1016 887 1123 921 diriget,
1151 892 1178 914 et
1206 894 1301 914 carnes
1323 886 1470 914 electorum
1482 887 1632 919 devorabil,
1655 891 1682 914 ct

56 934 118 966 κίας
145 934 177 960 τὸ
203 933 299 969 βάρος·
318 934 401 969 ἠγουν
419 934 479 964 ταῖς
494 933 548 959 τῶν
571 933 685 960 ἀνοσίων
702 931 848 967 αἱρετικῶν

904 933 968 959 ιιιίοε
978 939 1072 960 eorum
1088 937 1235 967 pervertet.
1253 942 1262 959 I
1276 932 1447 968 Oppugnabit
1475 933 1548 960 enim
1573 937 1682 959 sanctos

56 980 177 1010 ἀπάταις
195 979 429 1014 συνηρπασμένος,
444 978 492 1005 καὶ
506 978 570 1012 ὑγιᾶ
581 978 626 1004 τδν
640 977 702 1004 νοῦν
717 977 767 1003 οὐκ
778 976 846 1012 ἔχων

57 1025 96 1056 εἰς
121 1033 155 1058 γε
180 1025 212 1050 τὸ
237 1024 333 1060 χρῆναι
361 1024 497 1051 πιστεύειν
510 1024 606 1059 ὀρθῶς.
622 1023 722 1049 Τοῦτον
737 1022 817 1049 πάλιν
833 1023 847 1048 6

57 1069 160 1102 αγαθὶς
186 1070 257 1096 ἰᾶται
281 1069 430 1104 ποιμήν.’¹0
443 1078 475 1103 γε
496 1069 550 1104 μὴν
569 1068 691 1104 ἄπειρος,
709 1077 717 1094 ι
732 1068 769 1094 Τὸ
790 1067 847 1093 ὀλό-

57 1115 160 1150 κληρον
172 1115 204 1141 οὺ
219 1115 256 1150 μὴ
270 1114 433 1151 κατευθύνῃ,
448 1115 496 1141 καὶ
512 1115 546 1142 τὰ
562 1115 631 1150 κρέα
645 1115 698 1142 τῶν
711 1114 847 1142 ἐκλεκτῶν

59 1160 261 1195 καταφάγεται,
277 1161 324 1188 καὶ
342 1161 404 1193 τοὺς
422 1161 609 1196 ἀστραγάλους
631 1160 720 1188 αὐτῶν
739 1161 848 1196 ἐκστρέ-

57 1207 114 1241 ψει.
132 1216 142 1232 ι
165 1206 317 1242 Πολεμήσει
332 1205 386 1241 γὰρ
398 1207 454 1238 τοῖς
469 1206 554 1240 ἁγίοις
565 1207 580 1233 6
591 1206 640 1241 τῆς
657 1205 769 1240 ἀνομίας
780 1206 848 1238 υίὸς,

59 1252 106 1278 καὶ
133 1251 262 1286 ἀχάλινον
287 1251 377 1283 αὐτοῖς
404 1251 519 1286 ἐπαφεὶς
535 1250 584 1286 τὴν
600 1250 693 1286 ὀργὴν,
709 1251 850 1286 μονονουχὶ

60 1300 107 1325 καὶ
123 1298 324 1334 κρεωνομήσει,
339 1297 386 1324 καὶ
402 1297 591 1331 καταφάγεται
602 1296 685 1332 θηρὸς
700 1296 796 1332 ἀγρίου
809 1296 850 1323 δί-

60 1353 121 1379 κην.
131 1343 292 1379 Ἐκστρέψει
307 1343 336 1369 δὲ
352 1343 399 1370 καὶ
412 1343 474 1374 τοὺς
488 1343 686 1378 ἀστραγάλους,
700 1343 744 1369 ἵνα
758 1343 795 1378 μή
807 1351 849 1374 τις

60 1389 116 1424 ἔχοι
144 1389 175 1416 τὸ
202 1389 358 1424 ὀρθοποδεῖν
386 1388 526 1416 δύνασθαι.
558 1388 762 1415 Καταὸιάσεται
794 1387 849 1423 γὰρ

61 1437 227 1470 προσκυνεῖν
260 1434 333 1470 αὐτῷ
351 1454 358 1466 ,
389 1434 586 1468 καταπλήττων
610 1434 667 1465 τοῖς
690 1433 826 1469 θαύμασιν
840 1441 847 1448 ·

64 1481 159 1515 σἜχει
172 1480 226 1515 γὰρ
240 1479 289 1515 τὴν
305 1479 456 1515 παρουσίαν
471 1479 531 1505 κατ’
545 1479 683 1513 ἐνέργειαν
701 1479 748 1505 τοῦ
763 1479 851 1505 Σατα-

900 979 972 1006 ﬁlius
1000 978 1161 1013 iniquitatis,
1173 983 1202 1006 et
1214 980 1253 1005 ira
1267 979 1397 1007 indomita
1417 986 1463 1006 eos
1475 978 1604 1006 invadens
1617 985 1683 1014 pro-

899 1025 1040 1059 pemodum
1061 1024 1210 1057 dilaniabit,
1220 1029 1246 1052 et
1260 1024 1345 1052 instar
1355 1025 1513 1052 truculentae
1532 1024 1624 1051 bestiae
1634 1025 1682 1052 de-

901 1071 1016 1098 vorabit.
1032 1070 1172 1098 Pervertet
1186 1071 1266 1098 etiam
1282 1071 1402 1105 talos,nc
1423 1071 1483 1105 quis
1512 1075 1586 1098 recto
1600 1078 1680 1105 passu

901 1116 1006 1151 ingredi
1018 1121 1108 1150 queat.
1121 1116 1204 1152 Coget
1218 1117 1338 1144 enimse
1351 1116 1465 1144 adorare
1491 1116 1569 1144 miris
1593 1116 1684 1151 operi-

900 1162 950 1189 bus
960 1161 1169 1196 obstupefactos.
1184 1171 1193 1188 1
1208 1162 1291 1198 Cujus
1308 1163 1438 1190 adventus
1451 1161 1598 1189 secundum
1613 1169 1679 1196 ope-

901 1207 1033 1235 rationem
1046 1207 1164 1240 Satanar,
1177 1212 1204 1235 et
1220 1207 1247 1235 in
1273 1207 1416 1236 Beelzebul
1429 1207 1490 1235 edet
1506 1210 1628 1242 portenta
1645 1208 1681 1240 ’⁸,

902 1257 932 1280 ut
946 1253 972 1279 in
983 1260 1102 1280 errorem
1122 1252 1270 1286 induceret,
1294 1253 1318 1280 si
1340 1253 1398 1281 ﬁeri
1409 1259 1510 1288 posset,
1535 1255 1616 1283 etiam
1630 1255 1685 1282 cle-

902 1301 960 1325 ctos
974 1297 1012 1330 ὐς
1028 1307 1037 1323 ι
1055 1302 1082 1325 et
1099 1302 1127 1324 ut
1138 1298 1175 1325 ait
1190 1297 1325 1330 Salvator,
1347 1307 1358 1324 1
1370 1305 1423 1325 non
1441 1298 1518 1326 ﬁeret
1532 1299 1605 1327 salva
1625 1307 1685 1327 omo

903 1341 945 1369 nis
960 1349 1024 1369 caro
1041 1342 1074 1375 ¹⁰,
1095 1352 1105 1368 ι
1122 1341 1194 1369 illius
1219 1343 1337 1377 potentia
1351 1346 1445 1369 eontra
1462 1350 1556 1371 omnes
1570 1343 1683 1371 furente.

905 1397 914 1413 1
931 1387 1044 1423 Propter
1052 1387 1254 1416 electosautem
1281 1389 1472 1416 breviabuutur
1486 1389 1545 1417 dies
1572 1390 1609 1417 illi
1619 1390 1652 1417 ³¹.
1672 1399 1682 1415 ι

902 1448 938 1453 -
956 1443 966 1460 1
985 1433 1132 1461 laterticiet
1156 1434 1228 1460 enim
1255 1434 1330 1461 illum
1364 1434 1493 1462 Dominus
1512 1434 1608 1470 spiritu
1628 1435 1685 1463 oris

904 1479 957 1512 sui,
975 1484 1002 1507 et
1017 1481 1139 1508 destruet
1152 1479 1329 1508 illustratione
1347 1480 1478 1508 adventus
1490 1481 1530 1508 sui
1551 1481 1584 1507 ".
1602 1489 1612 1506 ι

61 1528 106 1559 νᾶ,
122 1527 170 1553 καὶ
184 1527 214 1552 ὲν
230 1525 392 1557 Βεελζεϐοὺλ
412 1525 518 1559 ποιήσει
535 1524 646 1560 τέρατα,
680 1524 751 1551 ὥστε
784 1525 930 1560 πλανῆσαι,
947 1526 971 1552 εἰ
1006 1526 1128 1557 δυνατὸν,
1142 1526 1189 1553 καὶ
1215 1526 1278 1558 τοὺς
1290 1526 1444 1559 ἐκλεκτοὺς,
1459 1536 1468 1552 ι
1486 1523 1563 1564 καὶῇ
1581 1535 1661 1563 φησιν
1672 1528 1687 1554 ὁ

62 1572 168 1607 Σωτὴρ,
191 1581 200 1597 ι
217 1571 274 1598 Οὐκ
295 1571 327 1598 ἂν
350 1569 438 1605 ἐσώθη
466 1571 540 1596 πᾶσα
563 1570 640 1606 σὰρξ,
657 1579 666 1596 ι
685 1569 850 1605 μαινομένης
869 1570 938 1597 κατά
971 1571 1078 1597 πάντων
1094 1571 1145 1606 τῆς
1179 1571 1282 1598 ἐκείνου
1303 1570 1467 1603 πλεονεξίας.
1494 1580 1504 1597 1
1519 1571 1568 1598 Διὰ
1583 1571 1688 1603 δὲ-τοὺς

62 1619 208 1650 ἐκλεκτοὺς
231 1617 462 1653 κολοϐωθήσονται
486 1617 514 1644 αἱ
536 1617 637 1653 ἡμέραι
663 1617 775 1644 ἐκεῖναι.
789 1626 798 1642 ι
816 1631 849 1637 —-
869 1626 878 1643 1
890 1617 992 1645 ’Δνελεῖ
1023 1618 1077 1653 γὰρ
1109 1617 1191 1644 αὐτδν
1210 1619 1224 1643 6
1244 1617 1346 1652 Κύριος
1359 1617 1398 1652 τῷ
1411 1617 1557 1652 πνεύματι,
1574 1617 1620 1645 καὶ
1639 1626 1689 1644 κα⁴

62 1666 196 1701 ταργήσει
211 1666 244 1700 τῇ
258 1664 404 1700 ἐπιφανείᾳ
417 1663 466 1698 τῆς
481 1663 631 1698 παρουσίας
646 1662 739 1690 αὑτοῦ.
755 1671 763 1686 ι

97 1733 130 1761 Ὢ
150 1736 179 1761 οὶ
200 1732 410 1768 ποιμαίνοντες
434 1731 470 1758 τὰ
483 1731 607 1766 μάταια,
623 1731 672 1758 καὶ
685 1732 712 1758 οι
729 1732 854 1758 καταλε-

942 1730 1024 1758 Vsns.
1047 1731 1092 1757 l7.
1109 1730 1131 1757 0
1145 1731 1192 1764 ηιιὶ
1207 1729 1313 1764 pascitis
1335 1737 1412 1762 vana,
1428 1734 1452 1756 et
1489 1729 1533 1764 qui
1545 1730 1687 1765 reliquistis

62 1778 204 1810 λοιπότες
218 1777 254 1804 τὰ
269 1777 409 1810 πρόϐατα,
421 1777 552 1811 μάχαιρα
567 1776 616 1802 ἐπὶ
627 1775 679 1802 τοῦ
688 1775 853 1810 ,ϐραχίονος

62 1823 169 1856 αὺτοῦ,
187 1823 236 1850 καί
248 1822 298 1849 ἐπὶ
314 1823 368 1849 τὸν
386 1822 544 1857 ὀφθαλμὸν
561 1821 616 1849 τὸν
633 1821 734 1854 δεξιὸν
748 1821 851 1848 αὑτοῦ.

69 1870 99 1896 '0
108 1869 250 1904 βραχίων
265 1868 359 1896 αὐτοῦ
381 1868 595 1902 ξηραινόμενος
614 1867 832 1902 ξηρανθήσεται
845 1887 851 1898 ,

64 1917 112 1944 καὶ
127 1918 145 1943 ό
158 1915 314 1951 ὀφθαλμὸς
345 1916 361 1942 ὁ
385 1914 485 1947 ’δεξιὸς
507 1913 600 1941 αὐτοῦ
614 1913 854 1948 ὲκτυφλούμενος

63 1961 333 1997 ἑκτυφλωθήσεται
338 1982 344 1989 .

98 2029 164 2056 DE’.
191 2028 336 2063 Γεγονότος
365 2027 438 2061 ἀπαξ
464 2028 510 2055 τοῦ
533 2028 612 2062 λόγου
638 2027 702 2063 περὶ
728 2027 855 2062 ποιμένος

63 2075 192 2110 ἀπείρου,
214 2074 354 2110 μονονουχὶ
367 2075 414 2100 καὶ
427 2073 618 2108 ὲπιστυγνάξει
631 2073 724 2100 λοιπὸν
739 2073 794 2103 τοῖς
818 2072 855 2107 μὴ

64 2123 180 2157 ἀγαθοῖς
193 2122 316 2157 ποιμέσι,
335 2122 381 2148 καὶ
397 2121 577 2156 γενικώτατον
597 2129 658 2147 τινα
680 2120 778 2155 τρόπον
788 2119 856 2154 χρῆ-

65 2178 110 2196 ται
120 2169 160 2204 τῷ
170 2169 254 2204 λόγῳ,
282 2168 317 2194 τὰ
342 2169 398 2200 τοῖς
412 2165 463 2195 ὦδε
484 2167 596 2202 γνώμης
613 2166 704 2201 ἔχουσι
719 2164 856 2201 συμϐησό-

67 2224 137 2250 μενα
147 2213 364 2250 προαναφωνῶν.
373 2213 468 2248 ’Ἃθρει
479 2212 532 2248 γὰρ
543 2212 580 2243 ὡς
592 2211 641 2246 ἤδη
653 2211 701 2243 τὰς
714 2205 857 2245 τῆξρᾳθυ-

68 2261 133 2296 μίας
144 2259 336 2287 ἀποτιννύουσι
356 2259 433 2290 δίκας
457 2258 528 2294 τάχα
551 2266 604 2283 που
621 2257 667 2283 καὶ
683 2256 811 2289 συναλγεῖ
823 2255 856 2281 δι’

67 2307 189 2341 ἔμφυτον
205 2304 373 2340 ἡμερότητα,
387 2304 435 2330 καὶ
453 2303 624 2330 καταιτιᾶται
641 2301 699 2336 μὲν,
711 2301 751 2326 ὅτι
762 2300 857 2335 ποιμέ-

68 2359 113 2382 νες
124 2351 255 2385 γεγόνασι
266 2349 320 2376 τῶν
335 2349 467 2384 ματαίων,
477 2348 599 2375 τουτέστι
614 2346 669 2372 τῶν
683 2346 857 2381 προσ-χαίρων

905 1776 1086 1812 oves,gladius
1102 1783 1180 1810 super
1196 1775 1330 1802 brachium
1348 1774 1416 1810 ejus,
1441 1779 1465 1801 et
1493 1783 1571 1809 super
1584 1776 1688 1803 oculum

904 1823 1038 1850 dexterum
1077 1822 1143 1856 ejus.
1177 1820 1319 1848 [Irae/tium
1353 1821 1409 1854 ejus
1446 1817 1573 1848 sibeatum
1603 1822 1688 1850 sicea-

905 1869 984 1901 bitur,
1011 1873 1034 1894 et
1052 1867 1142 1895 oculus
1173 1867 1265 1894 dexter
1288 1867 1345 1901 ejus
1370 1871 1516 1894 cumcuius
1547 1869 1689 1896 ezcwcabi-

904 1919 955 1940 tur.

941 2021 1070 2049 LXXXV.
1086 2021 1216 2055 Suscepto
1227 2019 1309 2048 semel
1320 2026 1445 2047 sermone
1459 2021 1492 2047 de
1512 2024 1621 2054 pastore
1636 2020 1687 2047 im-

906 2067 1003 2101 perito,
1015 2065 1192 2093 contristatur
1204 2063 1341 2099 quasijam
1358 2071 1438 2098 super
1454 2065 1608 2098 pastoribus
1632 2072 1686 2092 non

907 2112 994 2145 bouis,
1008 2117 1033 2138 et
1051 2111 1193 2138 admodum
1216 2110 1364 2145 generatim
1389 2109 1518 2144 loquitur,
1538 2111 1574 2137 ita
1598 2111 1689 2137 animo

907 2158 1009 2185 atl‘ectis
1022 2162 1150 2185 eventura
1163 2155 1356 2189 praenuntiatus.
1372 2155 1438 2183 Vide
1459 2161 1548 2182 autem
1560 2157 1689 2190 quemad-

908 2203 1014 2230 modum
1031 2210 1102 2230 nunc
1125 2209 1220 2237 pmnas
1251 2201 1355 2229 inertiae
1382 2201 1529 2235 pendentes
1567 2202 1691 2230 fortassis

907 2247 988 2274 etiam
1006 2246 1221 2277 commiseratur,
1235 2249 1344 2279 propter
1366 2244 1474 2271 insitam
1501 2246 1690 2273 mansuetudi-

908 2301 969 2321 nem
989 2302 995 2320 :
1027 2301 1182 2328 quanquam
1194 2295 1302 2319 accusat
1315 2291 1458 2326 eos,771
1477 2292 1547 2325 quod
1569 2296 1691 2326 pastores

910 2349 1038 2369 vanorum
1052 2340 1115 2368 facti
1127 2340 1191 2372 sint,
1205 2339 1254 2366 hoc
1263 2343 1313 2370 est,
1328 2338 1514 2373 temporalium
1527 2343 1691 2372 satagentcs,

69 2383 247 2431 ἐπιμεληταὶ,
261 2383 375 2430 ῥᾴθυμοι
390 2394 417 2421 δὲ
434 2394 530 2426 οὕτως,
543 2392 581 2424 ὠς
596 2390 789 2426 ὲπιγάννυσθαι
803 2390 858 2420 τοῖς

911 2387 978 2414 adeo
996 2391 1084 2413 autem
1099 2385 1236 2416 socordes,
1249 2388 1277 2410 ut
1288 2383 1368 2410 etiam
1384 2390 1466 2416 super
1485 2383 1580 2410 ovibus
1594 2383 1693 2410 misere

70 2441 218 2476 προϐάτοις
233 2440 333 2472 ἀθλίως
345 2439 507 2466 διολωλόσιν.
532 2439 563 2465 Οἱ
583 2438 632 2473 μὲν
644 2437 698 2472 γὰρ
709 2435 859 2466 πωλοῦντες

71 2488 175 2522 ἔλεγον⁸
193 2497 203 2513 1
222 2486 373 2522 Εὐλογητὸς
390 2486 501 2521 Κύριος,
522 2485 568 2511 καὶ
589 2483 827 2518 πεπλουτήκαμεν.
847 2491 856 2506 ι

72 2534 103 2560 Οί
116 2533 145 2560 δὲ
162 2533 334 2567 κατέσφαζον
354 2541 382 2559 τε
398 2532 445 2559 καὶ
460 2532 510 2558 οὐκ
525 2531 643 2565 ἔπασχον
661 2529 736 2556 οὐδὲν
753 2530 795 2554 ἐπ’
813 2528 861 2554 αὺ-

72 2581 136 2610 τάς·
163 2579 211 2605 τοῦ
233 2579 287 2614 γὰρ
307 2579 407 2614 χρῆναι
425 2577 580 2612 ποιμαίνειν
603 2575 700 2612 ὀρθῶς,
715 2574 802 2605 οὐδεὶς
826 2571 860 2608 ἦν

74 2671 240 2706 καθηγηταὶ,
256 2670 389 2701 κλείοντές
404 2678 434 2695 τε
450 2670 498 2704 τὴν
512 2668 650 2704 βασιλείαν
662 2668 716 2694 τῶν
728 2667 757 2693 οὺ
763 2666 859 2701 ρανῶν,

74 2716 144 2743 καθά
159 2725 242 2751 φησιν
257 2717 271 2742 6
285 2715 412 2750 Χριστὸς,
430 2725 439 2740 ‹
462 2715 516 2741 Καὶ
535 2715 603 2749 μήτε
615 2713 691 2740 αὐτοὶ
705 2711 861 2747 εἰσερχόμε-

72 2770 122 2794 νοι,
138 2763 208 2797 μήτε
226 2761 279 2796 μὴν
293 2761 402 2795 ἑτέρους
415 2760 538 2794 ἀφιέντες
552 2759 690 2786 εἰσελθεῖν·
702 2756 770 2784 ἀλλὰ
784 2765 861 2792 περι-

73 2808 185 2842 άγοντες
202 2807 253 2842 μὲν
265 2807 315 2842 τὴν
338 2806 475 2832 θάλασσαν
491 2805 538 2832 καὶ
551 2804 599 2840 τὴν
615 2802 710 2839 ξηρὰν,
725 2803 767 2828 ’ἱνα
783 2802 861 2838 ποιή-

912 2431 1086 2467 pereuntibus
1098 2431 1264 2457 laetarentur.
1279 2429 1330 2455 Alii
1343 2435 1459 2463 namque
1481 2428 1626 2455 vendentes
1647 2435 1693 2455 eas

912 2478 1037 2506 dicebant
1054 2486 1061 2504 :
1094 2486 1103 2502 1
1121 2476 1281 2504 Benedictus
1292 2474 1431 2506 Dominus,
1444 2477 1469 2501 et
1485 2473 1580 2501 divites
1602 2473 1692 2501 evasi-

914 2531 973 2551 mus
987 2524 1020 2551 “.
1035 2533 1045 2550 ι
1059 2522 1110 2550 Alii
1123 2530 1187 2551 vero
1203 2521 1370 2553 occidebant,
1383 2527 1432 2547 nec
1446 2519 1592 2554 quidquam
1618 2526 1694 2546 com-

915 2570 1112 2600 movebantur;
1130 2575 1191 2595 nam
1204 2572 1234 2594 ut
1251 2571 1324 2594 recte
1340 2570 1492 2601 pascerent,
1512 2565 1537 2592 id
1561 2571 1627 2592 sane
1641 2571 1694 2592 non

914 2617 1054 2643 curabant.
1083 2614 1162 2641 Tales
1180 2620 1259 2648 porro
1276 2616 1355 2639 erant
1380 2611 1503 2638 doctores
1527 2609 1694 2642 Judaaorum,

918 2673 927 2688 1
938 2662 1092 2690 claudentes
1104 2667 1215 2695 regnum
1226 2659 1384 2691 caelorum,»
1396 2658 1466 2685 sicut
1474 2658 1512 2685 ait
1520 2657 1644 2685 Christus
1655 2657 1678 2673 ³⁵
1687 2677 1696 2690 ,

918 2717 927 2734 1
944 2713 971 2736 et
986 2713 1074 2742 neque
1082 2706 1132 2740 ipsi
1146 2706 1344 2738 intrantes,nec
1361 2703 1540 2731 aliosintrare
1555 2704 1675 2731 sitientes
1688 2712 1695 2718 ·

914 2754 961 2781 sed
974 2753 1173 2780 circumeuntes
1187 2757 1261 2778 mare
1273 2754 1301 2777 et
1315 2749 1430 2781 aridam,
1456 2753 1485 2776 ut
1501 2748 1600 2776 faciant
1614 2756 1695 2775 unum

914 2797 1140 2834 proselytum,qui
1151 2804 1211 2824 cum
1224 2796 1310 2823 lactus
1324 2795 1414 2828 fuerit,
1428 2795 1529 2822 faciunt
1539 2802 1599 2822 eum
1613 2793 1695 2820 ﬁlium

107 2863 131 2880 ιε
150 2863 169 2891 Il
186 2848 286 2891 Thess.
308 2862 438 2893 ".541.
474 2862 496 2878 ιο
516 2861 608 2888 Matth.
630 2867 703 2892 xxrv,
718 2859 764 2886 et.
802 2859 825 2875 ιο
839 2857 859 2885 ιι

920 2856 966 2883 ‘22.
1005 2856 1025 2872 ³¹
1043 2854 1109 2882 lbid.
1149 2855 1170 2870 "
1186 2853 1208 2881 ll
1223 2853 1319 2881 Thess.
1337 2860 1366 2886 ιι,
1383 2852 1410 2879 8.
1449 2852 1471 2868 ³³
1488 2851 1600 2880 Zachar.
1613 2857 1654 2883 xt,
1666 2848 1692 2877 5.

75 2899 97 2916 “
111 2899 204 2927 Matth.
218 2905 302 2929 um,
319 2897 362 2924 15.

232 2945 373 2975 Panos.
399 2943 455 2974 Ge.
482 2942 602 2973 LXXII.

1487 2931 1504 2961 7
