1916 3053
215 178 266 204 ἳίὶῆ

707 175 735 202 S.
758 174 895 202 CYItIHJ
916 175 1150 202 ALEXANDle
1171 176 1328 204 ARCIIIEP.

1796 177 1852 202 205

214 237 342 272 gehennae
354 236 460 271 duplum
478 243 558 270 quant
583 235 632 270 ipsi
654 236 760 262 sunt“.
783 245 791 261 ι
824 236 892 268 Quid
920 236 991 270 igitm

1052 245 1118 262 σωσι
1138 237 1185 262 ἕνα
1205 237 1384 272 προσήλυτον,
1415 238 1438 263 εἰ
1461 237 1490 263 δὲ
1504 236 1536 271 δὴ
1569 236 1684 270 γένοιτο,
1701 235 1851 266 ποιοῦντες

214 285 282 311 adeo
297 283 425 317 improbis
453 282 606 316 pastoribus
634 282 762 309 eveniet?
788 292 796 307 ι
817 283 941 313 Gladius,
959 283 999 308 in-

213 330 280 364 qult,
293 336 373 363 super
386 329 525 355 brachium
538 328 632 362 ipsius,
647 332 674 355 et
688 335 769 362 super
782 330 891 355 ‘oculutn
906 329 999 355 dexte-

213 383 270 402 rum
284 375 349 409 ejus.
370 384 378 401 I
396 375 534 401 [truc/tium
545 382 592 409 pro
602 375 704 402 viribus
730 380 757 401 et.
775 379 837 409 typo
851 375 1000 401 ellicientim

212 421 358 454 spiritualis
369 420 509 455 accipitur.
524 419 616 455 Itaque
633 421 666 447 de
681 420 847 447 animalibus
860 420 958 447 occisis
973 421 997 446 in

212 473 290 493 sacro
313 466 484 493 tabernaculo
504 465 602 493 sclecta
624 465 701 492 altari
729 470 822 498 saneto
844 473 906 500 pars
935 466 998 492 bra-

213 511 313 542 chium,
325 519 374 538 seu
389 519 482 538 armus
495 516 563 544 erat,
589 516 617 538 et
638 517 747 538 sacrum
773 511 915 538 donarium
934 511 997 541 Deo.

211 558 369 584 ostendente
381 557 529 592 Scriptura,
544 561 572 584 ut
587 557 723 588 existimo.
734 557 786 584 sub
800 558 914 592 quodam
928 559 997 584 inte—

211 606 349 636 gumento,
378 602 433 629 Deo
459 603 583 637 proprias
606 603 728 636 corporis
759 607 785 629 et
797 603 909 637 spiritus
926 603 997 630 vires

211 648 364 674 consecrari
387 652 522 682 oportere.
552 648 696 675 Brachium
729 653 819 675 autem
846 649 999 683 signiﬁcare

213 694 292 725 vires,
310 694 454 720 testabitur
469 694 577 728 quidam
587 698 754 725 sanctorum,
777 694 860 721 Deum
888 695 997 721 univer-

211 747 301 766 sorum
316 740 475 773 alloquens:
496 749 505 765 ι
531 740 714 775 Magnitudin
730 739 833 766 brachii
859 740 899 766 tui
931 740 997 766 [iant

211 791 239 812 ut
258 785 360 819 lapides
375 785 408 813 “.
427 795 435 810 ι
463 785 561 812 Oculus
587 789 677 812 autem
711 785 809 812 mentis
836 785 925 820 imago
943 789 995 812 est.

210 829 332 857 Patietur
362 830 453 864 itaque
481 830 525 864 qui
551 838 605 857 non
631 834 703 857 recte
733 830 820 865 pascit
837 830 942 857 brachii
970 835 996 857 et

210 876 278 902 oculi
296 876 504 907 mutilationem,
518 876 568 903 hoc
577 881 629 907 est,
644 881 671 903 et
682 883 696 902 a
712 883 843 910 corporeo
865 880 893 902 et
912 883 927 902 a
943 876 998 910 spi-

1054 282 1134 308 αὐτὸν
1152 283 1208 309 υἱὸν
1227 283 1339 318 γεέννης
1356 283 1520 319 διπλώτερον
1540 282 1654 309 ἑαυτῶν.
1675 291 1684 308 ι
1706 282 1786 317 Tibi;
1801 280 1850 308 οὖν

1052 330 1106 364 ἄρα
1122 331 1178 360 τοῖς
1191 329 1263 356 οὕτω
1278 331 1405 366 πονηροῖς
1417 330 1529 365 ποιμέσι
1551 329 1723 364 συμϐήσεται
1738 336 1745 360 ;
1763 338 1772 353 ι
1786 329 1851 355 Μά-

1051 384 1144 410 χαιρα,
1157 376 1250 410 φησὶν,
1264 376 1311 402 ἐπὶ
1325 376 1371 402 τοῦ
1401 376 1544 411 βραχίονος
1566 375 1660 408 αὑτοῦ,
1677 376 1725 402 καὶ
1738 375 1786 401 ἐπὶ
1800 375 1850 400 τὸν

1050 424 1187 459 ὀφθαλμὸν
1200 424 1246 451 τὸν
1256 424 1341 456 δεξιὸν
1357 423 1450 450 αὐτοῦ.
1471 433 1480 450 ι
1498 423 1673 459 Λαμδάνεται
1695 422 1724 449 δὲ
1741 422 1848 456 ὀβρη.

1050 471 1124 504 κίων
1144 471 1184 502 εἰς
1206 470 1325 505 δύναμίν
1348 479 1378 496 τε
1411 471 1458 496 καὶ
1472 470 1558 496 τύπον
1577 469 1627 504 τῆς
1652 469 1848 504 πνευματικῆς

1049 515 1201 550 ἐνεργείας.
1219 515 1273 541 Καὶ
1301 514 1367 548 γοῦν
1392 515 1446 541 τῶν
1473 513 1651 548 σφαζομένων
1664 513 1744 545 ζώων
1760 514 1791 539 ὲν
1812 514 1847 547 τῇ

1049 561 1114 596 ἁγίᾳ
1138 562 1223 597 σκηνῇ
1240 561 1389 588 ἁπόλεκτον
1403 560 1441 595 τῷ
1457 560 1521 595 θείῳ
1544 559 1731 594 θυσιαστηρίῳ
1749 559 1846 594 μέρος,

1047 608 1062 634 ὸ
1078 607 1198 643 βραχίων
1211 605 1254 643 ἦν,
1269 608 1316 634 καὶ
1330 607 1401 642 ἱερὴν
1415 606 1543 642 ἀνάθημα
1565 606 1603 640 τῷ
1615 605 1684 641 Θεῷ,
1701 606 1847 641 ὑπεμφαί-

1048 661 1148 683 νοντας.
1169 652 1257 688 οἶμαι,
1270 652 1317 679 τοῦ
1335 653 1414 686 λόγου
1430 652 1463 679 δι’
1482 652 1652 686 αἰνίγματος,
1673 652 1715 678 ὅτι
1728 652 1769 686 τῷ
1787 651 1847 685 Θεῷ

1048 700 1096 734 τὴν
1113 699 1182 725 ἰδίαν
1208 699 1355 726 ἀναθετέον
1386 699 1463 733 ίσχίιν
1490 698 1538 733 τὴν
1559 699 1719 733 σωματικήν
1749 705 1780 723 τε
1799 698 1847 723 καὶ

1049 746 1245 779 πνευματικήν.
1268 745 1328 770 ’Ότι
1344 744 1371 770 δὲ
1398 745 1413 770 ὁ
1439 744 1558 779 βραχίων
1578 743 1781 778 κατασημαίνει
1796 743 1847 776 τὴν

1046 790 1171 825 δύναμιν,
1188 790 1354 817 πιστώσεταί
1371 799 1412 822 τις
1439 791 1492 816 τῶν
1523 791 1618 824 ἁγίων,
1636 790 1675 824 τῷ
1700 790 1757 815 τῶν
1777 789 1847 815 ὅλων

1047 837 1106 871 Θεῷ
1129 836 1381 871 προσπρφωνηκώς
1400 846 1409 862 ι
1423 836 1538 870 Μεγέθει
1557 836 1698 871 βραχίονός
1718 844 1766 861 σου
1782 835 1847 861 ἀπο-

1048 883 1251 918 λιθωθήτωσαν.
1271 893 1280 908 ι
1325 884 1352 909 '0
1375 883 1404 909 δέ
1430 891 1462 916 γε
1487 883 1626 917 ὀφθαλμὸς
1647 883 1678 908 ὲκ
1693 882 1741 908 νοῦ
1757 881 1850 914 τύπον

211 922 298 949 rituali
311 922 407 950 robore
417 923 566 949 deseretur.
582 921 639 949 Non
673 923 744 950 enim
770 922 909 957 quidpiam
937 922 989 950 bon

1052 929 1227 963 λαμϐάνεται.
1244 929 1368 955 Πείσεται
1382 928 1413 964 δὴ
1431 927 1477 955 οὖν
1491 930 1504 955 ὁ
1521 929 1558 964 μὴ
1586 929 1741 963 ποιμαίνων
1755 928 1846 963 ὀρθῶς

210 973 338 1001 praestare
350 967 459 1002 poterit,
480 967 532 994 Deo
554 967 628 994 illum
643 975 696 994 non
716 968 910 995 corroborante
931 975 937 992 :
970 972 997 994 et

209 1014 299 1041 animo
307 1013 388 1041 obscu
394 1015 506 1047 rabitur,
515 1014 560 1048 qui
573 1014 656 1041 divini
668 1013 777 1040 luminis
785 1020 882 1049 expers
889 1017 994 1045 autest,

209 1065 255 1087 aut
269 1065 407 1088 censetur.
422 1059 497 1087 Ilaud
514 1061 585 1087 enim
601 1068 660 1087 eum
680 1059 775 1087 ﬁducia
787 1059 877 1086 dicet:
898 1068 907 1084 ι
923 1058 995 1091 Quo-

209 1106 280 1133 niam
299 1111 323 1133 tn
349 1107 512 1134 illuminabis
525 1107 662 1134 lucernam
679 1105 911 1137 meam,I)omine;
926 1105 996 1133 Deus

208 1159 295 1185 meus,
313 1152 476 1179 illuminabis
493 1152 616 1179 tenebras
636 1151 748 1178 nicas".
761 1160 769 1176 ι
790 1151 932 1177 Dexterum
948 1158 996 1176 au-

209 1204 262 1225 tent
279 1199 418 1225 brachium
431 1198 553 1232 estquod
570 1198 659 1232 gladio
675 1197 838 1231 praeciditur,
855 1201 883 1223 el.
896 1195 994 1224 oculus

208 1247 302 1272 dexter
317 1246 363 1280 qui
388 1250 552 1272 exeaaeatnr.
579 1244 651 1271 Nihil
681 1244 751 1270 enim
766 1243 907 1270 dexterum
923 1244 994 1277 apud

208 1292 332 1326 populum
345 1292 510 1324 Judaeurum,
523 1299 574 1318 non
589 1291 659 1317 actio
672 1291 778 1317 bona...
795 1309 801 1316 .
816 1289 933 1322 Etenim,
966 1293 995 1315 ut

207 1344 247 1366 est
264 1338 333 1372 apud
361 1337 484 1370 Paulum,
502 1345 511 1362 ι
544 1336 634 1371 Usque
658 1337 737 1363 hodie
764 1337 872 1369 quando
898 1335 995 1369 legitur

207 1385 304 1417 Moses,
320 1384 441 1411 velamen
456 1391 537 1417 super
550 1390 597 1410 cor
613 1390 706 1410 eorum
738 1383 854 1417 positum
869 1386 910 1408 est
922 1381 954 1407 ³⁸.
982 1391 990 1405 ι

207 1431 299 1458 Psallit
319 1434 347 1458 et
374 1430 471 1457 alicubi
498 1429 581 1456 David
600 1429 632 1456 de
659 1428 750 1463 ipsis:
769 1438 778 1454 ι
809 1427 994 1456 Obscurentnr

205 1477 275 1504 oculi
290 1484 383 1504 eorum
401 1484 434 1503 ne
444 1476 551 1502 videant
564 1475 597 1501 ".
618 1484 626 1500 I
643 1474 739 1502 Otnnia
767 1474 848 1509 igitur
885 1474 991 1501 illorum

206 1523 326 1553 sinistra,
340 1522 396 1549 sive
410 1522 539 1555 cogitata,
553 1521 609 1547 sive
625 1527 713 1546 mores
729 1520 813 1551 dicas,
835 1519 892 1546 sive
921 1519 994 1546 aliud

205 1576 298 1596 eorum
310 1575 368 1602 quo:
383 1567 435 1594 illis
451 1568 545 1594 adesse
556 1565 659 1593 credita
671 1569 744 1592 sunt.
758 1565 797 1592 Ac
819 1565 991 1592 sinistrarum

1049 974 1190 1010 βραχίονός
1200 983 1229 1000 τε
1241 975 1286 1000 καὶ
1302 974 1443 1009 ὀφθαλμοῦ
1457 974 1506 1008 τὴν
1537 976 1672 1010 πήρωσιν,
1689 974 1844 1005 τουτέστιν,

1048 1020 1151 1055 ἔρημος
1178 1020 1253 1046 ἔσται
1272 1020 1431 1055 σωματικῆς
1464 1021 1510 1047 καὶ
1533 1021 1723 1055 πνευματικῆς
1740 1020 1841 1056 ἰσχύος.

1048 1065 1084 1090 Οὐ
1097 1065 1152 1100 γὰρ
1181 1065 1324 1100 δυνήσεταί
1350 1074 1377 1091 τι
1395 1065 1567 1101 κατορθῶσαι
1590 1066 1644 1093 τῶν
1674 1066 1790 1100 ἀγαθῶν
1806 1066 1842 1101 μὴ

1047 1111 1217 1146 ἐνισχύοντος
1242 1111 1324 1138 Θεοῦ·
1349 1111 1629 1147 κατασκοτισθήσεται
1661 1112 1691 1138 δὲ
1719 1112 1768 1138 καὶ
1798 1112 1842 1139 τὺν

1046 1157 1119 1188 νοῦν,
1143 1158 1276 1192 ἀμέτοχος
1292 1157 1339 1184 τοῦ
1369 1157 1442 1184 Θείου
1475 1158 1564 1192 φωτὸς
1590 1157 1723 1194 ὑπάρχων
1751 1167 1780 1184 τε
1797 1159 1841 1184 καὶ

1047 1204 1200 1239 νοούμενος.
1221 1205 1257 1230 Οὐ
1271 1204 1325 1240 γὰρ
1339 1203 1483 1238 δυνήσεται
1497 1204 1587 1238 λέγειν
1604 1205 1636 1231 ὲκ
1663 1205 1822 1240 παρρησίας
1832 1213 1838 1220 ·

1049 1262 1058 1276 ι
1076 1251 1140 1277 Ὀτι
1159 1251 1191 1277 σὺ
1203 1252 1315 1285 φωτιεῖς
1342 1250 1438 1285 λύχνον
1453 1259 1515 1286 μου.
1532 1250 1628 1285 Κύριετ
1644 1251 1658 1277 ὁ
1681 1250 1749 1282 Sed;
1778 1260 1838 1285 μου,

1046 1297 1157 1332 ιξωτιεῖς
1174 1297 1205 1323 τὸ
1221 1297 1316 1328 σκότος
1346 1305 1407 1331 μου.
1422 1306 1431 1322 ι
1450 1296 1541 1329 Δεξιδς
1558 1296 1585 1323 δὲ
1599 1297 1613 1322 ὁ
1634 1296 1756 1332 βραχίων
1778 1297 1792 1322 ὁ
1807 1298 1838 1331 τῇ

1050 1343 1175 1378 μαχαίρᾳ
1199 1342 1381 1377 τεμνόμενος,
1405 1343 1453 1368 καὶ
1475 1341 1528 1377 μὴν
1542 1341 1589 1368 καὶ
1608 1341 1747 1377 ὀφθαλμὸς
1760 1343 1775 1367 ὁ
1793 1350 1838 1367 τυ-

1046 1388 1206 1423 φλούμενος.
1222 1387 1312 1419 Δεξιδν
1328 1387 1382 1423 γὰρ
1406 1387 1482 1414 οὐδὲν
1511 1387 1587 1422 παρὰ
1615 1388 1672 1419 τοῖς
1702 1387 1839 1414 Ἰοιιδαῖων

1044 1434 1151 1469 δήμοις,
1182 1433 1212 1459 οὺ
1235 1428 1454 1468 πρᾶξιςάγαθή.
1495 1454 1502 1460 .
1543 1455 1549 1460 .
1591 1455 1596 1461 .
1637 1455 1643 1460 .
1685 1454 1691 1460 .
1735 1455 1740 1461 .
1784 1455 1791 1461 .
1831 1454 1836 1460 .

1039 1480 1082 1511 Ὡς
1093 1479 1148 1514 γὰρ
1163 1480 1176 1506 ὁ
1192 1478 1298 1510 Παῦλος
1314 1487 1406 1514 φησιν,
1438 1488 1447 1505 ‹
1465 1480 1545 1515 ’Λχρι
1562 1480 1681 1516 σ’ήμερον
1706 1481 1792 1515 ἡνίκα
1807 1481 1839 1507 ἂν

1045 1524 1264 1558 ἀναγινώσκηται
1293 1524 1405 1558 Μωσῆς,
1433 1523 1567 1559 κάλυμμα
1596 1525 1641 1551 ἐπὶ
1658 1525 1707 1560 τὴν
1723 1526 1838 1560 καρδίαν

1043 1569 1132 1597 αὐτῶν
1143 1571 1240 1596 κεῖται.
1253 1579 1261 1595 ›
1277 1569 1381 1596 Ψάλλει
1395 1569 1422 1595 δέ
1443 1579 1494 1596 που
1509 1571 1556 1596 καὶ
1572 1571 1586 1597 ὁ
1601 1571 1684 1598 Δασιδ
1696 1572 1763 1607 περὶ
1791 1573 1837 1598 αὺ-

204 1614 312 1649 quidem
330 1613 492 1640 ablutionem
507 1612 659 1639 conducere
671 1608 760 1644 posse;
776 1617 835 1637 eam
854 1610 991 1638 sustinen-

1045 1616 1107 1642 τῶν·
1139 1625 1148 1641 ι
1168 1615 1393 1650 Σκοτισθήτωσαν
1409 1615 1434 1641 οἱ
1458 1614 1593 1651 ὀφθαλμοὶ
1613 1617 1703 1644 αὐτῶν
1730 1603 1779 1644 τοῦ
1803 1620 1838 1653 μὴ

206 1659 287 1692 tibus,
304 1666 357 1685 non
380 1665 421 1684 me
437 1657 512 1684 latet.
538 1657 603 1683 Nam
626 1655 745 1690 'abjectio
768 1656 889 1684 stultitia:
916 1656 989 1683 Omni

205 1703 281 1738 culpa
301 1707 328 1731 et
342 1703 439 1737 probro
451 1709 497 1729 eos
512 1701 662 1728 liberaverit
678 1710 684 1733 ;
713 1701 793 1736 772
815 1706 908 1729 contra
938 1710 989 1729 non

205 1749 377 1777 mediocriter
421 1747 517 1774 Itescrit
546 1747 701 1775 dextrorum
729 1747 840 1774 amissio
859 1756 866 1774 :
883 1748 990 1774 omnino

204 1795 275 1821 enim
290 1793 323 1821 ad
337 1793 478 1820 inhonesta
504 1797 531 1820 et
552 1793 668 1820 maxime
679 1793 855 1821 cxsecrabilia
872 1794 988 1822 deducit.

205 1840 258 1867 Sed
272 1839 378 1867 Iudaeos
395 1840 500 1871 deccat,
516 1843 543 1866 et
559 1846 688 1874 perquam
701 1840 902 1874 convenienter,
928 1848 991 1875 spo~

205 1885 284 1913 liatos
301 1885 406 1921 dextris
435 1888 621 1921 paupertatem
653 1884 796 1919 perferre:
822 1893 871 1913 nos
900 1891 990 1913 autem

204 1931 248 1965 qui
276 1919 369 1958 sdmus
385 1930 410 1957 in
425 1919 545 1962 Christo,
563 1930 673 1957 sinistra
685 1930 819 1964 amittere,
829 1935 856 1958 et
890 1931 991 1959 dextris

203 1976 323 2010 gloriari.

1046 1661 1165 1696 βλέπειν.
1179 1670 1188 1686 ι
1202 1661 1289 1687 Σκαιὰ
1299 1660 1330 1695 δὴ
1353 1657 1399 1687 οὖν
1418 1660 1524 1688 ἅπαντα
1538 1661 1571 1688 τὰ
1595 1663 1660 1697 παρ’
1672 1662 1777 1695 αὐτοῖς,
1789 1664 1838 1690 κᾶν

1045 1706 1142 1741 νόημα,
1155 1705 1205 1733 κᾶν
1225 1706 1324 1741 τρόπον
1336 1706 1416 1743 εἴπῃς
1426 1727 1432 1738 ,
1447 1707 1498 1733 κᾶν
1523 1707 1616 1742 ἕτερόν
1640 1717 1665 1735 τι
1679 1709 1736 1735 τῶν
1751 1718 1837 1744 προπ-

1046 1753 1114 1778 εἰναι
1138 1751 1372 1787 πεπιστευμένων.
1401 1751 1462 1778 Τῶν
1497 1753 1546 1787 μὲν
1565 1753 1618 1788 γὰρ
1639 1753 1797 1790 ἀριστερῶν
1820 1757 1835 1790 ἡ

1045 1797 1190 1833 ἀφαίρεσις
1213 1797 1334 1832 ὀνήσειεν
1351 1797 1384 1824 ἂν
1412 1795 1460 1824 οἶδ’
1481 1799 1521 1825 ὅτι
1537 1799 1600 1831 τοὺς
1637 1800 1834 1835 ὑπομένοντας.

1050 1842 1182 1877 Ἀποϐολη
1196 1843 1250 1877 γὰρ
1266 1842 1424 1877 σκαιότητος
1437 1843 1525 1874 αἰτίας
1547 1852 1576 1869 τε
1592 1843 1638 1870 καὶ
1653 1844 1752 1879 μώμου
1769 1854 1835 1872 παν-

1043 1888 1087 1919 τὸς
1113 1888 1291 1920 ἀπαλλάξειεν
1323 1888 1356 1914 ἂν
1387 1889 1496 1920 αὐτούς.
1524 1890 1674 1925 Ἀδικήσειε
1701 1891 1725 1918 δ’
1740 1891 1775 1918 ἂν
1806 1893 1835 1918 οὐ

1045 1934 1163 1969 μετρίως
1193 1935 1209 1969 ἡ
1236 1934 1289 1960 τῶν
1310 1934 1406 1966 δεξιῶν
1434 1935 1578 1969 ἀπόδειξις.
1611 1937 1758 1972 ’Δποφέρει
1781 1939 1834 1973 γὰρ

1043 1979 1152 2009 πάντως
1169 1979 1207 2010 είς
1222 1979 1256 2005 τὰ
1271 1979 1379 2013 αἰσχίω,
1396 1981 1442 2006 καὶ
1457 1980 1655 2017 βδελυρώτατα.
1676 1982 1746 2009 Ἀλλ’
1772 1984 1835 2010 Ίου-

202 2024 286 2055 δαίοις
301 2023 399 2059 πρέποι
416 2021 459 2054 ειν,
479 2021 526 2047 καὶ
545 2021 617 2056 μάλα
637 2021 759 2053 εἰκότως⁷
775 2022 805 2048 τὸ
821 2023 849 2048 ἐν
881 2023 1006 2058 στερήσει
1027 2023 1155 2051 πένεσθαι
1183 2025 1236 2051 τῶν
1267 2025 1371 2058 δεξιῶν·
1387 2026 1453 2061 ἡμῖν
1487 2027 1514 2053 δὲ
1530 2029 1587 2060 τοῖς
1605 2030 1633 2056 ὲν
1650 2030 1763 2065 Χριστῷ
1787 2030 1835 2064 τὴν

203 2069 338 2104 ἀποϐολὴν
362 2067 489 2102 γενέσθαι
509 2065 679 2102 σναιότητος,
697 2068 743 2094 καὶ
771 2069 826 2099 τοῖς
836 2066 931 2100 δεξιοῖς
946 2068 1151 2104 ἐναῦρύνεσθαι.

327 2144 529 2190 TOMUS
571 2144 857 2196 QUINTUS.

521 2219 596 2248 CAP.
612 2219 671 2247 XII.

239 2278 320 2306 Vnus.
336 2278 360 2305 I.
385 2278 532 2313 Assumptio
557 2276 628 2304 uerbi
657 2275 763 2303 Domini
789 2282 866 2309 super
890 2274 985 2301 Israel.

203 2325 277 2352 Dixit
290 2324 417 2352 Dominus
429 2325 568 2351 extendens
583 2323 689 2354 celum,
701 2326 726 2349 et
747 2321 862 2355 [undam
877 2325 986 2355 terram,

203 2375 226 2397 ιι
233 2371 332 2405 [ingens
349 2370 468 2405 spiritum
478 2369 590 2397 hominis
608 2369 635 2395 in
646 2376 682 2396 eo.

236 2426 377 2454 LXXXVI.
392 2426 534 2461 Postquam
544 2425 616 2460 quod
635 2423 750 2452 suﬂiciat
768 2423 987 2451 commodissime

202 2473 330 2500 disseruit
351 2473 385 2500 de
407 2479 470 2499 vero
496 2475 613 2506 pastore,
640 2470 691 2496 hoc
710 2473 751 2496 est
775 2469 986 2504 Christo,atque

201 2518 283 2545 etiam
304 2518 337 2544 de
357 2517 493 2552 imperito,
521 2520 549 2542 et
578 2515 773 2547 crudelissimo,
799 2518 826 2542 ct
858 2515 985 2542 carniﬁce

200 2562 302 2595 ovium,
315 2569 396 2596 quem
419 2560 615 2590 Antichristum
645 2567 705 2587 esse
730 2559 853 2594 dieinms,
882 2560 984 2588 utiliter

199 2607 281 2634 etiam
297 2606 448 2634 futurarum
468 2605 612 2640 aliquando
641 2606 857 2639 persecutionum
888 2610 981 2634 contra

198 2652 538 2686 Israelem,etneutiquam
558 2652 664 2686 quidem
696 2652 801 2680 lsraelis
834 2653 982 2681 secundum

199 2705 320 2731 carnem,
333 2697 380 2725 sed
395 2696 572 2731 iutelligibilis
588 2698 659 2725 illius
676 2702 704 2725 et
736 2706 799 2726 vere
827 2703 927 2726 sancta:
937 2698 982 2726 Je-

199 2743 326 2774 rusalem.
339 2750 399 2777 quae
412 2746 454 2770 est
469 2753 477 2768 ι
496 2743 615 2771 Ecclesia
642 2744 687 2771 Dei
705 2744 819 2772 viventis
833 2745 855 2760 “‘
866 2754 890 2777 ,ι
905 2752 980 2771 meu-

199 2790 297 2816 tionem
307 2789 416 2817 inducit.
431 2790 505 2818 Sicut
523 2792 592 2819 cnim
607 2792 753 2819 asserimus
777 2799 838 2819 esse
852 2791 979 2825 intelligi-

234 2846 255 2860 "
272 2845 363 2876 Matth.
376 2857 450 2878 .“lll.
470 2851 509 2877 l5.

199 2889 238 2912 tn.
258 2881 298 2908 l5.

1155 2194 1162 2201 _
1182 2143 1373 2186 ΤΟΜοΣ
1404 2145 1609 2188 IIEMHT
1611 2147 1696 2189 ΟΣ.

1336 2219 1460 2247 ΚΕΦΑΛ.
1480 2221 1528 2248 ΙΒ’.

1077 2273 1183 2308 Λῆμμα
1196 2275 1290 2309 λόγου
1309 2276 1420 2310 Κυρίου
1449 2277 1498 2304 ἐπὶ
1523 2278 1576 2304 τὸν
1599 2280 1726 2314 Ἰσραήλ.
1746 2283 1831 2317 Λέγει

1042 2319 1159 2353 Κύριος,
1172 2320 1312 2348 ἐκτείνων
1326 2323 1466 2356 οἰιοανᾶν,
1481 2324 1529 2350 καὶ
1543 2326 1687 2359 θεμελιῶν
1699 2327 1770 2362 γῆν,
1783 2330 1830 2355 καὶ

1041 2365 1190 2392 πλάσσων
1206 2367 1323 2402 πνεῦμα
1337 2368 1494 2403 ἀνθρώπου
1504 2370 1540 2397 ἐν
1552 2371 1642 2404 αὐτῷ.

1076 2423 1147 2456 HG’.
1187 2423 1363 2460 ’Δποχρῶσαν
1394 2423 1423 2452 εὖ
1456 2426 1529 2461 μάλα
1568 2428 1753 2463 ποιησάμενος
1782 2430 1830 2465 τὴν

1038 2467 1174 2504 ἀφήγησιν
1190 2469 1239 2505 τὴν
1263 2470 1309 2496 ὲπί
1333 2479 1364 2504 γε
1392 2471 1432 2506 τῷ
1447 2471 1542 2507 ἀγαθῷ
1560 2473 1687 2508 ποιμένι,
1705 2475 1828 2502 τουτέστι

1036 2514 1155 2550 Χριστῷ,
1184 2516 1231 2542 καὶ
1259 2515 1308 2551 μέν
1332 2525 1374 2543 τοι
1396 2517 1445 2552 τὴν
1476 2518 1523 2544 ἐπὶ
1549 2518 1587 2554 τῷ
1613 2519 1765 2555 ἀπείρῳτε
1783 2523 1828 2548 καὶ

1035 2560 1178 2596 ὠμοτάτῳ,
1193 2561 1240 2588 καὶ
1270 2563 1470 2598 κρεωνομοῦντι
1484 2564 1518 2590 τὰ
1534 2564 1668 2600 πρόϐατα,
1682 2566 1778 2593 τοῦτον
1800 2567 1828 2594 δὲ

1034 2602 1103 2631 εἷναί
1117 2613 1207 2641 φαμεν
1221 2606 1266 2633 τὸν
1283 2607 1475 2642 ’Λντίχριστον,
1491 2609 1673 2645 διαμέμνηται
1683 2613 1827 2647 χρησίμως

1038 2650 1084 2677 καὶ
1099 2651 1152 2678 τῶν
1178 2651 1315 2686 ἐσομένων
1332 2653 1403 2680 κατὰ
1416 2656 1528 2690 καιροὺς
1547 2656 1686 2691 διωγμῶν,
1708 2659 1781 2685 κατὰ
1795 2667 1825 2692 γε

1035 2697 1083 2722 τοῦ
1104 2697 1221 2732 Ἰσραὴλ,
1242 2699 1288 2724 καὶ
1304 2699 1364 2734 οὐχὶ
1388 2700 1419 2736 δὴ
1437 2701 1544 2733 πάντως
1568 2702 1616 2728 τοῦ
1631 2703 1703 2730 κατὰ
1721 2704 1824 2739 σάρκα,

1038 2741 1137 2776 μᾶλλον
1147 2741 1174 2768 δὲ
1191 2741 1236 2768 τοῦ
1262 2743 1368 2778 νοητοῦ,
1386 2745 1432 2771 καὶ
1448 2745 1497 2780 τῆς
1524 2746 1604 2779 ἁγίας
1619 2746 1703 2778 ὅντως
1725 2748 1825 2782 Ἰερου-

1036 2787 1136 2823 σαλὴμ,
1149 2788 1208 2823 ἥτις
1225 2789 1298 2816 ἐστὶν
1313 2799 1322 2815 t
1339 2790 1485 2826 Ἐκκλησία
1497 2791 1565 2818 Θεοῦ
1581 2792 1708 2824 ζῶντος.»
1721 2793 1824 2828 ’Ὠσπερ

541 2851 563 2866 ³⁸
581 2849 667 2878 Exod.
685 2857 729 2883 xv,
743 2849 784 2876 16.
812 2850 832 2865 ³⁷
845 2849 917 2878 Psal.
935 2855 989 2875 xvn

1045 2847 1064 2873 I.
1104 2845 1126 2861 "
1142 2845 1162 2872 ll
1180 2845 1242 2873 Cor.
1257 2854 1299 2881 Ill,
1316 2847 1359 2875 I5.
1388 2847 1409 2865 ³³
1424 2848 1494 2876 Psal.
1511 2857 1605 2882 vaut,
1623 2849 1668 2876 ει.
1692 2850 1736 2877 "l
1753 2849 1822 2878 Tim.
