1916 3053
253 176 306 203 207

763 171 792 198 S.
812 171 948 199 CYRILLI
967 171 1202 199 ALEXANDRINI
1223 171 1383 199 ARCHIEP.

1838 173 1884 200 203

252 235 286 264 Et
296 241 359 262 ecce
371 240 420 267 ego
437 231 513 258 trado
528 229 663 261 homines.
675 237 894 265 unumquemque
910 231 1033 258 inmanus

1092 230 1201 266 Κύριος.
1219 231 1274 258 Καὶ
1294 231 1347 257 iaci;
1370 230 1424 265 ἐγὼ
1440 230 1611 266 παραδίδωμι
1624 230 1685 262 τοὺς
1709 229 1883 266 ἀνθρώπους,

253 278 368 314 proximi
384 277 438 308 sui,
454 280 481 303 et
494 277 520 302 in
534 281 631 302 manus
646 275 717 310 regis
742 275 810 309 ejus.
837 275 870 302 Et
894 276 1037 304 concident

253 330 365 356 terram,
378 326 401 349 et
419 329 473 348 non
490 327 582 349 eruam
594 320 628 348 de
642 328 721 348 manu
735 328 830 348 eorum
846 321 878 347 δ”.
897 331 907 346 ι
921 322 949 348 in
976 329 1037 349 ver-

252 371 294 398 bis
310 374 399 397 autem
415 368 495 396 modo
513 367 597 395 illatis
620 367 758 395 institutas
777 373 871 395 contra
888 367 1036 396 Ecelesiam

252 415 456 450 persecutiones
469 413 571 448 liquido
593 413 768 440 vaticinatur.
795 413 932 441 Vexarunt
965 414 1036 442 enim

252 461 397 489 credentes
412 460 438 487 in
448 459 585 487 Christum
601 467 656 494 pra:
670 459 732 486 aliis
751 459 877 487 omnibus
900 460 1038 494 principes

253 506 402 542 Synagoga:
413 505 580 536 Judaeorum,
593 505 783 532 denuntiantes
794 506 896 532 sanctis
909 505 1039 540 apostolis

254 560 286 579 ne
307 553 483 586 loquerentur
509 550 535 577 iu
564 550 672 577 nomine
695 549 796 577 Christi
807 549 846 583 ";
873 550 1038 585 ﬂagellantes

253 604 360 632 qucque
381 596 440 623 illos
453 596 479 623 in
493 595 617 629 conciliis
628 596 662 628 “,
677 600 703 623 et
719 599 849 630 praeterea
864 595 976 630 lapidari
988 602 1036 622 cu-

255 642 385 675 rantes",
395 647 423 670 et
440 642 503 676 quid
516 649 568 668 non
583 642 689 669 tandem
701 641 938 668 sceleratissimum
951 641 977 668 in
992 647 1038 668 eos

253 689 372 716 dicentes
390 695 421 714 ac
436 687 586 714 facientes?
614 687 759 721 Postquam
791 690 879 713 autem
907 692 955 720 per
977 693 1039 720 gen-

253 733 318 758 tium
337 739 443 766 quoque
458 731 582 766 regiones
597 738 687 758 sermo
700 730 732 757 de
743 729 853 758 Christo
870 730 1036 765 percrebuit,

252 779 278 802 et
290 775 420 807 indigena:
435 772 599 808 evangelicis
609 772 847 807 praedicationibus
871 773 1039 806 obtempera-

252 819 416 855 runl,774
433 826 536 846 rursum
552 818 610 845 alize
626 818 829 853 persecutiones
839 817 964 845 excitata!
975 821 1039 844 sunt

251 873 299 899 per
316 871 374 895 eos.
389 865 433 898 qui
448 864 619 892 successione
650 867 844 897 regnaverunt,
861 867 890 890 et
905 862 1038 897 impuram

256 918 287 937 ac
301 910 488 937 detestandam
528 908 708 936 idololatriam
733 909 872 936 vindicare
895 912 1034 940 conantes,
1053 903 1073 932 Β

250 954 440 989 diabolicaeque
453 954 598 989 impietatis
616 953 732 981 ministri
761 953 837 986 lacti,
859 958 969 980 sanctos
1003 953 1037 980 ad

250 1001 397 1036 martyrica
413 999 563 1027 certamina
584 1004 714 1027 vocantes
744 999 949 1026 interemerunt.
973 998 1035 1025 Visa

250 1051 292 1074 est
303 1051 390 1074 autem
408 1046 528 1073 Ecclesia
544 1050 695 1080 opportuna
716 1045 832 1079 injuriis,
865 1044 1036 1072 nemine'de-

251 1092 422 1124 fendenle,ct
436 1091 533 1119 similis
545 1090 685 1118 vestibulis
698 1090 806 1125 agitatis
831 1095 858 1116 et
874 1089 1034 1123 labentibus,

249 1138 390 1165 autetiam
407 1137 488 1172 lapidi
508 1136 675 1164 conculcato.
693 1135 798 1163 Etenim
812 1135 936 1162 Salvator
959 1142 1035 1162 com~

249 1183 348 1215 rntmis,
360 1191 420 1210 cmn
433 1182 511 1209 facile
526 1186 617 1218 posset
633 1181 731 1209 bellum
755 1188 836 1209 omne
861 1180 967 1213 sedare,
981 1181 1035 1207 imo

249 1234 277 1256 et
287 1229 320 1256 ab
330 1229 415 1263 ipsum
432 1228 629 1255 honorantibus
643 1234 794 1259 removere,
807 1234 906 1261 eosque
917 1226 950 1253 ab
961 1226 1033 1253 omni

249 1275 397 1303 Ienlatione
413 1274 548 1301 immunes
573 1273 744 1308 hostiumque
755 1272 858 1300 viribus
878 1272 1034 1307 superiores

249 1325 379 1356 praestare
397 1340 405 1351 ,
436 1326 485 1347 sua
513 1318 604 1346 divina
632 1318 798 1352 providentia
823 1325 870 1352 per
903 1325 982 1344 casus
1007 1321 1034 1344 et

247 1363 521 1393 mrumnasillustrari
536 1364 668 1398 permisit,
681 1368 711 1390 ut
725 1363 775 1391 sibi
791 1362 944 1390 conformes
976 1363 1034 1390 red‘

246 1411 307 1443 diti.
322 1418 375 1437 una
395 1409 616 1444 glorilicarcntur
629 1412 656 1435 et
669 1411 879 1441 conregnarent.
900 1416 909 1433 ι
922 1407 1031 1434 Sionim

247 1456 437 1490 compatiinur,
445 1459 472 1482 et
482 1453 706 1488 conregnabimus
715 1453 764 1486 illi,
773 1457 802 1480 ut
811 1452 940 1487 scriptum
950 1452 1031 1485 est",

245 1506 273 1528 et
293 1501 315 1528 si
337 1500 403 1528 socii
433 1499 590 1535 passionum
619 1505 724 1531 smnus,
757 1498 839 1526 etiam
868 1498 960 1534 gloria:
979 1498 1032 1526 eri-

248 1555 308 1574 mus
320 1547 353 1574 ".
372 1556 382 1573 ι
401 1546 445 1573 Ait
458 1552 542 1580 ergo:
560 1553 570 1570 ι
588 1543 659 1572 Ecce
672 1551 722 1580 ego
735 1551 805 1579 pono
818 1543 969 1572 Jerusalem
1002 1549 1032 1572 ut

248 1592 378 1620 vestibula
394 1595 556 1619 commota.)
572 1589 650 1624 Quod
662 1589 685 1618 si
701 1589 758 1624 liat,
773 1590 966 1625 cingetur,hoe
990 1594 1032 1618 est

246 1637 413 1666 obsidebilur
429 1636 462 1663 ab
479 1635 604 1663 omnibus
620 1643 627 1662 :
652 1639 679 1662 et
696 1643 757 1662 cum
772 1635 908 1662 videbitur
922 1642 981 1663 esse
1002 1639 1034 1664 ut

247 1685 317 1719 lapis
330 1682 519 1714 conculcatus,
541 1685 604 1708 tunc
617 1681 705 1708 omnis
718 1680 834 1708 illudens
845 1680 948 1708 illudet.
961 1681 1033 1708 Con-

246 1729 308 1764 tigit
339 1729 400 1761 hoc,
425 1727 496 1754 sicut
520 1727 600 1762 paulo
621 1731 684 1754 ante
706 1725 841 1758 dicebam,
864 1725 1031 1760 singulorum

246 1779 395 1808 temporqu
411 1771 653 1807 persecutionibus.
664 1771 757 1799 Adorti
772 1772 913 1798 suntenim
924 1777 1032 1800 sanctos

247 1819 338 1847 multis
358 1819 445 1846 modis
457 1825 505 1846 eos
519 1817 685 1851 cruciantes,
699 1822 727 1846 et
765 1817 941 1845 morientibus
965 1818 1033 1845 lorte

246 1865 328 1892 etiam
344 1864 503 1892 insultantes
511 1864 615 1892 miseri.
630 1862 793 1891 Nesciebant
809 1863 881 1891 enim
912 1862 1033 1898 profecto

245 1915 345 1945 quanta
358 1917 391 1938 ex
402 1909 592 1938 alllicliouibus
605 1909 762 1946 proveniret
788 1909 884 1944 gloria,
902 1914 930 1936 et
961 1909 1034 1937 dolo-

245 1965 302 1985 rem
319 1957 372 1985 illis
388 1961 546 1992 perpetuam
562 1956 646 1983 animi
681 1955 844 1983 hilaritatem
871 1956 1032 1990 parituram.

248 2003 390 2037 Perpende
405 2010 495 2037 porro.
508 2001 643 2036 quomodo
658 1999 710 2029 rion
724 2002 805 2034 dicat,
815 2009 883 2036 opus
895 2008 954 2029 esse
969 2011 1034 2037 gen-

245 2049 311 2076 tium
325 2048 462 2083 potentiae,
484 2047 613 2075 Ecclesiae
642 2046 888 2080 conculcatiouem,
914 2046 960 2075 sed
978 2055 1033 2076 sua:

243 2094 390 2122 voluntatis
419 2097 446 2120 et
459 2092 575 2121 consilii.
590 2093 672 2127 Cupit
685 2093 770 2125 enim,
787 2096 815 2120 ut
840 2093 905 2126 dixi,
938 2094 1033 2121 adora-

244 2145 318 2168 tores
342 2147 405 2166 suos
427 2139 507 2167 rebus
535 2139 654 2166 adversis
670 2138 761 2173 perﬁci
791 2143 817 2166 et
842 2140 1033 2167 consummari.

243 2186 290 2213 Ait
307 2193 424 2220 namque
440 2195 446 2212 :
465 2195 474 2211 ι
495 2185 550 2220 Ego
574 2192 646 2218 pono
667 2183 820 2212 Jerusalem
848 2189 877 2210 ut
899 2185 1032 2212 vestibula

243 2235 377 2258 commota
389 2231 514 2258 omnibus
525 2230 631 2265 populis
641 2230 668 2257 in
685 2229 811 2257 circuitu.
824 2238 834 2255 ι
847 2229 922 2257 Haud
935 2229 1026 2258 diver-
1044 2239 1064 2266 ι)

243 2285 302 2304 sum
314 2277 378 2304 illud
388 2281 440 2308 est.
452 2277 562 2311 opinor,
576 2275 648 2310 quod
660 2282 676 2302 a
699 2274 840 2302 Salvatore
857 2274 889 2301 ad
910 2274 1026 2302 Pilatum

242 2321 362 2349 dicitur:
381 2331 390 2347 ι
406 2321 463 2348 Non
482 2321 595 2348 haberes
612 2323 773 2355 potestatem
817 2320 961 2347 adversum
985 2328 1027 2348 me

243 2367 334 2399 ullam,
345 2367 395 2394 nisi
409 2367 454 2394 tibi
470 2367 562 2394 datum
574 2369 645 2393 esset
660 2365 774 2399 desuper
787 2365 821 2392 ⁵ο.
845 2374 855 2391 ι
872 2365 916 2393 Sic
932 2367 1028 2394 merito

241 2413 500 2447 eliamdicatquam
524 2412 629 2438 animus
669 2411 789 2438 intuetur
815 2409 973 2444 Jerusalem,
999 2412 1025 2439 id

240 2463 282 2485 est
302 2458 433 2490 Ecclesia,
463 2457 633 2492 persequenti
659 2456 780 2483 mundo:
805 2466 813 2482 ι
833 2455 892 2484 Non
913 2457 1026 2485 haberes

240 2508 402 2538 potestatem
418 2509 514 2530 contra
528 2511 569 2530 me
586 2502 678 2534 ullam,
700 2501 753 2529 nisi
771 2501 862 2528 datum
878 2506 949 2530 esset
978 2504 1024 2531 tibi

240 2551 364 2585 desuper.
381 2560 390 2576 ο

1090 277 1202 304 ἕκαστον
1217 278 1256 308 είς
1269 278 1361 314 χεῖρας
1376 276 1423 303 τοῦ
1435 276 1549 312 πλησίον
1558 276 1651 309 αὑτοῦ,
1668 277 1716 303 καὶ
1731 277 1778 308 εἰς
1795 277 1883 311 χεῖρας

1090 321 1221 356 βασιλέως
1237 321 1330 349 αὐτοῦ.
1347 322 1402 349 Καὶ
1431 322 1614 357 κατακόψουσι
1637 322 1686 357 τὴν
1701 322 1770 358 γῆν,
1786 322 1837 347 καὶ
1857 323 1883 348 οὗ

1090 366 1128 401 μὴ
1145 366 1278 402 ἐξέλωμαι
1289 368 1322 394 ὲκ
1343 367 1434 403 χειρὸς
1449 367 1548 394 αὐτῶν.
1566 377 1576 393 ι
1599 367 1642 394 Ἐν
1651 367 1679 394 δέ
1694 377 1726 402 γε
1742 369 1809 399 τοῖς
1825 376 1885 403 προ-

1088 412 1242 447 κειμένοις,
1268 413 1331 444 τοὺς
1363 413 1433 440 κατὰ
1459 414 1508 449 τῆς
1542 414 1704 449 Ἐκκλησίις
1735 415 1885 449 γεγονότος

1088 457 1225 493 διωγμοὺς
1241 460 1438 494 προαφηγεῖται
1459 459 1561 493 σαφῶς.
1586 460 1806 496 Πεπολεμὴκασι
1837 462 1885 496 γὰρ

1088 505 1144 535 τοῖς
1167 503 1347 531 πιστεύσασιν
1367 506 1407 536 εἰς
1434 505 1559 541 Χριστὸν,
1588 505 1641 541 πρὸ
1666 507 1716 541 μὲν
1726 506 1789 532 τῶν
1803 506 1884 533 ἄλλων

1089 548 1216 576 ἁπάντων
1231 550 1255 576 οἱ
1282 550 1331 585 τῆς
1360 550 1494 577 Ἰουδαίων
1523 551 1686 587 Συναγωγῆς
1699 548 1866 587 ”ήγούμενοι
1877 573 1883 584 ,

1089 595 1323 630 παραγγέλλοντες
1335 597 1384 631 μὲν
1394 597 1449 628 τοῖς
1461 597 1548 631 ἁγίοις
1564 597 1720 629 ἀποστόλοις
1743 597 1787 633 μὴ
1799 597 1883 624 λαλεῖν

1089 640 1135 666 ὲπὶ
1147 641 1186 675 τῷ
1196 641 1308 676 ὀνόματι
1329 641 1376 668 τοῦ
1400 642 1529 677 Χριστοῦ,
1549 641 1725 677 μαστίζοντες
1751 642 1783 668 δὲ
1802 642 1848 668 καὶ
1859 643 1883 668 ἐν

1090 686 1237 721 συνεδρίοις
1249 687 1357 719 αὐτοὺς,
1375 687 1568 714 λιθοδολεῐσθαι
1577 687 1605 714 δὲ
1621 688 1667 715 καὶ
1678 688 1786 723 ἑτέρως
1799 696 1884 723 παρι-

1090 732 1284 766 σκευάζοντες,
1311 733 1359 760 καὶ
1388 733 1414 760 τί
1439 733 1492 768 γὰρ
1522 733 1583 768 οὐχὶ
1610 735 1663 760 τῶν
1691 735 1884 761 ἀνοσιωτάτων

1088 778 1205 814 δρῶντες
1230 779 1277 805 καὶ
1294 779 1438 813 λέγοντες;
1466 779 1572 815 Ἐπειδὴ
1587 779 1616 806 δὲ
1642 780 1689 806 καὶ
1703 780 1732 806 ἐν
1755 781 1820 811 ταῖς
1834 780 1884 806 τῶν

1089 822 1174 849 ἐθνῶν
1187 822 1289 858 χώραις
1301 825 1499 859 ὲκπεφοίτηκεν
1513 826 1527 851 6
1542 824 1630 859 λόγος,
1643 826 1657 851 6
1672 826 1737 860 περὶ
1752 825 1882 860 Χριστοῦ,

1089 870 1136 897 καὶ
1150 870 1204 897 τῶν
1216 870 1400 905 εὐαγγελικῶν
1419 871 1604 906 κηρυγμάτων
1622 871 1753 906 κατήκοοι
1770 872 1882 906 γεγόνα-

1088 925 1130 944 σιν
1145 916 1169 943 οἱ
1186 916 1214 942 ἐν
1229 916 1335 948 αὑταῖς,
1349 916 1430 943 πάλιν
1446 916 1589 951 γεγόνασιν
1603 917 1691 952 ἕτεροι
1704 917 1827 952 διωγμοὶ
1842 918 1881 943 διὰ

1087 961 1140 988 τῶν
1152 961 1224 987 κατὰ
1239 961 1352 997 καιροὺς
1372 961 1613 996 βεϐασιλευκότων,
1631 962 1655 988 οἳ
1681 964 1731 998 τῆς
1769 963 1881 998 βεδήἳω

1087 1005 1279 1042 καὶβδελυρᾶς
1303 1007 1523 1042 είδι-»λολατρείας
1545 1009 1751 1043 μεταποιεῖσθαι
1767 1009 1882 1035 σπουδά-

1087 1051 1188 1084 ζοντες,
1209 1053 1257 1079 καὶ
1269 1052 1425 1088 διαϐολικῆς
1439 1053 1611 1088 ἀνοσιότητος
1626 1055 1762 1090 ὑπουργοὶ
1775 1055 1881 1089 γεγονό-

1085 1107 1141 1130 τες,
1157 1099 1321 1126 ἀπεκτόνασι
1336 1099 1400 1131 τοὺς
1415 1099 1508 1133 ἁγίους
1520 1100 1560 1131 είς
1576 1099 1638 1130 τοὺς
1653 1100 1698 1127 ἐπὶ
1725 1102 1787 1132 τοῖς
1813 1110 1880 1136 μαρ-

1085 1145 1189 1180 τυρίοις
1205 1144 1352 1177 καλοῦντες
1369 1145 1488 1180 ἀγῶνας.
1506 1145 1599 1178 Ἔδοξε
1611 1146 1639 1173 δέ
1653 1155 1710 1178 πως
1724 1148 1740 1182 ἡ
1766 1147 1879 1182 Ἐκκλη-

1086 1192 1142 1223 σία,
1170 1193 1217 1219 καὶ
1241 1193 1357 1227 πάσχειν
1382 1192 1515 1225 εὐκόλως,
1546 1193 1732 1228 ἐπαμύνοντος
1764 1194 1877 1227 οὐδενὸς,

1084 1237 1202 1265 ἑοικέναι
1220 1247 1248 1265 τε
1261 1237 1406 1274 προθύροις
1418 1238 1638 1274 σεσαλευμένοις,
1655 1239 1703 1266 καὶ
1714 1239 1878 1270 πίπτουσιν,

1084 1284 1101 1319 ἧ
1118 1284 1164 1310 καὶ
1189 1284 1255 1319 λίθῳ
1278 1284 1521 1320 καταπατουμένῳ.
1547 1284 1644 1311 Καίτοι
1667 1284 1722 1319 γὰρ
1750 1285 1851 1319 ἰσχύων
1866 1285 1879 1310 6

1083 1330 1138 1357 τῶν
1165 1330 1234 1357 ὅλων
1259 1330 1352 1366 Σωτὴρ
1378 1330 1425 1357 καὶ
1450 1330 1538 1357 πάντα
1566 1330 1684 1366 πόλεμον
1712 1332 1878 1358 κατευνάσαι

1085 1374 1192 1410 ῥᾳδίως,
1208 1375 1308 1410 μᾶλλον
1325 1375 1352 1402 δὲ
1367 1375 1414 1402 καὶ
1435 1375 1588 1410 ἀποστῆσαι
1610 1374 1752 1406 παντελῶς
1769 1375 1823 1401 τῶν
1837 1384 1879 1402 σε-

1083 1419 1205 1455 δομένων
1224 1420 1262 1455 (Ι)
1281 1420 1374 1452 αὑτὸν,
1403 1420 1451 1447 καὶ
1470 1419 1600 1455 ἀμείνους
1612 1420 1752 1455 ἀποφῆναι
1780 1421 1876 1452 παντὸς

1083 1465 1250 1501 πειρασμοῦ,
1277 1465 1325 1492 καὶ
1350 1465 1400 1500 τῆς
1419 1465 1474 1492 τῶν
1490 1465 1595 1500 ἐχθρῶν
1610 1465 1877 1500 κατευμεγεθοῦντας

1083 1511 1185 1547 χειρὸς,
1209 1509 1310 1547 ἐφῆκεν
1333 1510 1511 1546 οἰκονομικῶς
1532 1510 1815 1546 καταλαμπρὺνεσθαι
1834 1512 1875 1538 διὰ

1084 1555 1263 1592 παθημάτων,
1278 1555 1321 1582 ῐνα
1336 1555 1492 1591 σύμμορφοι
1509 1554 1652 1588 γεγονότες
1675 1554 1763 1590 αὐτῷ,
1784 1555 1876 1582 συνδο-

1083 1599 1207 1634 ξασθεῖέν
1217 1608 1248 1626 τε
1270 1599 1318 1626 καὶ
1344 1598 1599 1634 συμϐασιλεύσειαν.
1615 1608 1624 1624 1
1644 1598 1676 1625 Et
1691 1599 1747 1634 γὰρ
1769 1600 1876 1634 συμπά-

1082 1654 1195 1683 σχομεν,
1204 1646 1253 1675 καὶ
1264 1646 1516 1683 συμϐασιλεύσομεν
1530 1646 1615 1682 αὐτῷ,
1623 1645 1692 1673 κατὰ
1705 1646 1737 1672 τὸ
1753 1655 1876 1681 γεγραμ-

1085 1692 1174 1727 μένον,
1192 1691 1239 1719 καὶ
1257 1691 1282 1719 εί
1292 1691 1417 1720 κοινωνοὶ
1430 1691 1486 1719 τῶν
1501 1691 1671 1727 παθημάτων
1684 1691 1780 1726 ἐσμὲν,
1808 1691 1876 1718 ἀλλὰ

1083 1737 1130 1763 καὶ
1143 1736 1193 1771 τῆς
1206 1736 1285 1771 δόξης
1293 1737 1494 1772 ὲσόμεθα.›-‹
1505 1737 1569 1764 Ἰδοὺ
1578 1737 1675 1769 τοίνυν,
1688 1737 1767 1771 φησι.
1781 1737 1876 1772 τίθημι

1081 1782 1131 1818 τὴν
1150 1782 1337 1818 Ἰερουσαλὴμ,
1353 1782 1389 1814 ὥς
1400 1781 1525 1819 πρόθυρα
1536 1781 1713 1817 σαλευόμενα.
1729 1792 1738 1808 ι
1756 1783 1788 1808 El
1805 1782 1833 1809 δὲ
1843 1783 1873 1818 δὴ

1083 1828 1162 1855 τοῦτο
1191 1828 1306 1863 γένοιτο,
1334 1828 1482 1864 καταχθείη
1515 1828 1580 1864 περ)⁸
1605 1828 1691 1864 αὐτὴν
1705 1828 1722 1863 ἡ
1746 1828 1873 1864 περιοχή,

1083 1872 1233 1904 τουτέστιν,
1249 1873 1265 1907 ἡ
1287 1871 1363 1908 παρὰ
1375 1873 1483 1900 πάντων
1496 1872 1648 1908 πολιορκία·
1665 1873 1712 1900 καὶ
1725 1874 1790 1900 ὅταν
1804 1871 1872 1900 εἶναι

1083 1917 1183 1950 δόξειεν
1194 1918 1232 1950 ὡς
1241 1918 1313 1950 λίθος
1327 1919 1579 1955 καταπατούμενος,
1595 1920 1656 1946 τότε
1680 1920 1734 1950 πᾶς
1749 1919 1763 1946 6
1775 1920 1873 1955 ἐμπαί-

1084 1962 1138 1995 ζων
1153 1962 1326 1998 ὲμπαίξεται.
1342 1963 1501 1999 Πέπρακται
1513 1963 1542 1991 δὲ
1560 1964 1650 1996 τοῦτο,
1666 1964 1795 2000 καθάπερ
1808 1964 1873 1999 ἔφην

1084 2008 1195 2044 ἀρτίως,
1213 2010 1242 2036 ἐν
1256 2010 1311 2041 τοῖς
1328 2009 1398 2036 κατά
1411 2010 1523 2046 καιροὺς
1545 2010 1684 2045 διωγμοῖς.
1708 2010 1873 2045 Ἐπεςρύοντο

1084 2054 1138 2089 γὰρ
1149 2055 1205 2086 τοίς
1219 2054 1316 2088 ἀγίοις,
1330 2055 1403 2082 κατὰ
1428 2054 1542 2086 πολλοὺς
1571 2055 1722 2088 αἱκίζοντες
1738 2056 1871 2090 τρόπους,

1084 2101 1131 2127 καὶ
1145 2101 1215 2135 τάχα
1233 2109 1284 2127 που
1309 2100 1357 2128 καὶ
1386 2101 1602 2136 ἀποθνήσκουσιν
1629 2101 1836 2136 ἑπιμειδιῶντες
1848 2103 1872 2128 oi

1084 2145 1206 2178 τάλανες.
1229 2147 1266 2172 Οὐ
1291 2146 1346 2182 γὰρ
1371 2147 1480 2183 ᾔδεσαν,
1507 2147 1577 2176 κατά
1593 2147 1623 2174 τὸ
1635 2147 1718 2180 είκὺς,
1732 2147 1764 2174 τὸ
1779 2149 1812 2175 ὲκ
1827 2148 1871 2175 τοῦ

1085 2191 1179 2219 παθεῖν
1189 2192 1308 2225 εὐκλεὲς,
1335 2193 1382 2221 καὶ
1405 2194 1446 2221 ὅτι
1473 2193 1540 2230 πρὸς
1563 2193 1695 2229 εὐθυμίας
1710 2193 1804 2225 αὐτοῖς
1826 2194 1871 2227 τῆς

1079 2236 1219 2272 διηνεκοῦς
1230 2237 1306 2265 ἔσται
1330 2238 1362 2274 δὴ
1383 2239 1491 2271 πάντως
1505 2240 1520 2266 ό
1535 2239 1624 2270 πόνος.
1644 2238 1744 2274 Ἀθρει
1757 2239 1785 2267 δὲ
1801 2239 1871 2270 ὅπως

1079 2282 1109 2308 οὐ
1129 2283 1179 2318 τῆς
1193 2282 1247 2310 τῶν
1258 2283 1342 2310 ὲθνῶν
1360 2284 1452 2319 ίσχύος
1465 2284 1544 2319 ἔργον
1561 2282 1630 2311 εἴναί
1643 2293 1720 2319 φησι.
1741 2284 1773 2311 τὸ
1790 2293 1871 2311 κατα-

1080 2329 1286 2365 πατηθήσεσθαι
1304 2331 1352 2364 τὴν
1372 2331 1548 2366 Ἐκκλησίαν,
1566 2331 1633 2357 ἀλλὰ
1643 2330 1693 2365 τῆς
1710 2330 1796 2357 αὑτοῦ
1813 2331 1870 2365 pou-

1079 2373 1137 2408 λῆς.
1157 2375 1278 2409 Ἐφίεται
1294 2376 1358 2411 γὰρ,
1373 2376 1411 2408 ὡς
1425 2377 1504 2412 ἔφην,
1515 2377 1559 2403 διὰ
1570 2377 1743 2412 παθημάτων
1759 2376 1872 2403 τελειοῦ-

1078 2419 1139 2446 σθαι
1158 2421 1221 2452 τοὺς
1238 2421 1320 2453 ίδίους
1349 2423 1547 2458 προσκυνητάς.
1571 2432 1580 2448 ε
1602 2422 1668 2448 Ἰδοὺ
1689 2422 1759 2458 γὰρί
1774 2423 1868 2457 φησὶν,

1078 2465 1133 2499 ἐγὼ
1149 2466 1244 2502 τίθημι
1255 2467 1305 2501 τὴν
1318 2467 1495 2503 Ἰερουσαλὴμ
1508 2468 1546 2500 ὼς
1562 2468 1687 2503 πρόθυρα
1701 2468 1868 2503 σαλευόμενα

1079 2511 1145 2536 πᾶσι
1160 2512 1215 2543 τοῖς
1230 2511 1303 2543 λαοῖς
1321 2513 1421 2548 κύκλῳ.
1437 2523 1446 2539 ›
1457 2512 1551 2548 Τούτῳ
1567 2513 1760 2548 παραπλήσιον
1774 2514 1868 2542 ἐκεῖνο,

1078 2553 1164 2590 οἶμαι,
1181 2556 1280 2584 ἔστιτὸ
1294 2557 1337 2584 διὰ
1351 2558 1399 2592 τῆς
1413 2558 1460 2584 τοῦ
1475 2558 1598 2593 Σωτῆρος
1614 2557 1707 2592 φωνῆς
1725 2558 1870 2593 εἰρημένον

240 2595 309 2630 πρὸς
331 2595 454 2621 Πιλάτον⁶
481 2604 490 2620 ε
518 2595 574 2620 Οὔκ
593 2591 665 2628 εἶχες
684 2594 812 2629 οὐδεμίαν
827 2596 949 2629 ἐξουσίαν
977 2600 1036 2626 κατ’
1055 2601 1134 2636 ἐμοῦ,
1154 2603 1179 2628 εἰ
1201 2603 1238 2638 μὴ
1262 2601 1295 2638 ἦν
1315 2591 1456 2638 δεδομένον
1477 2613 1517 2630 σοι
1543 2591 1654 2631 ἀνωθεν.
1671 2591 1765 2639 tabuit)
1784 2591 1818 2631 ἀν
1833 2605 1870 2629 εἰ·

240 2641 326 2686 κότῳς
400 2639 481 2675 νοητὴ
506 2640 587 2686 πάλιν
629 2639 815 2686 Ἰερουσαλῂμ,
845 2643 982 2670 τουτέστιν
1006 2646 1022 2680 ἡ
1049 2647 1205 2682 Ἐκκλησία,
1234 2649 1273 2683 τῷ
1294 2649 1418 2676 διώκοντι
1444 2651 1548 2686 κόσμῳ·
1574 2660 1583 2676 ‹
1618 2650 1674 2676 Οὐκ
1713 2647 1788 2684 εἶχες
1812 2649 1868 2676 κατ’

239 2685 306 2720 ἐμοῦ
336 2685 458 2718 ἐξουσίαν
486 2685 622 2718 οὐδεμίαν,
655 2687 678 2712 εί
713 2687 749 2722 μὴ
764 2685 798 2721 ἦν
813 2688 952 2724 δεδομένον
983 2699 1023 2717 σοι
1043 2692 1155 2720 ἀνωθεν.
1172 2703 1181 2719 ι

275 2766 297 2782 ⁸³
312 2765 459 2803 Zoellum,
476 2765 518 2803 G._
541 2765 636 2803 "Act.
672 2774 707 2799 tv,
725 2767 829 2803 17.77“
847 2769 907 2795 Act.
925 2777 980 2803 xw,
994 2770 1039 2797 22.

241 2801 282 2828 η.
321 2802 342 2817 ⁵³
358 2800 378 2826 ΙΙ
395 2800 456 2828 Cor.
475 2801 529 2832 1,7.
568 2800 590 2815 '°
603 2800 681 2828 Joan.
697 2809 752 2833 nx,
767 2802 810 2829 ll.

1077 2772 1098 2786 ’⁵⁷
1113 2771 1171 2798 Act.
1188 2780 1243 2805 xiv,
1262 2773 1302 2800 18.
1353 2775 1374 2790 ⁸³
1390 2774 1469 2802 Heiu.
1501 2783 1560 2808 vni,
1581 2774 1629 2808 l7;
1644 2773 1665 2801 ll
1683 2774 1756 2801 Tim.
1775 2782 1805 2807 ιι,
1826 2773 1868 2809 Η,

275 2867 311 2901 (l)
329 2868 373 2896 Sic
397 2868 586 2915 corrigendum
602 2874 694 2897 mouet
720 2868 869 2898 Cotelerius
885 2869 1026 2905 (Monum.
1048 2871 1120 2901 Eccl.
1144 2872 1190 2901 Gr.
1205 2873 1235 2906 ll,
1249 2874 1312 2909 605)
1332 2883 1380 2910 pro
1395 2876 1468 2911 vulg.
1487 2877 1649 2911 σευομένων.
1667 2876 1750 2905 Eor-r.
