1916 3053
2 170 49 199 ιω

37 231 87 257 Ἐν
110 231 155 266 τῇ
168 232 270 267 ἡμέρᾳ
279 233 393 269 ἐκείνῃ,
410 236 489 270 λέγει
505 237 611 270 Κύριος
637 237 803 272 παντοκρά-

2 286 63 311 τωρ,
76 277 212 311 πατάξω
233 278 334 306 πάντα
357 281 451 307 ἵππον
463 281 497 308 ὲν
515 281 669 314 ἐκστάσει,
687 282 735 309 καὶ
756 281 809 309 τὸν

2 322 160 357 ἀναϐάτην
187 325 285 352 αὑτοῦ
311 327 347 353 ἐν
371 327 610 361 παραφρονήσει·
635 327 685 354 ἐπὶ
707 328 740 354 δὲ
755 328 809 354 τὸν·

2 367 81 395 οἷκον
108 370 213 411 Ἰούδα
229 371 371 404 διανοίξω
392 373 464 405 τοὺς
487 373 663 408 ὀφθαλμούς
674 382 744 408 μου,
758 373 807 400 καὶ

2 414 118 447 πάντας
142 415 223 450 τοὺς
239 417 353 451 ἵππους
378 417 438 445 τῶν
449 418 534 446 λαῶν
555 419 678 452 πατάξω
689 420 724 446 ἑν
735 420 808 447 ἀπο-

2 470 12 486 r
17 460 160 495 ινφλώσει
165 482 174 490 .

32 507 176 534 ΠΗ’.”Οτι
184 509 234 536 καὶ
244 509 332 537 πάντα
343 511 504 537 κατευνὰσει
513 511 643 547 πόλεμον,
656 513 702 539 καὶ
718 513 807 547 ἀπρά-

2 561 79 584 κτους
98 554 247 589 ἀποφανεῖ
262 556 312 588 τὰς
330 556 384 584 τῶν
401 557 554 585 διωκόντων
578 558 700 593 ἐφόδους,
717 559 807 586 δίδωσι

2 601 79 631 νοεῖν,
95 599 189 628 ἵππον
201 602 250 629 καὶ
263 602 403 638 ἀναϐάτην
417 604 551 636 πατάξειν
565 604 650 632 εἰπὼν
664 606 692 632 ἐν
708 606 808 633 ἐκστά-

2 653 40 670 σει
51 653 82 670 τε
99 646 153 672 καὶ
174 649 394 683 παραφρονήσει,
412 650 457 676 καὶ
476 651 528 686 μὴν
541 651 589 677 καὶ
605 651 805 686 ἀποτυφλώσει.

2 690 79 716 Ἐστι
92 690 135 722 δὲ,
151 690 245 728 οἶμαι,
254 694 352 720 ταυτὸν
363 694 393 720 τὸ
404 695 501 722 παθεῖν
511 695 560 731 τὴν
572 695 712 730 ἔκστασιν,
724 698 807 724 καὶτὸ

2 735 153 771 ὑπομεῖναι
167 738 221 773 τὴν
236 739 452 776 παραφρόνησιν.
470 741 508 767 Τὸ
534 741 588 777 γὰρ
604 741 657 775 ἔξω
678 742 806 777 γενέσθαι

2 782 112 824 φρενὸς,
130 782 268 816 ἔκστασις
280 785 312 811 ἂν
324 787 420 819 νοοῖτο,
430 787 477 813 καὶ
495 786 567 821 μάλα
583 787 706 819 εἰκότως.
725 785 761 815 Οὗ
774 789 806 824 δὴ

2 827 161 861 γεγονότος,
183 830 232 856 καὶ
246 831 300 862 τοῖς
319 831 419 864 φονῶσι
432 831 647 867 συμϐεϐηκότος,
664 834 806 868 περιέσται

2 880 52 897 που
72 872 191 906 πάντως
214 876 271 906 τοῖς
302 875 389 909 ἁγίοις
407 877 493 903 εἰπεῖν
514 877 578 912 περὶ
589 877 644 904 τῶν
660 886 735 912 σφισι
755 887 804 912 με-

4 918 191 953 μαχημένων·
215 920 272 949 LO!
297 921 388 956 ἐχθροὶ
410 923 489 957 ὴμῶν
515 923 659 958 ἀνόητοι.»
681 924 736 951 Καὶ
755 924 808 960 μὴν

3 964 64 990 καί·
84 974 93 990 ε
111 961 199 992 Οὗτοι
217 966 380 1002 ἑν.ἃρμασι,
407 968 454 995 καὶ
468 965 579 995 οὗτοιὲν
603 969 706 1001 ἵπποις,
728 970 808 1005 ἡμεῖς

3 1009 29 1036 δὲ
40 1011 68 1036 ὲν
82 1011 205 1046 ὀνόματι
232 1013 335 1049 Κυρίου
351 1013 418 1041 Θεοῦ
432 1015 511 1050 ἡμῶν
536 1015 806 1051 μεγαλυνθησόμεθα.

3 1057 85 1083 Αὐτοὶ
104 1059 356 1095 συνεποδίσθησαν,
368 1061 415 1086 καὶ
434 1060 543 1087 έπεσοψ
556 1062 636 1096 ἡμεῖς
653 1061 682 1088 δὲ
694 1062 808 1097 ἀνέστη-

5 1110 66 1135 μεν,
87 1102 140 1128 καὶ
162 1103 377 1140 ἀνωρθώθημεν.
395 1115 404 1131 ι
428 1107 653 1142 Παραφρονήσειε
673 1107 695 1134 δ’
712 1107 745 1134 ἂν
761 1109 808 1134 καὶ

6 1148 116 1183 ἑτέρως.
138 1149 155 1175 ὁ
169 1151 230 1181 ταῖς
242 1150 297 1177 τῶν
313 1151 398 1185 ἁγίων
414 1152 605 1184 ἁνεξικακὶαις-
618 1153 732 1185 ἀνοσίως
747 1155 804 1180 ἐπι-

6 1194 108 1229 πηδῶν,
122 1196 176 1222 καὶ
189 1195 321 1232 ἀδόκητον
340 1198 470 1231 ὑπομενεῖ
503 1197 552 1233 τὴν
586 1198 723 1230 ἔκστασιν,
747 1199 807 1234 ἢτοι

4 1240 32 1266 τὸ
43 1239 155 1274 Θαῦμα,
166 1241 332 1277 τεθεαμένος
348 1243 388 1269 ὅτι
401 1243 512 1270 νικῶσιν
529 1245 557 1270 ἐν
577 1246 740 1280 συμφοραῖς,
761 1246 808 1271 καὶ

5 1284 311 1320 φανοῦιηαιπεσόντες,
326 1287 373 1314 καὶ
392 1288 435 1314 ὅτε
454 1288 587 1324 ἡττῆσθαι
607 1289 720 1323 δοκεῖεν,
747 1289 807 1316 τότε

4 1330 38 1364 δὴ
50 1330 176 1365 μάλιστα
191 1332 324 1367 κρατοῦσι
347 1333 488 1369 μειζόνως·
511 1335 590 1370 εἴπερ
611 1335 685 1362 ἐστὶν
696 1336 805 1372 ἀληθὲς,

6 1376 42 1407 ὡς
55 1376 84 1402 ἕν
100 1385 136 1411 γε
155 1378 188 1413 δὴ
206 1378 321 1413 μάλιστα
346 1380 385 1414 τῷ
405 1379 501 1407 παθεῖν
520 1381 618 1413 αὐτοὺς
633 1381 750 1417 ὁρῶνται
764 1382 808 1408 εύ-

6 1422 109 1456 κλξεῖς,
130 1423 180 1449 καὶ
196 1423 236 1459 τῷ
257 1424 367 1459 μεγέθει
381 1424 434 1452 τῶν
450 1425 539 1452 πόνων
557 1426 808 1462 συμπαρομαρτοῦ-

8 1476 55 1493 σαν
68 1467 168 1504 ἔχουσι
185 1469 235 1504 τὴν
260 1470 363 1497 ἄνωθεν
380 1471 468 1506 χάριν.
489 1469 556 1498 Εἶτα
568 1471 626 1503 πῶς
642 1472 692 1498 οὐκ
711 1471 743 1499 ἂν
758 1480 808 1499 κα-

7 1513 181 1549 ταπλήξειαν
196 1515 260 1547 τοὺς
285 1517 495 1552 μεμαχημένους
512 1518 536 1544 οἱ
554 1518 684 1554 μακάριοι
703 1519 808 1555 μάρτυ-

10 1566 64 1592 ρες,
81 1559 134 1585 καὶ
151 1559 234 1586 αὐτὸν
246 1560 375 1592 νικῶντες
397 1561 444 1588 τὸν
472 1562 605 1595 Σατανᾶν,
618 1563 666 1589 καὶ
679 1565 807 1600 πονηροῖς

10 1605 69 1640 μὲν,
86 1605 139 1631 καλ⁹
155 1605 324 1640 ἀκαθάρτοις
340 1607 520 1642 ἐπιτιμῶντες
540 1609 687 1644 πνεύμασι,
700 1610 767 1636 πολὺ
781 1610 808 1637 δὲ

10 1650 39 1676 τὸ
49 1650 149 1686 θαῦμα
167 1653 218 1686 τῆς
231 1653 345 1688 ἐνούσης
370 1653 495 1686 εὐκλείας
506 1655 598 1687 αὐτοῖς
621 1655 738 1687 ἐνιέντες
752 1655 807 1683 ἔσθ’

10 1696 54 1723 ὅτε
67 1697 118 1723 καὶ
138 1697 232 1729 αὐτοῖς
247 1699 304 1729 τοῖς
315 1699 499 1735 ἀνῃρηκόσιν;
516 1701 620 1727 Οὐκοῦν
644 1702 761 1738 ἱππότην
779 1710 809 1728 τε

10 1742 68 1777 ἅμα
84 1743 137 1770 καὶ
151 1743 236 1770 ἵππον
250 1744 381 1777 πατάξειν
406 1746 615 1781 ἐπαγγέλλεταιν
636 1747 680 1775 ἵνα
703 1747 809 1784 νοῶμεν

10 1788 59 1819 τὰς
69 1787 127 1815 τῶν
139 1788 279 1823 πολεμίων
292 1790 444 1825 φάλαγγας,
461 1792 522 1824 ταῖς
545 1791 600 1818 τῶν
625 1792 710 1826 ἁγίων
724 1793 810 1820 ἐπιει-

12 1834 100 1866 naias;
112 1835 358 1871 ἀντιτεταγμένας.
375 1837 435 1863 Ἐπὶ
444 1837 472 1864 δὲ
487 1837 532 1864 τὸν
545 1836 618 1865 οἷκον
639 1838 726 1865 Ἰούδα
739 1839 810 1866 ἀνοία

14 1879 67 1912 ξειν
79 1880 134 1915 ἔφη
149 1881 214 1912 τοὺς
224 1881 393 1917 ὀφθαλμούς.
407 1883 462 1910 Καὶ
481 1883 582 1909 Ἰούδαν
601 1884 649 1918 μὲν
666 1885 695 1911 ὲν
707 1884 811 1917 τούτοις

13 1927 57 1953 τὸν
67 1927 101 1953 ἐκ
118 1927 200 1962 ῥίζης
219 1928 330 1961 Ἰεσσαὶ,
348 1928 395 1955 καὶ
409 1929 458 1965 τῆς
475 1930 560 1956 Ἰούδα
573 1930 660 1966 φυλῆς
673 1931 812 1967 πεφηνότα

14 1973 136 2008 Χριστὸν
155 1974 298 2009 ὀνομάζει,
314 1974 388 2001 οἷκον
398 1975 426 2002 δὲ
443 1975 526 2002 αὐτοῦ
548 1976 598 2012 τὴν
630 1977 811 2013 Ἐκκλησίαν,

14 2020 74 2054 ἢτοι
91 2019 149 2046 τῶν
163 2020 193 2047 ὲν
205 2020 297 2047 πίστει
308 2020 526 2057 δεδικαιωμένων
537 2023 585 2058 τὴν
601 2023 682 2057 ἁγίαν
695 2023 810 2059 πληθύν.

15 2065 71 2100 τὴν
87 2066 118 2092 δέ
135 2074 169 2100 γε
178 2066 234 2093 τῶν
251 2066 400 2102 ὀφθαλμῶν
423 2067 551 2101 διάνοιξιν
565 2070 653 2097 ἐκεῖνο
671 2067 748 2105 οἶμαι
765 2070 813 2106 δη,-

15 2110 88 2144 λοῦν,
106 2111 149 2138 ὅτι
170 2111 238 2138 πολὺ
265 2112 325 2139 λίαν
342 2113 498 2148 ἀμφιλαφῆ,
516 2113 562 2140 καὶ
579 2111 634 2141 οἷον
661 2114 714 2150 ὅλῳ
730 2115 813 2150 βλέμ-

19 2167 83 2192 ματι
99 2159 314 2193 κατασκέψεται,
331 2160 442 2195 σημεῖον
458 2160 480 2187 δ’
495 2160 528 2187 ἂν
552 2161 657 2195 γένοιτο
669 2161 749 2188 τοῦτο
766 2170 813 2188 σα-

18 2203 65 2237 φὲς
79 2204 130 2239 τῆς
145 2205 191 2230 ἐπ’
204 2204 290 2240 αὐτῆς
311 2205 463 2240 εὐμενείας,
488 2206 535 2232 καὶ
556 2206 605 2241 μέν
622 2215 663 2233 τοι
685 2207 793 2241 φειδοῦς
805 2230 812 2239 ,

18 2249 64 2276 καὶ
79 2250 205 2285 ἀγάπης.
218 2250 375 2285 Γέγραπται
390 2251 445 2287 γὰρ
459 2252 504 2285 ὅτι,
515 2261 524 2278 ‹
548 2252 697 2288 Ὀφθαλμοὶ
710 2253 818 2290 Κυρίουν

18 2294 63 2320 ἐπὶ.
75 2294 210 2326 δικαίους.
232 2304 241 2321 ι
262 2295 317 2322 Καὶ
332 2296 379 2328 οὒς
401 2297 434 2324 ἂν
449 2297 616 2332 ἐπιϐλέψειε,
647 2299 758 2332 τούτους
780 2300 812 2335 δὴ

19 2341 128 2372 πάντως
155 2342 376 2377 τρισμακαρίους
399 2342 607 2376 ἀποδείκνυσιν,
637 2344 716 2380 εἴπερ
740 2345 812 2372 ἐστιν

20 2387 106 2413 εἰπεῖν
122 2387 153 2413 οὐ
170 2386 382 2423 διεψευσμένως,
411 2389 448 2420 ὡς
469 2389 577 2422 κολάζει
596 2391 645 2425 μὲν
668 2392 728 2423 ταῖς
747 2392 814 2419 ἀπο-

21 2434 153 2468 στροφαῖς
166 2433 212 2460 τδν
223 2433 355 2469 ύῦριστήν
365 2443 396 2461 τε
404 2435 451 2461 καὶ
465 2436 815 2473 ἀλιτήριον,κατευφραίνει

21 2487 49 2511 γε
66 2478 121 2514 μὴν
138 2481 201 2511 ταῖς
212 2479 372 2515 ἐπισκέψεσι
391 2481 435 2507 τὸν
459 2482 569 2517 εύσεὸῆ,
587 2483 634 2509 καὶ
658 2483 813 2518 φιλάρετον.

22 2525 73 2550 Καὶ
95 2524 165 2558 γοῦν
185 2526 199 2551 ό
232 2524 375 2558 θεσπέσιος
399 2527 491 2560 Δαὸὶδ,
512 2528 559 2555 καὶ
573 2528 622 2565 τὴν
635 2530 667 2556 ἐκ
677 2529 726 2565 τῆς
747 2530 810 2556 ἀπο-

22 2572 142 2605 στροφῆς
159 2570 273 2607 ζημίαν,
291 2572 338 2599 καὶ
355 2572 384 2599 τὸ
399 2573 431 2599 ὲκ
445 2573 493 2609 τῆς
513 2574 702 2610 ὲπιστρέψεως
721 2574 815 2610 κέρδος

22 2615 144 2650 ἐμφανὲς
158 2616 303 2649 καθιστὰς,
327 2618 392 2644 ποτὲ
418 2617 469 2653 μὲν
494 2618 613 2653 ἔφασκε·
644 2629 653 2645 ι
671 2620 717 2655 Μὴ
747 2620 815 2646 ἐιτιο⁸

24 2661 143 2698 στρέψῃς
174 2663 206 2689 τὸ
230 2662 377 2698 πρόσωπόν
399 2673 445 2690 σου
465 2665 512 2692 ἀπ’
538 2665 617 2701 ἐμοῦ,
639 2666 685 2692 καὶ
716 2665 752 2701 μὴ
769 2667 814 2692 ὲκ-

2 2744 5 2745 ν
25 2707 116 2744 κλίνῃς
129 2708 159 2734 ἑν
174 2708 244 2743 ὀργῇ
272 2707 326 2734 ἀπὸ
351 2708 397 2734 τοῦ
412 2708 504 2735 δούλου
531 2717 587 2736 σου·
607 2719 616 2736 ι
649 2710 715 2736 ποτὲ
738 2709 765 2736 δὲ
782 2710 814 2745 δὴ

430 174 709 205 COMMENTARIL‘S
729 176 760 204 IN
780 177 979 207 ZACHARIAM
1001 178 1224 208 PROPHETAM.

1600 182 1654 212 210

821 240 841 268 Α
895 237 975 265 Vsus.
989 237 1060 265 5.111
1071 239 1114 266 die
1143 238 1202 270 illa,
1236 238 1299 265 dicit
1327 238 1456 266 Dominus
1479 239 1651 274 omnipotens,

859 285 1004 318 percutiam
1016 292 1117 311 omnem
1135 292 1229 318 equum
1249 285 1277 310 in
1301 288 1416 319 stupore,
1438 289 1462 312 el
1488 293 1651 312 ascensorem

860 329 919 364 ejus
936 329 963 356 in
974 329 1087 356 amentia
1100 337 1108 356 :
1120 337 1198 363 super
1209 329 1315 356 domum
1331 335 1417 357 autent
1431 329 1503 357 Juda
1533 330 1651 364 aperiam

858 374 947 401 oculos
961 381 1040 406 nteos,
1057 379 1079 400 et
1097 381 1185 401 omnes
1195 381 1274 409 equos
1290 374 1447 408 populorum
1459 375 1606 408 percutiant
1623 375 1650 401 in

858 426 984 448 ca’cuale.

895 507 976 543 775
989 506 1376 540 LXXXVlllﬂompositurum
1384 513 1464 532 omne
1473 506 1582 539 bellum,
1602 508 1650 534 ho-

857 553 988 587 stilesque
1000 552 1125 579 incursus
1145 555 1348 585 persecutorum
1359 548 1510 577 inefﬁcaces
1523 557 1549 576 et
1558 550 1654 578 inanes

858 599 1025 626 redditurum
1040 603 1140 630 monet,
1160 598 1223 624 dum
1236 597 1312 629 dicit,
1337 603 1439 631 equum
1466 600 1494 623 et
1521 603 1651 623 ascenso-

860 653 916 673 rem
934 652 1128 680 percussurum
1146 644 1172 671 in
1188 648 1299 677 stupore
1312 642 1471 669 ct-amentia
1491 647 1517 669 et
1531 642 1660 670 caecitate»

859 692 979 726 insuper.
1004 691 1051 718 Est
1071 694 1171 723 autem,
1203 693 1233 716 ut
1262 689 1392 721 arbitror,
1407 689 1488 721 idem,
1513 692 1650 723 stuporem

858 737 912 772 pali
928 742 955 764 et
971 741 1107 764 amentem
1128 742 1200 763 esse.
1222 734 1289 762 Nam
1308 734 1439 762 discessio
1455 742 1469 761 a
1486 738 1577 761 tuente
1597 742 1650 761 non

858 783 928 810 male
945 787 1038 818 stupor
1056 781 1166 816 intelligi
1191 785 1282 816 queat.
1298 779 1375 813 Quod
1395 787 1457 807 cum
1474 780 1575 807 factum
1592 780 1650 806 fue-

858 829 903 861 rit,
921 832 948 855 et
964 828 991 855 in
1005 828 1078 855 caede
1097 826 1286 861 grassantibus
1303 825 1460 860 contigerit,
1479 824 1572 852 licebit
1590 832 1647 852 om-

859 874 923 901 nino
931 873 1035 902 sanctis
1046 874 1136 900 dicere
1145 872 1178 899 de
1189 871 1422 906 oppugnatoribus
1434 871 1491 898 suis
1505 880 1511 898 :
1524 879 1533 896 ι
1546 870 1650 897 Inimici

825 916 845 943 Β
860 920 946 948 nostri
971 919 1132 954 insipientes
1145 918 1180 945 “.
1207 927 1216 944 ι
1238 917 1326 952 Atque
1349 917 1430 944 etiam
1448 917 1516 944 illa:
1537 925 1547 942 ι
1569 916 1600 943 lli
1624 916 1650 943 in

859 966 994 998 curribus,
1007 969 1035 992 et
1048 964 1074 991 hi
1097 964 1123 991 in
1139 964 1229 999 equis,
1251 970 1300 990 nos
1315 967 1405 990 autent
1427 963 1454 989 in
1471 962 1580 989 nomine
1603 961 1650 988 Dei

859 1011 943 1039 nostri
969 1010 1215 1046 magniﬁcahimur.
1234 1009 1285 1044 Ipsi
1301 1008 1431 1036 inﬁrmati
1449 1001 1511 1036 sunt
1537 1012 1567 1035 et
1579 1009 1650 1035 ceci-

859 1057 974 1088 derunt;
999 1062 1047 1082 nos
1066 1060 1156 1082 autem
1175 1054 1345 1082 surreximus
1364 1059 1391 1081 ct
1403 1054 1484 1081 erecti
1496 1061 1590 1081 sumus
1599 1054 1654 1081 ἰ.»-

858 1101 917 1129 Alio
943 1102 1007 1128 item
1041 1100 1120 1128 modo
1152 1099 1302 1135 desipuerit
1341 1103 1496 1126 sanctorum
1532 1097 1651 1126 toleran-

861 1148 903 1175 tiat
925 1147 1060 1174 insultans
1083 1146 1165 1180 impie
1188 1144 1267 1172 etin
1291 1145 1467 1180 improvisum
1498 1150 1650 1180 stuporem,

859 1193 915 1221 sive
928 1192 1143 1220 admirationem
1153 1191 1264 1224 incidet,
1284 1198 1345 1218 cum
1364 1191 1462 1218 viderit
1480 1198 1526 1218 cos
1540 1191 1652 1218 calami-

860 1240 959 1267 tatibus
974 1239 1055 1267 nullis
1073 1239 1170 1267 cedere
1186 1243 1213 1266 et
1235 1238 1360 1266 coronari
1381 1237 1520 1271 cadentes,
1542 1245 1573 1265 ac
1595 1241 1651 1265 tum

859 1286 976 1313 maxime
988 1285 1106 1319 vincere,
1120 1289 1146 1312 et
1157 1285 1272 1320 majores
1287 1288 1427 1318 reportare
1437 1283 1577 1317 victorias,
1589 1291 1649 1311 eum

858 1333 922 1360 victi
936 1332 1086 1367 potuissent
1100 1338 1233 1366 apparere
1251 1339 1257 1357 :
1275 1329 1409 1364 siquidem
1431 1333 1533 1357 certum
1548 1333 1591 1357 est
1604 1336 1651 1356 eos

858 1379 1028 1415 potissimum
1042 1378 1069 1405 in
1087 1377 1215 1413 patiendo
1229 1376 1344 1412 inclytos
1361 1375 1531 1410 conspici,et
1547 1376 1650 1410 magni—

859 1425 942 1453 tudini
955 1425 1078 1452 laborum
1099 1423 1224 1451 comitem
1239 1423 1340 1450 habere
1361 1422 1497 1449 caelestem
1521 1421 1647 1456 gratiam.

860 1471 972 1503 Deinde,
999 1470 1111 1504 quinam
1128 1473 1329 1504 oppugnatores
1344 1474 1407 1495 suos
1427 1474 1479 1493 non
1493 1466 1649 1500 obstupefa-

859 1517 932 1545 ciant
952 1516 1024 1544 beati
1043 1519 1189 1551 martyres,
1213 1514 1258 1549 qui
1275 1514 1362 1549 ipsum
1388 1519 1496 1547 quoque
1518 1511 1646 1538 Satanam

861 1563 1049 1599 pessumdant,
1066 1562 1255 1596 malignosque
1265 1564 1291 1588 et
1303 1559 1458 1587 immundos
1474 1558 1585 1593 spiritus
1607 1558 1650 1584 iu-
1666 1580 1674 1589 ,

861 1614 985 1644 crepant,
1001 1613 1028 1636 et
1044 1615 1238 1642 nonnunquam
1257 1600 1355 1641 magna
1371 1605 1464 1641 gloriae
1487 1612 1543 1632 sure
1569 1605 1652 1632 admi-

862 1656 967 1683 ratione
990 1656 1063 1690 ipsos
1087 1655 1168 1682 etiam
1196 1652 1388 1681 interfectores
1420 1659 1483 1679 suos
1512 1650 1654 1678 alliciunt?

861 1702 951 1736 Quare
961 1702 1079 1737 equitem
1093 1701 1173 1729 simul
1199 1704 1227 1728 et
1238 1707 1335 1734 equum
1349 1706 1541 1734 percussurum
1552 1705 1580 1725 se
1592 1705 1655 1733 pro-

862 1749 954 1782 mittit,
970 1753 999 1776 ut
1011 1749 1130 1776 hostium
1145 1747 1295 1783 phalangas
1307 1751 1464 1774 sanctorum
1488 1746 1580 1772 virtuti
1603 1746 1651 1772 ad-

861 1799 1002 1822 versantes
1024 1794 1216 1829 intelligamus.
1244 1792 1332 1828 Super
1346 1793 1454 1820 domum
1472 1795 1561 1818 autem
1582 1789 1652 1818 Juda

863 1846 1020 1874 aperturum
1033 1846 1062 1867 se
1077 1839 1170 1867 oculos
1186 1839 1233 1866 ait.
1248 1838 1347 1866 Judam
1367 1837 1418 1865 hoc
1434 1837 1495 1864 loco
1512 1837 1545 1863 de
1564 1836 1655 1863 radice

862 1885 939 1914 Jesse
965 1890 989 1913 ct
1008 1886 1079 1913 tribu
1094 1885 1161 1912 Juda
1175 1885 1315 1913 Christum
1327 1885 1502 1912 exsistentem
1520 1883 1652 1915 nominat,

864 1933 972 1959 domum
992 1936 1081 1959 autent
1093 1931 1151 1965 ejus
1164 1931 1323 1964 Ecclesiatn,
1341 1930 1398 1957 sive
1421 1930 1446 1956 in
1477 1929 1588 1956 Christo
1607 1928 1654 1963 ju-

865 1977 1403 2005 stiticatorumsanctam’multitudinem.
1432 1975 1539 2009 Aperiri
1563 1979 1653 2001 autent

864 2024 957 2052 oculos
974 2023 1038 2051 illud
1063 2023 1116 2051 sibi
1139 2023 1209 2051 velle
1232 2023 1368 2056 existimo,
1390 2021 1460 2056 quod
1486 2020 1654 2055 amplissime

864 2075 891 2097 et
904 2075 958 2098 toto
969 2069 1042 2097 velut.
1057 2073 1166 2104 aspectu
1180 2068 1319 2103 respiciet,
1337 2067 1407 2102 quod
1425 2074 1481 2095 sua:
1495 2074 1560 2101 erga
1579 2066 1653 2093 illum

865 2116 1071 2150 benevolentiae,
1084 2123 1116 2143 ac
1130 2119 1261 2150 praeterea
1276 2114 1450 2149 indulgentiae
1465 2119 1492 2142 et
1511 2113 1654 2141 charitatis

867 2162 1045 2191 indubitatum
1060 2162 1112 2190 erit
1140 2162 1281 2189 indicium.
1312 2160 1449 2195 Scriptum
1476 2164 1518 2187 est
1544 2160 1616 2186 enim
1643 2166 1651 2185 :

869 2217 878 2233 ι
902 2207 976 2235 Oculi
990 2206 1096 2233 Domini
1111 2214 1193 2241 super
1206 2205 1331 2240 iustos".
1347 2215 1356 2232 ›
1371 2205 1402 2232 Ει
1415 2212 1482 2240 quos
1495 2204 1655 2238 respexerit,

830 2263 852 2291 υ
866 2263 912 2282 eos
936 2254 1013 2288 plane
1035 2252 1208 2280 beatissimos
1237 2252 1340 2286 efficit;
1357 2250 1574 2287 quandoquidem
1603 2257 1656 2277 non

867 2300 934 2327 false
950 2299 1002 2326 dici
1023 2303 1129 2333 potest,
1143 2305 1206 2325 eum
1222 2297 1411 2325 aversionibus
1431 2297 1487 2325 suis
1510 2296 1657 2330 superbum

867 2351 894 2374 et
911 2350 1078 2381 peccatorem
1103 2344 1216 2380 punire,
1240 2344 1440 2371 visitationibus
1463 2347 1553 2370 autem
1582 2342 1656 2376 pium

868 2398 896 2419 ct
915 2391 1025 2419 virtutis
1053 2391 1204 2419 studiosum
1235 2389 1400 2417 exhilarare.
1430 2388 1519 2421 Quare
1547 2387 1656 2414 divinus

868 2438 931 2466 item
948 2437 1044 2470 David,
1059 2441 1086 2465 et
1098 2445 1130 2465 ex
1147 2436 1289 2464 aversione
1301 2435 1440 2466 damnum,
1452 2439 1479 2462 et
1490 2442 1522 2461 ex
1543 2441 1657 2460 conver-

867 2484 945 2511 sione
976 2484 1146 2510 commodum
1173 2482 1256 2517 776
1283 2480 1479 2513 manifestans,
1510 2479 1656 2514 aliquando

866 2529 974 2557 dicebat
989 2536 996 2556 :
1017 2538 1027 2555 ‹
1045 2528 1084 2556 Ne
1097 2533 1203 2556 avertas
1219 2528 1316 2555 facient
1332 2532 1404 2555 tuam
1420 2534 1435 2554 a
1449 2533 1500 2559 me,
1521 2530 1594 2553 etne
1608 2525 1655 2552 de-

867 2576 952 2603 clines
968 2575 994 2602 in
1013 2575 1052 2602 ira
1067 2583 1082 2602 a
1093 2582 1171 2602 servo
1195 2578 1240 2602 tuo
1253 2574 1277 2590 ⁸”
1291 2583 1299 2607 ;
1322 2583 1331 2600 ›
1356 2573 1511 2609 aliquando
1529 2577 1655 2599 rursum:

871 2630 879 2646 ι
899 2620 1015 2655 Respice
1032 2620 1059 2646 in
1074 2627 1128 2652 me,
1150 2623 1178 2646 et
1190 2619 1321 2646 miserere
1337 2618 1388 2645 mei
1400 2618 1433 2644 ".
1446 2626 1462 2648 ,ι
1480 2616 1657 2644 Aversionem

868 2672 985 2698 namque
999 2664 1051 2697 ira,
1066 2668 1093 2691 et
1107 2671 1166 2698 quae
1182 2664 1216 2690 ab
1231 2663 1301 2690 irato
1319 2663 1475 2698 inﬂiguntur
1490 2669 1579 2697 poena:
1592 2681 1600 2694 ,
1614 2667 1654 2688 re-

867 2715 989 2744 spectum
1002 2714 1092 2737 autem
1104 2709 1210 2748 adeptio
1222 2708 1417 2736 misericordia:
1434 2709 1592 2735 comitatur.

25 2751 66 2780 ιῦ·
82 2762 92 2780 ι
110 2753 276 2788 Ἑπίΰλεψον
292 2754 335 2780 ἐπ’
365 2754 485 2788 tutata!
497 2755 608 2791 ἐλέησόν
629 2764 672 2792 με.
696 2765 705 2782 ι
721 2756 834 2791 Ἐψεται
865 2757 919 2793 γὰρ
947 2758 1007 2789 ταῖς
1027 2757 1213 2791 ἀποστροφαῖς
1238 2756 1252 2781 ὁ
1282 2754 1377 2790 θυμὸς,
1403 2756 1450 2782 καὶ
1462 2754 1497 2782 τὰ
1519 2754 1549 2787 ἐξ
1575 2752 1658 2781 αὑτοῦ

27 2799 219 2835 συμϐαίνοντα·
235 2798 275 2835 τῷ
289 2808 320 2834 γε
336 2800 389 2834 μὴν
403 2801 548 2836 ἐπιϐλέψαι
565 2801 594 2828 τὸ
607 2802 705 2837 χρῆναι
720 2801 811 2828 λαϐεῖν

831 2802 875 2830 τὸν
891 2802 975 2830 ἔλεον.

60 2891 80 2906 ¹¹
94 2892 167 2921 Psal.
184 2900 262 2927 xxw,
281 2892 308 2918 2.
348 2892 370 2908 ⁸²
385 2891 456 2919 Psal.
476 2899 532 2925 xtx,
545 2891 570 2924 8,
587 2891 613 2918 9.
652 2891 675 2907 ⁸³
689 2890 761 2918 Psal.
780 2898 839 2918 XXXI

869 2911 874 2925 ,
895 2891 935 2918 ιο.
975 2890 997 2907 ⁸⁸
1011 2889 1083 2918 Psal.
1100 2897 1174 2924 τινι,
1189 2890 1216 2918 9.
1255 2890 1276 2906 ⁵³
1295 2889 1365 2916 I‘sal.
1382 2895 1456 2922 λχιν,
1473 2889 1514 2916 l6.
