1916 3053
250 158 298 186 ΞΗ

757 163 786 190 S.
805 163 940 192 CYRILLI
961 164 1191 192 ALEXANDRINI
1211 165 1369 192 ARCIIIEP.

1817 163 1869 191 Eli

289 214 372 242 Vens.
390 215 416 241 5.
439 215 471 242 Et
492 216 578 242 dicent
593 216 690 244 tribuni
710 217 781 245 Juda
797 227 883 246 autne:
897 221 924 246 iu
944 221 1029 247 cordi-

1116 223 1170 249 Καὶ
1187 222 1309 256 ἐροῦσιὶ⁴¹
1328 221 1477 256 χιλίαρχοι
1501 221 1599 248 Ἰούδα
1620 221 1729 254 πάντες
1746 220 1782 247 ἐν
1807 221 1870 253 ταῖς

250 266 296 290 bus
311 263 364 289 suis
378 270 386 288 :
403 261 566 289 Inveniemus
579 262 652 290 nobis
665 263 810 290 [cubitantes
829 265 986 299 Jerusalem,
1001 267 1028 292 in

250 309 362 335 Domino
375 309 548 342 omnipotente
565 308 616 336 Deo
627 317 727 336 eorum.

285 399 431 426 LXXXIX.
449 399 632 432 Cltiliarchas,
644 406 689 426 seu
704 399 825 427 tribunos
837 399 904 426 Juda
923 404 1031 426 sanctos

250 446 385 480 apostolos
400 445 552 480 appellatos
565 452 766 478 asseveramus,
776 446 894 472 delectos
904 450 1030 479 tanquam

251 493 333 519 duces
345 499 360 518 a
372 491 492 524 Christo,
508 495 536 518 et
544 491 722 526 principatum
736 491 762 518 in
787 490 884 518 Judam
909 492 1030 526 adeptos,

251 538 302 564 hoc
314 541 364 571 est,
381 536 407 564 in
422 543 468 564 eos
483 536 527 571 qui
548 536 581 564 ad
593 536 774 564 conﬁtendum
811 541 839 564 et
868 536 1031 563 laudandum

252 582 338 610 vocati
370 587 432 610 sunt
446 592 453 610 ι
469 581 551 610 ludas
575 582 647 609 enim
678 582 739 609 laus
770 582 912 610 redditur:
932 582 977 617 qui
1000 590 1032 608 cx

252 629 377 664 gentibus
397 629 491 663 utique
518 628 629 661 fuerint,
651 628 748 662 quibus
763 632 791 655 et
806 628 913 655 divinus
941 632 1034 655 cantor

253 676 372 709 mandat,
388 675 426 702 uti
443 674 643 702 Emmanuelem
663 674 811 706 celebrent,
826 674 919 701 dicens
935 674 960 700 in
977 674 1032 708 spi-

253 724 307 750 ritu
324 732 331 750 τ
351 732 361 748 ‹
380 721 543 755 Benedicite,
556 725 659 756 gentes,
672 722 754 748 Deum
765 725 898 754 nostrum,
920 725 948 749 et
960 721 1036 748 audi—

254 773 308 795 tam
335 769 416 796 facile
431 775 523 796 vocem
554 767 642 795 laudis
669 767 729 802 ejus
754 767 789 794 “.
809 776 818 792 ι
840 767 923 794 ludas
956 766 1037 801 igitur

254 813 304 841 hoc
319 814 378 841 loco
387 818 449 840 sunt
459 812 591 848 perﬁdem
604 809 823 840 adluudationem
849 816 877 840 et
889 811 1037 839 confessio-

254 867 313 887 nem
328 859 432 887 vocati:
454 858 552 886 tribuni
565 858 700 892 veroipsis
711 857 1038 891 constituti,centuriones

253 905 280 935 cl
288 909 381 940 duces,
398 906 781 939 divinidiscipuli.0bscrvare
794 910 906 941 estergo
918 913 965 933 eos
978 904 1039 932 Sal-
1055 892 1075 918 Β

253 953 355 980 vatoris
366 952 553 980 adoratoribus
561 952 633 979 velut
642 951 802 986 quibusdam
812 950 941 978 militibus
950 949 1039 977 accla-

255 1001 360 1025 mantes
368 1002 395 1024 et
408 997 529 1025 dicentes
546 1005 553 1024 :
571 1006 580 1023 ι
599 997 675 1024 State
689 997 770 1031 igitur
786 996 916 1024 succincti
932 995 1037 1022 lumbos

255 1043 392 1071 vestrosiu
400 1043 555 1076 veritate,et
562 1042 646 1069 induti
655 1042 764 1069 loricam
769 1041 923 1076 justitiam
930 1040 1039 1068 calceati

256 1090 337 1124 pedes
351 1088 378 1116 in
394 1088 616 1123 praeparationem
627 1088 764 1122 Evangelii
778 1087 863 1122 pacis,
876 1087 904 1113 in
916 1087 1041 1114 omnibus

257 1139 394 1162 sumentes
407 1139 513 1162 scutum
546 1134 621 1166 ﬁdei,
636 1135 662 1161 in
678 1141 732 1168 quo
746 1133 869 1168 poteritis
884 1133 975 1160 omnia
989 1132 1040 1159 tela

258 1181 416 1217 nequissimi
430 1180 513 1216 ignita
529 1181 703 1214 exstinguere
717 1179 751 1206 ⁸⁷.
771 1189 781 1205 ι
799 1179 867 1206 Sunt
879 1185 942 1213 ergo
958 1177 1040 1205 divini

258 1227 382 1262 discipuli
397 1227 506 1260 tribuni,
520 1231 547 1254 et
564 1225 830 1257 convenientissima,
849 1233 858 1250 ι
878 1224 929 1257 Qui
950 1228 978 1251 et
1001 1223 1041 1250 di-

259 1276 332 1304 cent,
346 1272 445 1307 inquit,
466 1271 493 1298 in
519 1271 646 1299 cordibus
657 1270 713 1298 suis
734 1279 740 1297 :
768 1269 941 1296 Inveniemus
964 1268 1042 1295 nobis

260 1319 326 1354 ipsis
342 1318 495 1345 habitantes
507 1317 533 1343 in
549 1315 709 1344 Jerusalem.
729 1324 739 1340 ι
753 1313 949 1342 Desiderabant
969 1313 1041 1340 enim

259 1364 347 1391 sancti
367 1361 491 1397 discipuli
508 1369 572 1389 vere
597 1365 721 1388 sanctam
746 1359 907 1391 Jerusalem,
933 1358 960 1385 id
989 1361 1039 1390 est,

259 1408 418 1441 Ecclesium,
434 1407 561 1442 repletam
581 1406 655 1434 cerui
670 1405 871 1437 adoratoribus,
903 1409 931 1431 ct
957 1403 1040 1430 veluti

260 1455 354 1482 urbem
384 1454 528 1488 quamdam
554 1452 704 1480 incolarum
731 1450 884 1485 frequentia
908 1449 1040 1484 insignem

260 1499 433 1527 meritissimo
448 1498 567 1533 gloriari.
585 1497 715 1530 Quocirca
731 1495 938 1530 promulgabant
949 1494 1042 1526 fidem,

237 1544 478 1590 ‘evangelizautes
503 1542 608 1574 Iesum,
630 1542 769 1577 signisque
788 1540 953 1576 etprodigiis
970 1541 1040 1568 dicta

260 1598 308 1617 suo
325 1590 529 1617 continuantes.
544 1587 736 1619 Verumtamen
753 1594 805 1614 non
830 1585 1039 1621 persnadebant.

261 1636 417 1664 Obdurabat
427 1634 499 1662 enim
515 1633 629 1668 populus
646 1632 810 1664 inﬂexibilis.
832 1636 858 1660 et
869 1631 940 1659 velut
958 1638 1043 1666 equus

261 1681 409 1710 indomitus
419 1679 494 1707 frena
508 1679 660 1707 recusabat.
673 1678 776 1706 Idcirco
790 1679 917 1713 deinceps
939 1682 1041 1705 sancta:

262 1727 380 1756 civitatis
395 1727 563 1754 habitatores
574 1727 600 1753 in
619 1735 629 1751 ι
651 1725 764 1752 Domino
780 1724 964 1760 omnipotente
989 1724 1044 1751 Deo

262 1775 396 1810 ipsorum,
419 1783 429 1799 ι
452 1773 502 1800 hoc
522 1777 575 1806 est,
602 1772 629 1800 in
657 1772 775 1804 Christo,
801 1770 851 1798 sibi
876 1769 1044 1804 qumrebant.

263 1823 332 1855 Quin
349 1826 376 1848 et
391 1820 425 1849 ad
448 1825 541 1856 gentes
565 1820 800 1853 convertebantur,
822 1818 974 1846 Iudaeorum
1001 1823 1045 1850 po-

263 1867 327 1901 pulo
345 1867 501 1894 occinentcs
516 1875 522 1893 :
538 1866 617 1901 777
638 1875 647 1890 ι
660 1865 742 1892 Vobis
757 1865 900 1900 oportebat
926 1863 1044 1898 primum

263 1912 336 1947 loqui
351 1911 536 1939 verbumlDei.
553 1911 683 1943 Quoniam
708 1914 797 1937 autem
818 1907 950 1943 repellitis
968 1906 1044 1939 illud,

263 1963 291 1985 et
306 1957 430 1992 indignos
447 1964 496 1984 vos
508 1956 636 1990 iudicatis
656 1957 709 1983 vita
726 1961 838 1988 mtcrna,
854 1962 917 1982 ecce
933 1961 1046 1981 convcr-

265 2004 347 2030 limur
357 2003 392 2030 ad
404 2007 499 2038 gentes
512 2010 520 2029 :
536 2001 576 2029 sic
585 2002 656 2028 enim
670 2001 749 2028 nobis
759 2001 894 2027 mandavit
903 1999 974 2027 Deus
987 1999 1019 2026 ⁵⁸.
1034 2008 1042 2024 ι

264 2048 329 2075 lude
344 2048 418 2076 cives
433 2047 562 2075 Ecclesia
575 2045 789 2080 conquisierunt,
803 2045 880 2080 cujus
895 2050 922 2072 et
940 2045 1046 2073 divinus

264 2093 350 2121 David
364 2092 497 2125 meminit,
512 2091 635 2126 inquiens
651 2100 658 2118 :
679 2100 688 2117 ι
711 2091 833 2118 Gloriosa
849 2091 920 2118 dicta
933 2094 996 2117 sunt
1015 2090 1047 2117 de

267 2145 303 2172 te,
317 2138 412 2166 civitas
422 2137 469 2165 Dei
488 2137 521 2163 ".
539 2145 548 2162 ι
569 2135 605 2163 lis
620 2136 751 2170 quaesitis,
769 2140 879 2170 propter
903 2142 1046 2162 numerum

266 2184 518 2218 multitudinemque
535 2181 757 2210 innumerabilem
778 2180 855 2208 dilati
880 2185 951 2208 sunt.
976 2180 1045 2213 Quin

1082 269 1214 302 καρδίαις
1225 267 1333 295 αὐτῶν·
1350 267 1528 302 Εὐρήσομεν
1547 267 1664 300 ἑαυτοῖς
1686 267 1758 300 τοὺς
1770 275 1871 294 κατοι-

1082 314 1211 346 κοῦντας
1223 314 1258 340 ἐν
1271 313 1476 348 Ἰερουσαλὴμ,
1494 313 1528 340 ἐν
1538 314 1636 347 Κυρίῳ
1651 312 1869 346 παντοκράιομ

1084 359 1143 392 Θεῷ
1156 359 1264 387 αὐτῶν.

1118 406 1180 432 ΠΘ’.
1198 405 1360 440 Χιλιάρχους
1375 405 1424 440 μὲν
1447 404 1531 432 Ἰούδα
1556 405 1618 436 τοὺς
1641 404 1735 438 ἁγίους
1754 404 1872 431 ἀποστό-

1083 450 1144 481 λους
1158 450 1364 485 κατωνομὰσθαι
1377 450 1475 484 φαμὲν,
1492 449 1554 480 τοὺς
1565 447 1619 476 οἷον
1635 450 1664 476 ἐν
1674 449 1751 482 τάξει
1766 451 1801 484 τῇ
1820 449 1872 475 τῶν

1085 497 1244 532 στρατηγῶν
1268 496 1540 532 κεχειροτονημένους
1558 497 1638 532 παρὰ
1659 495 1782 530 Χριστοῦ
1795 514 1803 526 ,
1828 495 1873 520 καὶ

1085 542 1263 577 καθηγεῖσθαι
1291 542 1424 576 λαχόντας
1451 542 1497 569 τοῦ
1529 541 1636 575 Ἰούδα,
1659 542 1787 568 τουτέστι
1818 541 1871 566 τῶν

1085 587 1258 622 κεκλημένων
1271 588 1312 619 εἰς
1324 587 1514 623 ἐξομολόγησίν
1525 596 1554 614 τε
1568 587 1616 614 καὶ
1629 585 1713 614 αἶνον·
1726 584 1816 617 αἶνος
1823 586 1873 620 γὰρ

1085 635 1099 660 ὁ
1116 633 1215 666 Ἰούδας
1228 633 1420 669 ἑρμηνεύεται.
1435 631 1497 660 Εἶεν
1517 633 1540 660 δ’
1554 633 1587 659 ἂν
1601 630 1673 660 οὗτοι
1690 633 1796 663 πάντες
1807 632 1832 658 οἱ
1847 632 1873 663 ἐξ

1086 679 1179 711 ἐθνῶν,
1195 676 1236 710 οἷς
1249 679 1296 706 καὶ
1311 679 1341 706 τὸ
1355 678 1453 714 χρῆναι
1467 678 1616 712 δοξολογεῖν
1631 678 1675 704 τὸν
1696 677 1875 712 Ἐμμανονὴλ

1087 726 1100 752 ὁ
1112 725 1250 757 θεσπέσιος
1269 725 1394 760 Μελῳδὸς
1409 724 1547 752 ἐπιτάττει
1574 724 1660 759 λέγων
1678 724 1710 750 ὲν
1725 723 1874 758 πνεύματι·

1090 780 1098 796 ι
1117 770 1357 807 Εὑλογεζτε,ἒθνη,
1373 769 1417 796 τον
1431 769 1496 796 Θεὸν
1515 769 1604 804 ἡμῶν,
1624 769 1671 796 καὶ
1693 768 1875 795 ἀκουτίσασθε

1087 816 1135 850 τὴν
1150 816 1240 851 φωνὴν
1265 816 1315 850 τῆς
1327 815 1456 847 αἰνέσεως
1478 815 1571 842 αὑτοῦ.
1591 824 1601 842 ι
1626 815 1726 846 Ἰούδας
1740 814 1834 841 τοίνυν
1849 814 1876 839 ἐν

1088 863 1192 895 τούτοις
1210 864 1234 890 οὶ
1249 863 1294 890 διὰ
1309 863 1424 894 πίστεως
1449 862 1610 896 κεκλημένοι
1632 862 1699 897 πρὸς
1720 860 1828 887 αἴνεσίν
1848 868 1875 886 τε

1090 910 1137 936 καὶ
1167 908 1367 944 ἐξομολόγησιν·
1396 907 1531 943 χιλίαρχοί
1555 915 1587 941 γε
1608 907 1662 943 μὴν
1674 908 1700 933 οι
1727 905 1876 936 hiauit-toi;

1090 955 1260 990 τεταγμένοι,
1276 954 1416 989 ταξίαρχοί
1427 962 1456 980 τε
1473 954 1520 980 καὶ
1535 953 1678 988 ἡγεμόνες,
1692 952 1718 978 οἱ
1736 951 1875 978 θεσπέσιοι

1093 1001 1220 1037 μαθηταί.
1235 1001 1312 1027 Ἔστι
1330 1001 1394 1034 γοῦν
1409 1001 1473 1028 ιδεῖν
1484 998 1528 1027 οἷά
1543 1008 1600 1026 τισι
1616 998 1810 1035 στρατιώταις,
1822 998 1876 1028 τοῖς

1091 1047 1137 1074 τοῦ
1150 1047 1275 1082 Σωτῆρος
1290 1047 1490 1082 προσκυνηταῖς
1504 1045 1718 1080 διακεκραγότας
1732 1053 1764 1070 τε
1778 1043 1825 1070 καὶ
1835 1043 1876 1069 λέ-

1091 1101 1197 1127 γοντας·
1216 1102 1225 1118 ι
1244 1092 1329 1127 Στῆτε
1343 1090 1389 1119 οὖν
1405 1091 1622 1127 περιζωσάμενοι
1638 1090 1688 1126 τὴν
1701 1089 1791 1124 ὀσφὺν
1802 1088 1877 1123 ὑμῶν

1091 1139 1119 1165 ἐν
1130 1137 1252 1173 ἀληθείᾳ,
1269 1139 1316 1164 καὶ
1341 1137 1515 1172 ἐνδυσάμενοι
1543 1137 1588 1163 τδν
1615 1136 1728 1172 θώρακα
1759 1134 1812 1169 τῆς
1841 1135 1877 1160 δι-

1091 1183 1246 1218 καιοσύνης,
1260 1183 1307 1209 καὶ
1324 1182 1522 1218 ὑποδησάμενοι
1539 1182 1602 1214 τοὺς
1627 1182 1711 1213 πόδας
1722 1180 1752 1207 ἐν
1768 1181 1876 1214 ἑτοιμα-

1093 1228 1137 1262 σίᾳ
1151 1227 1198 1254 τοῦ
1210 1227 1372 1261 Εὑαγγελίου
1398 1227 1448 1262 τῆς
1472 1227 1594 1262 εἰρήνης,
1624 1226 1670 1252 ἐπὶ
1686 1226 1770 1252 πᾶσιν
1785 1225 1877 1252 ἀναλα-

1091 1273 1184 1304 ϐόντες
1206 1273 1251 1299 τδν
1276 1272 1371 1308 θυρεὸν
1397 1272 1445 1307 τῆς
1463 1272 1595 1303 πίστεως,
1621 1271 1651 1297 ἐν
1681 1267 1704 1305 ᾧ
1729 1269 1876 1305 δυνήσεσθε

1092 1316 1180 1342 πάντα
1192 1316 1226 1342 τὰ
1235 1316 1300 1351 βέλη
1315 1315 1361 1342 τοῦ
1374 1316 1493 1351 πονηροῦ
1509 1315 1544 1342 τὰ
1557 1315 1742 1351 πεπυρωμένα
1757 1314 1875 1341 σῦὲσαι.ι

1092 1361 1230 1396 Χιλίαρχοι
1245 1359 1358 1397 δὴ“οῦν,
1389 1362 1435 1388 καὶ
1454 1362 1527 1397 μάλα
1555 1362 1678 1395 εἰκότως,
1698 1363 1723 1388 οἰ
1739 1361 1876 1388 θεσπέσιος

1094 1407 1223 1442 μαθηταὶ,
1237 1418 1246 1434 ι
1261 1408 1292 1434 Οἳ
1308 1408 1355 1434 καὶ
1379 1407 1482 1442 ἐροῦσι,
1495 1409 1588 1444 φησὶν,
1616 1409 1644 1435 ἐν
1674 1409 1734 1440 ταῖς
1755 1408 1877 1442 καρδίαις

1092 1453 1189 1480 αὐτῶν·
1206 1453 1366 1489 Εὑρήσομεν
1379 1454 1483 1485 ἑαυτοῖς
1495 1454 1558 1485 τοὺς
1572 1454 1767 1485 κατοικοῦντας
1783 1454 1814 1480 ἐν
1832 1455 1876 1480 Ἱε-

1094 1498 1244 1534 ρουσαλήμ.
1263 1507 1276 1525 »ι
1300 1498 1468 1533 Ἐπεθύμουν
1486 1499 1535 1534 μὲν
1549 1499 1603 1534 γὰρ
1615 1500 1638 1526 οἱ
1659 1499 1799 1526 Oeensem
1826 1508 1874 1534 μα-

1093 1543 1173 1578 θηταὶ
1186 1543 1234 1577 τὴν
1249 1543 1329 1577 ἁγίαν
1358 1542 1441 1575 ὅντως
1459 1543 1644 1579 Ἰερουσαλὴμ,
1674 1544 1809 1577 τουτέστι,
1831 1543 1877 1578 τὴν

1101 1587 1262 1623 Ἐκκλησίαν
1288 1589 1502 1624 μεμεστωμένην
1526 1589 1640 1625 ὁρᾶσθαι
1667 1590 1875 1625 προσκυνητῶν,

1095 1634 1141 1660 καὶ
1155 1631 1199 1660 οἶά
1211 1642 1272 1660 τινα
1287 1634 1362 1660 πόλιν
1375 1635 1510 1670 περιφανῆ
1524 1635 1626 1670 πληθυῖ
1638 1635 1692 1663 τῶν
1701 1636 1878 1663 ἐνοικούντων

1095 1677 1179 1713 αὐτὴν
1197 1675 1227 1704 εὖ
1244 1678 1316 1713 μάλα
1345 1679 1603 1714 κατασεμνύνεσθαι.
1617 1681 1672 1707 Καὶ
1699 1681 1766 1715 γοῦν
1788 1681 1878 1716 διεκή-

1097 1732 1190 1759 ρυττον
1201 1723 1250 1759 τὴν
1266 1724 1365 1757 πίστιν,
1379 1724 1614 1761 εὐαγγελιζόμενοι
1635 1726 1680 1752 τὸν
1701 1726 1816 1761 Ἰησοῦν,
1831 1735 1877 1760 ση-

1097 1769 1182 1804 μείοις
1198 1778 1227 1796 τε
1246 1770 1291 1796 καὶ
1302 1770 1413 1805 τέρασιν
1433 1771 1677 1807 ὲπισφραγίζοντες
1690 1772 1755 1804 τοὺς
1777 1772 1878 1798 ἑαυτῶν

1095 1814 1198 1848 λόγους.
1217 1815 1288 1850 Πλὴν
1301 1816 1350 1841 οὐκ
1364 1815 1480 1842 ἔπειθον·
1497 1816 1636 1851 μεμένηκε
1649 1816 1702 1851 γὰρ
1721 1816 1838 1852 σκληρός
1852 1825 1878 1842 τε

1096 1861 1142 1888 καὶ⁴
1152 1861 1292 1896 ἀκαμπὴς,
1313 1862 1359 1888 καὶ
1369 1858 1424 1888 οἷον
1436 1862 1518 1893 ἵππος
1535 1861 1648 1897 ἐξήνιος,
1665 1862 1757 1898 Ταύτῃ
1772 1871 1814 1889 τοι
1825 1862 1877 1888 λοι-

1096 1907 1146 1933 πὸν
1175 1907 1286 1943 ἐζήτουν
1300 1907 1406 1939 ἑαυτοῖς
1428 1908 1490 1939 τοὺς
1517 1908 1711 1940 κατοικοῦντας
1728 1909 1779 1944 τὴν
1802 1909 1879 1943 ἁγίαν

1097 1952 1172 1979 πόλιν
1188 1961 1197 1978 ι
1215 1953 1244 1979 ὲν
1260 1952 1356 1988 Κυρίῳ
1371 1954 1570 1989 παντοκράτορι
1594 1954 1653 1988 Θεῴ
1667 1954 1768 1987 αὐτῶν,
1788 1964 1798 1980 ι
1818 1963 1878 1980 τω-

1096 1999 1170 2025 τέστι
1193 1999 1222 2024 ἐν
1237 1997 1357 2033 Χριστῷ.
1385 1999 1440 2025 Καὶ
1462 1998 1494 2033 δὴ
1521 1999 1568 2025 καὶ
1591 1999 1740 2034 ἐτράποντο
1759 2000 1827 2034 πρὸς
1849 2001 1879 2025 τὰ

1098 2043 1172 2078 ἔθνη,
1190 2045 1246 2075 τοῖς
1270 2043 1401 2070 Ἰουδαίων
1411 2044 1506 2079 δήμοις
1525 2045 1758 2080 ἐπιφωνήσαντες·
1775 2054 1784 2070 ι
1804 2045 1880 2079 Ὑμῖν

1097 2087 1130 2124 ἦν
1145 2089 1292 2122 ἀναγκαῖον
1306 2089 1412 2124 πρῶτον
1427 2089 1574 2125 λαληθῆναι
1593 2090 1638 2117 τὸν
1649 2091 1727 2125 λόγον
1737 2090 1786 2117 τοῦ
1802 2090 1878 2117 θεοῦ.

1104 2134 1211 2169 Ἐπειδὴ
1225 2133 1253 2160 δὲ
1266 2134 1416 2161 ἀπωθεῖσθε
1436 2135 1527 2168 αὑτὸν,
1551 2136 1597 2162 καὶ
1613 2136 1663 2162 οὐκ
1675 2136 1766 2168 ἀξίους
1776 2137 1879 2172 κρίνετε

1099 2179 1211 2210 ἑαυτοὺς
1219 2178 1268 2213 τῆς
1282 2179 1390 2206 αἰωνίου
1407 2179 1478 2215 ζωῆς
1491 2201 1497 2212 ,
1521 2181 1575 2207 ἰδοὺ
1599 2181 1772 2217 στρεφόμεθα
1787 2183 1827 2213 εἰς
1849 2182 1881 2208 τὰ.

266 2235 292 2258 et
304 2230 380 2257 aiunt
402 2233 503 2257 sanctae
525 2228 651 2255 civitati:
671 2235 681 2252 ι
709 2227 794 2254 Dilata
820 2226 908 2254 locum
939 2225 1036 2253 tentori

1101 2225 1174 2261 ἔθνη·
1188 2225 1259 2252 οὕτω
1272 2226 1326 2261 γὰρ
1336 2227 1401 2260 ἡμῖν
1426 2226 1580 2254 ἐντέταλται
1599 2228 1613 2253 ὀ
1638 2227 1713 2259 Θεός.
1730 2237 1738 2253 ι
1763 2228 1881 2254 Ἐκεῖθεν

267 2276 315 2308 tui,
330 2279 357 2302 ει
371 2273 603 2302 tabernaculorum
632 2278 748 2300 tuorum.
777 2272 853 2308 Fige,
887 2279 920 2299 ne
942 2279 1047 2306 parcas.

267 2319 400 2346 Protende
424 2317 558 2344 funiculos
577 2322 636 2344 tuos
671 2321 698 2344 ct
717 2317 809 2344 clavos
836 2321 906 2349 tuos,
927 2315 1048 2343 conforta

267 2367 357 2394 adhuc
370 2366 396 2392 in
409 2364 522 2396 dextris.
534 2369 561 2391 et
572 2363 598 2390 in
610 2363 718 2391 sinistra
731 2364 846 2390 extende
859 2363 892 2389 ‘°.
908 2371 916 2388 ι
931 2362 974 2388 Illa
986 2369 1050 2389 vero

268 2410 438 2439 multitudine
453 2408 599 2436 incolarum
613 2415 722 2435 suorum
748 2407 876 2439 exsultat,
920 2411 947 2433 et
972 2406 1049 2441 quasi

269 2456 407 2483 admirans
422 2462 532 2483 suorum
554 2454 668 2481 ﬁliorum
690 2453 882 2488 frequentiam,
895 2453 951 2480 ait;
967 2462 976 2478 ι
992 2452 1048 2486 Ego

269 2505 358 2528 autem
382 2501 440 2528 sinc
456 2500 527 2531 filiis,
544 2503 571 2526 ct
586 2499 666 2526 vidua
680 2508 687 2532 ;
707 2499 773 2526 istos
783 2507 849 2526 vero
873 2499 933 2533 quis
957 2499 1049 2533 genuit

270 2547 354 2574 mihi?
370 2547 412 2574 isti
427 2550 516 2573 autem
528 2545 572 2572 ubi
591 2545 655 2572 milli
667 2549 744 2572 erant
756 2545 776 2560 ⁶¹
789 2545 800 2572 ?
814 2554 824 2570 ι

1099 2272 1234 2307 ἐζήτησαν
1261 2272 1323 2303 τοὺς
1345 2272 1395 2306 τῆς
1425 2272 1586 2307 Ἐκκλησίας
1610 2273 1731 2305 πολίτας,
1749 2270 1783 2309 ἧς
1813 2274 1881 2299 καὶὸ

1100 2318 1242 2350 θεσπέσιος
1257 2318 1338 2345 Δαϐὶδ
1353 2318 1544 2353 διαμέμνηται,
1559 2319 1654 2352 λέγων’
1674 2327 1683 2345 ι
1697 2319 1882 2354 Δεδοξασμένει

1101 2363 1216 2398 ἐλαλήθη
1228 2363 1292 2400 περὶ
1305 2363 1362 2396 σοῦ,
1378 2365 1395 2399 ἡ
1421 2365 1497 2396 πόλις
1518 2365 1563 2390 τοῦ
1577 2365 1654 2392 Θεοῦ.
1673 2375 1681 2391 ι
1714 2366 1882 2400 Ζητὴσαντες

1099 2409 1128 2436 δὲ
1143 2409 1356 2444 πεπλουτήκασι,
1366 2410 1543 2444 συνεκόμισάν
1551 2419 1580 2436 τε
1589 2411 1694 2445 πληθὺν
1708 2411 1758 2446 τὴν
1769 2411 1881 2446 ἀριθμοῦ

1101 2454 1251 2489 κρείττονα,
1268 2454 1323 2480 Καὶ
1349 2454 1381 2490 δὴ
1399 2455 1445 2481 καί
1461 2463 1526 2489 φασι
1550 2457 1582 2490 τῇ
1597 2455 1663 2490 ἁγίᾳ
1684 2456 1771 2482 πόλει·
1789 2466 1798 2481 ‹
1817 2456 1882 2482 Πλά-

1102 2508 1179 2526 τυνον
1192 2499 1238 2526 τὸν
1263 2499 1343 2526 τόπον
1370 2500 1418 2535 τῆς
1445 2501 1545 2535 σκηνῆς
1567 2509 1624 2534 σου,
1645 2501 1757 2528 καὶτῶν
1769 2502 1882 2528 αὑλαιῶν

1104 2553 1162 2572 σου.
1180 2543 1278 2579 Πῆξον,
1302 2545 1338 2580 μὴ
1362 2545 1451 2580 φείσῃ.
1476 2546 1620 2581 Μάκρυνον
1643 2546 1677 2572 τὰ
1708 2547 1883 2581 σχοινίσματά

270 2602 328 2626 σου,
346 2591 392 2619 καὶ
410 2592 472 2623 τοὺς
487 2591 640 2622 πασσάλους
654 2598 710 2624 σου,
726 2591 886 2626 κατίσχυσαν
899 2591 938 2617 ἔτι
952 2591 991 2622 εἰς
1004 2591 1037 2616 τὰ
1049 2591 1133 2623 δεξιὰ,
1149 2590 1196 2617 καὶ
1210 2591 1249 2622 εἰς
1261 2590 1293 2616 τὰ
1306 2590 1434 2625 ἀριστερὰ
1449 2591 1622 2617 ἐκπέτασον.»
1646 2590 1677 2617 Ἦ
1691 2591 1719 2618 δὲ
1732 2591 1772 2626 τῷ
1792 2592 1883 2628 πλήθει

270 2639 325 2665 τῶν
351 2637 548 2664 κατοικούντων
566 2636 650 2672 αὐτὴν
672 2636 857 2671 ἐπιγάννυται,
883 2637 962 2672 μόνον
981 2636 1008 2663 δὲ
1030 2637 1091 2672 οὐχὶ
1110 2636 1357 2671 κιτιθαυμάιξουσα
1377 2636 1431 2662 τῶν
1453 2636 1524 2663 ἰδίων
1550 2636 1652 2664 τέκνων
1671 2637 1720 2672 τὴν
1737 2639 1883 2674 ὁμήγυριν,

307 2731 388 2759 Vens.
402 2731 428 2758 6.
447 2730 530 2758 ludio
553 2731 599 2758 illa
622 2740 716 2766 ponam
744 2731 861 2758 tribunos
881 2731 955 2758 Juda
979 2731 1044 2757 sicut

306 2830 329 2843 ~“’
345 2828 412 2856 Psal.
430 2836 489 2859 LXV,
506 2830 531 2856 S.

590 2831 611 2845 "7
629 2830 724 2864 Epltcs.
740 2838 773 2862 vt,
796 2830 882 2856 ιΗδ.

344 2862 394 2890 lsa.
412 2871 481 2892 tux.
496 2865 539 2890 21.

938 2830 958 2843 i"
975 2830 1034 2856 ALL
1057 2836 1113 2860 λιιι,
1136 2828 1173 2860 iti,
1193 2828 1233 2855 Π.

213 2681 227 2702 λ
270 2683 369 2720 φησίν·
389 2693 398 2709 ι
417 2683 487 2717 Ἐγὼ
500 2683 527 2710 δὲ
539 2683 660 2717 ἄτεκνος,
687 2684 733 2711 καὶ
760 2685 842 2719 χῆρον
860 2683 970 2716 τούτους
991 2683 1018 2709 δὲ
1035 2683 1076 2715 τίς
1090 2683 1218 2718 ἐγέννησέ
1233 2691 1289 2718 μοι;
1305 2678 1378 2708 οῦτοι
1393 2682 1420 2708 δέ
1441 2692 1486 2718 μοι
1498 2683 1548 2710 ποῦ
1565 2681 1650 2719 ἦσαν;
1672 2693 1682 2709 ι

1143 2731 1193 2757 Ἑν
1206 2729 1243 2764 τῇ
1260 2728 1352 2764 ἡμέρᾳ
1367 2730 1468 2764 ἐκείνῃ
1485 2730 1612 2764 θήσομαι
1626 2731 1696 2764 τοὺς
1712 2732 1881 2766 χιλιάρχους

1304 2829 1325 2844 δι’
1341 2828 1411 2856 I'sul.
1428 2836 1534 2862 Lxuvt,
1554 2829 1579 2855 5.
1635 2830 1655 2844 ⁵ο
1673 2830 1722 2856 lsu.
1743 2838 1795 2863 ων,
1810 2831 1835 2863 2,
1858 2831 1879 2856 5.
