1916 3053
214 157 268 184 215

706 155 734 183 S.
755 155 889 184 CYRlLLl
908 157 1141 187 ALEXANDRINI
1163 158 1325 188 ARCHIEP.

1777 159 1835 187 216

216 214 312 242 animat
327 218 354 241 et
368 214 491 248 spiritus,
507 213 683 241 medullarum
700 222 817 250 quoque,
841 221 868 243 et
882 224 992 251 compa-

1046 218 1122 254 Ἔχει
1144 218 1209 254 γὰρ,
1226 219 1274 245 καὶ
1297 218 1369 253 μάλα
1385 218 1553 254 ἐπιτηδείως,
1565 219 1579 244 ὁ
1600 217 1646 244 τοῦ
1663 217 1731 244 Θεοῦ
1753 217 1834 250 λόγος

215 267 288 293 gum,
301 265 328 287 et
344 259 477 299 discretor
492 260 682 295 cogitationum
697 265 724 288 et
740 261 918 289 intentionum
933 270 993 290 cor-

216 305 257 332 dis
272 305 304 332 ⁷⁸.
326 315 335 331 ι
355 305 458 332 Dictum
468 309 510 333 est
525 305 588 332 item
602 313 667 333 voce
681 307 872 341 prophetarum
901 308 992 336 immi-

217 349 286 375 Iihns
302 354 329 376 et
355 349 559 377 contumacibus
573 349 696 377 Judaeis:
726 360 735 376 ι
760 350 993 381 Circumcidimini

214 393 268 420 Dco
284 399 383 426 vestro,
400 395 449 421 viri
463 395 532 422 Juda
542 395 575 422 "'.
592 403 604 421 ι

1043 263 1083 295 εἷς
1103 272 1135 299 γε
1163 264 1195 290 τὸ
1221 263 1351 291 δύνασθαι
1363 263 1410 290 καὶ
1420 263 1611 299 ἁπεψυγμένον
1626 265 1655 290 ὲν
1671 262 1833 298 ἁμαρτίαις,

1044 308 1275 345 ἀναζωπυρῆσαν
1299 310 1346 336 καὶ
1369 309 1450 336 οἱονεί
1471 317 1530 340 πως
1556 308 1759 344 ἀπεσκληκότα,
1786 309 1833 334 καὶ

1046 355 1229 390 πεπιλημένον
1243 355 1385 388 διαπτύξαι
1402 354 1512 390 ῥαδίως.
1531 355 1586 380 Καὶ
1597 354 1650 389 γάρ
1672 355 1730 380 ὲστι
1748 363 1756 379 ι
1779 353 1832 385 ζῶν

1046 407 1076 424 τε
1087 399 1134 425 καὶ
1146 399 1268 434 ἐνεργὴς,
1283 400 1330 427 καὶ
1342 399 1498 434 τομὼτατος
1508 399 1578 434 ὑπὲρ
1589 399 1679 425 πᾶσαν
1694 398 1832 432 μάχαιραν

213 439 346 474 δίστομον,
361 439 544 475 διικνούμενός
558 448 587 466 τε
603 440 683 475 μέχρι
701 440 834 476 μερισμοῦ
865 441 952 476 ψυχῆς
981 440 1027 467 καὶ
1047 441 1180 478 σώματος,
1200 444 1297 479 ἁρμῶν
1311 453 1340 471 τε
1354 444 1402 471 καὶ
1417 443 1533 478 μυελῶν,
1550 443 1597 469 καὶ
1611 442 1733 476 κριτικὸς
1753 442 1832 468 ἐνθυ-

214 487 340 522 μήσεων,
369 487 416 514 καὶ
447 487 556 514 ἐννοιῶν
588 487 709 522 καρδίας.
733 497 742 513 ι
771 488 884 523 Εἴρηται
907 488 935 514 δέ
959 496 1010 514 που
1037 489 1083 515 καὶ
1112 489 1155 516 διὰ
1183 491 1275 526 φωνῆς
1301 490 1448 527 προφητῶν
1484 490 1552 526 πρὸς
1581 489 1626 517 τὸν
1653 489 1747 525 ἀπηνῆ
1783 490 1832 516 καὶ

212 533 341 566 ἄτεγκτον
362 532 502 559 Ἰουδαῖονο
532 542 541 558 ι
571 533 730 568 Τετμήθητε
755 532 794 568 τῷ
817 533 876 568 Θεῷ
904 533 989 569 ὑμῶν,
1010 532 1105 570 ἄνδρες
1130 536 1224 563 Ἰούδα.
1245 545 1254 562 ι

248 575 320 604 Vsus
340 577 366 604 7.
385 577 420 604 Et
434 578 560 604 habitabit
581 577 728 604 Jerusalem
748 578 834 605 adhuc
853 579 881 605 in
902 583 994 605 semet.

213 624 305 655 ipsum,
329 628 352 650 et
367 623 476 650 salvabit
489 623 617 656 Dominus
638 623 808 651 tabernacula
831 624 903 651 Iuda
922 625 992 651 sicut

213 677 229 695 α
243 669 380 702 principio,
394 674 420 696 ut
434 678 484 696 non
503 669 687 704 magniﬁcatur
708 669 831 704 gloriatio
855 669 951 702 David,
969 673 992 696 et

213 714 337 741 elationes
348 714 521 742 habitantium
538 715 686 742 Jerusalem
696 723 773 750 super
784 715 894 742 ludum.

243 801 308 828 XCI.
323 801 380 829 Non
390 809 496 837 semper
506 801 653 829 Ecclesium
664 801 820 829 tumultibus
830 802 992 835 exagitatum

212 847 309 880 iri,nec
316 848 374 875 sine
389 847 441 875 [ine
447 848 645 882 persecutiones
657 855 796 882 passuram
804 848 968 876 vaticinatur
985 858 991 875 :

212 894 259 921 sed
275 895 425 928 quieturam
442 894 595 928 aliquando,
612 898 638 921 et
652 894 833 921 hahitaturam
851 895 877 922 in
890 899 993 922 semet-

211 940 279 974 ipsa,
300 947 348 967 seu
364 941 389 966 in
405 939 462 967 loco
478 947 538 972 suo,
554 940 606 968 hoc
618 943 669 972 est,
689 940 852 973 seiunctam,
868 941 951 976 779
966 945 993 968 et.

211 985 445 1018 solam,turban,te
473 985 589 1018 nemine,
614 993 667 1013 non
694 985 893 1014 tribulationem
920 986 993 1013 cxci«

173 1028 178 1046 ⁷
211 1035 296 1063 tante,
319 1038 374 1058 non
393 1035 531 1059 terrorem.
547 1031 720 1064 imminente,
740 1039 791 1060 non
813 1032 992 1059 tentationum

210 1084 344 1104 maerores
366 1077 572 1105 accumulante:
587 1087 596 1104 ι
618 1077 738 1106 Salvabit
763 1078 834 1105 enim
862 1078 992 1105 Dominus

213 1123 387 1151 tabernacula
409 1123 492 1157 Iuda,
522 1124 591 1152 sicut
618 1131 633 1151 a
660 1124 804 1159 principio.
831 1123 993 1152 rEcclesias

211 1178 286 1203 suas,
301 1171 358 1198 sive
376 1170 544 1198 tabernacula
571 1177 620 1198 sua
641 1171 676 1198 ita
704 1174 836 1205 proteget,
865 1174 894 1197 ut
916 1177 993 1205 teque

213 1223 335 1251 inagnam
348 1216 463 1251 gratiam
480 1217 506 1244 in
522 1223 568 1244 eas
583 1217 713 1249 conferat,
725 1224 806 1252 quam
825 1216 851 1244 in
864 1216 991 1244 lsraelem

211 1261 335 1294 contulit,
349 1269 428 1296 quem
443 1269 476 1289 ex
491 1261 608 1297 [Egypto
630 1261 766 1289 liberavit.
791 1261 891 1289 Eduxit
919 1261 991 1289 enim

211 1306 285 1333 illum
304 1315 313 1333 (
327 1307 429 1335 edomo
442 1307 589 1339 servitutis,
601 1312 628 1334 et
638 1314 654 1335 e
667 1306 778 1335 fornace
789 1306 905 1340 ferrea,»
922 1308 993 1335 sicut

210 1354 339 1387 scriptum
354 1357 396 1380 est
414 1353 436 1369 "
448 1353 465 1385 ‘,
484 1357 510 1380 et
527 1359 552 1380 e'
573 1353 712 1380 dominatu
737 1353 900 1381 intolerabili
930 1353 992 1380 uni-

210 1405 349 1426 versorum
364 1399 445 1430 Deus,
466 1407 476 1424 ι
487 1398 513 1426 in
527 1406 607 1427 manu
616 1398 678 1426 forti
690 1404 717 1426 et
737 1399 763 1426 in
781 1398 892 1426 brachio
903 1398 993 1427 excel-

211 1452 242 1473 so
259 1445 292 1478 1',
310 1454 320 1471 ι
339 1445 446 1480 quando
473 1449 661 1479 persecutores
689 1445 749 1480 ejus
775 1454 785 1470 ι
814 1445 943 1473 demersit
966 1445 992 1472 in

210 1490 278 1518 mari
292 1490 392 1523 Rubro,
401 1495 481 1526 ponto
488 1491 627 1525 cooperuit
634 1498 690 1524 eos,
700 1495 728 1519 et
736 1491 934 1519 descenderunt
941 1491 994 1519 sio-

1079 581 1133 608 Kal
1149 582 1320 617 κατοικήσει
1348 580 1541 616 Ἰερουσαλὴμ
1559 581 1603 608 ἔτι
1622 582 1686 608 καθ’
1706 581 1829 614 ἑαυτὴν,

1045 627 1093 653 καὶ
1110 627 1203 655 σώσει
1218 628 1326 662 Κύριος
1348 628 1384 655 τὰ
1406 627 1586 662 σκηνώματα
1609 626 1716 659 Ἰούδα,
1732 627 1830 659 καθὼς

1045 672 1095 699 ἀπ’
1109 672 1213 707 ἀρχῆς,
1229 673 1308 706 ὅπως
1317 672 1360 707 μὴ
1371 673 1573 708 μεγαλύνηται
1590 672 1729 706 καύχημα
1745 671 1831 699 olm

1045 719 1143 752 Δαόὶδ,
1161 720 1209 746 καὶ
1223 719 1363 753 ἐπάρσεις
1377 719 1436 746 τῶν
1445 719 1663 746 κατοικούντων
1684 719 1830 753 Ἰερουσα-

1045 765 1107 800 λὴμ
1122 765 1171 793 ἐπὶ
1184 765 1238 792 τὸν
1257 765 1363 793 Ἰούδα.

1064 812 1122 845 ῐά,Δ’.
1142 811 1199 838 Οὐκ
1215 811 1257 838 ἀεὶ
1266 811 1316 846 τὴν
1340 810 1502 846 Ἐκκλησίαν
1521 810 1549 837 ὲν
1564 810 1688 846 Θορύὸοις
1700 809 1830 844 γενέσθαι

1047 857 1140 891 φησὶν,
1154 855 1216 883 οὔτε
1229 855 1283 892 μὴν
1301 856 1494 891 ἀτελευτήτους
1518 856 1662 891 ὐπομεὶιναι
1683 855 1748 886 τοὺς
1769 854 1831 880 διω-

1046 895 1148 937 γμούς·
1165 901 1224 928 ἀλλ’
1238 902 1387 937 ἠρεμήσειν
1402 910 1432 928 τε
1452 901 1525 928 κατὰ
1538 901 1659 936 καιροὺς,
1676 900 1723 927 καὶ
1736 908 1830 926 κατοι-

1044 947 1137 982 κήσειν
1161 945 1221 973 καθ’
1244 945 1352 982 ἑαυτὴν,
1377 946 1500 972 τουτέστι
1527 945 1692 980 καταμόνας,
1717 945 1768 971 οὐκ
1788 945 1830 971 ὲν-

1043 991 1181 1027 οχλοῦντός
1194 999 1281 1023 τινος,
1295 991 1324 1017 οὒ
1338 990 1425 1026 θλίψιν
1451 990 1608 1024 ἐπάγοντος,
1636 990 1686 1016 οὐκ
1714 989 1831 1020 ὲνιέντος

1042 1038 1131 1073 δεῖμα,
1139 1037 1169 1064 οὗ
1186 1037 1236 1069 τὰς
1250 1037 1303 1063 τῶν
1313 1036 1472 1072 πειρασμῶν
1485 1035 1634 1072 δυσθυμίας
1649 1034 1831 1070 ἑπισωρεύον-

1043 1092 1102 1117 τος·
1122 1093 1132 1110 ι
1150 1083 1234 1110 Σὼσει
1248 1083 1302 1118 γὰρ
1317 1082 1419 1117 Κύριος
1431 1082 1466 1109 τὰ
1481 1081 1648 1117 σκηνώματα
1667 1081 1764 1113 Ἰούδα,
1782 1088 1830 1107 κα-

1044 1130 1097 1162 θὼς
1121 1129 1167 1156 ἀπ’
1189 1129 1287 1164 ἀρχῆς.
1311 1137 1320 1154 ι
1349 1128 1575 1162 ’Υπερασπιεῖται
1598 1125 1669 1153 οὕτω
1684 1125 1739 1152 τῶν
1759 1125 1830 1151 ίδὶων

1050 1175 1225 1211 Ἐκκλησιῶν,
1239 1175 1298 1210 ἤτοι
1313 1173 1367 1200 τῶν
1390 1173 1486 1200 ἑαυτοῦ
1500 1172 1699 1208 σκηνωμάτων,
1718 1172 1756 1203 ὡς
1771 1171 1832 1206 ἴσην

1043 1221 1133 1252 αὐτοῖς
1154 1219 1301 1254 ἀπονέμειν
1324 1219 1452 1254 φροντίδα
1482 1219 1516 1254 τῇ
1544 1219 1629 1246 πάλαι
1654 1217 1833 1252 δεδωρημένῃι

1043 1266 1215 1302 λυτρουμένῳ
1232 1265 1262 1298 ἐξ
1277 1265 1414 1300 Αἰγύπτου
1429 1264 1468 1300 τῷ
1489 1264 1607 1300 Ἰσραήλ.
1630 1263 1764 1299 Ἐξήγαγε
1776 1263 1832 1298 γὰρ

1042 1312 1088 1339 τὸν
1107 1311 1214 1347 Ἰσραὴλ
1230 1320 1239 1337 ι
1257 1310 1285 1344 ἐξ
1300 1310 1375 1337 οἴκου
1390 1310 1521 1342 δουλείας,
1539 1309 1586 1336 καὶ
1601 1310 1633 1336 ὲκ
1646 1308 1765 1344 καμίνου
1788 1317 1829 1334 σι-

1044 1359 1138 1394 ὴρᾶς,
1155 1357 1226 1383 καθὰ
1239 1357 1403 1392 γέγραπται,
1423 1366 1431 1382 ι
1453 1356 1500 1382 καὶ
1525 1355 1554 1389 ἐξ
1575 1355 1712 1390 ἀφορήτου
1735 1354 1830 1380 πλεον-

1044 1405 1117 1438 εξίας
1130 1405 1145 1431 ὁ
1161 1405 1216 1432 τῶν
1237 1404 1305 1430 ὅλων
1320 1403 1395 1436 Θεὺς,
1418 1412 1427 1429 ι
1446 1403 1475 1430 ὲν
1494 1403 1565 1438 χειρὶ
1581 1402 1708 1437 κραταιᾷ,
1734 1400 1783 1427 καὶ
1802 1401 1830 1426 ὲν

1045 1451 1166 1487 βραχίονι
1183 1449 1288 1485 ὑψηλῷ,
1309 1458 1318 1476 ι
1335 1450 1379 1476 ὅτε
1395 1449 1458 1481 τοὺς
1471 1447 1616 1479 διώκοντας
1636 1456 1645 1472 ι
1669 1447 1830 1474 κατεπόντι-

1045 1506 1091 1525 σεν
1107 1498 1136 1523 ὲν
1157 1496 1279 1532 Ἐρυθρᾷ
1298 1495 1428 1532 θαλάσσῃ,
1452 1494 1556 1522 πόντων
1570 1493 1704 1528 ἐκάλυψεν
1720 1492 1830 1525 αὐτοὺς,

212 1540 241 1563 ut
255 1536 390 1571 plumbum
413 1537 438 1564 in
462 1545 531 1572 aqua
548 1537 712 1570 vehementi,
732 1542 760 1565 et
781 1538 946 1566 transierunt
961 1538 993 1565 li-

1046 1544 1091 1571 καὶ
1108 1543 1203 1569 ἔδυσαν
1217 1541 1283 1568 ὡσεὶ
1298 1541 1421 1576 μόλιϐδος
1440 1541 1469 1567 ὲν
1485 1540 1560 1567 ὕδατι
1575 1539 1681 1575 σφοδρῷ
1691 1560 1699 1573 ,
1722 1539 1772 1566 καὶ
1790 1539 1828 1565 δι-

209 1583 296 1611 herati
313 1584 347 1611 ⁷³.
368 1593 377 1610 ι
395 1583 525 1612 Columna
541 1590 630 1611 autem
646 1584 715 1619 ignis
729 1591 775 1611 eos
787 1588 872 1612 noctu
892 1591 993 1619 praece-

211 1629 278 1656 dens
291 1630 361 1656 viam
374 1629 508 1664 signabat,
525 1633 551 1657 et
568 1637 616 1664 per
627 1630 697 1657 diem
711 1630 797 1658 nubes
812 1637 892 1664 supra
912 1635 993 1665 caput

211 1676 264 1701 dux
289 1675 461 1710 impendebat
473 1675 506 1701 ".
523 1685 532 1701 ι
550 1675 651 1703 Deinde
661 1682 759 1710 panem
774 1676 808 1703 de
820 1676 889 1703 coelo
917 1683 993 1704 com-

212 1722 325 1749 ederunt
346 1722 381 1753 ",
404 1725 431 1748 et
470 1722 496 1748 in
533 1721 676 1750 solitudine
705 1729 811 1750 morsus
837 1727 992 1757 serpentum

211 1771 356 1794 evaserunt
371 1767 406 1794 ⁷⁸.
424 1766 553 1795 Vicernnt
569 1767 705 1800 inimicos,
722 1768 886 1795 transierunt
898 1767 994 1796 Iorda-

210 1820 272 1839 nem
285 1813 319 1845 ",
334 1813 485 1840 circumcisi
500 1818 572 1846 sunt,
584 1817 714 1841 venerunt
728 1813 754 1841 in
766 1818 864 1841 terram
879 1813 994 1849 promis-

212 1856 296 1884 sicnis
310 1856 344 1884 ".
361 1856 423 1885 Haec
435 1857 545 1885 donabit
556 1857 679 1886 Christus
694 1859 878 1892 quaerentibus
899 1859 992 1887 taber-

212 1901 318 1934 nacula,
334 1903 387 1930 hoc
409 1902 629 1935 eetrEcclesiam
650 1904 710 1931 :sic
733 1909 761 1931 et
787 1904 852 1938 ipsis
878 1904 992 1932 salutem

213 1947 347 1980 restituet,
371 1948 501 1976 diabolica
514 1949 644 1977 servitute
662 1950 803 1984 exemptis,
829 1954 856 1977 et
895 1950 994 1978 demo-

213 1994 287 2021 niaca
314 1994 497 2022 dominatione
518 1994 649 2029 liberatis,
675 2000 703 2023 et
727 2003 775 2030 per
802 1996 994 2024 distractiones

213 2038 292 2074 hujus
307 2039 368 2068 vita:
383 2043 410 2069 et
424 2040 514 2068 turbas
539 2039 632 2068 inanes
663 2041 737 2069 velut
762 2048 809 2076 per
836 2048 911 2069 mare
939 2046 994 2069 tra-

213 2087 322 2120 ductis;
356 2087 508 2115 columnam
526 2095 633 2123 quoque
658 2092 685 2114 et
709 2087 909 2115 ﬁrmamentum
935 2088 996 2116 illu-

213 2139 270 2162 stre
289 2134 406 2168 seipsum
432 2133 483 2161 illis
501 2133 527 2161 in
542 2134 596 2161 alto
625 2137 768 2168 proponet,
795 2133 993 2162 illuminantem

159 2188 168 2190 λ
212 2183 350 2206 versantes
367 2178 392 2205 in
407 2179 535 2212 tenebris,
548 2183 575 2206 et
592 2179 678 2206 instar
698 2179 777 2206 nubis
796 2179 905 2207 roribus
925 2187 993 2214 quos

213 2225 303 2252 animo
318 2225 462 2258 cernimus,
479 2225 637 2260 irrigantem
650 2233 658 2256 ;
671 2223 759 2252 lactus
772 2224 835 2252 item
848 2224 899 2253 illis
916 2225 994 2260 panis

212 2271 273 2298 vitae
299 2271 518 2305 serpentiumque
546 2271 595 2298 sul)
614 2270 816 2304 intelligentiam
839 2271 992 2299 cadentium

214 2324 319 2344 morsus
340 2315 487 2344 imbecilles
502 2320 529 2344 et
543 2315 634 2342 irritos
648 2314 760 2348 faciens,
781 2315 924 2343 traducens
947 2323 995 2350 per

212 2362 365 2394 Jordanem,
379 2366 406 2389 et
418 2361 623 2389 circumcisione
637 2360 749 2395 spiritus
764 2368 845 2395 puros
866 2361 992 2393 reddens,

213 2412 239 2434 ct
262 2407 288 2434 in
313 2414 422 2442 regnum
436 2408 565 2435 calorum
581 2406 765 2434 introducens.
782 2406 844 2434 llaec
868 2407 924 2434 suis
945 2407 995 2434 ad-

212 2453 364 2481 oratoribus
378 2453 515 2487 largietur,
541 2452 710 2486 salvabitqne
729 2459 776 2479 eos
787 2452 887 2480 talibus
898 2453 994 2485 modis,

215 2509 223 2524 ‹
243 2505 335 2526 utnon
353 2498 539 2533 magniﬁcetur
557 2498 682 2532 gloriatio
692 2497 789 2525 domus
801 2498 894 2530 David,
917 2508 931 2524 »-
946 2499 996 2526 hoc

212 2543 425 2575 cst,Judaeorum
449 2542 606 2577 principes:
635 2549 685 2570 nec
699 2543 830 2571 elationes
860 2545 926 2576 sint,
948 2551 994 2572 seu

212 2590 336 2617 elationis
348 2589 456 2616 occasio
473 2593 566 2615 contra
581 2587 688 2622 Judam,
714 2588 898 2617 habitantibus
914 2589 994 2617 Jeru-

213 2635 306 2668 salem,
321 2643 401 2670 quam
418 2641 514 2662 sensus
533 2634 658 2669 percipit,
688 2640 715 2662 et
735 2639 904 2663 terrestrem.
923 2636 994 2664 Eiic-

214 2682 308 2708 rebant
320 2681 419 2715 quippe
434 2687 475 2713 se,
488 2684 515 2708 et
531 2681 656 2715 superbia
673 2682 914 2708 tumehantcontra
937 2690 996 2709 cre-

214 2727 307 2753 dentes
325 2726 351 2752 in
369 2726 517 2760 Christum,
539 2726 682 2761 ipsumque
706 2726 919 2760 Emmanuelem,
947 2735 996 2761 per

247 2826 270 2842 '°
284 2826 365 2856 Hebr.
384 2837 419 2860 tv,
435 2829 476 2856 12.
514 2829 536 2844 ⁷·
553 2829 650 2856 iorem.
665 2837 701 2859 ιν,
718 2829 743 2855 ί.
785 2829 817 2844 ⁷¹¹
835 2829 909 2855 Dent.
926 2836 961 2859 IV,
978 2828 993 2854 εὶ

1061 2829 1083 2844 ⁷²
1099 2828 1175 2854 Deut.
1196 2835 1221 2861 ν,
1240 2828 1282 2854 15.
1321 2829 1342 2844 ⁷³
1358 2825 1441 2856 Exod.
1458 2837 1501 2862 xv,
1521 2829 1578 2857 2-4.

1045 1587 1228 1622 εόιῦάσθησαν
1245 1586 1294 1622 μὲν
1304 1587 1328 1612 οἱ
1342 1585 1547 1621 λελυτρωμένοι.
1560 1595 1569 1611 ι
1585 1584 1684 1617 moto;
1695 1585 1724 1611 δὲ
1740 1584 1831 1611 αὐτῶν

1043 1634 1137 1670 ἡγεῖτο
1164 1633 1250 1669 πυρὸς
1273 1631 1322 1667 τὴν
1346 1631 1441 1663 νύκτα,
1463 1631 1664 1658 καταδεικνύων
1689 1631 1739 1666 τὴν
1761 1630 1828 1663 ὁδὸν,

1044 1678 1216 1714 ἔπεκρέματο
1225 1677 1255 1704 δὲ
1267 1678 1314 1704 καὶ
1330 1678 1358 1704 ὲν
1372 1677 1462 1713 ἡμέρᾳ
1477 1677 1587 1712 νεφέλη.
1603 1675 1669 1703 Εἶτα
1684 1676 1730 1702 τδν
1746 1675 1776 1708 ἐξ
1788 1676 1830 1702 οὐ·

1045 1724 1127 1761 ρανοῦ
1156 1723 1365 1760 κατεδηδόκασιν
1393 1723 1491 1757 ἄρτον,
1519 1723 1567 1750 καὶ
1591 1722 1718 1757 διέφυγον
1743 1723 1773 1748 ἐν
1799 1723 1829 1757 τῇ

1043 1771 1140 1806 ἐρήμῳ
1154 1770 1188 1796 τὰ
1207 1769 1261 1796 τῶν
1282 1769 1370 1804 δφεων
1389 1769 1524 1804 δήγματα.
1542 1769 1689 1804 Κρείττους
1702 1766 1774 1804 ἦσαν
1788 1769 1830 1803 έχ-

1045 1817 1126 1853 θρῶν,
1146 1816 1353 1852 διεὸιϐάσθησαν
1368 1816 1412 1843 τὸν
1439 1815 1582 1851 Ἰορδάνην,
1607 1815 1829 1851 περιετμήθησαν

1046 1863 1194 1899 μαχαίραις
1210 1862 1358 1898 πετρίναις,
1375 1860 1456 1897 ἦλθον
1469 1863 1508 1893 εἰς
1522 1861 1570 1897 τὴν
1585 1862 1635 1896 γῆν
1650 1862 1699 1895 τῆς
1716 1862 1830 1894 ἐπαγγε-

1044 1909 1110 1941 λίας.
1127 1908 1221 1936 Ταῦτα
1235 1909 1370 1944 χαριεῖται
1384 1907 1500 1944 Χριστὸς
1514 1908 1570 1939 τοῖς
1585 1906 1697 1942 ζητοῦσι
1712 1906 1749 1933 τὰ
1764 1915 1829 1942 σκη-

1045 1954 1158 1989 νώματα
1173 1952 1266 1986 αὑτοῦ,
1282 1953 1406 1980 τουτέστι
1422 1952 1472 1988 τὴν
1492 1951 1655 1987 Ἐκκλησίαν
1666 1961 1673 1969 ι
1690 1952 1763 1979 οὕτω
1785 1951 1829 1978 καὶ

1044 2001 1142 2032 αὐτοὺς
1152 1999 1297 2031 ἀνασώσει,
1306 1999 1428 2030 δουλείας
1446 1999 1495 2034 μὲν
1503 1997 1712 2034 ἁπαλλάξαςτῆς
1724 1998 1779 2025 ὑπὸ
1791 1997 1829 2033 τῷ

1045 2047 1160 2083 διαϐόλῳ
1173 2046 1312 2082 φημὶ,κα“ι
1329 2044 1519 2081 δαιμονιὼδους
1542 2045 1698 2078 πλεονεξίας
1720 2044 1828 2078 ἐξελὼν,

1044 2093 1203 2123 διαὸιὸάσας
1210 2092 1238 2118 δὲ
1248 2091 1322 2119 ὦσπε
1326 2100 1342 2126 ρ
1353 2091 1397 2118 διὰ
1405 2091 1540 2126 θαλάσσης
1550 2090 1604 2117 τῶν
1615 2091 1643 2117 ὲν
1651 2090 1720 2125 τῷδε
1733 2090 1773 2125 τῷ
1783 2090 1829 2125 βίῳ

1045 2136 1254 2173 περισπασμῶν,
1275 2136 1322 2162 καὶ
1341 2135 1444 2171 τύρϐης
1464 2135 1581 2168 εἰκαίας,
1599 2135 1693 2162 στύλον
1721 2135 1760 2167 δὲ,
1786 2135 1832 2161 καὶ

1046 2183 1185 2219 ἑδραίωμα
1199 2182 1324 2217 λαμπρὸν
1337 2181 1431 2209 ἑαυτὸν
1442 2181 1532 2213 αὐτοῖς
1546 2181 1666 2213 ἀναθεὶς,
1678 2181 1831 2216 φωτίζοντα

1046 2229 1108 2260 τοὺς
1124 2229 1152 2254 ὲν
1166 2227 1265 2259 σκότει,
1276 2226 1322 2253 καὶ
1340 2223 1383 2252 οἷα
1394 2225 1507 2261 νεφέλην
1529 2227 1590 2257 ταῖς
1606 2227 1715 2260 νοηταῖς
1731 2225 1831 2260 κατάρ-

1047 2275 1125 2302 δοντα
1133 2274 1246 2308 δρόσοις·
1256 2272 1374 2307 γεγονὼς
1381 2273 1408 2299 δὲ
1422 2272 1511 2304 αὐτοῖς
1521 2273 1565 2299 καὶ
1574 2272 1655 2307 ἄρτος
1663 2271 1735 2306 ζωῆς
1744 2272 1831 2306 ἄπρα-

1048 2321 1100 2347 κτά
1111 2329 1140 2346 τε
1155 2319 1201 2346 καὶ
1215 2318 1316 2354 ἀδρανῆ
1332 2318 1366 2344 τὰ
1388 2318 1442 2344 τῶν
1456 2318 1557 2352 νοητῶν
1579 2317 1667 2352 ὖφεων
1688 2317 1832 2350 ἀποδείξας

1048 2366 1183 2401 δήγματα,
1200 2364 1247 2391 καὶ
1262 2363 1420 2395 διαόιόἁσας
1432 2363 1478 2389 τὸν
1499 2361 1643 2397 Ἰορδάνην,
1665 2362 1712 2389 καὶ
1736 2363 1770 2397 τῇ
1789 2361 1832 2388 διὰ

1046 2411 1200 2446 πνεύματος
1217 2411 1351 2446 περιτομῇ
1372 2409 1509 2444 καθαροὺς
1523 2408 1692 2442 ἀποφαίνων,
1707 2407 1831 2442 εἰσκομί-

1046 2457 1099 2489 ζων
1115 2456 1143 2482 δὲ
1159 2455 1206 2482 καὶ
1225 2455 1264 2487 εἰς
1282 2454 1422 2489 βασιλείαν
1436 2453 1567 2489 οὐρανῶν.
1584 2453 1676 2480 Ταῦτα
1697 2454 1832 2488 χαριεῖται

1045 2504 1100 2533 τοῖς
1117 2502 1192 2533 ἰδίοις
1207 2501 1417 2537 προσκυνηταίς,
1431 2499 1558 2526 διασώσει
1575 2508 1604 2526 τε
1630 2499 1729 2530 αὐτοὺς
1762 2499 1832 2526 κατὰ

1045 2547 1163 2574 τοιούσδε
1189 2546 1265 2578 τινὰς
1292 2546 1417 2581 τρόπους,
1443 2555 1451 2570 ι
1477 2545 1550 2575 ὅπως
1580 2544 1617 2578 μὴ
1646 2543 1834 2578 μεγαλύνηταιν

1047 2593 1177 2628 καύχημα
1192 2592 1264 2618 οἴκου
1282 2591 1372 2624 Δαὸὶδ,
1392 2600 1401 2617 ι
1419 2590 1566 2621 τουτέστιν,
1584 2590 1607 2615 οἱ
1625 2588 1678 2615 τῶν
1700 2588 1832 2615 Ἰουδαίων

1046 2639 1205 2674 ἡγούμενοι·
1224 2638 1290 2672 μήτε
1317 2636 1370 2672 μὴν
1384 2636 1513 2672 ὲπὰρσεις
1527 2633 1581 2662 εἷεν
1594 2636 1676 2670 ἤγουν
1688 2635 1830 2670 ὲπάρσεως

1047 2684 1169 2718 ἀφορμαὶ
1190 2684 1244 2716 τοῖς
1268 2682 1440 2709 κατοικοῦσιν
1464 2681 1641 2716 Ἰερουσαλὴμ
1667 2680 1717 2716 τὴν
1737 2680 1831 2715 αἰσθη-

1046 2729 1105 2764 τὴν,
1130 2728 1177 2755 καὶ
1195 2727 1314 2761 ἐπίγειον
1330 2727 1399 2754 κατὰ
1422 2727 1468 2753 τοῦ
1493 2726 1584 2754 Ἰούδα.
1609 2726 1757 2761 Ἐφρὸνουν
1782 2725 1832 2762 μὲν

1630 2828 1652 2844 ⁷⁵
1664 2828 1750 2861 Exod.
1768 2835 1835 2863 un,L

214 2859 258 2888 3‘3-
296 2861 318 2878 ⁷⁸
338 2863 421 2892 Exod.
445 2873 498 2895 λνι.
516 2865 557 2892 lii.
598 2864 619 2879 ⁷⁸
642 2864 717 2891 Num.
735 2872 789 2894 ut.
805 2863 864 2891 6-9.
904 2865 925 2879 "
939 2862 993 2892 Jost

1046 2871 1073 2897 tt,
1091 2863 1120 2890 ll
1141 2863 1182 2890 l7.
1215 2859 1244 2880 ’⁷⁸
1258 2862 1338 2891 Josuc
1352 2873 1376 2899 γ,
1398 2864 1456 2892 2-8.
