1916 3053
80 147 128 174 ΞΠ

490 149 764 181 COMMENTARIUS
783 153 816 181 lN
836 153 1035 184 ZACHARIAM
1055 159 1277 188 PROPHETAM-

1649 159 1702 186 2i8

80 204 133 239 γὰρ
156 203 275 239 μεγάλα,
297 206 344 233 καὶ
360 208 551 243 κατωφρύοντο
577 210 636 236 λίαν
650 210 704 237 τῶν
726 220 868 239 πεπιστευ-

921 214 1009 242 Mnsen
1024 219 1160 246 veteribus
1172 219 1297 246 munilice
1322 218 1420 246 collata
1449 213 1530 246 totﬁ's
1556 217 1702 251 iactantes,

80 251 166 276 κὸτων
178 252 218 282 είς
226 251 355 286 Χριστὸν,
368 253 414 279 καὶ
424 254 506 280 αὑτοῦ
520 255 548 280 δὲ
558 255 604 282 τοῦ
617 257 800 294 Ἔμμανουὴλ,
811 259 867 285 ἄνω

78 305 108 324 τε
127 297 176 324 καὶ
194 297 270 324 κάτω
290 298 324 325 τὰ
342 298 385 326 διὰ
403 300 524 331 Μωσέως
545 302 601 333 τοῖς
615 303 737 338 ἀρχαίοις
751 304 868 340 δεδωρη-

80 343 149 378 μένα.
174 343 371 378 προτείνοντες,
397 345 443 372 καὶ
466 347 516 381 τὴν
540 349 596 379 τοῖς
619 349 754 384 πατράσιν
779 350 867 376 αὐτῶν

79 389 280 424 ἑκνεμηθεῖσαν
292 391 377 424 φειδὼ
385 392 585 427 προϊσχόμενοι.
597 394 651 420 Καὶ
659 394 725 428 γοῦν
737 395 866 429 ἔφασκον,

79 433 146 460 ποτε
164 436 231 469 μέν’
248 444 258 460 ι
284 435 317 461 Τί
331 433 378 462 οὖν
397 438 483 468 ποιεῖς
504 438 535 463 σὺ
550 440 672 473 σημεῖον,
696 439 739 466 ἵνα
757 440 866 475 ἴδωμεν,

79 480 128 506 καὶ
147 480 356 516 πιστεύσωμενς
376 481 403 508 τί
420 482 452 508 σὺ
467 483 569 518 ἐργάζῃ
582 492 588 516 ;
603 485 634 511 Oi
652 485 773 520 Πατέρες
788 487 866 521 ήμῶν

79 524 183 559 ἔφαγον
201 525 231 552 τὸ
246 526 332 560 μάννα
346 527 374 553 ὲν
390 528 422 562 τῇ
446 527 551 563 ἐρήμῳ,
567 529 658 561 καθώς
671 531 729 557 ἐστι
742 539 867 566 γεγραμ-

80 570 175 605 μένον,
184 572 283 606 ’Δρτον
293 572 325 598 ἐκ
336 571 382 598 τοῦ
398 573 512 608 οὐρανοῦ
526 574 625 600 ἔδωκεν
640 575 731 607 αὐτοῖς
743 578 864 609 φαγεῖν-ι

79 616 146 643 ποτὲ
165 616 193 643 δὲ
209 616 258 652 δή·
276 627 285 643 ι
311 617 405 652 Ἡμεῖς
424 617 534 653 οἴδαμεν
548 619 589 645 ὅτι
607 620 701 646 Μωσεί
721 620 867 656 λελάληκεν

79 662 94 689 ὸ
108 662 188 694 Θεὸς,
211 662 306 689 τοῦτον
318 663 346 689 δὲ
357 663 406 690 οὐκ
419 664 528 700 οἴδαμεν
549 665 630 692 πόθεν
649 666 718 694 ἐστί.
735 676 745 692 ι
765 667 868 700 Τερατ-

79 708 212 742 ουργήσει
228 707 260 742 δὴ
273 705 329 740 οὖν,
357 709 449 743 φησὶν,
470 710 534 744 ἡμῖν
552 711 568 736 ὁ
580 710 634 736 τῶν
652 711 720 737 ὅλων
739 711 815 744 Θεὸς,
843 712 868 738 εἰ

79 753 128 779 καὶ
145 752 183 787 μὴ
197 753 334 787 ἐμφανῶς,
350 753 474 789 καθάπερ
489 754 587 788 ἀμέλει
599 755 646 781 καὶ
660 755 732 788 τότε,
753 755 810 782 ἀλλ’
821 754 868 783 οὖν

68 798 195 833 meum};
217 797 289 824 οὕτω
303 806 332 824 τε
344 799 418 833 ἡμᾶς
430 798 567 826 άνασώσει
587 801 648 832 τοὺς
671 801 700 826 ἐν
721 802 777 832 τοῖς
793 801 868 833 ίδίοις

80 842 269 877 οκηνώμασιν,
285 843 329 869 ἵνα
350 843 386 878 μὴ
403 843 472 878 μέγα
493 844 612 878 φρονῶσι
628 844 688 871 καθ’
701 845 780 880 ὴμῶν
806 845 868 872 Ἰου-

79 888 159 920 δαῖοι,
185 889 269 923 ἦγουν
291 889 316 914 oi.
341 888 405 923 παρ’
422 890 514 920 αὐτοῖς
538 889 693 925 ἡγούμενοι.
711 891 800 918 Ταυτδ
815 891 868 927 γὰρ
884 893 906 920 Β

80 932 156 969 οἶμαι
171 934 268 969 δηλοῦν
286 943 296 960 ι
312 934 343 961 τὸ
354 934 485 970 καύχημα
497 934 543 962 τοῦ
560 936 635 962 οἴκου
652 936 742 962 Δαϐίδ.
767 945 777 962 ι

114 979 170 1005 Καὶ
186 979 274 1006 ἔσται
288 980 323 1006 ἐν
341 979 378 1014 τῇ
394 980 488 1014 ἡμέρᾳ
501 980 795 1016 ἐκείνῃ,ῠπερασπιεῑ
809 983 864 1010 Κύ-

75 1033 142 1058 prae;
155 1024 232 1058 ὑπὲρ
252 1024 312 1051 τῶν
328 1026 546 1052 κατοικούντων
576 1027 781 1062 Ἰερουσαλήμ.
810 1028 867 1055 Καὶ

77 1071 165 1097 ἔσται
176 1072 194 1097 ό
207 1070 345 1098 ἀσθενῶν
359 1072 394 1098 ὲν
408 1071 509 1105 αὐτοῖς
521 1073 556 1099 ἐν
567 1072 667 1108 ἐκείνῃ
679 1073 716 1108 τῇ
726 1074 819 1109 ἡμέρᾳ
829 1075 867 1108 ὡς

79 1114 162 1148 οἶκος
180 1116 280 1149 Δαόὶδ,
294 1118 309 1143 ὀ
324 1116 357 1143 δὲ
368 1115 451 1149 οἶκος
462 1117 560 1149 Δαϐιδ,
579 1118 620 1150 ὡς
633 1116 715 1151 οἶκος
731 1118 815 1151 Θεοῦ,
828 1119 868 1152 ὡς

79 1161 208 1196 ἀττελος
222 1161 334 1195 Κυρίου
348 1162 475 1188 ἐνώπιον
492 1162 602 1189 αὐτῶν.

113 1206 172 1240 ιβ’.
196 1216 206 1232 ι
233 1207 328 1242 Ὅίπλῳ
344 1207 393 1242 μὲν
419 1208 492 1243 ἡμᾶς
518 1208 642 1240 εὐδοκίας
655 1209 868 1243 ἐστεφάνωσενὸ

78 1252 145 1283 Θεὸς
160 1252 208 1278 καὶ
231 1253 335 1288 Πατήρ.
357 1261 367 1278 ι
383 1253 487 1280 Δέδωκε
503 1253 558 1288 γὰρ
572 1254 638 1288 ἡμῖν
652 1254 696 1280 τὸν
711 1254 776 1281 ἴδιον
793 1255 866 1287 Υἱὸν,

79 1297 282 1332 προασπιστὴν,
300 1298 346 1325 καὶ
359 1298 511 1333 πρόμαχον,
529 1298 562 1325 δι’
587 1295 617 1325 οὗ
632 1300 679 1326 καὶ
694 1300 865 1336 σεσώσμεθα,

80 1340 182 1371 news;
199 1340 249 1374 μὲν
267 1341 384 1372 εὐκόλως
396 1342 577 1374 διεκδύνοντες
601 1344 765 1379 πειρασμοῦ,
786 1345 867 1371 πολέ-

81 1393 131 1420 μου
153 1385 184 1412 δὲ
207 1386 255 1414 τοῦ
280 1387 344 1422 παρ’
358 1387 472 1422 ἐχθρῶν,
496 1389 544 1415 καὶ
569 1389 620 1424 τῆς
638 1390 691 1416 τῶν
716 1390 868 1418 διωκόντων

79 1433 242 1468 σκαιότητος
261 1433 614 1468 κατευμεγεθεϊνείωθότες.
638 1435 707 1462 Ἀλλ’
723 1436 752 1463 ἑν
765 1444 797 1470 γε
812 1438 868 1468 τοῖς

79 1478 272 1513 προκειμένοις
285 1478 411 1514 δηλοῦται
424 1480 473 1515 μέν
486 1489 512 1507 τι
523 1480 653 1512 τοιοῦτον,
665 1481 735 1516 πλὴν
749 1482 869 1517 ἀσαφείᾳ

77 1523 162 1558 πολλῇ
185 1524 417 1559 κατεσκιασμὲνον
440 1525 485 1551 τὸν
501 1525 578 1559 λόγον
597 1525 644 1552 ἴδοι
664 1535 705 1557 τις
725 1526 768 1553 ἄν.
794 1527 866 1562 Ἔφη

79 1569 128 1603 μὲν
149 1569 205 1604 γὰρ
232 1569 411 1605 ὕπερασπιεῖν
426 1571 440 1597 ὁ
463 1570 516 1597 τῶν
533 1571 601 1598 ὅλων
621 1571 685 1603 Θεὸς
706 1572 759 1598 τῶν
781 1581 868 1598 κατοι-

78 1615 201 1642 κούντων
209 1616 397 1651 Ἰερουσαλὴμ,
413 1616 460 1643 καὶ
472 1617 534 1652 οὐχὶ
546 1617 578 1652 δὴ
597 1617 696 1652 μᾶλλον
709 1618 764 1644 τῶν
776 1626 870 1651 παροι-

78 1660 199 1687 κούντων
213 1661 308 1696 αὑτήν.
326 1661 380 1687 Καὶ
396 1663 495 1688 νοεῖται
509 1662 559 1696 μὲν
577 1663 798 1698 ὁμολογουμένως
821 1664 869 1689 Ίε-

79 1706 224 1742 ρουσαλὴμ
237 1706 266 1733 ὲν
277 1706 380 1738 τούτοις
394 1707 411 1742 ὴ
432 1707 579 1743 Ἐκκλησία
594 1708 721 1743 Χριστοῦ.
740 1709 869 1744 Παροικεῖ

62 1758 65 1759 ⁷
77 1752 106 1779 δὲ
120 1751 207 1788 αὐτὴν
220 1753 235 1778 ὁ
250 1752 287 1788 μὴ
301 1752 360 1779 λίαν
373 1752 506 1788 ἀσφαλὴς,
523 1754 634 1780 σεσαλευ
639 1754 718 1789 μένος
733 1754 761 1780 δὲ
773 1754 867 1789 ὥσπερ

79 1797 126 1823 καὶ
142 1797 323 1831 εὐπάροιστος
338 1797 446 1833 κομιδῇ,
464 1797 531 1833 πρὸς
545 1798 575 1824 τὸ
597 1798 634 1834 μὴ
659 1798 720 1834 ἕχον
731 1799 829 1834 ὀρθῶς,
849 1800 866 1834 ἢ

78 1844 126 1868 καὶ
142 1842 232 1874 ἄλλως
247 1843 366 1878 ῥᾴθυμος
385 1845 425 1876 εἰς
447 1843 634 1879 φιλομάθειαν.
649 1845 781 1872 Κατοικεῖ
792 1845 821 1872 δὲ
835 1843 873 1872 αὗ-

78 1889 92 1913 ὁ
107 1887 242 1922 βεῦηκὼς,
269 1888 316 1914 καὶ
340 1889 534 1924 ἐρηρεισμένος
557 1890 596 1920 εἰς
617 1890 728 1925 ἀγάπην
748 1890 796 1926 τὴν
824 1891 872 1917 ἐπὶ

78 1933 201 1968 Χριστῷ,
215 1934 262 1960 καὶ
272 1935 330 1965 ταῖς
344 1934 375 1960 ὲκ
386 1934 438 1960 τῶν
452 1934 531 1961 θείων
544 1935 712 1970 μαθημάτων
724 1935 869 1969 ὠφελείαις

78 1979 123 2007 ἀεὶ
138 1980 347 2014 προσκείμενος,
365 1979 434 2006 ὥστε
448 1979 578 2007 δύνασθαι
602 1980 691 2015 λέγειν
710 1981 753 2008 διὰ
778 1981 870 2016 φωνῆς

79 2024 126 2051 τοῦ
148 2025 246 2051 Δαϐίδ·
269 2035 278 2051 ι
302 2026 345 2057 Ὠς
369 2025 471 2060 γλυκέα
481 2026 520 2061 τῷ
533 2026 651 2062 λάρνγγί
673 2035 725 2062 μου
744 2026 778 2053 τὰ
794 2027 874 2062 λόγιά

81 2074 146 2100 soul
175 2073 247 2108 ὑπὲρ
271 2073 342 2108 μέλι,
365 2074 412 2101 καὶ
434 2074 530 2109 κηρίον
547 2074 585 2109 τῷ
608 2074 721 2110 στόματί
749 2083 809 2110 μου.
834 2089 871 2095 -—

86 2120 269 2154 ’Υπερασπιεῖ
292 2119 392 2152 τοίνυν,
417 2120 494 2154 φησὶ,
514 2120 567 2147 τῶν
590 2121 799 2152 κατοικούντων,
823 2121 871 2147 καὶ

80 2166 158 2192 ἔσται
165 2167 179 2192 ὸ
186 2165 307 2192 ἀσθενῶν
320 2167 348 2192 ὲν
355 2166 446 2197 αὐτοῖς
451 2166 480 2192 ὲν
488 2167 521 2201 τῇ
531 2166 622 2202 ἡμέρᾳ
635 2166 737 2202 ἐκείνῃ,
746 2166 784 2197 ὡς
796 2164 870 2198 οἶκος

920 265 947 287 et
963 263 1088 290 tributam
1104 266 1227 298 patribus
1252 265 1372 299 ipsorum
1398 263 1591 298 indulgentiam
1608 263 1704 290 obten-

921 308 1024 335 dentes.
1040 310 1127 342 Quare
1141 310 1276 341 dicebant,
1295 318 1365 337 nunc
1381 309 1489 344 quidem
1503 318 1510 336 :
1529 319 1537 336 t
1559 309 1634 342 Quod
1650 309 1702 343 igi-

920 357 965 380 tur
979 354 1083 388 signum
1106 360 1133 382 tu
1157 354 1232 386 facis,
1258 359 1288 382 ut
1314 355 1461 387 videamus,
1488 359 1515 382 et
1538 354 1704 381 credamus?

921 399 1133 434 quidoperaris?
1158 400 1252 428 Patres
1265 401 1348 428 nostri
1364 400 1538 428 comederunt
1556 407 1653 427 manna
1675 399 1703 427 in

922 445 1038 479 deserto,
1050 446 1119 473 sicut
1138 447 1266 481 scriptum
1284 451 1336 479 est,
1362 446 1460 473 Panem
1477 446 1509 473 de
1522 446 1604 480 780
1634 446 1704 473 cutio

921 491 993 518 dedit
1009 491 1048 518 eis
1071 493 1232 519 manducare
1248 493 1290 525 7’;
1314 501 1323 517 ι
1345 500 1416 519 nunc
1428 499 1492 518 vero
1512 500 1519 518 :
1537 500 1546 516 ι
1565 491 1619 518 Nos
1648 491 1703 518 sci-

922 545 980 564 mus
993 537 1054 571 quia
1072 537 1138 564 Mosi
1162 538 1268 565 locutus
1282 542 1324 565 est
1346 538 1426 570 Deus,
1440 537 1514 564 hunc
1540 541 1630 563 autem
1657 543 1704 563 ne-

921 583 1022 610 scimus
1037 583 1107 611 unde
1118 584 1151 611 sit
1161 584 1213 610 κ.»
1226 583 1314 617 lnquit
1324 583 1423 618 igitur:
1433 582 1526 610 Faciet
1537 582 1613 609 vobis
1623 582 1704 609 mira-

921 629 984 656 bilia
1001 630 1186 657 universorum
1201 631 1281 663 Deus,
1296 631 1345 658 etsi
1381 638 1435 657 non
1459 629 1612 660 manifeste,
1637 635 1704 662 quo-

922 675 1001 702 modo
1025 675 1148 703 videlicet
1166 676 1241 708 olim,
1268 676 1313 703 sed
1339 681 1428 704 tamen
1461 683 1520 710 quae
1551 673 1705 702 intellectus

921 720 1021 753 videat,
1034 725 1061 748 et
1072 720 1111 748 sic
1131 728 1179 747 vos
1196 720 1312 747 salvabit
1329 721 1373 755 qui
1388 721 1453 747 estis
1490 720 1516 746 in
1539 718 1597 753 ejus
1614 718 1706 744 taber-

922 766 1036 798 naculis,
1055 773 1089 794 ne
1104 767 1252 801 glorientur
1267 772 1360 795 contra
1383 773 1431 793 vos
1456 765 1551 796 Judaei,
1578 764 1635 791 sive
1658 764 1704 797 qui

922 821 1014 841 eorum
1035 813 1215 848 gubernacula
1241 817 1340 840 tenent.
1358 813 1430 839 idem
1460 819 1577 846 namque
1607 810 1704 845 opinor

922 859 1074 893 signiﬁcare
1090 868 1100 884 ι
1115 858 1301 892 gloriationem
1315 859 1410 886 domus
1423 857 1516 885 David.
1539 866 1548 883 ι

955 989 1036 1017 Vens.
1047 989 1073 1016 8.
1096 989 1127 1016 Et
1139 990 1189 1016 erit
1201 989 1227 1015 in
1238 988 1279 1015 die
1292 988 1350 1021 illa,
1364 992 1477 1022 proteget
1490 987 1617 1014 Dominus
1628 993 1708 1019 super

920 1034 1058 1061 incolentes
1072 1033 1229 1061 Jerusalem.
1243 1033 1275 1059 Et
1285 1033 1334 1059 erit
1360 1032 1406 1067 qui
1438 1031 1588 1066 inﬁrmatur
1610 1031 1640 1056 in
1668 1030 1707 1056 eis

919 1080 964 1107 illa
978 1080 1020 1107 die
1033 1085 1061 1106 ut
1075 1079 1168 1106 domus
1183 1079 1277 1110 David,
1290 1078 1382 1105 domus
1398 1081 1486 1104 autem
1503 1076 1596 1107 David,
1615 1079 1642 1101 ut
1658 1075 1706 1101 do-

919 1134 976 1153 mus
986 1125 1043 1158 Dei,
1057 1130 1086 1152 ut
1098 1125 1206 1161 angelus
1222 1123 1326 1152 Domini
1342 1123 1370 1150 in
1381 1127 1519 1157 conspectu
1536 1129 1637 1148 eorum.

955 1211 1033 1240 XCII.
1053 1220 1063 1237 t
1079 1211 1169 1238 Armis
1183 1211 1260 1239 bona:
1275 1210 1423 1238 voluntatis
1433 1216 1488 1237 suae
1504 1211 1644 1236 coronam
1656 1215 1704 1236 eos

920 1259 990 1287 Deus
1005 1263 1031 1286 et
1046 1258 1125 1285 Pater
1139 1256 1175 1285 θι.
1191 1266 1200 1283 ι
1220 1257 1297 1284 Dedit
1309 1257 1382 1284 enim
1398 1257 1476 1284 nobis
1500 1256 1598 1283 Filium
1624 1263 1704 1282 suum

919 1305 1087 1332 defensorem
1108 1308 1135 1331 et
1156 1303 1431 1337 antesignanum,per
1454 1309 1534 1336 quem
1560 1306 1586 1328 et
1608 1296 1704 1328 salvali

918 1357 1020 1382 smnus,
1048 1357 1080 1376 ex
1107 1349 1179 1376 omni
1200 1348 1347 1375 tentatione
1374 1347 1452 1374 facile
1477 1350 1658 1381 emergentes,
1680 1351 1708 1373 et

918 1403 933 1423 ιι
963 1395 1033 1423 bello
1058 1395 1154 1429 quovis
1182 1393 1294 1425 hostili,
1324 1397 1352 1419 et
1376 1399 1390 1419 a
1423 1392 1639 1427 persequentium
1664 1392 1706 1418 fu-

919 1448 980 1469 rore
1004 1447 1110 1474 semper
1138 1439 1240 1466 invicti.
1267 1438 1299 1466 Et
1326 1438 1417 1465 verbis
1439 1437 1546 1472 quidem
1582 1437 1706 1472 proposi—

920 1487 953 1513 tis
979 1485 1031 1513 tale
1057 1484 1183 1519 quiddam
1210 1483 1352 1515 indicatur,
1370 1490 1428 1517 qua:
1453 1486 1543 1509 tamen
1558 1482 1640 1508 multa
1658 1481 1706 1509 ob-

918 1531 1048 1558 scuritate
1075 1530 1194 1557 involuta
1221 1529 1323 1557 videas.
1349 1529 1394 1556 Ait
1415 1529 1499 1561 enim,
1516 1528 1707 1556 universorum

919 1577 1002 1604 Deum
1029 1581 1214 1612 protecturum
1247 1574 1396 1603 incolentes
1414 1573 1578 1606 Jerusalem,
1602 1578 1629 1600 at
1654 1581 1705 1600 non

920 1623 1008 1658 potius
1025 1622 1178 1650 accolentes
1196 1629 1266 1649 eam.
1294 1621 1326 1648 Et
1352 1620 1500 1649 Jerusalem
1528 1620 1634 1654 quidem
1657 1620 1707 1646 hoc

920 1670 976 1697 loco
999 1669 1058 1696 sine
1087 1669 1270 1695 controversia
1292 1667 1414 1695 Ecclesia
1446 1666 1550 1694 Christi
1579 1666 1707 1700 intelligi-

921 1720 973 1742 tur.
988 1714 1091 1742 Accolit
1102 1718 1190 1740 autem
1208 1713 1279 1740 illam
1309 1720 1361 1740 non
1387 1712 1467 1739 valde
1493 1715 1566 1738 tutus
1588 1716 1615 1738 et
1627 1718 1706 1738 secu-

920 1768 976 1792 rus,
985 1760 1031 1787 sed
1040 1759 1116 1794 quasi
1132 1759 1247 1793 agitatus
1259 1758 1394 1790 ﬂuctibus,
1405 1762 1433 1784 et
1441 1758 1612 1784 vehementer
1622 1755 1706 1782 mobi-

922 1807 953 1834 lis
966 1806 998 1834 ad
1010 1805 1120 1837 malum,
1139 1809 1185 1831 aut
1200 1804 1301 1839 alioqui
1320 1804 1393 1831 iners
1417 1803 1450 1830 ad
1474 1802 1643 1830 discendum.
1663 1801 1706 1828 ln—

920 1853 984 1880 colit
1008 1852 1077 1879 ﬁxus
1097 1855 1123 1878 et
1141 1851 1264 1878 ﬁrmatus
1288 1850 1315 1877 in
1335 1849 1468 1877 clraritate
1480 1856 1542 1883 erga
1557 1848 1706 1878 Christum,

919 1903 945 1925 et
965 1897 1128 1924 utilitatibus
1158 1904 1191 1923 ex
1214 1896 1336 1923 doctrina
1367 1894 1457 1921 divina
1483 1892 1710 1928 promanantibus

920 1950 1027 1977 semper
1049 1942 1172 1974 deditus,
1209 1945 1239 1968 ut
1273 1940 1364 1968 dicere
1387 1939 1469 1973 possit
1493 1947 1553 1966 cum
1583 1939 1681 1965 Davide
1697 1945 1710 1964 :A

923 1998 933 2015 ι
952 1989 1036 2022 Quam
1057 1987 1146 2014 dulcia
1179 1986 1302 2014 faucibus
1321 1985 1389 2012 meis
1403 1984 1507 2018 eloquia
1533 1988 1576 2011 tua
1588 1985 1597 2010 ί
1625 1991 1706 2018 super

920 2035 974 2062 mel
985 2039 1012 2062 et
1030 2035 1120 2061 favum
1143 2033 1183 2060 ori
1209 2039 1268 2059 meo
1283 2032 1315 2058 ³³.
1335 2041 1344 2058 ι
1359 2030 1448 2065 inquit
1463 2037 1528 2064 ergo
1546 2036 1553 2055 :
1573 2038 1582 2054 ι
1613 2029 1707 2055 i’rotc-

921 2085 965 2115 get
981 2079 1140 2112 incolentes,
1150 2083 1178 2106 et
1193 2078 1246 2106 erit
1259 2078 1412 2105 inﬁrmatus
1433 2077 1502 2103 inter
1526 2076 1598 2110 ipsos
1623 2075 1649 2101 in
1662 2074 1706 2101 die

921 2126 966 2152 illa
977 2125 1049 2152 sicut
1062 2125 1157 2152 domus
1177 2123 1272 2150 David.
1293 2132 1302 2148 I
1325 2122 1438 2149 Domum
1464 2121 1547 2148 David
1570 2121 1613 2148 hic
1636 2120 1706 2154 apud

920 2171 1027 2199 Judteos
1040 2169 1265 2198 lionoratissimos
1280 2168 1371 2196 vocari
1390 2168 1547 2195 asserintus.
1575 2167 1612 2193 De
1636 2166 1706 2193 tribu

81 2211 171 2238 Δαϐίδ.
198 2221 207 2236 ι
225 2211 280 2238 Καὶ
297 2209 369 2238 οἷκον
391 2212 440 2246 μὲν
455 2211 502 2238 τοῦ
520 2211 601 2238 Δαϐὶδ
618 2213 647 2238 ὲν
672 2212 788 2244 τούτοις,
806 2213 868 2243 τοὺς

921 2218 990 2245 enim
1003 2216 1071 2244 Juda
1083 2223 1115 2243 ex
1132 2216 1225 2243 Jesse—
1236 2219 1263 2243 et
1291 2214 1389 2242 Davide
1400 2213 1545 2248 progeniti,
1560 2212 1707 2247 aliquando

82 2257 157 2291 παρὰ
172 2255 307 2288 Ἰουδαίοις
315 2257 512 2292 ἑντιμωτάτους
521 2257 679 2292 ὠνομάσθαι
690 2258 787 2293 φαμέν.
803 2259 873 2285 ’Δπὺ

82 2302 135 2337 γὰρ
153 2302 203 2336 τῆς
227 2302 310 2329 Ἰούδα
324 2303 408 2338 φυλῆς
423 2303 453 2336 ἐξ
477 2303 585 2335 Ἰεσσαὶ,
606 2304 653 2330 καὶ
674 2304 756 2330 Δαϐιδ
778 2304 870 2331 ἐϐασί-

81 2349 159 2376 λευον
181 2349 252 2376 κατὰ
274 2349 386 2384 καιροὺς
408 2350 436 2375 ἐν
462 2351 518 2381 τοῖς
546 2349 750 2385 Ἰεροσολύμοις.
777 2350 870 2377 Ἀσοε-

83 2395 180 2422 νοῦντα
203 2395 231 2422 δέ
254 2404 337 2431 φησιν
365 2396 396 2422 ὲκ
420 2395 472 2422 τῶν
495 2395 693 2422 κατοικούντων
716 2395 765 2431 τὴν
789 2396 869 2430 ἁγίαν

83 2441 169 2474 πόλιν,
184 2441 236 2476 τὴν
257 2441 355 2476 νοητὴν
374 2441 561 2477 Ἰερουσαλὴμ,
579 2442 640 2477 ἥτις
665 2442 739 2468 ἐστὶν
764 2443 780 2476 ἡ
809 2442 870 2468 Ἐκ-

83 2487 192 2522 κλησία,
213 2487 284 2522 τάχα
305 2495 355 2512 που
373 2486 419 2514 τὸν
445 2487 485 2513 ἐτι
508 2487 720 2523 κατηχούμενον,
745 2487 773 2518 ὃς
794 2487 870 2513 οῧπω

83 2534 274 2566 βεϐάτιτισται,
292 2533 365 2560 νοσεῖ
383 2533 410 2559 δὲ
426 2533 520 2568 ὥσπερ
547 2533 586 2559 ἔτι
607 2533 646 2568 τῷ
668 2534 718 2568 τῆς
735 2533 870 2568 ἁμαρτίας

84 2579 185 2614 φορτίῳ
201 2580 431 2614 κατηχθεσμένος,
456 2579 503 2606 κα)⁴
517 2579 571 2605 τῶν
588 2579 709 2614 ἀρχαίων
730 2580 870 2615 ἀρρωστη-

84 2625 187 2659 μάτων,
212 2625 296 2660 ἤγουν
321 2624 414 2651 παθῶν
437 2625 486 2651 οὐκ
504 2625 685 2660 ἀπήλλακται.
716 2625 795 2651 Ἀλλὰ
824 2626 871 2652 καὶ

83 2672 168 2703 οὕτως
188 2671 269 2706 ἔχων,
284 2672 324 2698 ὅτι
336 2671 367 2706 δὴ
385 2671 464 2706 μόνον
477 2671 653 2704 πεπίστευκε,
666 2671 713 2698 καὶ
727 2671 776 2706 τῆς
794 2680 871 2705 νομι-

83 2718 133 2752 κῆς
150 2718 258 2756 ἀπέστη
274 2718 364 2749 σκιᾶς,
380 2717 426 2743 καὶ
443 2716 611 2743 διανένευκεν
623 2717 690 2749 ὅλως
710 2717 756 2743 ἐπὶ
769 2717 800 2743 τὸ
812 2717 871 2743 ἑλέ-

84 2764 143 2793 σθαι
167 2763 291 2799 πληροῦν
312 2763 360 2799 τὴν
383 2764 412 2790 ὲν
427 2762 562 2797 πνεύματι
595 2763 741 2796 πολιτείαν,
761 2763 870 2798 καὶτῆς

922 2262 1117 2298 Hierosolymis
1132 2265 1291 2297 regnarunt.
1312 2260 1479 2288 lniirmatum
1494 2264 1583 2286 autent
1605 2267 1636 2284 ex
1665 2258 1706 2284 in-

922 2307 1071 2335 colentibus
1085 2310 1206 2334 sanctam
1220 2306 1367 2338 civitatem,
1391 2304 1598 2332 intellectualem
1625 2302 1705 2330 leru-

922 2354 1015 2386 salem,
1031 2360 1090 2388 quae
1114 2356 1156 2379 est
1179 2351 1310 2383 Ecclesia,
1331 2350 1454 2378 fortassis
1466 2350 1555 2376 adhuc
1572 2349 1705 2376 catechu-

922 2407 1030 2427 menum
1046 2399 1122 2431 dicit,
1144 2398 1189 2432 qui
1207 2405 1286 2426 sacro
1305 2397 1378 2424 fonte
1390 2396 1507 2424 nondum
1533 2395 1651 2427 ablutus,
1677 2398 1706 2421 et

923 2445 1122 2480 quodammodo
1136 2444 1223 2471 adhuc
1237 2443 1339 2478 peccati
1360 2449 1442 2469 onere
1464 2446 1591 2476 gravatus
1617 2447 1706 2473 aegro-

924 2495 974 2523 tat,
988 2491 1178 2524 veteribusque
1191 2489 1292 2516 morbis
1312 2489 1369 2516 sive
1387 2487 1501 2516 turbidis
1513 2486 1595 2512 animi
1609 2486 1706 2512 motio-

924 2537 1003 2564 nibus
1032 2537 1146 2564 necdum
1188 2540 1277 2563 vacat.
1298 2535 1352 2562 Sed
1375 2534 1498 2569 quamvis
1525 2532 1551 2559 in
1572 2533 1622 2559 hoc
1649 2537 1706 2559 sta-

920 2588 947 2609 tu
972 2589 1105 2614 versans,
1133 2581 1260 2616 quoniam
1290 2585 1380 2607 tamen
1412 2579 1525 2607 credidit
1552 2578 1705 2609 duntaxat,

919 2629 998 2663 781
1017 2632 1042 2655 et
1063 2627 1097 2654 ab
1110 2626 1204 2654 untbra
1219 2626 1286 2661 legis
1301 2626 1423 2658 recessit,
1440 2629 1466 2652 ct
1479 2625 1584 2660 penitus
1597 2624 1629 2651 ad
1646 2624 1708 2650 vitae

919 2673 1066 2708 spiritualis
1083 2669 1235 2700 institutum
1250 2672 1439 2704 excolendum,
1455 2675 1482 2698 et
1499 2671 1558 2698 vita:
1579 2671 1605 2697 in
1626 2669 1706 2696 Citri-

919 2724 961 2746 sto
990 2719 1071 2746 decus
1097 2717 1264 2748 declinavit,
1294 2726 1303 2742 ι
1321 2717 1397 2748 Erit,
1421 2717 1526 2751 inquit,
1559 2719 1588 2742 nt
1611 2715 1707 2741 domus

920 2763 1014 2796 David,
1032 2775 1040 2789 ι
1067 2763 1117 2790 hoc
1140 2768 1192 2795 est,
1216 2761 1281 2789 nulli
1305 2761 1374 2796 apud
1400 2761 1508 2789 Judmos
1531 2759 1644 2794 sapienti
1680 2762 1707 2785 ct

117 2851 139 2868 ”
151 2851 233 2884 .loan.
246 2859 287 2885 v1,
303 2852 349 2879 30.
386 2852 409 2869 '°
423 2851 502 2881 Joan.
516 2859 554 2886 ix,
569 2851 614 2880 29.
652 2852 673 2868 ’ί
689 2852 760 2880 l’sal.
777 2859 802 2886 ν,
816 2851 865 2888 l5,
880 2852 917 2888 .θ’
931 2850 1001 2879 Psal.
1016 2857 1109 2884 cxvm,
1126 2849 1186 2877 l03.
