1916 3053
248 179 300 206 207

247 239 281 266 Ει
291 244 354 265 ecce
366 243 415 271 ego
432 235 509 263 trado
524 235 658 266 homines.
670 242 888 270 unumquemque
904 237 1034 264 inmanus
1049 238 1069 268 Α

247 282 363 317 ι)ΐωίῐηί
378 281 433 312 sui,
449 285 476 308 et
489 281 515 307 in
530 287 626 307 manus
641 280 711 315 regis
736 281 804 314 ejus.
831 281 865 307 Et
888 282 1031 309 concident

249 333 360 361 terram,
373 331 396 353 et
414 333 468 353 non
485 332 577 353 eruam
589 325 623 353 de
637 333 716 352 manu
731 333 825 353 eorum
839 326 872 352 ".
892 336 901 352 ι
915 327 943 354 In
970 334 1031 354 ver-

247 375 289 402 bis
305 378 394 400 autem
410 372 490 400 modo
508 372 591 399 illatis
614 372 752 399 institutas
772 379 865 400 contra
881 372 1030 401 Ecclesiam

247 419 451 454 persecutiones
463 418 566 452 liquido
588 418 762 445 vaticinatur.
789 419 926 446 Vexarunt
959 419 1030 447 enim

247 465 391 493 credentes
406 464 432 491 in
442 464 579 491 Christum
595 471 650 499 pra:
665 464 725 492 aliis
745 465 871 492 omnibus
894 465 1032 499 principes

247 510 396 546 Synagogae
407 509 574 541 Judaeorum,
586 510 776 537 denuntiantes
788 511 889 538 sanctis
903 511 1032 545 apostolis

247 564 280 583 ne
301 557 476 590 loquerentur
503 554 528 581 in
557 555 666 581 nomine
689 555 789 582 Christi
801 555 840 588 ";
866 554 1031 589 ﬂagellantes

246 608 354 635 quoque
374 600 434 627 illos
446 600 473 627 in
486 600 610 633 conciliis
621 601 656 632 “,
671 604 697 627 et
713 604 842 634 praeterea
857 600 969 634 lapidari
981 607 1030 627 cu-

247 646 379 678 rantes".
389 651 416 673 et
433 646 496 680 quid
510 653 561 673 non
576 646 682 673 tandem
695 645 932 673 sceleratissimum
945 646 970 672 in
985 652 1031 672 eos

246 693 365 719 dicentes
383 699 414 718 ac
429 691 579 718 facientes?
607 691 752 725 Postquam
784 695 872 718 autem
900 697 948 725 per
970 697 1031 725 gen-

245 736 311 762 tium
330 743 436 770 quoque
451 735 575 770 regiones
590 742 680 762 sermo
693 735 725 762 de
736 734 846 762 Christo
863 735 1029 769 percrebuit,

245 783 271 805 ct
283 778 413 811 indigenae
428 777 592 812 evangelicis
603 776 839 811 prmdicationibus
864 777 1032 811 obtempera-

245 822 408 858 ι-ιιηι,⁵174Ι
425 830 529 850 rursum
544 822 603 849 alia:
619 822 822 857 persecutiones
832 821 956 849 excitatae
967 826 1031 849 sunt

244 876 292 902 per
309 875 366 898 eos.
382 868 426 902 qui
440 867 612 895 successione
643 871 836 901 regnaverunt,
854 872 882 895 et
897 867 1031 901 impuram

249 921 280 940 ac
292 914 481 940 detestandam
520 912 701 940 idololatriam
725 913 864 940 vindicare
888 917 1027 945 conantes,
1045 907 1065 937 Β

243 958 434 992 diaboliczque
446 958 591 992 impietatis
609 958 724 985 ministri
753 957 830 990 lacti,
852 962 961 985 sanctos
995 957 1029 985 ad

242 1004 389 1039 martyrica
406 1003 556 1030 certamina
577 1008 707 1031 vocantes
736 1003 942 1030 interemerunt.
965 1002 1027 1030 Visa

242 1054 284 1077 est
295 1055 383 1077 autem
401 1049 521 1077 Ecclesia
536 1054 687 1084 opportuna
708 1049 824 1084 iniuriis,
857 1049 1028 1076 netnine’de-

243 1095 415 1128 I'endenle,ct
428 1095 526 1123 similis
537 1094 678 1122 vestibulis
690 1094 798 1129 agitatis
823 1099 850 1121 et
866 1094 1026 1127 labentibus,

241 1145 287 1168 aut
301 1141 382 1168 etiam
399 1141 480 1175 lapidi
500 1140 667 1168 conculcalo.
684 1140 789 1167 Etenim
803 1139 928 1167 Salvator
951 1147 1026 1167 com~

241 1187 340 1219 lllllllis,
353 1194 412 1213 cum
425 1186 503 1213 facile
518 1190 609 1221 posset
625 1185 723 1213 bellum
747 1193 827 1213 omne
852 1185 958 1217 sedare,
972 1185 1026 1211 imo

241 1237 269 1259 ct
279 1233 312 1259 ab
322 1232 407 1266 ipsum
424 1232 621 1259 honorantibus
634 1238 784 1263 removere,
798 1238 897 1265 eosque
908 1230 941 1257 ab
952 1230 1024 1257 omni

240 1279 388 1305 tentatione
405 1277 539 1304 immunes
564 1277 736 1312 hostiumque
747 1277 849 1304 viribus
869 1276 1025 1311 superiores

239 1329 371 1358 praestare
388 1343 396 1355 ,
428 1330 476 1351 sua
505 1322 596 1350 divina
623 1323 790 1356 providentia
813 1329 861 1356 per
893 1329 972 1349 casus
997 1326 1024 1349 et

238 1368 512 1396 mrumnasillustrari
527 1368 660 1402 permisit.
672 1372 703 1394 ut
716 1367 767 1395 sibi
783 1366 935 1394 confortnes
966 1367 1024 1394 red-

237 1414 298 1445 diti,
313 1421 366 1440 una
386 1413 607 1448 glorilicarentur
621 1416 648 1438 et
661 1415 869 1446 conregnarent.
890 1420 899 1436 ι
912 1411 1021 1438 Sienim

238 1459 428 1494 compatitnur,
436 1462 464 1485 et
473 1457 697 1492 conregnabimus
707 1457 754 1490 illi,
764 1461 792 1484 ut
800 1456 929 1491 scriptum
939 1455 1020 1489 est",

234 1508 264 1531 et
284 1504 305 1531 si
328 1504 394 1531 socii
424 1503 582 1539 passionum
610 1510 715 1535 sumus,
747 1502 828 1530 etiam
857 1502 948 1538 gloria:
967 1501 1021 1530 eri-

238 1558 298 1577 mus
310 1550 344 1577 ".
363 1559 373 1576 ι
392 1550 436 1576 Ait
449 1556 532 1584 ergo:
551 1557 561 1574 ι
579 1547 649 1576 Ecce
662 1555 712 1583 ego
724 1555 794 1583 pono
807 1547 957 1576 Jerusalem
991 1552 1020 1575 ut

239 1595 369 1623 vestibula
385 1599 546 1622 commota.)
563 1593 638 1627 Quod
652 1593 674 1621 si
690 1593 747 1628 fiat,
762 1594 954 1628 cingetur,hoc
979 1597 1020 1621 cst

236 1641 404 1669 obsidebitnr
419 1640 453 1667 ab
469 1639 593 1667 omnibus
609 1647 615 1666 :
641 1643 668 1666 et
685 1647 746 1666 cum
761 1638 896 1666 videbitur
910 1645 970 1666 esse
991 1643 1022 1668 ut

237 1687 307 1722 lapis
321 1685 509 1717 conculcatus,
530 1689 592 1712 tunc
605 1684 693 1712 omnis
707 1683 821 1711 illudens
833 1683 936 1711 illudet.
949 1684 1021 1711 Con-

237 1733 298 1768 tigit
329 1732 391 1765 hoc,
415 1731 486 1758 sicut
509 1731 587 1765 paulo
609 1735 672 1757 ante
694 1729 829 1761 dicebam,
852 1728 1018 1764 singulorum

758 175 786 203 S.
807 176 942 204 CYRILLI
961 176 1196 204 ALEXANDRINI
1217 177 1377 205 ARCIIIEP.

1823 180 1876 208 208

1086 236 1195 271 Κύριος.
1214 237 1267 263 Καὶ
1288 236 1341 263 ἰδοὺ
1364 236 1419 270 ἐγὼ
1435 236 1605 271 παραδίδωμι
1618 236 1680 268 τοὺς
1704 236 1874 273 ἀνθρώπους,

1084 283 1196 309 ἕκαστον
1211 283 1250 314 είς
1263 283 1355 319 χεῖρας
1370 282 1417 309 τοῦ
1430 282 1543 317 πλησίον
1553 282 1646 315 αὑτοῦ,
1663 283 1710 310 καὶ
1724 284 1766 315 εἰς
1780 285 1875 318 χεῖρας

1084 326 1214 361 βασιλέως
1230 326 1323 354 αὑτοῦ.
1341 327 1396 354 Καὶ
1425 328 1608 363 κατακόψουσι
1632 328 1681 364 τὴν
1696 329 1759 364 γῆν,
1773 329 1822 355 καὶ
1843 330 1875 355 οὐ

1084 371 1121 406 μὴ
1139 371 1272 407 ἐξέλωμαι
1283 373 1315 399 ὲκ
1338 373 1428 409 χειρὸς
1442 373 1541 400 αὐτῶν.
1561 383 1570 399 ι
1593 373 1636 400 Ἐν
1645 374 1673 400 δέ
1689 383 1720 409 γε
1736 376 1793 406 τοῖς
1810 384 1878 410 προ-

1082 417 1236 452 κειμένοις,
1262 418 1325 450 τοὺς
1356 419 1427 445 κατά
1452 420 1501 455 τῆς
1536 420 1698 456 Ἐκκλησίις
1729 423 1877 456 γεγονότας

1082 462 1219 498 διωγμοὺς
1235 465 1431 500 προαφηγεῖται
1453 465 1555 499 σαφῶς.
1580 466 1791 502 Πεπολεμήκασι
1823 469 1878 504 γὰρ

1082 509 1138 540 τοῖς
1161 509 1340 537 πιστεύσασιν
1361 512 1400 542 εἰς
1427 511 1553 547 Χριστὸν,
1582 511 1635 547 πρὸ
1660 513 1709 548 μὲν
1720 514 1775 540 τῶν
1787 514 1877 540 ἄλλων

1082 553 1210 581 ἁπάντων
1225 556 1248 581 οἱ
1275 556 1324 591 τῆς
1353 556 1487 583 Ἰουδαίων
1516 557 1680 593 Συναγωγῆς
1693 554 1856 595 ’ἡγούμενοι
1869 580 1876 591 ,

1082 601 1316 635 παραγγέλλοντες
1328 603 1377 637 μὲν
1387 603 1442 634 τοῖς
1455 603 1541 636 ἁγίοις
1557 603 1713 636 ἀποστόλοις
1735 604 1773 640 μὴ
1784 605 1877 632 λαλεῖν

1082 645 1128 671 ἐπὶ
1141 646 1179 681 τῷ
1189 646 1301 682 όνὸματι
1322 647 1369 673 τοῦ
1393 647 1522 682 Χριστοῦ,
1542 647 1717 683 μαστίζοντες
1742 649 1770 675 δὲ
1786 650 1835 676 καὶ
1849 651 1877 675 ἐν

1083 691 1230 726 συνεδρίοις
1242 693 1350 724 αὐτοὺς,
1367 692 1561 720 λιθοὸολεῖσθαι
1570 693 1598 720 δὲ
1613 694 1660 721 καὶ
1671 695 1773 729 ἑτέρως
1784 704 1877 730 παρα-

1083 737 1277 771 σκευάζοντες,
1303 738 1352 764 καὶ
1381 739 1407 765 τί
1431 739 1485 774 γὰρ
1515 739 1575 774 οὐχὶ
1602 740 1656 767 τῶν
1684 741 1877 768 ἀνοσιωτάτων

1081 783 1198 819 δρῶντες
1223 784 1270 810 καὶ
1287 784 1431 818 λέγοντεςς
1458 785 1564 820 Ἐπειδὴ
1579 785 1607 812 δὲ
1635 786 1681 812 καὶ
1696 786 1724 812 ὲν
1745 788 1807 818 ταῖς
1822 787 1878 813 τῶν
1915 803 1916 826 γ

1081 828 1167 854 ὲονῶν
1179 827 1281 864 χώραις
1294 830 1491 864 ὲκπεφοίτηκεν
1506 831 1519 857 6
1534 830 1622 865 λόγος,
1635 832 1649 858 ό
1664 832 1728 867 περὶ
1741 833 1876 867 Χριστοῦ,

1081 875 1129 902 καὶ
1142 875 1196 902 τῶν
1208 875 1392 910 εὐαγγελικίῖΝ
1411 877 1596 911 κηρυγμάτων
1614 878 1742 913 κατήκοοι
1757 878 1876 913 γεγόνα-

1081 930 1122 949 σιν
1137 921 1161 948 οἱ
1177 921 1206 947 ὲν
1222 921 1327 953 αὑταῖς,
1341 921 1421 948 πάλιν
1438 922 1581 956 γεγόνασιν
1595 924 1683 958 ἕτεροι
1696 924 1814 959 διωγμοὶ
1831 924 1875 952 διὰ

1079 965 1132 992 τῶν
1144 965 1216 992 κατά
1231 966 1343 1001 καιροὺς
1363 966 1604 1002 βεϐασιλευκότων,
1622 968 1647 994 οἳ
1672 970 1722 1004 τῆς
1756 970 1875 1006 βεϐήλου

1079 1010 1271 1047 καὶβδελυρᾶς
1294 1012 1514 1048 εἰδωλολατρείας
1536 1015 1739 1049 μεταποιεῖσθαι
1754 1016 1876 1043 σπουδὰ-

1078 1056 1179 1089 ζοντες,
1201 1058 1248 1084 καὶ
1260 1057 1416 1094 διαϐολικῆς
1431 1059 1602 1094 ἀνοσιότητος
1617 1061 1749 1096 ὑπουργοὶ
1762 1062 1874 1096 γεγονό-

1077 1111 1132 1134 τες,
1149 1103 1312 1130 ἀπεκτόνασι
1327 1104 1390 1136 τοὺς
1405 1104 1499 1138 ἁγίους
1511 1106 1551 1137 είς
1567 1105 1629 1137 τοὺς
1644 1106 1689 1133 ἐπὶ
1714 1108 1772 1139 τοῖς
1800 1117 1873 1143 μαρ-

1076 1149 1179 1185 τυρίοις
1196 1149 1343 1182 καλοῦντες
1359 1150 1479 1184 ἀγῶνας.
1497 1151 1590 1183 Ἔδοξε
1601 1152 1630 1178 δέ
1644 1161 1700 1185 πως
1714 1154 1730 1189 ἡ
1753 1154 1873 1189 Ἐκκλη-

1078 1197 1132 1227 σία,
1160 1198 1207 1223 καὶ
1231 1198 1347 1232 πάσχειν
1372 1198 1505 1231 εὐκόλως,
1537 1199 1721 1234 ἐπαμύνοντος
1751 1201 1870 1235 οὐδενὸς,

1075 1242 1192 1269 ἑοικέναι
1210 1252 1239 1269 τε
1251 1243 1396 1279 προθύροις
1409 1243 1628 1279 σεσαλευμένοις,
1646 1246 1692 1271 καὶ
1704 1245 1854 1272 πίπτουσιν
1863 1268 1871 1278 ,

1075 1288 1154 1323 ἧκα¹ι
1179 1288 1244 1324 λίθῳ
1268 1289 1511 1326 καταπατουμένῳ.
1537 1290 1634 1317 Καίτοι
1657 1291 1711 1325 γὰρ
1738 1291 1840 1326 ίσχύων
1857 1293 1872 1318 ὁ

1073 1335 1127 1361 τῶν
1154 1335 1223 1361 ὅλων
1248 1335 1341 1371 Σωτὴρ
1368 1335 1415 1362 καὶ
1440 1336 1528 1362 πάντα
1556 1336 1673 1371 πόλεμον
1701 1339 1870 1365 κατευνάσαι

1074 1378 1182 1414 ῥᾳδίως,
1197 1379 1297 1414 μᾶλλον
1314 1379 1342 1406 δὲ
1356 1380 1403 1407 καὶ
1424 1380 1578 1416 ἀποστῆσαι
1600 1381 1740 1413 παντελῶς
1756 1381 1813 1408 τῶν
1828 1391 1871 1409 σε-

1072 1424 1194 1459 δομένων
1213 1424 1252 1460 (Ι)
1270 1425 1363 1457 αὐτὸν,
1393 1425 1441 1452 καὶ
1459 1425 1588 1460 ἀμείνους
1601 1426 1740 1462 ἀποφῆναι
1768 1427 1870 1458 παντὸς

1073 1469 1239 1505 πειρασμοῦ,
1266 1469 1314 1497 καί¹
1338 1470 1390 1506 τῆς
1408 1470 1463 1497 τῶν
1479 1470 1584 1506 ἐχθρῶν
1599 1472 1869 1507 κατευμεγεοοῦντας

1072 1515 1174 1551 χειρδς,
1198 1516 1299 1551 ἐφῆκεν
1323 1516 1500 1551 οἰκονομικῶς
1521 1516 1804 1552 καταλαμπρύνεσθαι
1824 1519 1868 1545 διὰ

1073 1559 1251 1596 παθημάτων,
1267 1560 1309 1586 ἵνα
1325 1560 1481 1596 σύμμορφοι
1498 1559 1640 1594 γεγονότες
1664 1561 1750 1596 αὐτῷ,
1772 1562 1868 1588 συνδο-

1071 1603 1195 1638 ξασθεῖέν
1206 1613 1236 1631 τε
1258 1604 1306 1631 καὶ
1332 1603 1587 1639 συμϐασιλεύσειαν.
1604 1614 1613 1630 ι
1633 1605 1664 1631 El
1679 1605 1733 1640 γὰρ
1756 1606 1870 1641 συμπά-

1070 1658 1183 1687 σχομεν,
1193 1651 1241 1679 καὶ
1253 1651 1504 1687 συμϐασιλεύσομεν
1518 1652 1602 1687 αὐτῷ,
1611 1651 1680 1679 κατὰ
1693 1652 1724 1679 τὸ
1740 1661 1868 1688 γεγραμ-

1073 1695 1162 1730 μένον,
1180 1696 1228 1724 καὶ
1245 1696 1271 1724 εί
1280 1696 1405 1724 κοινωνοὶ
1418 1696 1474 1724 τῶν
1489 1697 1659 1733 παθημάτων
1673 1697 1767 1733 ἐσμὲν,
1796 1697 1868 1724 ἀλλᾶ

1071 1741 1118 1767 καὶ
1131 1741 1181 1775 τῆς
1194 1740 1273 1776 δόξης
1281 1741 1481 1777 ὲσόμεθα.»-‹
1492 1742 1557 1769 Ἰδοὺ
1566 1743 1663 1775 τοίνυν,
1677 1743 1754 1777 φησὶ,
1768 1743 1868 1779 τίθημι

236 1783 385 1812 temporum
402 1775 642 1811 persecutionibus.
652 1774 744 1802 Adorti
759 1775 902 1802 suntcnim
912 1781 1020 1803 sanctos

1076 1786 1119 1822 τὴν
1138 1774 1377 1822 ’Ῑερουσαλὴμξὼς
1388 1787 1513 1824 πρόθυρα
1524 1774 1724 1823 σαλευόμενα..)
1742 1789 1774 1815 Et
1791 1774 1866 1824 δὲ’δὴ

237 1822 328 1851 multis
347 1822 434 1850 modis
446 1829 494 1849 cos
508 1821 672 1854 cruciantes,
687 1825 715 1848 et
753 1820 929 1848 morientibus
953 1821 1020 1849 torte

235 1868 317 1895 etiam
333 1867 602 1896 insultantesmiseri.
617 1865 780 1894 Nesciebant
796 1866 868 1893 enim
900 1866 1021 1901 profecto

235 1919 334 1948 quanta
347 1921 380 1942 ex
391 1913 580 1942 alllictionibus
593 1912 748 1947 proveniret
775 1911 871 1947 gloria,
890 1917 917 1939 et
948 1913 1022 1940 dolo-

234 1968 291 1988 rem
308 1961 360 1988 illis
377 1965 532 1996 perpetuam
549 1957 633 1984 animi
668 1957 831 1986 hilaritatem
858 1959 1019 1994 pariturum.

238 2006 377 2040 Perpende
393 2014 482 2040 porro,
496 2003 630 2038 quomodo
645 2002 696 2031 non
711 2004 792 2038 dicat,
802 2012 870 2040 opus
882 2013 941 2033 esse
956 2014 1021 2041 gen-

235 2052 300 2079 tium
313 2052 449 2086 potentizc,
471 2049 600 2076 Ecclesiae
629 2049 875 2084 conculcationem,
900 2050 947 2079 sed
965 2059 1020 2079 sua:

232 2098 377 2125 voluntatis
406 2100 433 2123 et
445 2094 562 2123 consilii.
577 2094 658 2130 Cupit
672 2095 756 2128 enim,
774 2100 803 2123 ut
826 2097 892 2130 dixi,
925 2097 1020 2125 adora-

232 2148 304 2171 tor-es
329 2150 392 2170 suos
414 2141 493 2169 rebus
521 2141 641 2168 adversis
657 2141 747 2175 perlici
778 2146 804 2169 et
829 2144 1019 2170 consummari.

230 2189 277 2217 Ait
294 2195 432 2223 namque:
451 2196 460 2212 ι
481 2187 536 2221 Ego
561 2194 632 2220 pono
654 2186 807 2214 Jerusalem
835 2193 864 2214 ut
885 2189 1019 2216 vestibula

230 2239 364 2262 commota
375 2233 500 2260 omnibus
511 2232 617 2266 populis
628 2232 654 2259 in
672 2233 797 2261 circuitu.
810 2242 820 2259 ι
833 2233 908 2260 Haud
921 2233 1012 2261 diver-
1030 2242 1050 2270 ι)

230 2288 288 2308 sum
301 2279 364 2307 illud
374 2282 426 2309 est,
438 2278 548 2313 opinor,
563 2278 634 2312 quod
646 2285 662 2305 a
685 2277 827 2306 Salvatore
843 2277 875 2305 ad
895 2278 1012 2306 Pilatum

229 2325 348 2353 dicitur:
367 2332 376 2348 ι
392 2322 449 2350 Non
468 2323 581 2350 haberes
598 2327 759 2357 potestatem
803 2323 946 2350 adversum
971 2332 1013 2352 me

229 2369 381 2401 ullam,nisi
395 2369 441 2395 tibi
456 2369 548 2396 datum
559 2372 631 2396 esset
645 2368 759 2402 desuper
773 2368 807 2395 ⁸ο.
831 2377 840 2394 ι
857 2368 902 2396 Sic
918 2370 1014 2397 merito

228 2416 308 2443 etiam
324 2414 485 2448 dicatquam
509 2414 615 2441 animus
655 2414 774 2441 intuetur
801 2412 958 2447 Jerusalem,
984 2415 1011 2442 id

227 2465 268 2488 est
288 2459 418 2492 Ecclesia,
448 2461 618 2495 persequenti
644 2458 765 2486 mundo:
790 2469 799 2484 ι
819 2458 877 2487 Non
899 2460 1011 2489 haberes

227 2509 387 2540 potestatem
404 2512 499 2533 contra
513 2514 555 2534 tne
571 2506 663 2537 ullam,
686 2504 738 2532 nisi
756 2504 848 2531 datum
863 2510 934 2534 eSSct
963 2508 1008 2535 tibi

226 2552 349 2586 desuper.
366 2562 375 2578 I

1070 1832 1149 1859 τοῦτο
1179 1833 1293 1867 γένοιτο,
1321 1833 1470 1869 καταχθείη
1503 1834 1567 1869 περὶ
1594 1834 1708 1870 αὐτὴνὴ
1732 1835 1865 1870 περιοχὴ,

1070 1876 1220 1909 τουτέστιν,
1236 1878 1252 1912 ή
1275 1876 1351 1913 παρὰ
1362 1877 1470 1905 πάντων
1484 1877 1636 1914 πολιορκίαο
1652 1879 1698 1906 καὶ
1711 1880 1775 1906 ὅταν
1790 1878 1865 1906 εἶναι

1070 1922 1170 1954 δόξειεν
1182 1922 1219 1954 ὡς
1228 1922 1300 1955 λίθος
1315 1923 1566 1960 καταπατούμενος,
1583 1926 1643 1952 τότε
1667 1926 1720 1957 πᾶς
1734 1926 1748 1952 6
1760 1926 1866 1961 ἐμπαί-

1072 1966 1125 1999 ζων
1141 1967 1312 2003 ἐμπαίξεται.
1329 1968 1488 2004 Πέπρακται
1501 1968 1529 1996 δὲ
1548 1969 1637 2002 τοῦτο,
1653 1970 1780 2006 καθάπερ
1794 1971 1865 2005 ἔφην

1071 2012 1182 2048 ἀρτίως,
1200 2014 1229 2040 ἐν
1243 2015 1298 2045 τοῖς
1315 2014 1384 2041 κατά
1398 2015 1510 2051 καιροὺς
1532 2015 1670 2051 διωγμοῖς.
1695 2017 1866 2051 Ἐπεφύοντο

1071 2058 1125 2093 γὰρ
1136 2059 1191 2090 τοῖς
1206 2058 1303 2093 ἁγίοις,
1317 2059 1389 2086 κατά
1415 2060 1528 2092 πολλοὺς
1558 2061 1708 2093 αἰκίζοντες
1722 2062 1846 2096 τρόπους
1855 2081 1864 2094 ,

1071 2105 1118 2131 καὶ
1132 2105 1202 2140 τάχα
1219 2113 1271 2132 που
1296 2105 1344 2132 καὶ
1372 2106 1588 2142 ἀποθνήσκουσιν
1616 2107 1822 2142 ἐπιμειδιῶντες
1838 2109 1864 2134 οἱ

1070 2149 1193 2182 τάλανες.
1215 2151 1252 2177 Οὐ
1277 2151 1332 2187 γάρ
1357 2152 1467 2188 ᾔδεσαν,
1494 2154 1564 2181 κατά
1580 2153 1610 2180 τδ
1622 2154 1704 2187 εἰκὸς,
1717 2153 1748 2180 τὸ
1763 2155 1796 2181 ὲκ
1813 2155 1864 2181 τοῦ

1071 2195 1166 2223 παθεῖν
1175 2196 1294 2229 εὐκλεὲς,
1321 2199 1368 2226 καὶ
1391 2199 1432 2226 ὅτι
1459 2199 1527 2235 πρὸς
1549 2199 1681 2235 εὐθυμίας
1695 2200 1788 2232 αὐτοῖς
1811 2200 1864 2234 τῆς

1065 2241 1205 2276 διηνεκοῦς
1216 2241 1292 2269 ἔσται
1316 2243 1348 2279 δὴ
1370 2244 1477 2276 πάντως
1491 2245 1506 2271 6
1522 2244 1610 2276 πόνος.
1630 2244 1728 2280 Ἀθρει
1740 2245 1768 2273 δὲ
1785 2246 1863 2277 ὅπως

1065 2286 1095 2312 οὺ
1115 2287 1164 2322 τῆς
1179 2286 1233 2314 τῶν
1244 2287 1328 2315 ἐθνῶν
1346 2289 1438 2324 ἰσχύος
1450 2289 1530 2324 ἔργον
1547 2287 1616 2316 εἷναί
1629 2298 1705 2325 φησι,
1725 2291 1756 2317 τὸ
1773 2299 1864 2318 καταο

1066 2333 1272 2368 πατηθήσεσθαι
1289 2335 1338 2369 τὴν
1358 2335 1533 2371 Ἐκκλησίαν,
1552 2336 1619 2363 ἀλλά
1629 2337 1678 2371 τῆς
1694 2336 1778 2363 αὑτοῦ
1797 2337 1862 2372 βου-

1064 2377 1122 2412 λῆς.
1142 2379 1263 2413 Ἐφίεται
1279 2380 1344 2416 γὰρ,
1358 2381 1396 2412 ὡς
1411 2381 1489 2417 ἔφην,
1501 2382 1544 2409 διὰ
1556 2382 1727 2417 παθημάτων
1743 2383 1863 2410 τελειοῦ-

1063 2423 1124 2450 σθαι
1143 2425 1206 2456 τοὺς
1224 2426 1305 2457 ἰδίους
1334 2428 1532 2462 προσκυνητάς.
1556 2437 1565 2454 ‹
1587 2428 1653 2454 Ἰδοὺ
1674 2428 1742 2464 γὰρ,
1757 2429 1858 2464 φησὶν,

1063 2468 1118 2502 ἐγὼ
1134 2470 1230 2506 τίθημι
1241 2471 1290 2506 τὴν
1303 2472 1480 2508 Ἰερουσαλὴμ
1493 2474 1531 2505 ὡς
1547 2474 1671 2509 πρόθυρα
1685 2474 1857 2510 σαλευόμενα

1065 2515 1130 2540 πᾶσι
1145 2516 1200 2547 τοῖς
1214 2516 1288 2548 λαοῖς
1306 2517 1407 2553 κύκλῳ.
1422 2528 1431 2543 ι
1443 2518 1536 2553 Τούτῳ
1552 2519 1744 2554 παραπλήσιον
1757 2521 1857 2550 ἐκεῖνο,

1062 2557 1149 2594 οἶμαι,
1165 2560 1223 2587 ἐστι
1235 2562 1264 2588 τὸ
1279 2561 1322 2588 διὰ
1337 2563 1384 2598 τῆς
1398 2562 1445 2588 τοῦ
1460 2563 1583 2599 Σωτῆρος
1599 2563 1691 2599 φωνῆς
1709 2564 1860 2599 εἰρημένον

226 2597 294 2645 πρὸς
316 2597 438 2645 Πιλάτον·
453 2607 475 2645 Π(
578 2593 651 2645 εἶχες
669 2597 796 2645 οὐδεμίαν
811 2598 934 2632 ἐξουσίαν
961 2604 1020 2629 κατ’
1040 2593 1118 2639 spot"),
1139 2607 1163 2632 εἰ
1186 2607 1222 2642 μὴ
1246 2605 1280 2642 ἦν
1300 2593 1440 2643 δεδομένον
1462 2618 1502 2635 σοι
1528 2593 1639 2637 ἀνωθεν.
1656 2593 1748 2645 rut-M1.)
1767 2593 1801 2637 ἓν
1817 2612 1859 2637 εἱ-

226 2641 312 2673 κῦτως
339 2644 355 2678 ἡ
385 2643 466 2678 νοητὴ
491 2643 572 2669 πάλιν
614 2642 799 2679 Ἰερουσαλὴμ,
829 2646 966 2674 τουτέστιν
990 2650 1006 2683 ἡ
1034 2650 1189 2686 Ἐκκλησία,
1219 2653 1257 2687 τῷ
1279 2654 1402 2681 διώκοντι
1429 2656 1533 2691 κόσμῳο
1559 2666 1567 2681 ι
1603 2656 1659 2682 Οὐκ
1696 2641 1771 2691 εἶχες
1796 2657 1858 2684 κατ’

225 2688 291 2722 ἐμοῦ
320 2688 442 2721 ἐξουσίαν
471 2688 607 2720 οὐδεμίαν,
640 2689 663 2714 εἰ
697 2689 733 2724 μὴ
749 2688 782 2723 ἦν
797 2691 937 2726 δεδομένον
967 2703 1007 2720 σοι
1027 2695 1139 2724 ἄνωθεν,
1157 2707 1165 2723 ι

260 2770 282 2786 ιθ
296 2768 444 2807 Ζξιςξι.ΑΧΙ,
460 2767 502 2807 6.-
526 2767 620 2807 “Act.
656 2776 691 2801 ιν,
709 2769 780 2807 l7.“
792 2769 813 2785 ⁵ο
831 2772 891 2798 Act.
908 2773 1022 2807 “1,22.

225 2805 267 2832 12.
305 2805 327 2820 ⁸³
342 2802 363 2829 ιι
379 2802 441 2830 Cor.
459 2803 513 2834 1,7.
553 2802 574 2817 ‘°
588 2802 665 2830 Joan.
682 2811 736 2836 nx,
752 2804 793 2831 ll.

1061 2775 1082 2790 ⁸⁷
1096 2775 1155 2802 Act.
1171 2785 1227 2810 xiv,
1246 2778 1287 2805 18.
1337 2779 1358 2795 ⁸⁸
1375 2779 1453 2807 Rern.
1485 2788 1544 2813 vut,
1565 2780 1612 2813 l7;
1629 2779 1649 2807 ll
1667 2780 1738 2807 Tim.
1758 2789 1789 2814 It,
1811 2781 1856 2817 Η,

259 2869 295 2904 (l)
313 2871 357 2899 Sic
381 2870 569 2917 corrigendum
586 2875 678 2899 monet
704 2870 853 2900 Cotelerius
869 2871 1010 2908 (Monum.
1031 2874 1103 2905 Eccl.
1128 2876 1174 2905 Gr.
1189 2877 1218 2911 Il,
1233 2879 1296 2914 605)
1315 2888 1363 2915 pro
1379 2881 1452 2916 vulg.
1470 2882 1633 2917 σευομένων.
1651 2882 1732 2911 Enn.
