1916 3053
15 168 69 197 202)
442 171 721 202 COMMENTARIUS
741 173 772 202 IN
793 175 992 204 ZACHARIAM
1013 175 1236 206 PROPHETAM.

57 229 109 255 Ἑν
133 229 173 264 τῇ
185 230 283 265 ἡμέρᾳ
293 230 405 266 ἐκείνῃ,
422 233 502 268 λέγει
518 234 624 268 Κύριος
649 235 815 269 παντοκρά-
834 237 853 265 Α

1613 180 1670 209 210

907 235 988 263 Vens.
1001 235 1072 263 4.1a
1084 236 1127 263 die
1155 235 1213 268 illa,
1248 236 1311 263 dicit
1339 235 1469 263 Dominus
1492 237 1663 272 omnipotens,

14 284 84 309 τωρ,
97 276 228 308 πατάξω
248 275 346 303 πάντα
369 277 464 304 ἵππον
475 278 510 305 ὲν
528 278 682 310 ἐκστάσει,
699 279 748 306 καὶ
768 278 821 306 τὸν

13 320 178 355 ἀναϐάτην
203 323 298 349 αὐτοῦ
323 324 359 350 ἐν
383 324 622 359 παραφρονήσει·
647 324 698 351 ἐπὶ
719 325 753 351 δὲ
767 325 821 351 τὸν

13 364 102 393 οἶκον
130 367 228 407 Ἰούδα
243 369 384 401 atat-016w
404 370 477 402 τοὺς
500 371 675 405 ὀφθαλμούς
686 379 756 405 μου,
771 370 820 397 καὶ

13 411 140 446 πάντας
164 413 237 447 τοὺς
253 414 366 448 ἵππους
390 415 450 442 τῶν
462 415 546 443 λαῶν
567 416 690 449 πατάξω
702 417 737 444 ἑν
747 417 821 444 ἀπο-

14 467 29 484 τ
34 458 190 492 υςρλώσει.

2 522 6 524 γ
50 505 110 530 Ilﬂ'
127 505 247 533 "Octaui.
285 506 291 514 '
409 516 420 523 ’
463 507 469 515 ’
704 510 710 518 “
735 510 741 517 “
796 510 801 518 ’

114 525 120 531 .
257 515 344 534 παντα
356 515 516 534 κατευνασει
526 508 655 544 πόλεμον,
668 518 715 536 και
730 518 820 545 απρα-

13 559 98 582 κτους
118 552 259 587 ἀποφανεῖ
274 553 324 585 τὰς
342 553 396 580 τῶν
413 554 566 582 διωκόντων
591 556 712 590 ἐφόδους,
729 556 820 583 δίδωσι

14 598 98 629 νοεῖν,
115 597 204 626 ἵππον
216 600 263 626 καὶ
276 600 415 635 ἀναϐάτην
430 601 564 633 πατάξειν
578 602 662 629 εἰπὼν
676 604 704 629 ἐν
720 603 820 630 ἐκστά-

15 650 58 667 σει
70 651 101 668 τε
119 644 172 669 καὶ
189 646 407 681 παραφρονήσει,
424 647 469 673 καὶ
488 648 541 683 μὴν
554 648 601 674 καὶ
617 648 818 682 ἀποτυφλώσει.

18 687 98 714 Ἐστι
111 688 156 720 δὲ,
170 687 257 724 οἶμαι,
267 691 365 718 ταυτὸν
375 691 405 718 τὸ
417 692 513 719 παθεῖν
523 693 573 728 τὴν
584 693 724 727 ἔκστασιν,
736 695 819 721 καὶτὸ

16 733 170 768 ὑπομεῖναι
183 735 233 770 τὴν
248 736 465 773 παραφρόνησιν.
483 737 520 764 Τὸ
546 738 600 774 γὰρ
617 739 669 772 ἐξω
691 739 818 773 γενέσθαι

17 779 133 822 φρενὸς,
150 780 280 813 ἔκστασις
291 782 324 808 ἃν
337 784 433 816 νοοῖτο,
443 783 490 810 καὶ
507 783 580 818 μάλα
596 784 719 816 εἰκότως.
737 782 773 812 υἷι
787 786 818 822 δὴ

17 824 177 858 γεγονότος,
198 826 244 853 καὶ
258 828 313 859 τοῖς
331 828 432 862 φανῶσι
445 828 660 864 συμϐεϐηκότος,
676 830 818 865 περιέσται

18 877 71 895 που
90 869 205 903 πάντως
227 873 283 903 τοῖς
314 872 401 906 ἁγίοις
419 873 506 900 εἰπεῖν
526 874 590 909 περὶ
601 874 656 901 τῶν
673 883 748 909 σφισι
767 884 816 910 με·

871 282 1016 316 percutiant
1028 289 1129 308 omnem
1148 289 1241 315 equum
1261 282 1289 308 in
1313 286 1428 317 stupore,
1451 287 1474 309 el
1500 290 1664 309 ascensorem

872 326 932 360 ejus
948 327 975 353 in
986 327 1099 353 amentia
1113 334 1210 360 :super
1221 327 1327 353 domum
1344 333 1429 354 autem
1444 326 1515 354 Julia
1546 327 1664 362 aperiam

871 371 959 398 oculos
974 379 1053 404 meos,
1069 376 1092 397 et
1110 379 1197 398 omnes
1208 379 1286 406 equos
1302 371 1460 406 populorum
1472 373 1618 406 percutiant
1635 373 1663 399 in

870 423 997 446 ctcczlate.

908 505 988 540 775
1001 503 1388 538 LXXXVill.Compositururn
1396 510 1476 530 omne
1485 504 1593 536 bellum,
1614 505 1662 531 ho-

869 551 1000 584 stilesque
1013 549 1137 576 incursus
1157 553 1360 582 persecutorqu
1371 546 1522 574 inefficaces
1535 553 1561 574 et
1570 548 1666 575 inanes

871 596 1037 623 redditurum
1052 600 1155 628 monet,
1173 595 1236 621 dum
1249 594 1325 627 dicit,
1349 601 1451 628 equum
1478 598 1506 620 et
1533 601 1663 621 ascenso-

872 650 928 670 rem
946 649 1140 678 percussurum
1158 641 1184 668 in
1200 645 1312 675 stupore
1325 644 1351 666 et
1366 639 1484 666 amentia
1503 644 1529 666 et
1543 640 1672 667 caecitate

872 689 992 724 insuper.
1016 688 1063 715 Est
1084 691 1184 720 autem,
1215 691 1245 714 ut
1275 686 1404 718 arbitror,
1420 686 1500 718 idem,
1525 690 1662 720 stuporem

870 734 925 769 pati
941 739 968 761 et
983 738 1119 761 amentem
1141 739 1213 760 esse.
1234 731 1301 759 Nam
1320 731 1451 759 discessio
1467 739 1481 758 a
1498 735 1589 758 mente
1609 739 1662 758 non

871 779 941 807 male
958 785 1051 815 stupor
1068 779 1179 813 intelligi
1203 782 1294 812 queat.
1310 777 1387 810 Quod
1407 785 1469 804 cum
1486 777 1587 804 factum
1603 777 1662 804 fue-

871 825 916 858 rit,
933 829 960 852 et
976 825 1003 852 in
1017 825 1091 852 caede
1110 823 1298 858 grassantibus
1316 822 1472 857 contigerit,
1491 821 1584 849 licebit
1602 829 1660 849 om-

872 871 936 898 nino
944 871 1047 898 sanctis
1059 871 1149 897 dicere
1158 869 1191 897 de
1202 868 1434 904 oppugnatoribus
1447 868 1503 895 suis
1517 877 1524 895 :
1536 876 1545 893 ι
1558 866 1662 895 Inimici

20 915 205 951 μαχημένων·
227 917 284 947 1,οῑ
309 918 400 953 ἐχθροὶ
423 919 502 954 ἡμῶν
527 920 646 955 ἀνόητοι.
662 930 671 947 ι
694 921 749 948 Καὶ
767 921 820 957 μὴν

876 917 958 945 nostri
983 916 1145 951 insipientes
1158 915 1192 942 “.
1220 925 1229 941 ι
1251 915 1339 949 Atque
1361 914 1442 941 etiam
1460 914 1528 941 illa:
1550 923 1559 939 ι
1581 913 1612 940 lli
1636 913 1662 940 in

19 961 83 987 καί·
103 971 112 987 ι
131 958 212 989 Οὗτοι
229 963 392 999 ἐν.ἀρμασι,
419 965 467 992 καὶ
481 961 552 992 οὗτοι
564 966 592 992 ἐν
615 966 719 998 ἵπποις,
740 967 833 1002 ἡμεῖς

18 1007 47 1032 δὲ
57 1008 86 1033 ἐν
100 1009 217 1044 ὀνόματι
243 1010 348 1046 Κυρίου
364 1010 431 1038 Θεοῦ
445 1011 523 1047 ἡμῶν
549 1013 818 1048 μεγαλυνθησόμεθα.

19 1054 104 1080 Αὐτοὶ
123 1055 368 1092 συνεποδίσθησαν,
380 1058 427 1083 καὶ
447 1057 555 1085 ἔπεσον·
568 1059 649 1093 ἡμεῖς
666 1058 694 1085 δὲ
707 1059 821 1094 ἀνέστη-

21 1107 83 1132 μεν,
105 1099 156 1125 καὶ
175 1100 389 1137 ἀνωρθώοημεν.
408 1112 416 1128 ι
440 1104 666 1139 Παραφρονήσειε
686 1104 707 1130 δ’
724 1104 757 1131 ἂν
774 1106 821 1132 καὶ

22 1146 133 1180 ἑτέρως,
153 1146 167 1172 ὁ
183 1148 242 1179 ταῖς
254 1147 309 1174 τῶν
325 1148 410 1182 ἁγίων
427 1149 613 1182 ἀνεξικακίαις
630 1151 744 1183 ἀνοσίως
759 1152 817 1177 ἐπι-

22 1191 126 1226 πηδών,
139 1193 189 1219 καὶ
202 1193 333 1228 ἀδόκητον
352 1195 483 1229 ὑπομενεῖ
516 1194 565 1230 τὴν
598 1195 736 1227 ἔκστασιν,
760 1196 820 1231 ἤτοι

20 1236 49 1263 τὸ
61 1237 167 1272 θαῦμα,
179 1238 344 1274 τεθεαμένος
360 1241 400 1266 ὅτι
413 1240 525 1268 νικῶσιν
542 1242 570 1268 ἐν
589 1243 753 1277 συμφοραῖς,
773 1243 820 1269 καὶ

21 1281 173 1315 φανοῦνται
185 1284 324 1316 πεσόντες,
339 1284 386 1311 καὶ
404 1285 448 1312 ὅτε
467 1285 599 1321 ἡττῆσθαι
620 1286 733 1320 δοκεῖεν,
760 1286 820 1313 τότε

20 1327 54 1362 δὴ
67 1327 189 1362 μάλιστα
204 1329 336 1364 κρατοῦσι
359 1330 501 1366 μειζόνως·
523 1332 603 1367 εῐπερ
624 1333 698 1359 ἐστὶν
709 1333 818 1368 ἀληθὲς,

21 1373 59 1404 ὡς
72 1373 102 1399 ἓν
117 1382 151 1408 γε
169 1375 201 1410 δὴ
219 1375 333 1410 μάλιστα
359 1377 397 1412 τῷ
418 1376 514 1404 παθεῖν
532 1378 632 1410 αὐτοὺς
645 1378 763 1414 ὁρῶνται
776 1379 821 1406 εὑ-

22 1418 125 1452 κλξεῖς,
145 1420 193 1446 καὶ
209 1420 249 1456 τῷ
270 1421 379 1456 μεγέθει
393 1422 446 1449 τῶν
463 1422 552 1449 πόνων
571 1423 821 1459 συμπαρομαρτοῦ-

23 1473 72 1491 σαν
85 1464 181 1501 ἔχουσι
198 1466 248 1502 τὴν
273 1467 375 1494 ἄνωθεν
392 1469 481 1503 χάριν.
502 1466 569 1495 Εἶτα
581 1468 639 1500 πῶς
655 1468 705 1495 οὐκ
724 1469 757 1496 ἂν
771 1477 821 1496 κα-

22 1510 195 1546 ταπλήξειαν
210 1513 273 1544 τοὺς
297 1514 508 1549 μεμαχημένους
524 1515 548 1541 οί
567 1515 697 1551 μακάριοι
716 1516 822 1552 μάρτυ-

25 1563 81 1590 ρες,
97 1556 147 1582 καὶ
165 1556 248 1583 αὐτὸν
260 1557 388 1589 νικῶντες
410 1558 457 1585 τὸν
484 1559 618 1592 Σατανᾶν,
632 1561 678 1587 καὶ
691 1562 820 1596 πονηροῖς

26 1602 86 1636 μὲν,
102 1602 152 1628 καὶ
169 1602 336 1638 ἀκαθάρτοις
352 1603 533 1639 ἐπιτιμῶντες
553 1605 699 1641 πνεύμασι,
713 1607 780 1633 πολὺ
794 1607 820 1634 δὲ

26 1647 55 1673 το
65 1647 163 1683 θαῦμα
181 1650 232 1683 τῆς
245 1650 357 1685 ἐνούσης
383 1651 507 1684 εὐκλείας
519 1652 611 1684 αὐτοῖς
634 1652 751 1684 ἐνιέντες
765 1653 820 1680 ἐσθ’

26 1693 70 1721 ὅτε
82 1694 133 1721 καὶ
151 1695 246 1726 αὐτοῖς
261 1697 317 1727 τοῖς
328 1696 512 1732 ἀνῃρηκόσιν;
528 1697 633 1725 Οὐκοῦν
656 1699 774 1735 ἱππότην
793 1708 822 1725 τε

25 1739 83 1774 ἃμα
99 1740 151 1767 καὶ
166 1740 250 1767 ἵππον
264 1742 393 1774 πατάξειν
418 1743 629 1778 ἐπαγγέλλεται·
649 1745 693 1772 ἵνα
716 1745 822 1780 νοῶμεν

25 1785 74 1816 τὰς
84 1785 141 1812 τῶν
153 1785 292 1821 πολεμίων
304 1787 457 1822 φάλαγγας,
473 1789 534 1820 ταῖς
558 1789 613 1816 τῶν
637 1789 723 1824 ἁγίων
737 1790 823 1817 ἐπιει-

27 1831 115 1863 κείαις
126 1832 371 1868 ἀντιτεταγμένας.
387 1834 448 1860 Ἐπὶ
457 1834 485 1861 δὲ
500 1834 545 1861 τὸν
558 1833 632 1862 οἷκον
653 1835 739 1862 Ἰούδα
752 1836 823 1863 ἀνοί-

28 1876 82 1908 ξειν
94 1877 150 1912 ἔφη
166 1878 229 1909 τοὺς
239 1877 406 1914 ὀφθαλμούς.
419 1880 474 1907 Καὶ
494 1880 595 1907 Ἰούδαν
613 1881 662 1916 μὲν
679 1883 708 1908 ἐν
720 1881 824 1914 τούτοις

27 1924 71 1950 τὸν
82 1925 116 1950 ἐκ
133 1924 215 1959 ῥίζης
234 1925 342 1958 Ἰεσσαὶ,
360 1926 408 1952 καὶ
421 1926 471 1962 τῆς
488 1927 573 1954 Ἰούδα
586 1927 673 1963 φυλῆς
686 1929 825 1964 πεφηνότα

28 1970 152 2005 Χριστὸν
172 1971 310 2006 ὀνομάζει,
327 1972 439 1999 οἶκονδέ
456 1973 538 2000 αὐτοῦ
561 1974 612 2009 τὴν
643 1974 824 2010 Ἐκκλησίαν,

29 2017 88 2051 ἦτοι
105 2016 165 2043 τῶν
180 2017 209 2043 ἐν
220 2017 310 2044 πίστει
321 2018 539 2054 δεδικαιωμένων
550 2020 598 2055 τὴν
614 2019 695 2054 ἁγίαν
708 2020 824 2056 πληθύν.

29 2062 85 2098 Τὴν
102 2063 134 2089 δέ
152 2071 184 2097 γε
194 2063 248 2090 τῶν
265 2064 413 2100 ὀφθαλμῶν
436 2064 564 2098 διάνοιξιν
578 2067 666 2094 ἐκεῖνο
684 2064 761 2102 οἶμαι
778 2067 826 2103 δη-

29 2107 102 2141 λοῦν,
122 2109 166 2134 ὃτι
186 2108 252 2135 πολὺ
279 2108 338 2136 λίαν
354 2110 511 2146 ἀμφιλαφῆ,
529 2110 575 2137 καὶ
592 2108 647 2138 οἷον
674 2112 727 2147 ὅλῳ
744 2111 827 2147 βλέμ-

33 2164 97 2190 ματι
113 2156 327 2190 κατασκέψεται,
344 2157 455 2192 σημεῖον
471 2157 493 2184 δ’
509 2157 541 2185 ἂν
565 2158 670 2192 γένοιτο
683 2158 762 2185 τοῦτο
779 2168 826 2185 σα-

32 2200 79 2235 φὲς
93 2201 148 2236 τῆς
162 2202 206 2227 ἐπ’
219 2201 304 2237 αὐτῆς
323 2202 476 2237 εὐμενείας,
501 2203 548 2229 καὶ
569 2203 618 2238 μέν
635 2212 676 2230 τοι
698 2205 806 2238 φειδοῦς
818 2227 826 2237 ,

871 963 1006 995 curribus,
1020 967 1048 989 et
1060 962 1087 988 hi
1109 961 1136 988 in
1152 961 1241 996 equis,
1263 967 1312 988 nos
1327 964 1418 987 autem
1439 960 1466 986 in
1483 959 1593 986 nomine
1616 959 1662 986 Dei

871 1008 955 1036 nostri
981 1007 1227 1043 magniﬁcabinutr.
1247 1006 1298 1041 Ipsi
1313 1006 1444 1033 inﬁrmati
1461 999 1524 1033 sunt
1549 1006 1663 1033 et-ceci-

871 1053 987 1085 derunt;
1011 1060 1060 1079 nos
1079 1057 1168 1078 autem
1188 1051 1358 1079 surreximus
1377 1056 1403 1078 et
1415 1051 1496 1078 erecti
1508 1059 1602 1078 sumus
1611 1051 1666 1078 ".r

871 1099 930 1126 Alio
956 1099 1020 1125 item
1053 1098 1133 1125 modo
1165 1097 1315 1132 desipuerit
1353 1101 1508 1123 sanctorum
1544 1095 1663 1123 toleran-

873 1145 916 1172 tiae
938 1144 1072 1171 insultans
1095 1143 1177 1178 impie
1200 1147 1229 1170 et.
1252 1141 1280 1170 in
1303 1142 1479 1177 improvisum
1510 1147 1662 1177 stuporem,

871 1190 928 1218 sive
940 1188 1277 1222 admirationem-incidet,
1296 1196 1357 1216 cum
1375 1188 1474 1216 viderit
1492 1195 1539 1216 eos
1551 1188 1664 1216 calauti-

872 1237 971 1264 talibus
986 1236 1067 1264 nullis
1085 1236 1182 1264 cedere
1199 1240 1226 1263 et
1247 1235 1372 1263 coronari
1394 1235 1532 1268 cadentes,
1554 1243 1585 1263 ac
1607 1239 1662 1262 tum

872 1283 990 1310 maxime
1001 1283 1118 1316 vincere,
1132 1286 1158 1310 ct
1169 1282 1285 1317 majores
1299 1285 1439 1316 reportare
1449 1281 1588 1314 victorias,
1601 1289 1661 1309 cum

871 1330 935 1357 victi
949 1329 1099 1365 potuissent
1113 1335 1246 1363 apparere
1264 1337 1270 1354 :
1288 1327 1421 1362 siquidem
1443 1331 1545 1354 certum
1560 1331 1603 1354 est
1616 1334 1663 1354 eos

871 1376 1040 1412 potissimum
1054 1375 1082 1402 in
1100 1374 1228 1410 patiendo
1242 1373 1357 1409 inclytos
1374 1373 1506 1408 conspici,
1516 1378 1543 1400 et
1559 1374 1663 1408 magni—

872 1422 955 1450 tudini
969 1422 1090 1450 laborum
1111 1421 1237 1448 comitem
1252 1420 1353 1447 habere
1373 1419 1509 1447 caelestem
1533 1419 1659 1454 gratiam.

873 1468 985 1500 Deinde,
1012 1467 1124 1501 quinam
1141 1470 1342 1501 oppugnatores
1357 1472 1420 1492 suos
1440 1472 1492 1491 non
1505 1464 1661 1498 obstupefa-

872 1514 945 1542 ciant
965 1513 1037 1541 beati
1056 1517 1202 1548 martyres,
1226 1512 1271 1546 qui
1288 1512 1375 1546 ipsum
1401 1517 1508 1545 quoque
1530 1509 1658 1536 Satanam

873 1560 1062 1596 pessumdant,
1079 1559 1268 1593 malignosque
1278 1562 1304 1585 ct
1316 1557 1470 1585 immundos
1486 1556 1597 1591 spiritus
1619 1556 1662 1582 iu-
1678 1578 1687 1587 ,

874 1611 998 1641 crepant,
1014 1610 1041 1633 et.
1057 1612 1251 1640 nonnunquam
1270 1597 1367 1639 magna
1384 1603 1476 1638 gloriae
1499 1610 1555 1630 sum
1581 1603 1664 1630 admi-

874 1653 979 1680 ratione
1003 1653 1076 1687 ipsos
1100 1652 1180 1680 etiam
1209 1650 1400 1678 interfectores
1432 1657 1495 1677 suos
1525 1648 1666 1676 adiciunt?

874 1700 963 1733 Quare
974 1699 1092 1734 equitem
1106 1698 1186 1726 simul
1212 1702 1240 1725 ct
1250 1705 1348 1732 equum
1362 1704 1553 1731 percussurum
1564 1703 1592 1723 sc
1604 1703 1667 1732 pro-

875 1746 967 1779 mittit,
983 1751 1012 1773 ut
1024 1746 1142 1774 hostium
1158 1745 1307 1780 phalangas
1319 1748 1476 1772 sanctorum
1500 1743 1593 1770 virtuti
1615 1744 1663 1770 ad-

875 1797 1015 1819 versantes
1037 1791 1229 1826 intelligamus.
1257 1790 1345 1825 Super
1358 1790 1466 1817 domum
1484 1793 1572 1815 autem
1595 1787 1664 1816 Juda

876 1843 1033 1871 aperturum
1046 1843 1075 1864 se
1089 1836 1183 1864 oculos
1199 1837 1245 1863 ait.
1260 1835 1359 1863 Judam
1380 1835 1430 1862 hoc
1447 1834 1507 1861 loco
1524 1835 1557 1861 de
1576 1834 1667 1861 radice

875 1882 952 1910 Jesse
978 1887 1002 1910 ct
1021 1883 1092 1910 tribu
1107 1882 1175 1909 Juda
1188 1882 1327 1910 Christum
1340 1882 1514 1909 exsistentem
1533 1881 1664 1913 nominat,

877 1930 985 1956 domum
1005 1933 1094 1956 autent
1106 1929 1165 1962 ejus
1176 1928 1336 1962 Ecclesiam,
1354 1928 1410 1955 sive
1433 1927 1458 1954 in
1489 1926 1600 1954 Christo
1620 1926 1666 1961 ju-

878 1976 1057 2003 stiﬁcatorum
1071 1975 1416 2002 sauctam'multitudinem.
1445 1973 1551 2008 Aperiri
1575 1977 1666 1999 autem

877 2021 970 2049 oculos
987 2021 1052 2048 illud
1076 2021 1130 2048 sibi
1152 2020 1222 2048 velle
1245 2021 1381 2054 existimo,
1403 2019 1472 2054 quod
1498 2018 1667 2054 amplissime

877 2072 904 2095 et
917 2072 972 2095 toto
983 2067 1056 2095 velut
1070 2071 1180 2102 aspectu
1193 2066 1332 2101 respiciet,
1350 2066 1421 2101 quod
1438 2073 1494 2093 suae
1508 2072 1572 2099 erga
1591 2064 1665 2091 illunt

878 2113 1084 2147 benevolentiae,
1098 2121 1129 2140 ac
1143 2117 1274 2148 praeterea
1289 2112 1463 2147 indulgentiae
1479 2117 1505 2140 et
1523 2111 1667 2139 charitatis

880 2160 1058 2188 indubitatum
1074 2159 1125 2187 erit
1153 2159 1294 2187 indicium.
1325 2158 1462 2193 Scriptum
1489 2162 1531 2185 est
1557 2158 1629 2184 cuiut
1655 2164 1663 2183 :

882 2213 890 2230 ι
915 2204 990 2232 Oculi
1003 2203 1109 2231 Domini
1125 2211 1206 2238 super
1219 2202 1343 2237 iustos".
1359 2213 1369 2229 ι
1384 2203 1415 2230 Et
1428 2210 1495 2238 quos
1507 2202 1668 2237 respexerit,

32 2247 78 2273 καὶ
94 2247 220 2282 ἀγάπης.
232 2247 388 2282 Γέγραπται
403 2248 458 2284 γὰρ
472 2249 517 2283 ὅτι,
528 2258 538 2274 ε
561 2249 711 2285 Ὀφθαλμοὶ
723 2251 825 2286 Κυρίου

880 2260 926 2279 eos
949 2251 1027 2285 plane
1048 2249 1222 2278 beatissimus
1251 2249 1352 2283 edicit;
1369 2248 1587 2285 quandoquidem
1616 2255 1668 2275 non

32 2291 77 2318 ἐπὶ
88 2291 225 2324 δικαίους.
245 2301 254 2318 ι
274 2292 330 2319 Καὶ
345 2293 392 2325 οὓς
414 2294 447 2321 ἂν
462 2294 629 2329 ἐπιϐλέψειε,
660 2295 772 2329 τούτους
793 2297 826 2332 δὴ

33 2338 145 2369 πάντως
171 2339 389 2374 τρια-μακαρίους
412 2340 620 2373 ἀποδείκνυσιν,
650 2341 729 2377 εἴπερ
753 2341 826 2370 ἐστιν

33 2383 121 2410 εἰπεῖν
138 2384 169 2410 οὑ
185 2384 394 2420 διεψευσμένως,
424 2386 461 2417 ὼς
482 2386 590 2418 κολάζει
609 2388 658 2423 μὲν
681 2389 740 2420 ταῖς
760 2388 827 2415 ἀπο-

35 2431 168 2465 στροφαῖς
180 2429 226 2457 τὸν
237 2430 367 2466 ὑϐριστήν
379 2440 409 2458 τε
418 2432 464 2459 καὶ
478 2433 627 2469 ἀλιτήριον,
635 2434 828 2470 κατευφριιίνει

35 2483 63 2508 γε
79 2475 137 2512 μὴν
154 2477 216 2508 ταῖς
226 2477 385 2512 ὲπισκέψεσι
404 2478 448 2504 τὸν
472 2478 582 2515 εὐσεϐῆ,
600 2480 647 2506 καὶ
671 2480 826 2515 φιλάρετον.

36 2521 87 2548 Καὶ
109 2521 179 2555 γοῦν
200 2522 214 2548 ὁ
246 2521 388 2555 θεσπέσιος
413 2524 505 2558 Δαόὶδ,
526 2525 572 2552 καὶ
586 2525 635 2562 τὴν
648 2527 680 2552 ἐκ
690 2526 740 2562 τῆς
760 2527 824 2553 ἀπο-

36 2569 157 2603 στροφῆς
173 2567 286 2604 ζημίαν,
304 2569 351 2596 καὶ
368 2569 398 2596 τὸ
412 2569 444 2596 ὲκ
459 2571 507 2605 τῆς
526 2571 715 2607 ὲπιστρέψεως
734 2571 828 2606 κέρδος

37 2612 158 2647 ἐμφανὲς
172 2613 316 2646 καθιστὰς,
340 2614 413 2647 ποτε,
432 2615 482 2650 μὲν
507 2615 626 2650 ἔφασκε·
657 2626 666 2642 ι
684 2617 730 2652 Μὴ
760 2617 828 2643 ἀπο-

39 2658 158 2695 στρέψῃς
189 2659 221 2686 τὸ
245 2659 391 2695 πρόσωπόν
412 2669 458 2687 σου
478 2661 525 2689 ἀπ’
551 2662 630 2697 ἐμοῦ,
652 2663 699 2688 καὶ
729 2661 766 2698 μὴ
782 2663 827 2689 ὲκ-

40 2704 131 2741 ιιλίνῃς
144 2705 174 2731 ἐν
190 2704 259 2739 ὀργῇ
286 2704 340 2731 ἀπὸ
365 2705 410 2731 τοῦ
426 2705 518 2732 δούλου
544 2715 601 2732 σουσ
620 2716 630 2733 t
662 2706 728 2733 ποτὲ
751 2706 778 2733 δὲ
795 2706 828 2742 δὴ

39 2747 81 2776 οὗ·
95 2759 106 2777 ς
125 2749 291 2784 Ἑπίὸλεψον
306 2751 348 2777 ἐπ’
379 2751 439 2784 ἐμὲ,
452 2752 499 2778 καὶ
511 2751 621 2788 ἐλέησόν
642 2761 686 2788 με.
709 2762 718 2779 ι
734 2753 848 2788 Ἐψεται

881 2297 947 2324 false
963 2295 1016 2324 dici
1036 2300 1142 2330 potest,
1157 2303 1219 2322 eum
1235 2295 1424 2323 aversionibus
1444 2294 1500 2322 suis
1523 2294 1670 2328 superbum

881 2348 907 2371 et
924 2347 1091 2378 peccatorem
1117 2341 1229 2377 punire,
1253 2341 1453 2369 visitationibus
1475 2345 1566 2367 autem
1595 2340 1669 2374 pium

881 2394 908 2417 et
928 2389 1038 2416 virtutis
1067 2388 1217 2416 studiosum
1248 2387 1414 2415 exhilarare.
1443 2386 1532 2419 Quare
1560 2385 1669 2412 divinus

881 2435 945 2463 item
961 2434 1058 2466 David,
1073 2439 1099 2462 el
1112 2442 1144 2462 cx
1160 2433 1303 2461 aversione
1314 2432 1454 2465 damnum,
1465 2437 1493 2460 et
1504 2440 1535 2459 cx
1556 2439 1670 2459 conver-

880 2481 958 2508 sione
989 2481 1159 2508 commodum
1187 2479 1269 2514 776
1296 2478 1492 2512 manifestans,
1524 2477 1669 2512 aliquando

880 2527 988 2554 dicebat
1003 2533 1010 2553 :
1030 2535 1040 2553 ι
1059 2526 1097 2553 Ne
1110 2531 1217 2554 avertas
1232 2525 1329 2553 facient
1345 2529 1418 2551 tuam
1433 2532 1448 2551 a
1462 2532 1514 2558 me,
1535 2528 1561 2551 et
1574 2530 1607 2550 ne
1621 2523 1668 2550 de-

880 2573 965 2600 clines
981 2572 1008 2599 in
1026 2572 1066 2599 ira
1080 2580 1096 2599 a
1107 2579 1184 2599 servo
1208 2576 1254 2599 tuo
1267 2572 1291 2587 ⁵⁸
1305 2580 1312 2605 ;
1335 2580 1344 2597 ι
1369 2570 1524 2607 aliquando
1542 2575 1668 2597 rursum:

884 2627 892 2643 ι
912 2617 1028 2652 Respice
1045 2617 1072 2644 in
1087 2624 1141 2649 me,
1164 2620 1191 2644 et
1204 2617 1335 2643 miserere
1350 2615 1402 2643 mei
1413 2615 1446 2642 ³⁸.
1466 2623 1475 2640 ι
1493 2613 1670 2642 Aversionem

882 2669 999 2696 namque
1013 2662 1064 2694 ira,
1079 2665 1107 2688 et.
1120 2669 1179 2695 qua:
1195 2661 1229 2687 ab
1245 2661 1314 2688 irato
1332 2661 1488 2696 intliguntur
1503 2666 1591 2694 pmuae
1605 2679 1612 2692 ,
1626 2665 1667 2685 re-

880 2712 1003 2741 spectum
1015 2712 1105 2734 autem
1117 2707 1224 2740 adeptio
1236 2706 1430 2733 misericordia:
1447 2707 1605 2733 comitatur.

878 2753 932 2790 γὰρ
960 2755 1020 2786 ταῖς
1041 2754 1226 2788 ἀποστροφαῖς
1252 2753 1265 2778 ὁ
1295 2752 1390 2787 θυμὸς,
1416 2754 1464 2779 καὶ
1475 2753 1510 2780 τὰ
1532 2751 1562 2784 ἐξ
1588 2750 1671 2779 αὑτοῦ

41 2796 235 2832 συμϐαίνοντα·
251 2794 291 2831 τῷ
304 2804 335 2830 γε
350 2796 403 2831 μὴν
417 2797 561 2833 ἐπιϐλέψαι
578 2797 607 2824 τὸ
620 2799 718 2834 χρῆναι
733 2799 825 2826 λαϐεῖν
844 2799 889 2826 τὸν
904 2799 988 2827 ἔλεον.

74 2887 95 2903 ⁸¹
110 2888 184 2917 Psal.
201 2895 279 2922 nvr,
296 2888 323 2914 ἓ.
363 2888 384 2904 ⁸⁵
399 2887 469 2915 Psal.
490 2895 545 2921 XIX,
558 2887 584 2921 8,
601 2887 627 2914 9.
666 2887 688 2904 ”
702 2886 774 2915 Psal.
793 2895 888 2922 xxxnt,
909 2888 948 2916 l6.
988 2887 1011 2904 ”
1025 2887 1096 2916 Psal.
1113 2894 1188 2921 xxvr,
1203 2887 1230 2915 9.
1268 2887 1290 2903 "
1308 2885 1378 2913 Psal.
1395 2893 1470 2920 xxxv,
1487 2886 1528 2914 i6.
