1916 3053
203 159 257 186 216

695 156 724 184 S.
744 156 878 184 CYRILLI
897 157 1130 187 ALEXANDRINI
1152 158 1315 187 ABCHIEP.

1767 157 1822 185 2l6

205 216 302 243 anima:
316 220 343 242 et
357 215 480 250 spiritus,
496 214 673 242 medullarum
689 223 806 250 quoque,
830 221 858 244 et
871 224 981 252 compa-

1037 218 1111 254 Ἔχει
1134 218 1199 254 γὰρ,
1216 218 1263 245 καὶ
1286 217 1359 253 μάλα
1373 217 1543 252 ἐπιτηδείως,
1554 217 1568 243 ὁ
1589 215 1635 243 τοῦ
1652 215 1720 243 Θεοῦ
1742 215 1821 248 λόγος

204 269 278 295 gum,
290 267 317 289 et
333 261 466 300 discretor
482 261 672 296 cogitationum
687 266 713 289 et
729 262 907 290 intentionum
923 271 982 291 cor-

205 307 247 334 dis
261 307 294 333 "’.
315 317 324 333 ι
345 306 448 334 Dictum
458 311 499 334 est
515 307 578 333 item
591 314 657 334 voce
671 307 862 342 prophetarum
891 308 981 336 immi-

206 351 276 377 tihus
292 355 319 378 et
345 351 549 378 contumacibus
562 350 663 378 Iudaeis
679 360 686 378 :
716 361 725 377 ι
749 351 982 380 Circumcidimini

203 396 258 422 Dco
274 400 373 428 vestro,
389 396 439 423 viri
453 396 565 424 .luda".
582 405 593 422 ι

1032 263 1072 294 είς
1092 272 1124 299 γε
1153 264 1184 290 τὸ
1211 263 1340 290 δύνασθαι
1352 263 1399 290 καὶ
1410 261 1600 297 ἀπεψυγμένον
1615 263 1644 288 ὲν
1660 260 1821 296 ἁμαρτίαις,

1033 307 1264 345 ἀναζωπυρῆσαι·
1289 309 1335 335 καὶ
1359 308 1439 335 οἱονεί
1460 315 1519 339 πως
1545 307 1749 342 ἀπεσκληκὸτα,
1776 306 1822 332 καὶ

1036 354 1219 390 πεπιλημένον
1233 354 1374 387 διαπτύξαι
1392 354 1501 389 ῥαδίως.
1520 353 1575 379 Καὶ
1586 353 1640 388 γάρ
1661 353 1719 379 ὲστι
1736 361 1746 377 ι
1767 351 1821 383 ζῶν

1036 406 1065 424 τε
1077 399 1123 425 καὶ
1135 399 1258 434 ὲνεργὴς,
1273 399 1320 426 καὶ
1332 398 1488 433 τομὼτατος
1497 397 1568 432 ὑπὲρ
1578 398 1668 424 πᾶσαν
1683 396 1820 431 μάχαιραν

202 441 337 476 δίστομον,
351 441 535 476 διικνούμενός
548 449 577 467 τε
593 441 673 476 μέχρι
691 441 824 477 μερισμοῦ
855 441 942 476 ψυχῆς
970 441 1017 468 καὶ
1037 441 1170 477 σώματος,
1189 443 1287 478 ἁρμῶν
1300 452 1330 470 τε
1343 442 1392 469 καὶ
1406 442 1522 477 μυελῶν,
1539 441 1586 468 καὶ
1601 440 1723 475 κριτικὸς
1742 440 1822 466 ἐνθυ-

204 489 330 524 μήσεων,
359 489 406 515 καὶ
438 489 546 516 ἐννοιῶν
577 488 699 523 καρδίας.
723 498 732 514 ι
761 488 873 524 Εἴρηται
897 488 925 514 δέ
949 496 1000 514 που
1026 489 1073 515 καὶ
1102 489 1145 516 διὰ
1172 490 1264 525 φωνῆς
1291 489 1437 526 προφητῶν
1474 489 1542 524 πρὸς
1571 488 1616 515 τὸν
1643 488 1736 523 ἀπηνῆ
1772 487 1822 514 καὶ

202 535 331 568 ἄτεγκτον
352 534 492 561 Ἰουδαῖον
522 543 531 559 ι
561 534 720 569 Τετμήϐητε
746 533 784 568 τῷ
807 533 866 569 Θεῷ
894 533 979 569 ὑμῶν,
1000 532 1095 569 ἄνδρες
1120 535 1214 563 Ἰούδα.
1235 544 1244 561 ι

239 577 311 606 Vens
330 579 356 606 7.
375 579 410 605 Et
425 579 550 606 habitabit
571 578 718 606 Jerusalem
738 579 823 605 adhuc
844 580 871 606 in
893 583 984 606 semet-

203 626 295 658 ipsum,
319 630 342 652 et
358 625 466 652 salvabit
479 625 607 657 Dominus
628 624 798 651 tabernacula
821 624 893 652 Juda
912 625 982 652 sicut

203 679 219 697 a
233 670 371 705 principio,
384 675 474 698 utnon
494 670 678 705 magniﬁcatur
698 670 822 705 gloriatio
846 670 942 702 David,
959 673 983 696 et

203 716 328 743 elationes
338 716 512 743 habitantium
529 716 676 743 Jerusalem
686 724 764 750 super
775 715 884 743 ludam.

234 803 299 830 XCI.
313 803 370 831 Non
381 810 487 838 semper
497 803 643 830 Ecclesiam
655 803 811 830 tumultibus
820 802 982 836 exagitatum

204 850 300 882 iri;nec
307 850 365 876 sine
380 849 431 876 line
438 849 636 884 persecutiones
648 856 787 883 passuram
795 848 958 876 vaticinatur
976 858 982 875 :

204 896 250 923 sed
265 896 416 930 quieturam
433 895 586 930 aliquando,
603 899 630 922 et
643 895 824 923 habitatorum
841 895 867 922 in
881 899 984 922 semet-

202 942 271 976 ipsa,
292 948 339 969 seu
355 943 381 968 in
396 941 453 969 loco
470 949 529 973 suo,
545 941 597 969 hoc
610 945 660 973 est,
681 941 843 973 sejunctam,
859 941 942 976 779
956 945 983 968 et

202 986 299 1019 solam,
312 987 436 1018 turbante
465 987 581 1020 nemine,
606 994 658 1014 non
685 987 884 1014 tribulationem
910 986 984 1014 exci-

164 1030 169 1049 ῖ
203 1037 287 1065 tante,
311 1040 365 1060 non
384 1037 525 1060 terrorem,
539 1033 710 1065 immittente,
730 1040 782 1060 non
804 1032 983 1060 tentationum

202 1086 336 1107 maerores
357 1078 588 1106 accumulanteu
609 1078 728 1107 Salvabit
755 1078 826 1106 enim
853 1078 983 1106 Dominus

205 1125 378 1153 tabernacula
401 1125 483 1158 Juda,
513 1126 583 1153 sicut
610 1132 624 1152 a
651 1124 795 1160 principio.
823 1123 984 1152 tEcclesias

151 1202 153 1204 _
203 1180 278 1205 suas,
293 1173 349 1200 sive
367 1172 535 1200 tabernacula
562 1179 611 1199 sua
632 1172 667 1199 ita
695 1175 827 1207 proteget,
855 1174 885 1198 ut
907 1177 984 1205 neque

204 1225 327 1253 magnam
340 1218 454 1253 gratiam
471 1218 498 1245 in
514 1225 560 1246 eas
575 1217 704 1250 conferas,
717 1224 798 1252 quam
816 1217 842 1244 in
855 1216 982 1244 lsraelem

203 1263 327 1296 contulit,
341 1271 420 1298 quem
435 1271 468 1290 ex
483 1262 599 1299 Egypto
621 1262 757 1290 liberavit.
782 1262 882 1289 Eduxit
910 1261 982 1290 enim

203 1308 278 1335 illum
296 1318 305 1335 ι
319 1309 421 1336 edomo
434 1308 582 1341 servitutis,
593 1313 620 1336 et
630 1315 645 1336 e
658 1308 769 1336 fornace
780 1307 897 1340 ferrea,»
913 1307 985 1335 sicut

202 1356 331 1389 scriptum
346 1359 389 1382 est
406 1354 457 1387 ⁷¹“,
477 1359 503 1382 et
519 1361 535 1381 e
565 1354 704 1382 dominatu
729 1353 892 1381 intolerabili
922 1353 983 1380 uni-

202 1407 341 1428 versorum
357 1401 438 1432 Deus,
459 1409 468 1426 ι
480 1400 506 1428 in
519 1407 599 1428 manu
608 1400 670 1427 forti
683 1405 710 1427 et
728 1399 755 1427 in
772 1399 883 1427 brachio
894 1398 985 1427 excel-

203 1455 235 1476 so
251 1447 284 1481 ",
302 1456 312 1473 ι
331 1447 439 1482 quando
465 1451 653 1481 persecutores
681 1446 741 1481 ejus
767 1455 777 1471 ι
806 1445 935 1474 demersit
958 1445 984 1472 in

203 1492 271 1520 mari
285 1492 385 1526 Rubro,
394 1497 474 1528 ponto
481 1492 683 1527 cooperuiteos,
692 1496 720 1520 et
728 1492 926 1520 descenderunt
933 1491 986 1519 sio-

1069 581 1123 608 Kal
1140 581 1310 616 κατοικήσει
1338 579 1531 615 Ἰερουσαλὴμ
1549 580 1593 606 ἔτι
1612 579 1676 606 καθ’
1695 578 1819 612 ἑαυτὴν,

1035 627 1084 653 καί
1100 626 1193 654 σώσει
1208 627 1316 662 Κύριος
1338 626 1374 653 τὰ
1396 626 1576 660 σκηνώματα
1599 625 1705 657 Ἰούδα,
1722 624 1820 657 καθὼς

1035 671 1085 699 ἀπ’
1099 671 1203 707 ἀρχῆς,
1219 672 1298 705 ὅπως
1308 671 1350 706 μὴ
1360 671 1564 706 μεγαλύνηται
1579 671 1719 705 καύχημα
1734 669 1822 696 οἴκου

1035 718 1133 751 Δασὶδ,
1150 719 1199 746 καί
1213 719 1353 753 ἐπάρσεις
1367 718 1426 746 τῶν
1435 717 1653 745 κατοικούντων
1673 717 1822 751 Ἰερουσα-

1036 765 1097 800 λὴμ
1113 765 1161 792 ἐπὶ
1174 765 1228 792 τὸν
1247 765 1353 792 Ἰούδα.

1055 812 1113 844 ιιΛκ
1133 811 1189 838 Οὐκ
1205 810 1247 838 ἀεὶ
1256 811 1306 846 τὴν
1330 809 1492 844 Ἐκκλησίαν
1511 809 1539 835 ὲν
1554 808 1678 844 θορύϐοις
1691 807 1822 843 γενέσθαι

1037 856 1130 891 φησιν,
1144 855 1205 882 οὕτε
1219 855 1273 891 μὴν
1292 855 1485 890 άτελευτήτους
1509 854 1652 889 ὑπομεῖναι
1674 853 1737 884 τοὺς
1759 852 1823 878 διω-

1037 894 1139 937 γμούςο
1156 901 1214 928 ἀλλ’
1228 901 1377 936 ἠρεμήσειν
1392 908 1422 926 τε
1443 899 1516 926 κατὰ
1528 899 1650 934 καιροὺς,
1667 898 1714 925 καὶ
1726 906 1822 924 κατοι-

1034 947 1128 982 κήσειν
1151 945 1212 973 καθ’
1235 944 1343 981 ἑαυτὴν,
1367 944 1490 971 τουτέστι
1517 943 1683 979 καταμόνας,
1708 943 1758 969 οὐκ
1778 943 1822 969 ὲν-

1034 990 1171 1027 οχλοῦντός
1184 999 1272 1022 τινος,
1285 990 1314 1017 οὐ
1328 989 1416 1024 θλίψιν
1442 989 1598 1023 ἐπάγοντος,
1627 988 1677 1014 οὐκ
1704 986 1823 1018 ὲνιὲντος

1033 1038 1122 1073 δεῖμα,
1130 1037 1160 1063 οὗ
1177 1037 1226 1068 τὰς
1240 1036 1294 1063 τῶν
1303 1035 1463 1071 πειρασμῶν
1475 1034 1625 1070 δυσθυμίας
1639 1031 1823 1068 ὲπισωρεύον-

1034 1091 1094 1116 τος⁸
1114 1093 1122 1109 ι
1140 1083 1225 1110 Σώσει
1239 1082 1293 1118 γὰρ
1308 1081 1410 1116 Κύριος
1422 1081 1456 1107 τὰ
1472 1080 1639 1115 σκηνώματα
1657 1079 1753 1111 Ἰούδα,
1771 1086 1822 1105 κα-

1034 1129 1088 1162 θὼς
1112 1128 1158 1156 ἀπ’
1180 1128 1278 1164 ἀρχῆς.
1302 1136 1311 1153 ι
1340 1126 1566 1161 Ὑπερασπιεῖται
1588 1124 1660 1151 οὓτω
1674 1123 1730 1150 τῶν
1748 1123 1822 1150 ίδίων

1041 1175 1215 1211 Ἐκκλησιῶν,
1230 1174 1289 1209 ἦτοι
1305 1172 1358 1199 τῶν
1381 1171 1477 1199 ἑαυτοῦ
1491 1170 1689 1207 σκηνωμάτων,
1708 1169 1746 1201 ὡς
1761 1169 1824 1204 ἴσην

1034 1221 1124 1252 αὐτοῖς
1146 1219 1293 1253 ἀπονέμειν
1316 1217 1443 1253 φροντίδα
1473 1218 1507 1252 τῇ
1535 1217 1619 1244 πάλαι
1645 1214 1826 1250 δεδωρημένῃν

1033 1265 1206 1302 λυτρουμένῳ
1223 1265 1253 1297 ἐξ
1268 1264 1405 1299 Αἰγύπτου
1420 1263 1459 1298 τῷ
1480 1263 1598 1298 Ἰσραήλ.
1621 1262 1755 1297 Ἐξήγαγε
1766 1261 1824 1295 γὰρ

1033 1311 1079 1339 τὸν
1098 1310 1205 1346 Ἰσραὴλ
1221 1319 1230 1336 ‹
1248 1310 1276 1343 ἐξ
1292 1309 1366 1336 οῐκου
1381 1308 1512 1340 δουλείας,
1529 1308 1577 1334 καὶ
1592 1308 1624 1334 ὲκ
1637 1306 1754 1341 καμίνου
1778 1314 1821 1332 σι-

1035 1358 1129 1394 δηρᾶς,
1146 1356 1218 1383 καθὰ
1231 1356 1393 1391 γέγραπται,
1414 1364 1423 1380 ι
1444 1354 1492 1381 καὶ
1515 1353 1545 1387 ἐξ
1566 1354 1702 1388 ἀφορήτου
1726 1351 1822 1378 πλεον-

1035 1404 1108 1437 εξίας
1122 1404 1136 1430 ό
1153 1404 1207 1431 τῶν
1228 1403 1296 1430 ὅλων
1311 1402 1386 1434 Θεὸς,
1409 1411 1418 1427 ι
1437 1402 1466 1428 ὲν
1485 1401 1556 1436 χειρὶ
1572 1400 1699 1436 κραταιᾷ,
1725 1398 1773 1425 καὶ
1792 1399 1823 1424 ὲν

1037 1451 1158 1486 βραχίονι
1175 1448 1279 1484 ὑψηλῷ,
1300 1457 1309 1474 ι
1327 1448 1371 1475 ὅτε
1386 1447 1450 1479 τοὺς
1462 1445 1607 1477 διώκοντας
1627 1454 1636 1471 ι
1661 1445 1822 1472 κατεπόντι-

1037 1506 1082 1524 σεν
1099 1497 1128 1523 ὲν
1148 1494 1270 1531 Ἐρυθρᾷ
1289 1494 1420 1530 θαλάσσῃ,
1444 1492 1547 1520 πόντων
1561 1491 1694 1526 ἐκάλυψεν
1711 1490 1824 1522 αὐτοὺς,

205 1543 234 1566 ιιι
247 1538 383 1574 plumbum
406 1539 431 1566 in
455 1547 524 1574 aqua
540 1538 704 1571 vehementi,
724 1543 752 1566 et
773 1538 937 1566 transierunt
952 1538 984 1565 li-

1037 1543 1083 1570 καὶ
1099 1542 1195 1568 ἔδυσαν
1209 1540 1274 1567 ὡσεὶ
1289 1539 1412 1575 μόλιϐδος
1432 1539 1461 1565 ὲν
1476 1539 1551 1565 ὕδατι
1567 1537 1673 1573 σφοδρῷ
1683 1558 1690 1571 ,
1713 1537 1762 1564 καὶ
1781 1536 1822 1562 δι-

202 1586 289 1614 herati
307 1586 340 1613 ⁷³.
361 1595 370 1612 ι
388 1585 517 1614 Columna
534 1592 623 1613 autem
639 1585 707 1620 ignis
721 1591 768 1612 eos
779 1589 864 1613 noctu
884 1591 985 1620 praece-

204 1632 271 1659 dens
284 1632 354 1659 viam
366 1632 501 1667 signabat,
518 1635 544 1659 et
561 1639 608 1666 per
620 1631 690 1658 diem
704 1631 789 1659 nubes
804 1637 884 1664 supra
904 1635 985 1665 caput

204 1679 257 1704 dux
282 1677 500 1713 impendebat".
516 1687 525 1703 ι
543 1676 644 1704 Deinde
654 1683 751 1711 panem
766 1676 800 1703 de
812 1676 881 1704 coelo
908 1683 984 1704 com-

205 1725 318 1752 ederunt
339 1725 374 1756 ",
397 1728 424 1751 et
463 1724 489 1751 in
526 1723 669 1752 solitudine
698 1730 804 1750 morsus
828 1727 984 1757 serpentum

205 1774 349 1797 evaserunt
365 1770 399 1797 ".
417 1769 546 1797 Vicerunt
562 1768 697 1801 inimicos,
715 1768 879 1796 transierunt
890 1767 986 1796 Iorda-

204 1823 265 1843 nem
278 1816 312 1848 ",
327 1815 478 1843 circumcisi
493 1819 566 1847 sunt,
578 1819 707 1842 venerunt
720 1815 746 1842 in
758 1819 856 1842 terram
871 1813 986 1849 promis-

205 1859 289 1887 sionis
304 1859 337 1887 ’⁸.
354 1859 416 1887 Haec
429 1859 539 1886 donabit
550 1858 672 1887 Christus
687 1860 870 1894 quaerentibus
891 1859 984 1886 taber—

205 1905 312 1938 uacula,
328 1906 381 1932 hoc
403 1910 454 1936 est,
474 1904 623 1932 Ecclesiam
642 1905 703 1932 :sic
725 1910 754 1932 et
780 1904 844 1938 ipsis
870 1903 984 1931 salutem

207 1951 341 1983 restituet,
365 1950 494 1978 diabolica
508 1950 637 1978 servitute
654 1951 795 1985 exemptis,
821 1954 848 1977 et
888 1950 986 1978 daemo-

207 1997 281 2024 niaca
309 1996 491 2024 dominatione
512 1996 641 2031 liberatis,
668 2001 695 2024 et
719 2004 768 2030 per
795 1996 986 2023 distractiones

207 2041 286 2077 hujus
302 2041 362 2070 vitae
377 2045 405 2071 et
418 2041 508 2070 turbas
533 2041 625 2070 inanes
656 2041 729 2069 velut
754 2048 801 2076 per
828 2048 903 2069 mare
931 2045 986 2068 tra-

207 2090 316 2122 ductis;
351 2089 502 2117 columnam
520 2096 626 2124 qupque
651 2092 678 2114 et
701 2087 901 2115 ﬁrmamentum
928 2088 988 2115 illu-

207 2142 264 2164 stre
283 2136 400 2171 seipsum
426 2135 478 2162 illis
495 2135 520 2163 in
535 2136 589 2163 alto
619 2138 760 2169 proponet,
787 2133 986 2161 illuminantem

155 2191 167 2193 >
206 2185 344 2209 versantes
361 2181 387 2207 in
401 2181 528 2214 tenebris,
541 2185 569 2208 et
585 2180 671 2207 instar
690 2179 770 2206 nubis
789 2179 898 2206 roribus
918 2186 986 2214 quos

208 2227 297 2254 animo
312 2227 456 2260 cernimus,
472 2226 629 2261 irrigantem
643 2232 650 2257 ;
664 2223 751 2252 lactus
764 2224 828 2251 item
841 2224 892 2252 illis
909 2225 986 2259 panis

206 2274 268 2300 vitae
293 2273 512 2307 serpentiumque
539 2271 588 2299 sub
608 2270 808 2305 intelligentiam
832 2271 985 2298 cadentium

208 2326 313 2346 morsus
335 2318 481 2346 imbecilles
496 2321 523 2344 et
536 2316 628 2343 irritos
641 2314 753 2348 faciens,
773 2315 917 2342 traducens
940 2323 988 2350 per

207 2365 358 2396 Jordanem,
373 2368 400 2392 et
412 2361 617 2392 circumcisione
631 2360 742 2395 spiritus
757 2368 838 2395 puros
859 2361 985 2393 reddens,

207 2414 234 2437 et
257 2410 283 2437 in
307 2417 416 2445 regnum
429 2409 558 2436 caelorum
574 2406 757 2434 introducens.
775 2406 837 2434 Haec
861 2407 917 2434 suis
938 2407 988 2434 ad-

207 2455 358 2483 oratoribus
371 2455 508 2489 largietur,
535 2452 703 2486 salvabitque
722 2459 769 2480 eos
780 2452 880 2480 talibus
891 2453 987 2485 modis,

210 2511 218 2526 ι
237 2506 266 2528 ιιι
277 2509 330 2528 non
347 2499 533 2535 magnilicetur
551 2498 676 2532 gloriatio
685 2498 783 2526 domus
794 2498 887 2530 David,
910 2508 924 2524 ι.
938 2499 989 2526 hoc

207 2546 419 2578 est,Judaeorum
443 2543 600 2577 principes:
629 2550 678 2570 nec
692 2543 823 2571 elationes
853 2545 919 2576 sint,
941 2551 986 2572 seu

206 2592 330 2620 elationis
342 2589 450 2618 occasio
467 2593 560 2616 contra
574 2587 680 2622 Judam,
707 2589 892 2617 habitantibus
907 2589 987 2617 Jeru-

207 2638 300 2670 salem,
315 2643 395 2671 quam
413 2642 508 2663 sensus
527 2635 651 2670 percipit,
680 2640 708 2663 et
729 2640 897 2664 terrestrem.
915 2635 987 2663 Elle-

208 2685 302 2711 rebant
315 2681 413 2716 quippe
428 2689 469 2714 se,
482 2685 509 2709 et
525 2682 649 2716 superbia
666 2683 907 2709 tuinebantcontra
930 2689 989 2709 cre~

208 2731 301 2756 dentes
319 2727 344 2753 in
363 2727 510 2761 Christum,
533 2727 675 2762 ipsumque
700 2727 913 2759 Emmanuelem,
940 2734 989 2760 per

241 2828 264 2844 ⁷ο
279 2828 359 2857 Hebr.
378 2838 413 2862 Iv,
429 2830 469 2858 12.
508 2830 529 2845 ⁷·
546 2830 644 2856 icrcm.
659 2836 695 2859 ιν,
712 2828 737 2854 4.
778 2829 812 2843 ⁷¹”
829 2828 955 2862 Deut.1v,
972 2827 984 2853 ἓ

1054 2828 1077 2843 τ’
1093 2827 1168 2853 ῡιιιιι.
1190 2835 1214 2859 ν,
1234 2827 1276 2862 15.
1314 2828 1336 2843 ’³
1352 2823 1435 2855 ΕιυίΙ.
1452 2835 1494 2860 xv,
1515 2827 1572 2855 ‘24.

1037 1586 1219 1621 εὸιϐάσθησαν
1237 1585 1286 1620 μὲν
1295 1585 1320 1611 oi.
1333 1583 1539 1620 λελυτρωμένοι.
1552 1593 1561 1609 ι
1577 1583 1676 1615 Στύλος
1686 1583 1715 1609 δὲ
1731 1581 1824 1609 αὐτῶν

1035 1633 1129 1669 ἠγεῖτο
1156 1632 1242 1668 πυρὸς
1264 1630 1314 1666 τὴν
1337 1630 1433 1662 νύκτα,
1455 1629 1656 1657 καταδεικνύων
1681 1628 1730 1664 τὴν
1750 1628 1822 1661 ὁδὸν,

1036 1677 1208 1714 ἱπεκρέματο
1217 1676 1247 1703 δὲ
1259 1676 1305 1703 καὶ
1322 1677 1350 1702 ὲν
1364 1675 1454 1711 ἡμέρᾳ
1469 1675 1578 1710 νεφέλη.
1595 1672 1661 1701 Εἶτα
1676 1674 1721 1700 τὸν
1736 1673 1767 1706 ἐξ
1779 1673 1824 1699 ού-

1037 1723 1119 1760 ρανοῦ
1148 1722 1357 1758 κατεδηδόκασιν
1385 1721 1483 1756 ἄρτον,
1511 1721 1559 1748 καὶ
1582 1720 1710 1755 διέφυγον
1734 1721 1763 1746 ἐν
1790 1720 1824 1755 τῇ

1035 1770 1132 1805 ἐρήμῳ
1146 1769 1180 1795 τὰ
1199 1768 1253 1795 τῶν
1274 1768 1362 1803 ὄφεων
1381 1767 1516 1802 δήγματα.
1534 1767 1681 1802 Κρείττους
1694 1764 1764 1802 ἦσαν
1779 1766 1825 1800 ἑχ-

1037 1816 1118 1853 θρῶν,
1139 1815 1345 1850 διεϐιϐάσθησαν
1359 1814 1404 1841 τὸν
1431 1814 1575 1849 Ἰορδάνην,
1599 1812 1824 1849 περιετμήθησαν

1038 1862 1186 1898 μαχαίραις
1202 1861 1350 1897 πετρίναις,
1368 1858 1448 1896 ἦλθον
1461 1861 1500 1892 εἰς
1514 1859 1562 1895 τὴν
1577 1859 1627 1894 γῆν
1642 1859 1690 1893 τῆς
1708 1859 1825 1892 ἐπαγγε-

1036 1908 1102 1940 λίας.
1119 1907 1213 1935 Ταῦτα
1227 1908 1362 1943 χαριεῖται
1376 1905 1492 1942 Χριστὸς
1506 1906 1562 1937 τοῖς
1577 1904 1689 1940 ζητοῦσι
1704 1904 1740 1931 τὰ
1755 1912 1824 1939 σκη-

1037 1954 1150 1989 νώματα
1165 1951 1258 1985 αὑτοῦ,
1275 1951 1398 1978 τουτέστι
1414 1951 1464 1986 τὴν
1484 1949 1647 1985 Ἐκκλησίαν
1658 1959 1665 1966 ι
1682 1949 1754 1976 οὓτω
1777 1949 1824 1976 καὶ

1036 2000 1135 2031 αὐτοὺς
1144 1998 1289 2030 άνασώσει,
1298 1997 1420 2028 δουλείας
1439 1997 1487 2032 μὲν
1495 1995 1704 2031 άπαλλάξαςτῆς
1716 1996 1770 2022 ὑπὸ
1783 1995 1823 2031 τῷ

1037 2047 1152 2082 διαϐόλῳ
1166 2044 1305 2080 φημὶ,καὶ
1321 2042 1511 2079 δαιμονιώδους
1535 2042 1690 2075 πλεονεξίας
1712 2041 1822 2076 ἐξελὼν,

1037 2092 1195 2122 διαϐιϐάσας
1202 2091 1230 2117 δὲ
1241 2090 1334 2125 ὥσπερ
1345 2089 1390 2116 διὰ
1397 2089 1533 2124 Θαλάσσης
1543 2088 1597 2115 τῶν
1607 2089 1636 2114 ὲν
1644 2088 1712 2123 τῷδε
1725 2087 1765 2123 τῷ
1775 2087 1824 2122 βίῳ

1037 2135 1247 2172 περισπασμῶν,
1268 2135 1315 2161 καὶ
1334 2133 1437 2170 τύρϐης
1457 2133 1574 2165 εἰκαίας,
1592 2133 1686 2160 στύλον
1713 2133 1751 2165 δὲ,
1778 2132 1825 2159 καὶ

1039 2182 1178 2219 ἑδραίωμα
1192 2180 1317 2216 λαμπρὸν
1331 2179 1424 2207 ἑαυτὸν
1435 2180 1525 2211 αὐτοῖς
1538 2179 1658 2210 ἀναθεὶς,
1671 2178 1824 2214 φωτίζοντα

1039 2228 1101 2259 τοὺς
1116 2227 1145 2253 ὲν
1159 2225 1258 2258 σκότει,
1269 2225 1315 2252 καὶ
1333 2221 1376 2251 οἷα
1387 2224 1500 2259 νεφέλην
1522 2225 1583 2256 ταῖς
1599 2225 1707 2258 νοηταῖς
1723 2223 1824 2258 κατάρ-

1040 2274 1118 2301 δοντα
1126 2273 1238 2308 δρόσοις·
1249 2270 1366 2306 γεγονὼς
1374 2271 1401 2298 δὲ
1415 2271 1504 2302 αὐτοῖς
1514 2271 1558 2297 καὶ
1567 2270 1647 2305 ἄρτος
1656 2269 1728 2304 ζωῆς
1736 2269 1824 2303 ἄπρα-

1041 2321 1093 2347 κτά
1104 2328 1133 2346 τε
1148 2319 1194 2345 καὶ
1208 2317 1308 2353 ἀδρανῆ
1324 2316 1359 2343 τὰ
1380 2316 1434 2343 τῶν
1448 2316 1550 2350 νοητῶν
1572 2315 1659 2350 ὄφεων
1681 2315 1825 2348 ἀποδείξας

1041 2366 1176 2401 δήγματα,
1193 2363 1239 2390 καὶ
1255 2361 1413 2393 διαϐιϐάσας
1425 2361 1471 2387 τὸν
1492 2360 1636 2396 Ἰορδάνην,
1657 2360 1704 2387 καὶ
1728 2361 1762 2395 τῇ
1781 2359 1826 2386 διὰ

1038 2411 1193 2446 πνεύματος
1210 2410 1344 2444 περιτομῇ
1365 2408 1502 2443 καθαροὺς
1516 2406 1684 2440 ἀποφαίνων,
1699 2404 1824 2439 εἰσκομί-

1038 2457 1092 2489 ζων
1108 2456 1136 2482 δὲ
1153 2454 1200 2481 καὶ
1217 2454 1257 2485 εἰς
1274 2453 1414 2488 βασιλείαν
1429 2451 1560 2487 οὐρανῶν.
1577 2451 1669 2477 Ταῦτα
1689 2452 1825 2486 χαριεῖται

1038 2503 1093 2533 τοῖς
1110 2501 1185 2532 ἰδίοις
1200 2500 1410 2535 προσκυνηταῐς,
1424 2497 1551 2525 διασώσει
1568 2506 1597 2524 τε
1623 2497 1721 2528 αὐτοὺς
1754 2496 1826 2524 κατὰ

1037 2547 1156 2574 τοιούσδε
1182 2545 1259 2576 τινας
1285 2544 1411 2580 τρόπους,
1436 2553 1445 2568 ι
1470 2543 1543 2573 ὅπως
1574 2542 1610 2576 μὴ
1639 2540 1827 2576 μεγαλύνηται

1041 2592 1170 2627 καύχημα
1184 2591 1258 2618 οἴκου
1275 2590 1366 2623 Δαϐὶδ,
1385 2599 1394 2615 ι
1412 2588 1559 2619 τουτέστιν,
1577 2588 1601 2613 οἰ
1618 2586 1671 2613 τῶν
1693 2585 1826 2612 Ἰουδαίων

1039 2638 1198 2673 ἡγούμενοι·
1217 2637 1284 2671 μήτε
1310 2635 1363 2670 μὴν
1378 2634 1507 2670 ὲπάρσεις
1521 2631 1575 2660 εἷεν
1588 2633 1670 2668 ἤγουν
1681 2632 1825 2667 ὲπάρσεως

1040 2682 1162 2717 ἀφορμαὶ
1183 2683 1238 2714 τοῖς
1261 2680 1433 2707 κατοικοῦσιν
1458 2679 1635 2714 Ἰερουσαλὴμ
1661 2678 1710 2713 τὴν
1729 2677 1826 2713 αἰσθη-

1040 2728 1099 2763 τὴν,
1123 2727 1170 2754 καὶ
1188 2726 1307 2760 ἐπίγειον
1323 2725 1393 2752 κατὰ
1416 2725 1462 2751 τοῦ
1487 2724 1578 2751 Ἰούδα.
1603 2724 1749 2759 ἐφρόνουν
1776 2723 1826 2760 μὲν

1624 2826 1646 2842 ⁷⁵
1658 2826 1742 2858 Exod.
1761 2833 1830 2861 util

208 2861 252 2890 Ἡ.
290 2863 312 2880 ⁷⁸
331 2865 414 2894 Exod.
439 2874 492 2896 ut.
510 2865 551 2893 15.
591 2864 613 2879 ⁷⁸
635 2864 711 2891 Num.
729 2863 858 2892 “1.09.
898 2863 919 2878 ⁷⁷
933 2861 984 2891 .1051

1039 2871 1066 2896 ιι,
1085 2863 1114 2889 l-l
1135 2862 1175 2890 l7.
1214 2862 1237 2879 ⁷⁸
1251 2861 1332 2890 Josuc
1346 2871 1370 2897 ν,
1391 2863 1450 2890 2-8.
