1916 3053
81 158 133 185 en

494 159 768 191 COMMENTARIUS
787 162 819 191 lN
840 163 1039 194 ZACIIARIAM
1059 168 1281 197 PROPHETAM.

1652 167 1706 195 2i8

81 215 139 250 γὰρ
162 214 280 250 μεγάλα,
301 216 347 243 καὶ
363 218 555 253 κατωφρὺοντο
581 220 640 246 λίαν
654 221 707 247 τῶν
729 230 872 249 πεπιστευ-

927 224 1013 252 Mosen
1028 229 1163 256 veteribus
1176 229 1301 256 munitice
1325 228 1424 255 collata
1453 221 1533 254 tollas
1560 226 1706 260 iactantes,

82 261 172 288 κὸτων
183 262 223 293 είς
231 261 358 297 Χριστὸν,
371 263 417 289 καὶ
428 263 510 290 αὑτοῦ
524 265 552 290 δὲ
562 265 607 292 τοῦ
621 267 804 304 Ἐμμανουὴλ,
815 269 871 295 ἄνω

81 315 112 334 τε
133 308 181 335 καὶ
201 308 275 334 κάτω
294 308 328 335 τὰ
345 308 389 336 διὰ
407 310 528 342 Μωσέως
549 312 604 343 τοῖς
618 312 741 348 ἀρχαίοις
754 313 872 350 δεδωρη-

83 353 155 389 μένα
179 354 375 389 προτείνοντες,
401 356 447 382 καὶ
470 357 519 391 τὴν
544 359 599 390 τοῖς
623 359 758 394 πατράσιν
783 360 871 386 αὐτῶν

82 399 284 435 δκνεμηθείσαν
296 401 381 434 φειδὼ
389 402 589 438 προϊσχόμενοι.
601 404 655 430 Καὶ
663 404 728 438 γοῦν
742 405 870 439 ἔφασκον,

82 444 152 471 ποτὲ
169 446 236 480 μέν·
253 454 262 471 ι
289 445 320 472 Τί
335 443 382 472 οὖν
401 448 487 478 ποιεῖς
507 448 539 473 σὺ
555 450 676 483 σημεῖον,
700 450 743 476 ἵνα
760 450 870 485 ῖδωμεν,

82 490 134 517 καὶ
154 490 360 526 umetis-musti;
380 492 407 518 τί
425 492 456 519 σὺ
471 493 573 529 ἐργάζῃ
585 502 593 527 ς
607 495 638 521 Ol
656 495 777 530 Πατέρες
792 496 871 531 ἡμῶν

82 535 188 570 ἔφαγον
206 535 235 562 τὸ
251 536 336 571 μάννα
349 537 378 564 ἐν
394 539 426 573 τῇ
450 538 555 573 ἐρήμῳ,
571 539 662 571 καθώς
675 541 733 567 ἐστι
746 549 871 577 γεγραμ-

84 581 179 617 μένον,
189 582 288 617 ’Δρτον
297 583 329 609 ἐκ
340 581 387 608 τοῦ
402 583 516 618 οὐρανοῦ
530 584 630 610 ἔδωκεν
644 585 736 617 αὐτοῖς
747 588 868 620 φαγεῖν-ι

83 627 152 654 ποτὲ
169 627 198 653 δὲ
213 627 244 662 δή
256 635 263 642 ⁶
280 637 290 653 ι
315 628 409 662 Ἡμεῖς
428 627 538 664 οἴδαμεν
552 629 593 655 ὅτι
611 630 706 656 Μωσεῖ
725 630 871 666 λελάληκεν

83 673 99 700 ὁ
114 673 194 704 Θεὸς,
216 673 311 700 τοῦτον
322 674 350 700 δὲ
361 673 410 700 οὐκ
424 674 533 710 οἴδαμεν
554 675 634 702 πόθεν
654 676 722 704 ἐστί.
739 686 749 702 ι
769 677 872 710 Τερατ‹

83 719 216 753 ουργήσει
233 718 264 752 δὴ
278 715 333 750 οὖν,
361 719 453 754 φησὶν,
474 719 538 754 ἡμῖν
556 721 573 746 ὁ
585 721 638 746 τῶν
657 721 724 747 ὅλων
743 721 820 754 Θεὸς,
847 722 872 748 εἰ

84 763 134 790 καὶ
151 763 188 798 μὴ
202 763 339 797 ἐμφανῶς,
354 763 479 799 καθάπερ
494 764 591 798 ἀμέλει
603 766 651 791 καὶ
664 765 736 798 τότε,
758 765 814 792 ἀλλ’
826 763 872 792 οὖν

72 809 200 843 ,νοητῶς,
222 808 293 834 οὕτω
307 817 336 834 τε
349 809 423 844 ἡμᾶς
435 809 571 836 ἁνασώσει
591 811 652 842 τοὺς
676 811 704 837 ὲν
726 812 782 843 τοῖς
797 811 873 843 ίδίοις

86 853 274 888 σκηνώμασιν,
290 853 333 879 ἵνα
354 853 391 888 μὴ
407 854 477 888 μέγα
498 854 617 888 φρονῶσι
633 854 692 881 καθ’
706 854 784 890 ἡμῶν
811 855 873 882 Ίουι

84 899 164 931 δαῖοι,
190 899 274 934 ἧγουν
296 899 320 925 οί
345 898 410 934 παρ’
427 900 519 931 αὐτοῖς
542 899 698 934 ἡγούμενοι.
715 900 804 928 Ταυτὺ
820 900 873 936 γὰρ
889 903 910 930 Β

85 943 161 980 οἶμαι
177 944 273 980 δηλοῦν
291 954 301 970 ι
316 944 347 971 τὸ
359 945 489 980 καύχημα
502 945 548 971 τοῦ
565 946 640 972 οἴκου
657 946 747 972 Δαδίδ.
772 955 781 972 ι

121 989 176 1015 Kal
192 989 279 1017 ἔσται
292 990 328 1016 ἐν
346 989 383 1024 τῇ
398 990 493 1025 ἡμέρᾳ
506 990 800 1026 ἐκείνῃ,ὐπερασπιεῖ
813 993 869 1019 Κύ-

82 1043 147 1068 ριος
159 1035 237 1069 ὑπὲρ
258 1034 318 1062 τῶν
332 1036 550 1062 κατοικούντων
581 1037 786 1072 Ἰερουσαλήμ.
815 1038 872 1065 Kal

85 1081 170 1108 ἔσται
182 1082 198 1108 ὁ
212 1081 350 1109 ἀσθενῶν
364 1082 399 1108 ἐν
413 1081 515 1115 αὐτοῖς
526 1083 561 1109 ἐν
572 1083 672 1118 ἐκείνῃ
684 1083 721 1118 τῇ
731 1084 824 1118 ἡμέρᾳ
834 1085 872 1118 ὡς

85 1124 168 1159 οἶκος
186 1126 285 1159 Δαϐἳδ,
299 1128 315 1154 ὁ
328 1126 362 1153 δὲ
373 1125 455 1159 οἶκος
467 1127 565 1159 Δαὸίὸ,
584 1128 624 1160 ὡς
638 1125 720 1161 οἶκος
736 1128 820 1161 Θεοῦ,
833 1129 874 1162 ὡς

85 1171 213 1206 ἄγγελος
227 1171 340 1206 Κυρίου
353 1172 481 1198 ἐνώπιον
497 1172 607 1200 αὐτῶν.
711 1182 713 1186 λ

119 1217 178 1250 ιβ’.
202 1227 212 1243 ι
239 1217 333 1252 Ὂίπλῳ
350 1217 398 1253 μὲν
424 1218 497 1253 ἡμᾶς
524 1218 647 1250 εὐδοκίας
659 1219 874 1253 ἐστεφάνωσενὸ

84 1262 150 1293 Θεὸς
166 1263 214 1289 καὶ
237 1263 340 1298 Πατήρ.
362 1272 372 1289 ι
388 1263 492 1290 Δέδωκε
508 1263 563 1298 γὰρ
578 1265 643 1299 ἡμῖν
656 1263 701 1290 τὸν
717 1265 781 1291 ἴδιον
798 1265 871 1297 Υῐὸν,

84 1308 287 1343 ππροασπιστὴν,
305 1309 351 1335 καὶ
364 1308 516 1344 πρόμαχον,
534 1308 567 1335 δι’
592 1305 622 1335 οὗ
637 1310 684 1336 καὶ
699 1310 871 1345 σεσώσμεθα,

85 1351 188 1382 παντὸς
205 1351 255 1385 μὲν
272 1351 390 1383 εὐκόλως
402 1352 582 1384 διεκδύνοντες
606 1354 771 1389 πειρασμοῦ,
792 1354 872 1381 πολέ-

86 1404 137 1430 μου
160 1396 190 1422 δὲ
213 1396 261 1423 τοῦ
285 1397 349 1432 παρ’
363 1397 477 1432 ἐχθρῶν,
502 1398 549 1425 καὶ
575 1399 625 1434 τῆς
643 1400 696 1426 τῶν
722 1400 873 1427 διωκόντων

84 1443 247 1478 σκαιότητος
266 1443 474 1478 κατευμεγεθείν
485 1444 619 1477 εἰωθότες.
643 1445 712 1472 Ἀλλ’
728 1446 758 1473 ἐν
771 1454 802 1480 γε
817 1448 873 1478 τοῖς

85 1489 278 1523 προκειμένοις
290 1489 417 1524 δηλοῦται
429 1490 479 1525 μέν
492 1499 518 1517 τι
529 1491 658 1523 τοιοῦτον,
671 1491 741 1526 πλὴν
755 1491 873 1527 ἀσαφείᾳ

84 1533 170 1568 πολλῇ
192 1534 422 1569 κατεσκιασμένον
446 1535 492 1562 τὸν
507 1535 584 1570 λόγον
602 1535 650 1562 ἴδοι
670 1545 711 1567 τις
731 1536 773 1563 ἄν.
800 1536 871 1571 Ἔφη

85 1579 136 1613 μὲν
157 1579 212 1614 γὰρ
238 1580 416 1615 ὑπερασπιεῇ
432 1581 445 1607 ὁ
468 1580 522 1607 τῶν
539 1581 607 1608 ὅλων
626 1581 690 1613 Θεὸς
712 1582 765 1608 τῶν
786 1590 873 1608 κατοι-

84 1625 208 1652 κούντων
216 1626 402 1662 Ἰερουσαλὴμ,
418 1626 466 1653 καὶ
478 1627 539 1662 οὐχ).
552 1627 584 1662 δὴ
603 1627 702 1662 μᾶλλον
715 1627 769 1654 τῶν
782 1636 876 1661 παροι-

84 1670 207 1698 κούντων
220 1671 314 1707 αὑτήν.
332 1671 386 1698 Καὶ
402 1673 500 1698 νοεῖται
515 1672 565 1707 μὲν
582 1672 804 1708 ὁμολογουμένως
827 1673 875 1699 Ἰε-

86 1717 230 1752 ρουσαλὴμ
243 1717 273 1743 ὲν
283 1717 386 1749 τούτοις
400 1718 416 1752 ἠ
438 1717 585 1753 Ἐκκλησία
599 1719 726 1753 Χριστοῦ.
745 1719 875 1753 Παροικεῑ

64 1768 70 1773 ’
83 1762 114 1790 δὲ
128 1762 214 1798 αὐτὴν
226 1763 240 1789 ὁ
256 1763 292 1798 μὴ
307 1762 365 1789 λίαν
380 1763 512 1798 ἀσφαλὴς,
529 1763 723 1799 σεσαλευμένος
739 1763 766 1790 δὲ
779 1764 875 1799 ὥσπερ

85 1808 134 1833 καὶ
150 1807 329 1842 εὐπάροιστος
344 1807 452 1843 κομιδῇ,
469 1807 537 1843 πρὸς
550 1808 581 1834 τὸ
603 1808 640 1843 μὴ
665 1808 726 1844 ἕχον
737 1809 835 1844 ὀρθῶς,
855 1810 872 1844 ἢ

86 1855 134 1880 καὶ
150 1853 239 1885 ἄλλως
253 1853 372 1889 ῥᾴθυμος
391 1855 432 1886 είς
453 1854 640 1889 φιλομάθειαν.
655 1855 787 1882 Κατοικεῖ
798 1855 827 1882 δὲ
841 1853 879 1882 αὗ-

86 1900 100 1924 ὸ
115 1897 249 1932 βεϐηκὼς,
276 1899 322 1924 καὶ
346 1899 540 1934 ἐρηρεισμένος
563 1900 603 1931 είς
623 1900 734 1935 ἀγάπην
754 1900 803 1935 τὴν
830 1901 878 1927 ἐπὶ

87 1943 208 1979 Χριστῷ,
221 1945 267 1970 καὶ
278 1945 337 1976 ταῖς
350 1945 381 1970 ἐκ
392 1944 444 1970 τῶν
458 1944 537 1971 θείων
550 1945 719 1980 μαθημάτων
731 1945 876 1979 ὠφελείαις

86 1989 131 2018 ἀεὶ
147 1989 354 2025 προσκείμενος,
371 1990 440 2016 ὥστε
455 1989 583 2017 δύνασθαι
608 1990 697 2025 λέγειν
715 1991 760 2018 διὸ,
784 1991 876 2026 φωνῆς

86 2035 134 2061 τοῦ
156 2035 253 2062 Δαϐἰδ·
275 2045 285 2061 ι
308 2036 352 2067 Ὠς
376 2036 477 2070 γλυκέα
487 2036 526 2072 τῷ
540 2036 657 2072 λάρυγγί
680 2045 731 2072 μου
749 2036 784 2063 τὰ
800 2036 880 2071 λόγιά

89 2085 154 2110 ocul
183 2084 253 2118 ὑπὲρ
278 2084 349 2118 μέλι,
371 2084 418 2111 καὶ
441 2084 536 2119 κηρίον
553 2084 592 2119 τῷ
614 2084 728 2120 στόματί
755 2093 816 2120 μου.
840 2099 878 2105 ——

93 2131 275 2165 ’Υπερασπιεῐ
298 2130 398 2163 τοίνυν,
423 2130 501 2165 φησὶ,
521 2130 574 2157 τῶν
597 2130 805 2162 κατοικούντων,
829 2131 877 2157 καὶ

87 2177 165 2203 ἔσται
173 2177 187 2202 ὁ
194 2175 313 2202 ἀσθενῶν
326 2177 355 2202 ὲν
361 2176 452 2207 αὐτοῖς
458 2176 487 2202 ἐν
494 2177 527 2211 τῇ
537 2176 628 2211 ἡμέρᾳ
642 2176 743 2212 ἐκείνῃ,
753 2176 790 2207 ὡς
803 2174 876 2207 οἶκος

924 275 951 297 et
967 272 1092 299 tributam
1108 276 1231 308 patribus
1256 274 1376 308 ipsorum
1402 272 1594 307 indulgentiam
1612 273 1708 299 obten-

925 318 1028 345 denles.
1044 319 1132 351 Quare
1145 319 1280 351 dicebam,
1299 327 1370 346 nunc
1385 319 1493 353 quidem
1507 327 1514 345 :
1532 328 1541 344 ι
1563 319 1638 351 Quod
1654 318 1706 352 igi-

924 367 969 389 tur
983 363 1087 398 signum
1110 369 1137 391 tu
1160 364 1236 396 facis,
1262 369 1292 391 ut
1318 364 1465 397 videamus,
1492 368 1518 390 et
1542 363 1708 390 credamus?

925 409 1137 444 quid-operaris?
1162 410 1256 437 Patres
1268 411 1351 437 nostri
1368 410 1542 437 comederunt
1560 416 1658 436 manna
1679 409 1707 436 in

926 455 1042 488 deserto,
1055 455 1124 482 sicut
1142 456 1270 490 scriptum
1288 460 1340 488 est,
1366 455 1464 482 Panem
1481 455 1513 482 de
1527 455 1608 489 780
1638 455 1708 481 coelo

926 501 998 528 dedit
1013 501 1052 527 eis
1075 502 1236 528 manducare
1251 502 1294 534 7';
1318 511 1327 527 ι
1349 509 1419 528 nunc
1432 508 1497 527 vero
1516 509 1523 527 :
1541 509 1550 526 ι
1570 500 1623 527 Nos
1652 501 1707 527 sci-

926 555 984 573 mus
997 547 1059 580 quia
1076 547 1142 574 Mosi
1166 547 1272 574 locutus
1286 551 1328 574 est
1350 547 1430 579 Deus,
1443 547 1518 573 hunc
1543 550 1633 572 autem
1661 552 1708 572 ne-

926 593 1026 620 scimus
1040 592 1111 620 unde
1122 593 1156 620 sit
1166 593 1201 620 ’5.
1209 602 1218 619 ι
1231 592 1318 627 lnqnit
1329 592 1427 627 igitur:
1438 591 1530 618 Faciet
1542 591 1618 618 vobis
1627 591 1708 618 mira-

925 639 989 666 bilia
1005 639 1191 667 universorum
1205 640 1285 672 Dens,
1300 640 1350 667 etsi
1385 647 1440 666 non
1463 638 1616 668 manifeste,
1642 644 1708 671 quo-

926 685 1005 712 modo
1029 685 1152 712 videlicet
1171 685 1245 717 olim,
1272 685 1318 712 sed
1344 690 1432 713 tamen
1466 692 1524 719 quae
1555 682 1709 710 intellectus

925 730 1025 762 videat,
1039 734 1066 757 et
1077 730 1116 757 sic
1136 737 1184 757 vos
1200 729 1316 757 salvabit
1333 729 1378 764 qui
1392 730 1458 757 estis
1495 729 1520 755 in
1543 727 1601 761 ejus
1619 727 1710 753 taber-

927 776 1040 808 naculis,
1060 783 1093 803 ne
1109 775 1257 810 glorientur
1271 781 1365 804 contra
1387 782 1436 802 vos
1460 774 1555 805 Judaei,
1582 773 1639 800 sive
1662 772 1708 805 qui

926 831 1019 851 eorum
1039 822 1219 858 gubernacula
1245 826 1345 849 tenent.
1363 822 1435 849 idem
1464 827 1586 855 namque»
1612 819 1709 854 opinor

927 868 1078 903 significare
1095 878 1104 894 ‹
1120 868 1306 901 gloriationcm
1320 868 1415 895 domus
1428 866 1521 893 David.
1543 875 1552 892 ι

959 999 1040 1026 Vrsas.
1052 999 1078 1026 8.
1101 998 1132 1024 Et
1145 999 1194 1025 erit
1206 999 1231 1025 in
1243 998 1284 1025 die
1297 997 1355 1030 illa,
1369 1000 1482 1031 proteget
1495 995 1622 1022 Dominus
1633 1002 1713 1028 super

924 1044 1063 1071 incolentes
1077 1043 1234 1070 Jerusalem.
1249 1042 1280 1068 Et
1290 1042 1338 1068 erit
1365 1041 1410 1076 qui
1443 1040 1593 1075 inﬁrmatur
1615 1040 1644 1065 in
1673 1039 1712 1065 eis

924 1089 969 1116 illa
982 1090 1024 1116 die
1038 1095 1065 1116 ut
1080 1089 1174 1116 domus
1188 1088 1282 1120 David,
1295 1087 1387 1114 domus
1403 1090 1491 1113 autem
1507 1085 1601 1117 Dauid,
1619 1088 1647 1110 ut
1662 1084 1711 1110 do-

923 1143 980 1162 mus
990 1135 1048 1168 Dei,
1062 1140 1092 1161 ut
1103 1134 1211 1170 angelus
1227 1133 1331 1161 Domini
1347 1133 1375 1159 in
1386 1136 1524 1167 conspectu
1541 1138 1641 1157 eorum.

960 1221 1039 1250 XCII.
1058 1230 1068 1247 ι
1084 1220 1174 1248 Armis
1187 1220 1265 1248 bonae
1280 1219 1428 1247 voluntatis
1437 1225 1493 1246 suae
1509 1221 1649 1246 coronam
1660 1224 1708 1244 eos

925 1269 995 1296 Deus
1010 1272 1036 1296 et
1051 1268 1130 1295 Pater
1144 1266 1180 1294 ’".
1195 1276 1205 1292 ι
1225 1266 1302 1294 Dedit
1314 1266 1387 1294 enim
1403 1265 1482 1293 nobis
1505 1265 1602 1292 Filium
1630 1271 1708 1291 suum

925 1314 1092 1342 defensorem
1114 1317 1140 1340 et
1161 1313 1436 1347 antesignanum,per
1460 1318 1539 1345 quem
1565 1315 1591 1337 et
1613 1305 1709 1336 salvati

924 1367 1026 1392 sumus,
1053 1366 1085 1386 ex
1112 1358 1185 1385 omni
1206 1358 1353 1385 tentatione
1379 1356 1458 1383 facile
1483 1359 1663 1390 emergentes,
1685 1360 1712 1381 et

924 1414 938 1432 a
968 1404 1038 1432 bello
1063 1404 1159 1439 quovis
1187 1402 1300 1435 hostili,
1329 1407 1357 1428 et
1382 1409 1396 1428 a
1428 1401 1644 1436 persequentium
1670 1401 1711 1427 fn-

925 1458 985 1478 rore
1009 1457 1116 1484 semper
1144 1449 1245 1476 invicti.
1272 1447 1305 1476 Et
1331 1447 1422 1474 verbis
1445 1446 1551 1481 quidem
1587 1446 1712 1480 proposi-

925 1496 958 1523 tis
985 1495 1036 1522 tale
1063 1494 1189 1529 quiddam
1216 1492 1358 1524 indicatur,
1375 1499 1434 1526 qua:
1459 1495 1548 1517 tamen
1564 1490 1645 1517 multa
1663 1490 1711 1517 oi»

924 1541 1054 1568 scuritate
1081 1539 1200 1567 involuta
1226 1539 1329 1566 videas.
1355 1538 1400 1566 Ait
1420 1538 1504 1570 enim,
1521 1537 1713 1565 universorum

925 1587 1008 1614 Deum
1035 1590 1220 1621 protecturum
1253 1583 1402 1612 incolentes
1420 1582 1584 1614 Jerusalem,
1607 1587 1634 1609 at
1659 1590 1711 1609 non

925 1633 1014 1668 potius
1031 1632 1184 1659 accolentes
1202 1638 1272 1659 eam.
1300 1630 1332 1657 Et
1357 1629 1506 1658 Jerusalem
1533 1629 1640 1663 quidem
1662 1628 1712 1655 hoc

925 1679 982 1706 loco
1005 1679 1064 1706 sine
1093 1678 1276 1704 controversia
1298 1676 1420 1704 Ecclesia
1451 1675 1556 1703 Christi
1585 1674 1712 1708 intelligi-

926 1730 979 1751 tur.
993 1723 1097 1752 Accolit
1108 1728 1196 1750 autem
1213 1722 1285 1749 illam
1315 1729 1367 1749 non
1394 1721 1472 1748 valde
1498 1724 1572 1747 tutus
1594 1725 1621 1747 et
1633 1727 1712 1746 secu-

926 1777 981 1802 rus,
991 1769 1036 1797 sed
1046 1769 1122 1803 quasi
1138 1768 1253 1802 agitatus
1265 1767 1400 1799 fluctibus,
1411 1771 1438 1793 et
1447 1766 1617 1793 vehementer
1628 1765 1712 1791 mobi-

928 1817 959 1843 lis
972 1816 1004 1843 ad
1016 1815 1126 1847 malum,
1145 1819 1191 1841 aut
1206 1814 1307 1848 alioqui
1325 1813 1398 1840 iners
1423 1813 1456 1839 ad
1480 1811 1648 1839 discendum.
1669 1810 1712 1836 ln-

926 1862 990 1890 colit
1015 1862 1083 1889 fixus
1102 1865 1129 1888 et
1147 1860 1270 1887 firmatus
1294 1860 1321 1886 in
1341 1858 1474 1886 charitate
1486 1865 1548 1892 erga
1563 1857 1712 1887 Christum,

925 1912 951 1935 et
971 1906 1134 1934 utilitatibus
1164 1913 1197 1932 ex
1220 1905 1342 1932 doctrina
1373 1903 1462 1930 divina
1489 1901 1716 1936 promanantibus

926 1960 1033 1987 semper
1055 1951 1178 1984 deditus,
1216 1955 1245 1977 at
1279 1949 1370 1977 dicere
1393 1948 1475 1982 possit
1499 1955 1558 1975 cum
1588 1947 1687 1974 Davide
1703 1954 1716 1973 ξ

929 2008 939 2025 ι
959 1999 1043 2032 Quam
1063 1997 1152 2024 dulcia
1185 1995 1308 2023 faucibus
1327 1994 1395 2021 meis
1409 1993 1513 2027 eloquia
1539 1993 1603 2020 tua}
1631 2000 1712 2027 super

927 2044 980 2072 mel
992 2049 1018 2072 et
1037 2044 1126 2070 favum
1149 2043 1189 2070 ori
1215 2049 1275 2069 meo
1289 2042 1322 2068 ⁵³.
1342 2050 1350 2067 ι
1366 2040 1454 2074 inquit
1470 2046 1535 2073 ergo
1552 2045 1559 2064 :
1579 2047 1588 2063 ι
1619 2038 1713 2064 Prote-

928 2095 972 2125 gct
987 2089 1146 2122 incolentes,
1157 2093 1184 2115 et
1200 2087 1253 2115 erit
1266 2088 1419 2114 infirmatus
1439 2086 1509 2113 inter
1532 2086 1603 2119 ipsos
1629 2084 1655 2110 in
1668 2083 1713 2110 die

928 2136 972 2162 illa
984 2135 1056 2162 sicut
1068 2134 1163 2162 domus
1183 2132 1278 2160 David.
1299 2141 1309 2158 ι
1331 2132 1445 2158 Domum
1471 2130 1553 2157 David
1575 2130 1619 2156 hic
1642 2129 1712 2163 apud

927 2180 1034 2209 J‘udzeos
1047 2179 1272 2207 lionoratissimos
1286 2177 1377 2206 vocari
1397 2177 1554 2204 asserirnus.
1581 2175 1618 2202 De
1642 2175 1712 2202 tribu

89 2222 178 2248 Δαϐίδ.
206 2231 214 2247 ι
232 2222 287 2248 Καὶ
303 2219 376 2249 οἷκον
398 2222 447 2257 μὲν
461 2221 509 2248 τοῦ
527 2221 608 2248 Δαὸὶδ
625 2223 654 2248 ὲν
679 2222 795 2254 τούτοις,
812 2223 875 2253 τοὺς

927 2228 997 2255 enim
1009 2225 1078 2253 Juda
1089 2233 1122 2253 ex
1139 2225 1231 2252 Jesse’
1242 2229 1270 2252 et
1298 2223 1396 2251 Davide
1407 2222 1551 2258 progeniti,
1566 2221 1714 2256 aliquando

89 2267 164 2301 παρὰ
180 2266 313 2298 Ἰουδαίοις
321 2267 519 2302 ὲντιμωτάτους
529 2267 686 2302 ὠνομάσθαι
697 2268 794 2303 φαμέν,
810 2268 880 2294 ’Λπὸ

89 2313 143 2348 γὰρ
161 2313 210 2347 τῆς
234 2313 317 2340 Ἰούδα
330 2313 415 2349 φυλῆς
430 2313 459 2346 ἐξ
484 2313 592 2346 Ἰεσσαὶ,
613 2314 660 2340 καὶ
681 2313 763 2340 Δασὶδ
784 2314 876 2341 ἐϐασί-

89 2360 167 2386 λευον
188 2359 258 2387 κατὰ
281 2359 393 2395 καιροὺς
414 2360 443 2385 ὲν
469 2360 524 2391 τοῖς
552 2359 757 2395 Ἰεροσολύμοις.
784 2360 877 2386 Ἀσθεη

90 2406 188 2433 νοῦντα
210 2406 238 2432 δέ
261 2414 344 2442 φησιν
372 2407 402 2432 ὲκ
427 2405 479 2432 τῶν
502 2405 700 2432 κατοικούντων
723 2406 772 2440 τὴν
795 2406 876 2439 ἁγίαν

91 2452 178 2484 πόλιν,
193 2452 243 2487 τὴν
263 2451 362 2486 νοητὴν
381 2451 568 2487 Ἰερουσαλὴμ,
586 2452 646 2487 ἥτις
672 2451 746 2478 ἐστὶν
770 2452 787 2486 ἠ
816 2451 877 2477 Ἐκ-

91 2497 200 2532 κλησία,
221 2497 291 2532 τάχα
312 2505 362 2523 που
381 2497 427 2524 τὸν
452 2497 492 2523 ἔτι
515 2497 727 2532 κατηχούμενον,
752 2497 780 2528 ὃς
801 2496 877 2523 οὔπω

91 2544 282 2577 βεὸἁπτισται,
298 2544 372 2570 νοσεῖ
390 2543 417 2569 δὲ
433 2543 526 2578 ὥσπερ
554 2543 593 2569 ἔτι
615 2543 653 2578 τῷ
675 2543 725 2578 τῆς
742 2543 877 2578 ἁμαρτίας

91 2590 194 2624 φορτίῳ
208 2590 438 2624 κατηχθεσμένυς,
463 2589 510 2616 καὶ
524 2589 578 2615 τῶν
595 2589 716 2624 ἀρχαίων
737 2590 877 2625 ἀρῤωστη-

92 2636 195 2670 μάτων,
220 2636 303 2670 ἠγουν
329 2634 422 2661 παθῶν
444 2635 493 2662 οὐκ
511 2635 692 2670 ἀπήλλακται.
723 2634 802 2661 Ἀλλὰ
831 2636 878 2661 καὶ

91 2682 178 2713 οὕτως
197 2682 277 2716 ἔχων,
291 2681 331 2708 ὅτι
343 2681 374 2716 δὴ
393 2681 471 2717 μόνον
484 2681 660 2714 πεπίστευκε,
674 2681 720 2707 καὶ
734 2681 783 2715 τῆς
801 2689 878 2715 νομι-

91 2728 142 2762 κῆς
159 2728 266 2766 ἀπέστη
282 2729 371 2759 σκιᾶς,
387 2727 433 2754 καὶ
450 2727 618 2754 διανένευκεν
631 2727 698 2758 ὅλως
717 2727 763 2752 ἐπὶ
776 2727 806 2753 τὸ
820 2727 878 2753 ἑλέ-

92 2774 153 2803 σθαι
177 2772 298 2809 πληροῦν
319 2773 367 2809 τὴν
389 2774 419 2799 ὲν
435 2772 569 2807 πνεύματι
603 2772 749 2805 πολιτείαν,
768 2772 878 2808 καὶτῆς

929 2271 1123 2307 Hierosolymis
1138 2275 1298 2306 regnarunt.
1318 2270 1485 2297 lnfirtnatum
1501 2273 1590 2295 autem
1612 2275 1643 2294 ex
1671 2267 1713 2293 in-

929 2317 1078 2345 colentibus
1091 2319 1212 2343 sanctam
1227 2315 1374 2347 civitatem,
1398 2313 1605 2342 intellectualem
1631 2312 1712 2339 Jeru‘

929 2363 1022 2395 salem,
1037 2369 1097 2397 qua:
1121 2365 1163 2389 est
1186 2360 1317 2392 Ecclesia,
1338 2360 1461 2388 fortassis
1473 2359 1561 2386 adhuc
1579 2358 1711 2385 catechu-

929 2417 1037 2437 mettum
1053 2408 1129 2440 dicit,
1150 2407 1196 2442 qui
1214 2414 1293 2435 sacro
1312 2406 1385 2434 fonte
1398 2405 1514 2433 nondum
1540 2404 1658 2436 ablutus,
1684 2407 1713 2430 et

930 2454 1128 2489 quodammodo
1143 2453 1230 2480 adhuc
1243 2453 1346 2487 peccati
1367 2459 1449 2479 onere
1472 2455 1597 2486 gravatus
1625 2456 1712 2483 aegro-

932 2505 980 2533 tat,
995 2500 1185 2534 veteribusque
1198 2499 1298 2526 morbis
1319 2498 1376 2525 sive
1394 2497 1508 2526 turbidis
1521 2495 1602 2522 ariimi
1617 2495 1713 2522 molio—

931 2547 1010 2574 nibus
1039 2546 1154 2573 necdum
1195 2549 1284 2572 vacat.
1305 2544 1359 2571 Sed
1382 2543 1505 2578 quamvis
1533 2542 1558 2569 in
1580 2543 1629 2569 hoc
1657 2546 1713 2568 sta-

927 2597 954 2619 tu
979 2599 1112 2624 versans,
1140 2591 1267 2625 quoniam
1297 2594 1387 2616 tamen
1419 2588 1532 2615 credidit
1559 2588 1712 2618 duntaxat,

926 2638 1006 2673 781
1024 2642 1049 2665 et
1070 2636 1104 2664 ab
1118 2636 1212 2663 umbra
1226 2636 1293 2671 legis
1308 2634 1430 2666 recessit,
1447 2638 1473 2661 et
1485 2633 1591 2668 penitus
1603 2633 1636 2660 ad
1653 2633 1715 2659 vitae

926 2683 1073 2718 spiritualis
1091 2679 1243 2709 institutum
1257 2681 1446 2714 excolendum,
1462 2684 1489 2707 et
1506 2680 1565 2706 vita:
1586 2680 1612 2706 in
1634 2679 1713 2706 Chri-

926 2734 968 2756 sto
997 2729 1078 2755 decus
1104 2727 1271 2758 declinavit,
1301 2735 1310 2752 ι
1328 2726 1404 2757 Erit,
1429 2725 1534 2759 inquit,
1566 2728 1595 2750 ut
1618 2724 1714 2750 domus

927 2773 1021 2806 David,
1039 2785 1048 2799 ο
1074 2772 1125 2800 hoc
1147 2777 1200 2805 cst,
1223 2771 1288 2799 nulli
1312 2770 1381 2805 apud
1407 2769 1516 2798 Judaeos
1538 2768 1651 2804 sapienti
1687 2771 1715 2794 ct

126 2860 148 2878 ”
160 2861 241 2893 Joan.
255 2869 295 2895 vr,
311 2862 356 2890 30.
392 2862 416 2879 ⁸ο
430 2861 509 2891 Joan.
524 2869 561 2895 Ill,
576 2861 620 2890 29.
660 2862 680 2878 ⁸¹
697 2861 767 2890 l’sal.
784 2861 872 2897 v,15._
887 2861 924 2898 ,θ’
938 2860 1008 2889 Psal.
1023 2867 1117 2894 cxvut,
1133 2859 1194 2886 103.
