1916 3053
129 161 182 190 2‘2!

548 164 822 195 COMMENTARIUS
842 167 877 195 IN
898 168 1098 197 ZXCIIARIAH
1117 168 1338 197 PROPllETAM.

1703 170 1757 197 2‘32

129 220 181 255 τῆς
197 219 373 252 ὑποστάσεως
390 218 483 253 αὑτοῦ,
498 222 589 257 φέρων
615 232 645 249 τε
661 225 695 251 τὰ
710 225 799 252 πάντα
815 227 855 261 τῷ
874 227 922 262 ρή-

977 237 986 253 ‹
1005 228 1055 262 Qui
1072 235 1131 255 eum
1143 229 1179 255 sit
1192 227 1320 262 splendor
1337 227 1440 262 gloria,
1453 231 1480 254 ct
1495 227 1578 262 ﬁgura
1597 226 1756 255 substantiae

132 274 198 300 ματι
209 265 259 300 τῆς
273 264 413 301 δυνάμεως
427 267 519 300 αὐτοῦ,
532 268 672 296 δι’ἑαυτοῦ
685 270 855 306 καθαρισμὸν
864 273 917 299 τῶν

129 312 277 347 ἁμαρτιῶν
296 312 374 348 ἡμῶν
388 313 581 349 ποιησάμενος,
594 315 721 342 ἐκάθισεν
736 318 765 344 ὲν
778 318 852 353 δεξιᾷ
871 319 917 345 τοῦ

129 357 226 391 Θρόνου
245 359 296 393 τῆς
312 359 496 395 μεγαλοσύνης
510 361 538 387 ὲν
549 361 675 396 ὑψηλοῖς.
695 372 703 388 ι
720 363 821 394 Συνιεῖς
837 361 917 392 οὖν...

130 403 257 435 παλαιοῖς
270 412 300 430 τε
319 404 377 438 ἃμα
394 406 440 432 καὶ
452 405 522 438 νέοις
542 407 709 442 παιδεύμασι
727 408 775 440 τὰς
788 409 843 436 τῶν
855 419 919 436 παι-

128 448 345 484 δαγωγουμένων
359 451 462 486 ὀνίνησι
476 451 574 487 ψυχάς.
593 463 603 479 ι
631 455 728 481 Ἔσται
742 456 842 487 τοίνυν,
864 465 918 492 φη-

131 495 223 548 σιν,ηὸ
245 493 318 528 οἶκος
345 497 439 529 Δασὶδ,
466 498 505 530 ὡς
530 498 646 534 ἄγγελος
671 500 774 536 Κυρίου
804 501 918 529 ἐνώπιον

131 548 233 568 αυτων.
257 551 267 567 Ι
379 557 384 562 ε

166 608 223 635 Καὶ
242 610 337 644 ἔσται,
358 611 439 646 ἐγῖῇ
465 613 560 647 ἡμέρᾳ
596 614 696 649 ἐκείνῃ
724 615 839 650 ζητήσω
866 618 918 644 τοῦ

128 653 233 688 ἐξᾶραι
257 655 354 683 πάντα
374 658 410 684 τὰ
431 658 514 692 ἔθνη,
536 658 571 685 τὰ
591 660 775 695 ἐπερχόμενα
791 662 839 688 ἐπὶ
869 663 919 690 ἰε-

127 700 299 735 ρουσαλὴμ,
325 702 373 729 καὶ
396 703 474 737 ἐκχῶ
492 703 541 730 ἐπὶ
563 704 616 731 τὸν
639 704 723 732 οἷκον
745 707 840 739 Διιϐὶδ,
869 708 918 734 καὶ

128 745 178 771 ἐπὶ
215 745 286 779 τοὺς
319 748 532 782 κατοικοῦντας
572 750 766 786 Ἰερουσαλὴμ
801 753 920 787 πνεῦμα

128 790 260 825 χάριτος,
274 793 322 820 καὶ
329 795 490 829 οἰκτιρμοῦ,
502 795 550 822 καὶ
561 796 772 830 ἐπιϐλέψονται
783 800 858 832 πρός
868 808 916 833 με.

163 857 222 889 ιιΓι.
242 859 345 890 Σκοπός
361 860 418 886 ἐστί
437 869 492 895 μοι,
517 861 609 896 φησὶν,
626 863 722 898 ἐξᾶραι
742 864 791 897 μὲν
806 864 838 890 τὰ
855 864 918 900 ἔθνη

129 900 163 928 τὰ
178 903 361 938 μεμαχημένα
375 906 406 940 τῇ
422 905 487 941 ἀγίᾳ
511 906 597 938 πόλει,
612 908 734 935 τουτέστι
751 910 784 944 τῇ
807 910 919 945 Ἐκκλη-

129 946 193 982 σία·
217 948 309 983 χάριτί
324 957 355 983 γε
375 950 428 986 μὴν
449 952 497 978 καὶ
521 954 673 988 οίκτιρμοῖς
698 955 855 989 περιϐαλεῖν
875 952 919 982 τδν

129 989 203 1019 οἷκον
237 993 330 1027 Ἰούδα,
354 995 401 1021 καὶ
423 997 486 1028 τοὺς
510 998 703 1030 κατοικοῦντας
731 999 918 1036 Ἰερουσαλὴμ,

128 1039 252 1066 τουτέστι
270 1041 334 1073 τοὺς
357 1042 407 1077 τῆς
433 1043 596 1078 Ἐκκλησίας
611 1044 732 1078 πολίτας,
758 1047 804 1073 καὶ
819 1047 847 1073 ὲν
863 1048 919 1079 τοῖς

127 1086 214 1112 αἰνεῖν
236 1086 373 1122 ὀφείλουσι
398 1091 652 1126 κατατεταγμένους
665 1100 671 1107 ·
688 1090 742 1118 εἷεν
756 1092 779 1119 δ’
795 1093 827 1119 ἂν
847 1091 919 1120 οὗτοι

128 1130 211 1157 πάλιν
227 1133 251 1157 οί
266 1133 483 1167 προσκυνοῦντες
499 1135 620 1170 Χριστῷ,
637 1136 684 1163 καὶ
698 1137 754 1168 τοῖς
777 1137 919 1171 εὐαγγελι-

128 1176 187 1207 κοῖς
201 1175 384 1211 θεσπίσμασιν
399 1177 667 1215 ἓπεσθαιῂρημένοι,
691 1181 740 1216 τὴν
767 1181 867 1209 εὐκλεᾶ
888 1191 918 1209 τε

127 1221 178 1247 καὶ
205 1221 407 1257 ἀνεπίπληκτον
433 1224 627 1258 κατορθοῦντες
658 1224 742 1261 ζωήν.
776 1226 837 1252 ’Ότι
864 1227 918 1262 γὰρ

128 1266 243 1300 ἐμελλον
257 1267 434 1303 ἀρρωστῆσαι
445 1269 475 1295 τὸ
489 1269 584 1296 ἄναλκι
604 1270 690 1306 πάντη
705 1279 735 1297 τε
751 1273 797 1298 καὶ
812 1272 918 1304 πάντως

127 1313 153 1338 οἱ
168 1312 220 1347 τῆς
233 1312 362 1348 ἀληθείας
373 1314 475 1349 ἐχθροὶ,
492 1318 619 1350 σαφηνιεῖ
641 1316 728 1350 λέγων
747 1317 794 1343 καὶ
808 1318 889 1349 αὐτὸς
904 1320 918 1344 ὀ

129 1358 244 1394 Σωτήρ·
271 1367 281 1384 ι
310 1360 345 1386 Σὺ
367 1357 393 1386 εἴ
410 1360 521 1396 Πέτρος,
542 1362 588 1387 καὶ
612 1362 658 1388 ἐπὶ
673 1362 757 1398 ταύτῃ
775 1364 807 1398 τῇ
833 1364 919 1399 πέτρᾳ

129 1402 300 1439 οἰκοδομήσω
316 1411 365 1439 μου
379 1403 428 1439 τὴν
448 1405 621 1440 Ἐκκλησίαν,
639 1406 686 1432 καὶ
703 1406 784 1433 πύλαι
801 1407 865 1442 ᾅδου
887 1408 918 1434 οὐ

129 1449 343 1484 κατισχύσουσιν
354 1450 448 1486 αὐτῆς.
465 1459 474 1476 ›
493 1451 557 1477 Ἰδοὺ
572 1448 622 1478 ὧδε
635 1452 722 1483 πύλας
738 1453 799 1484 τοὺς
812 1453 918 1481 διώκειν

128 1494 217 1529 αὐτὴν
240 1495 390 1528 ἐθέλοντας,
413 1497 506 1532 φησὶν,
532 1494 587 1524 οἷον
609 1497 736 1533 ὀλέθρους
761 1498 849 1530 ὄντας,
872 1500 918 1526 καὶ

130 1540 259 1576 φθόρους,
274 1541 320 1568 καὶ
331 1543 372 1573 εἰς
391 1542 525 1578 πέταυρον
539 1542 602 1578 ᾅδου
620 1545 814 1579 κατακομίζειν
830 1546 919 1572 εἰωθό-

128 1595 180 1618 τας
192 1588 255 1619 τοὺς
272 1588 487 1623 προσκειμένους
502 1589 602 1620 αὐτοῖς.
624 1590 797 1626 ’Δτονήσουσι
811 1591 843 1626 δὴ
859 1590 917 1625 οὖν,

131 1632 234 1667 μᾶλλον
247 1633 275 1660 δὲ
292 1633 340 1660 καὶ
352 1633 548 1669 ὲξαρθὴσονται
563 1636 586 1661 al
602 1635 822 1671 πεπολεμηκότες
837 1637 917 1673 αὐτῇ,

130 1679 178 1706 καὶ
198 1679 353 1715 οἰχήσονται
375 1680 444 1715 πρὸς
465 1681 614 1708 ἀπώλειαν.
631 1691 641 1707 ι
669 1682 768 1709 Πολλαὶ⁸
795 1683 844 1718 μὲν
865 1684 920 1719 γὰρ

129 1725 353 1760 ὁμολογουμένως
363 1725 417 1752 τῶν
427 1727 536 1754 δικαίων
547 1727 575 1753 αἰ
584 1727 687 1762 θλίψεις
696 1736 703 1743 ·
714 1728 770 1755 ἀλλ’
782 1729 814 1755 ἐκ
826 1730 920 1758 πασῶν

129 1770 222 1798 αὐτῶν
238 1770 348 1805 ῥύσεται
361 1771 458 1802 αὐτοὺς
468 1771 481 1797 ὁ
497 1771 607 1806 Κύριος.
628 1781 636 1797 ι
656 1772 711 1799 Καὶ
725 1772 799 1799 ἐστιν
810 1773 919 1808 ἀληθὲς,

130 1817 173 1843 ὃτι
196 1826 206 1842 ι
232 1816 334 1849 πάντες
353 1817 376 1844 οἱ
394 1817 516 1849 θέλοντες
537 1817 587 1853 ζῇν
607 1818 727 1851 εὐσεὸῶς
748 1820 777 1846 ὲν
798 1821 917 1856 Χριστῷ,

129 1862 336 1897 διωχθήσονται,
355 1871 364 1888 ι
379 1863 452 1898 Πλὴν
469 1864 588 1899 ἀνόνητα
602 1865 649 1891 καὶ
668 1865 770 1900 ἀδρανῆ
788 1866 842 1892 τῶν
860 1867 921 1894 ἐπι-

131 1907 314 1935 ϐουλευόντων
328 1908 364 1934 τὰ
378 1909 534 1944 σκέμματα,
553 1910 600 1936 καὶ
618 1910 689 1937 αὐτὰ
700 1911 729 1937 δὲ
743 1911 777 1937 τὰ
793 1911 920 1947 ἐγχειρή-

132 1961 208 1988 ματα
221 1953 327 1989 τίθησιν
340 1954 354 1979 ὁ
368 1954 494 1989 Χριστὸς,
512 1953 541 1985 ὃς
554 1953 668 1981 δέδωκεν
688 1963 697 1981 t
716 1956 781 1990 ἡμῖν
796 1955 920 1988 ἐξουσίαν

132 2001 229 2026 πατεῖν
248 2000 340 2026 ἐπάνω
355 1999 452 2034 ὄφεων,
467 2000 515 2026 καὶ
535 2000 685 2036 σκορπίων,
707 2001 754 2027 καὶ
770 2001 816 2027 ἐπὶ
832 2002 921 2028 πᾶσαν

130 2046 181 2080 τὴν
195 2045 311 2080 δύναμιν
325 2045 371 2071 τοῦ
387 2045 496 2081 ἐχθροῦ.
514 2055 523 2073 ι
540 2046 747 2083 Παραθαῤῥύνει
767 2056 797 2073 τε
815 2047 901 2081 λέγων
913 2057 919 2063 ·

134 2100 145 2117 s
168 2091 264 2126 Θλίψιν
289 2091 365 2126 ἔχετε
387 2092 416 2118 ἐν
492 2092 598 2127 κόσμῳ,
623 2093 690 2120 ἀλλά
713 2094 848 2130 θαρσεῖτε,
867 2095 922 2129 ἐγὼ

130 2137 264 2171 νενίκηκα
287 2137 332 2163 τὸν
348 2136 459 2172 κόσμον.
487 2147 497 2162 ι
523 2137 627 2165 Οὐκοῦν
646 2137 799 2174 ἐξαίρονται
824 2141 873 2174 μὲν
896 2141 921 2167 οἱ

130 2182 182 2216 τῆς
204 2181 365 2216 Ἐκκλησίας
380 2180 636 2217 κατεξανιστάμενοι
651 2183 722 2210 κατὰ
736 2186 858 2219 καιροὺς,
875 2186 922 2212 ἐπὶ

969 273 1039 307 ejus,
1057 278 1220 308 portansque
1241 274 1330 300 omnia
1354 273 1435 300 verbo
1454 272 1561 299 virtutis
1578 280 1642 304 sua',
1662 280 1710 306 per
1725 280 1756 300 se

970 321 1056 354 ipsum
1070 321 1255 355 purgationem
1272 323 1442 354 peccatorum
1464 324 1616 347 nostrorum
1641 319 1754 351 faciens,

969 367 1039 393 sedit
1056 367 1081 393 in
1103 367 1212 393 dextera
1237 367 1325 393 throni
1346 366 1493 399 maiestatis
1520 365 1547 392 in
1567 365 1681 392 excelsis
1692 365 1724 392 ³⁷.
1743 375 1751 391 ι

968 410 1096 445 intelligis
1120 417 1185 445 ergo
1200 429 1207 436 .
1226 430 1233 437 .
1252 429 1258 436 .
1276 428 1283 436 .
1302 429 1308 436 .
1326 429 1332 435 .
1363 409 1498 435 veteribus
1521 408 1599 434 simul
1633 413 1660 435 et
1679 408 1755 434 novis

969 456 1100 483 doctrinis
1124 456 1307 482 institutorum
1338 454 1436 481 animis
1467 453 1628 480 commodet.
1665 462 1674 478 ι
1698 453 1755 478 Ειῐι

970 502 1060 536 igitur.
1079 502 1174 535 inquit,
1197 502 1291 528 domus
1313 500 1407 533 David,
1432 504 1460 526 ιιι
1478 499 1589 532 angelus
1607 498 1709 524 Domini
1726 498 1753 524 in

969 552 1114 581 οοηεροοιιι
1130 554 1235 574 eorum.
1251 555 1260 572 I

1005 615 1086 642 Vens.
1104 615 1131 645 9,
1152 614 1195 641 l0.
1218 613 1251 640 Et
1271 614 1318 640 erit
1331 613 1357 639 in
1382 613 1424 639 die
1440 611 1498 643 illa,
1515 619 1631 644 qua'rmn
1651 611 1755 644 auferre
1797 607 1799 610 ⁴

970 669 1058 687 omnes
1085 664 1182 695 gcnles,
1211 667 1267 694 qua:
1296 659 1400 685 veniunt
1428 662 1518 684 contra
1543 656 1703 687 Jerusalem,
1730 660 1754 682 et

970 706 1102 739 e/l‘undam
1124 713 1204 739 super
1226 705 1331 730 domum
1351 703 1443 736 David,
1468 707 1490 728 et
1514 710 1591 735 super
1610 701 1754 727 habitantes

970 749 1116 777 Jerusalem
1137 749 1255 783 spiritum
1276 748 1370 782 gratia:
1388 752 1411 774 et
1429 746 1629 779 miscricorrliw,
1647 750 1670 772 et
1685 747 1755 780 aspi-

970 797 1036 823 cient
1054 797 1089 822 ad
1105 804 1155 823 me.

1006 862 1096 890 XCIII.
1117 861 1263 888 Consilium
1277 868 1365 887 meum
1380 865 1434 893 est,
1454 860 1552 894 inquit,
1570 859 1689 890 atrfcrre,
1706 859 1753 886 de-

971 909 1025 936 lere
1040 912 1142 942 gentes,
1153 915 1212 942 qua:
1224 907 1358 934 civitatem
1371 911 1504 938 sanctam,
1516 910 1577 940 puta
1595 905 1754 936 lﬂet'lesiam,

970 957 1191 988 oppugnaverunt
1211 961 1219 979 :
1244 953 1330 987 gratia
1355 957 1444 979 autem
1475 956 1503 978 et
1531 950 1750 978 miserationibus

970 998 1198 1032 comprehendere
1210 997 1318 1024 domum
1334 996 1413 1028 .lnda,
1434 1001 1462 1023 et
1478 996 1629 1022 habitantes
1642 995 1753 1022 Jerusa-

969 1043 1032 1076 lem,
1047 1043 1097 1070 hoc
1111 1048 1162 1074 est,
1177 1041 1304 1069 Ecclesia:
1315 1041 1398 1074 cives,
1416 1045 1443 1068 et
1454 1048 1510 1073 eos,
1532 1039 1577 1074 qui
1591 1040 1624 1066 ad
1643 1039 1755 1066 laudau-

970 1091 1032 1117 dum
1062 1088 1201 1116 constituti
1226 1092 1290 1114 sunt
1305 1096 1311 1114 :
1329 1087 1374 1121 qui
1401 1094 1509 1113 rursum
1537 1086 1621 1119 accipi
1645 1089 1757 1119 possunt.

970 1136 1113 1163 adorantes
1138 1134 1295 1165 Christum,
1320 1137 1347 1160 ct
1377 1132 1507 1160 submissi
1532 1131 1649 1161 oraculis
1668 1139 1754 1158 evan-

969 1181 1060 1215 gelicis
1075 1199 1082 1212 ,
1104 1179 1263 1206 laudabilem
1288 1178 1407 1212 mdlique
1433 1178 1518 1213 culpa:
1540 1177 1645 1204 aliinem
1671 1177 1754 1204 vitam

969 1226 1130 1253 exeulcntes.
1155 1223 1302 1255 Imbecillos
1326 1224 1398 1250 enim
1422 1223 1479 1250 fore
1499 1223 1610 1250 omnino
1634 1222 1756 1249 veritatis

970 1271 1103 1302 inimicos,
1117 1271 1284 1297 demonstrat
1300 1270 1357 1303 ipse
1370 1268 1495 1296 Salvator
1507 1276 1567 1296 cum
1583 1268 1647 1295 dicit
1664 1277 1670 1294 :
1689 1277 1699 1293 ι
1714 1267 1755 1294 Τιι

969 1324 998 1344 cs
1015 1316 1119 1348 Petrus,
1134 1320 1161 1342 et
1186 1323 1266 1348 super
1289 1315 1357 1342 hanc
1374 1319 1478 1349 petram
1503 1315 1641 1341 aediﬁcabo
1662 1314 1756 1341 Eccle-

969 1363 1036 1389 siam
1052 1369 1150 1393 meatu,
1162 1365 1190 1389 ct
1204 1365 1287 1395 porta:
1302 1361 1380 1388 inferi
1395 1368 1446 1388 non
1463 1360 1647 1395 praevalebunt
1661 1361 1756 1387 adver-

970 1415 1016 1435 Sus
1040 1407 1143 1435 eam".
1163 1417 1173 1433 ι
1207 1407 1276 1434 Ecce
1307 1407 1353 1433 hic
1388 1411 1517 1433 conantes
1543 1413 1602 1432 eam
1630 1407 1755 1439 persequi

970 1458 1061 1488 portas
1087 1458 1180 1485 vocat,
1213 1453 1294 1479 veluti
1325 1457 1432 1486 pestes,
1457 1455 1483 1478 et
1507 1452 1606 1483 exitia,
1635 1457 1661 1478 et
1691 1452 1756 1485 ipsis

970 1500 1137 1526 adhaerentes
1153 1500 1186 1526 ad
1205 1498 1316 1532 pedicas
1338 1497 1484 1524 inferorum
1506 1497 1637 1524 deducere
1651 1497 1754 1523 solitos.

971 1545 1127 1579 Torpebunt
1144 1544 1236 1579 igitur,
1255 1544 1308 1570 imo
1328 1542 1455 1570 tollentur
1475 1542 1519 1576 qui
1537 1542 1636 1569 bellum
1657 1542 1681 1569 ei
1699 1550 1756 1568 mu-

970 1591 1069 1621 verint,
1085 1593 1112 1616 et
1134 1589 1161 1616 in
1180 1588 1327 1623 perniciem
1349 1587 1435 1614 ibunt.
1452 1596 1461 1612 (
1476 1586 1566 1613 Multa:
1582 1587 1664 1618 enim,
1685 1587 1755 1620 quod

971 1643 1051 1663 uenio
1073 1635 1169 1667 nescit,
1186 1639 1249 1661 sunt
1276 1633 1465 1660 tribulationes
1481 1632 1615 1666 iustorum
1631 1641 1638 1659 :
1656 1633 1702 1659 scd
1723 1633 1755 1658 de

971 1683 1013 1710 his
1034 1682 1161 1710 omnibus
1181 1681 1306 1708 liberabit
1327 1687 1373 1707 eos
1394 1680 1521 1706 Dominus
1533 1678 1567 1705 ⁸⁸.
1585 1687 1593 1703 ι
1613 1679 1646 1705 Et
1661 1686 1754 1705 Verum

971 1734 1022 1762 est,
1040 1737 1049 1754 ι
1063 1735 1159 1756 onmes
1180 1727 1226 1761 qui
1243 1726 1286 1761 pie
1303 1726 1392 1753 volent
1408 1726 1497 1752 vivere
1514 1725 1539 1751 in
1555 1724 1673 1756 Christo,
1693 1732 1755 1758 per-

971 1776 1123 1803 secutiones
1135 1773 1304 1809 passuros”.
1321 1784 1330 1797 ι
1349 1771 1480 1798 Cancrum
1502 1770 1611 1798 inutiles
1636 1773 1663 1796 ct
1678 1770 1755 1796 inva-

971 1823 1040 1850 lidas
1077 1819 1264 1848 insidiantium
1298 1818 1474 1853 cogitationes
1509 1820 1537 1843 et
1575 1823 1655 1843 ausus
1685 1815 1759 1850 ipsos

970 1868 1097 1896 Christus
1111 1866 1185 1898 facit,
1197 1865 1242 1899 qui
1255 1864 1328 1891 dedit
1344 1873 1354 1889 ι
1370 1863 1447 1891 nobis
1460 1866 1621 1896 potestatem
1634 1861 1756 1888 calcandi

972 1914 1052 1948 783
1073 1920 1153 1947 supra
1181 1914 1341 1945 serpentes,
1366 1913 1394 1936 et
1417 1909 1592 1942 scorpiones,
1623 1912 1651 1934 et
1675 1914 1758 1941 supra

971 1967 1078 1987 munem
1093 1960 1218 1986 virtutem
1232 1956 1334 1984 inimici
1347 1956 1380 1982 ’".
1395 1964 1404 1981 ι
1425 1954 1458 1982 Ει
1476 1954 1620 1982 confirmat
1633 1961 1683 1980 nos
1694 1960 1756 1980 cum

972 2008 1009 2034 ait
1024 2015 1031 2032 :
1047 2015 1056 2032 ι
1073 2005 1100 2032 lu
1115 2005 1215 2032 tnundo
1232 2009 1385 2038 prcssuram
1401 2000 1544 2032 habebitis.
1559 2000 1606 2027 sed
1620 2000 1756 2031 conﬁdite,

973 2054 1034 2088 quia
1049 2060 1098 2087 ego
1112 2051 1162 2078 vici
1181 2050 1309 2078 mundum
1321 2051 1355 2076 ".
1372 2058 1381 2075 ι
1400 2048 1539 2075 Tollentur
1562 2047 1652 2080 itaque
1667 2054 1681 2072 c
1701 2054 1758 2072 me-

974 2100 1018 2126 dio
1038 2099 1083 2132 qui
1108 2097 1254 2132 aliquando
1269 2095 1296 2123 in
1323 2095 1470 2122 Ecclesium
1490 2094 1657 2126 insurgunt:
1676 2098 1758 2124 super

974 2145 1046 2179 ipsos
1069 2149 1169 2176 autem,
1196 2143 1247 2169 hoc
1278 2146 1330 2173 est,
1359 2148 1440 2175 super
1465 2139 1616 2168 credentes,
1642 2136 1757 2164 ubertim

976 2199 985 2216 ι
1002 2190 1112 2225 spiritus
1127 2189 1220 2222 gratia:
1230 2192 1257 2214 et
1276 2186 1455 2214 miserationis
1471 2195 1480 2211 ι
1507 2184 1662 2212 effunditur.
1672 2181 1758 2209 Ornat

131 2228 160 2254 δέ
175 2236 207 2262 γε
222 2228 286 2259 τοὺς
301 2228 394 2259 αὑτοῦ,
416 2228 537 2255 τουτέστι
563 2229 627 2260 τοὺς
649 2230 858 2263 πιστεύσαντας,
872 2233 918 2258 ἑκ-

972 2236 1043 2263 enim
1059 2242 1108 2262 nos
1126 2234 1205 2261 bonis
1221 2233 1376 2260 cmlestibus
1399 2232 1468 2259 Deus
1482 2234 1511 2258 et
1528 2230 1619 2262 Pater,
1633 2233 1661 2254 et
1676 2228 1758 2261 spiri-

132 2275 220 2309 χεῖται
238 2273 380 2314 πλουσίως]
395 2284 403 2299 ι
418 2274 528 2309 Πνεῦμα
552 2275 661 2310 χάριτος
676 2276 723 2302 καὶ
736 2277 889 2312 οἰκτιρμοῦ.
907 2288 917 2304 ι

132 2321 265 2354 Στεφανοῖ
281 2321 335 2356 γὰρ
354 2321 427 2356 ἡμᾶς
438 2322 493 2352 τοῖς
507 2321 610 2348 ἄνωθεν
629 2322 742 2356 ἀγαθοῖς
764 2323 778 2348 ὁ
793 2323 858 2355 Θεὸς
873 2324 920 2350 καὶ

133 2366 241 2401 Πατὴρ,
269 2366 318 2392 καὶ⁹
340 2367 532 2402 πνευματικῶν
557 2367 709 2403 ἐμπίπλησι
731 2370 919 2405 χαρισμάτων,

133 2412 178 2439 ἵνα
193 2413 238 2439 τὸν
257 2413 307 2447 τῆς
326 2413 446 2444 διανοίας
462 2413 601 2448 ὀφθαλμὸν
622 2415 690 2448 πρὸς
709 2415 790 2442 αὐτὸν
812 2417 920 2443 ἀνατεί-

132 2466 239 2490 ναντες,
255 2459 298 2485 ἐπ’
314 2458 388 2494 αὐτῷ
401 2460 492 2486 πᾶσαν
504 2459 611 2495 ἔχοιμεν
629 2460 733 2487 ἐλπίδα.
753 2461 837 2488 Τοῦτο
855 2462 919 2498 γὰρ,

132 2500 221 2538 οἶμαι,
242 2503 300 2530 ἐστι
320 2504 361 2538 τὺ,
383 2513 392 2530 ‹
415 2505 621 2540 Ἐπιῧλέψονται
639 2506 707 2541 πρός
726 2515 771 2542 με.
789 2516 800 2532 ι
817 2508 921 2534 Διακεί-

135 2559 213 2586 μενοι
228 2551 256 2577 δὲ
270 2551 350 2584 οὕτω,
367 2552 524 2589 γαννύμεθα
540 2552 588 2587 μὲν
602 2552 644 2587 ἐφ’
658 2553 775 2585 ἑαυτοῖς,
792 2554 882 2589 φαμὲν
893 2554 921 2580 δὲ

134 2596 166 2629 δὴ
187 2595 390 2630 δοξολογοῦντες
403 2588 483 2624 θεόν·
503 2606 512 2623 ι
530 2598 653 2632 Εὐλόγει,
674 2599 690 2633 ή
707 2598 778 2633 ψυχή
798 2607 860 2633 μου,
874 2598 920 2624 τὸν

134 2643 247 2678 Κύριον,
265 2644 310 2670 τὸν
333 2644 523 2671 εὑῖλατεύοντα
545 2645 635 2676 πάσας
652 2644 701 2676 τὰς
724 2644 838 2679 ἀνομίας
862 2653 919 2677 σου,

133 2688 181 2716 τὸν
199 2689 313 2724 ἰώμενον
334 2690 424 2722 πάσας
439 2690 488 2722 τὰς
500 2690 594 2722 νόσους
609 2699 666 2724 σου,
680 2689 726 2716 τὸν
741 2689 920 2725 λυτρούμενον

975 2281 1091 2309 tualibus
1105 2280 1183 2307 donis
1197 2279 1327 2311 cumulat,
1341 2283 1369 2305 ut
1391 2276 1488 2304 mentis
1499 2276 1606 2303 oculum
1621 2274 1654 2300 ad
1669 2274 1757 2307 ipsum

975 2328 1110 2359 tollentes,
1136 2332 1243 2353 omnem
1269 2325 1297 2352 in
1323 2331 1355 2352 eo
1382 2323 1507 2351 ﬁduciam
1528 2321 1700 2349 collocemus.
1729 2318 1757 2344 ld

974 2374 1046 2401 enim
1065 2377 1118 2405 est,
1133 2372 1238 2407 opinor,
1255 2371 1327 2405 quod
1349 2370 1426 2402 dicit,
1445 2379 1454 2394 ι
1467 2368 1602 2403 Αερίοἰθιιι
1619 2367 1651 2393 ad
1675 2372 1726 2392 me.
1745 2374 1755 2389 ι

974 2419 1032 2452 Quo
1046 2419 1154 2453 quidem
1171 2418 1251 2445 modo
1270 2416 1370 2448 allecti,
1390 2415 1512 2442 hetamur
1526 2413 1552 2440 in
1570 2413 1641 2443 sinu,
1661 2415 1687 2437 et
1701 2410 1758 2436 lau-

975 2465 1072 2492 dantes
1087 2464 1228 2491 Dominum
1244 2463 1360 2490 dicimus
1376 2471 1383 2489 :
1402 2470 1411 2486 ι
1425 2459 1548 2491 Benedic,
1572 2455 1660 2484 anima
1686 2462 1757 2488 utea,

977 2510 1137 2541 Dominum,
1165 2508 1208 2543 qui
1237 2507 1398 2542 propitiatur
1419 2504 1543 2532 omnibus
1572 2500 1758 2535 iniquitatibus

977 2556 1040 2586 luis.
1057 2555 1101 2589 qui
1119 2558 1198 2581 sanat
1213 2560 1308 2580 omnes
1321 2551 1495 2578 inﬁrmitates
1509 2554 1578 2581 tuas,
1590 2547 1635 2582 qui
1649 2545 1758 2572 redimit

976 2601 1008 2627 de
1029 2600 1138 2627 interitu
1155 2599 1237 2625 vitam
1260 2603 1342 2628 tuam,
1358 2596 1404 2631 qui
1425 2599 1536 2622 coronat
1560 2598 1585 2620 te
1608 2591 1634 2618 in
1652 2590 1757 2617 miseri-

975 2646 1066 2673 cordia
1083 2649 1110 2672 et
1131 2644 1360 2676 miserationibus,
1377 2641 1420 2676 qui
1442 2640 1526 2675 replet
1542 2639 1568 2666 in
1591 2635 1757 2665 bonis‘dcsi-

975 2692 1078 2719 det-ium
1093 2695 1165 2717 tuum
1179 2690 1211 2715 ³³.
1228 2699 1237 2714 ι

133 2734 166 2761 ἐκ
181 2734 285 2770 φθορᾶς
306 2735 355 2771 τὴν
379 2736 451 2770 ζωήν
471 2745 530 2775 σου,
545 2737 596 2771 ,τὸν
630 2736 814 2772 στεφανοῦνται
837 2746 866 2763 σε
889 2738 917 2764 ἐν
938 2738 1007 2764 ἐλέει
1030 2738 1076 2765 καὶ
1105 2737 1265 2772 οξκτιρμοῖς,
1278 2734 1324 2760 τὴν
1356 2733 1534 2768 suam).sz
1545 2733 1572 2759 ἐν
1586 2729 1695 2765 ἀγαθοῖς
1708 2725 1757 2761 τὴν

132 2780 284 2816 ἐπιθυμίαν
297 2790 355 2808 σου.
374 2792 382 2807 ν

167 2839 189 2854 ⁸⁷
209 2838 293 2865 llclw.
310 2847 328 2870 ι,
351 2839 375 2865 5.
415 2839 436 2854 ⁸⁸
449 2838 540 2867 Matth.
555 2848 609 2871 xw,
628 2841 665 2866 18.

133 2873 180 2900 53..
219 2873 242 2889 ’³
259 2872 330 2901 Psal.
350 2881 396 2904 cu,
415 2874 468 2900 ινδ.

704 2841 724 2855 ⁵³³
739 2839 806 2867 l‘sal.
825 2848 917 2872 XXXI“,
932 2839 975 2866 ‘20.
1016 2839 1037 2854 ³²⁰
1053 2837 1072 2864 ll
1088 2838 1155 2863 ’l'im.
1175 2845 1213 2869 Hi,
1247 2835 1286 2863 l2.

1325 2835 1343 2849 θ’*
1363 2833 1425 2859 Lut‘.
1445 2841 1468 2866 γ,
1490 2834 1529 2860 Iit.
1569 2831 1754 2863 π¹ι1ι›ηιι.ῑι³ι³
