1916 3053
110 176 167 203 225

523 172 803 203 COMMENTARIUS
824 174 857 202 IN
878 171 1078 202 ZACllARlAM
1098 174 1321 203 PROPHETAM.

1695 177 1749 205 ἥδ

149 233 208 275 QE".
231 231 463 268 Καταδῃουμὲνης
486 231 595 266 ἀπάσης
617 232 669 266 τῆς
686 231 816 263 Ἰουδαίας
841 232 912 258 κατὰ

1000 231 1080 259 XCV.
1104 231 1188 259 Ferro
1201 232 1308 267 ignique
1322 231 1472 259 deformata
1483 231 1547 259 olim
1562 231 1687 260 universa
1697 233 1749 261 Ju-

112 278 228 312 καιροὺς
251 277 304 304 ὑπὸ
327 277 377 311 τῆς
394 276 536 310 Ῥωμαίων
553 277 699 311 στρατιᾶς,
717 277 765 303 καὶ
781 276 866 311 αὐτῆς
882 276 911 302 δὲ

112 323 350 358 πολιορκουμένης
367 322 416 356 τῆς
435 321 631 357 Ἰερουσαλὴμ,
657 321 776 348 τοιοῦτον
802 321 911 348 ἔσεσθαί

112 377 181 403 φησι
207 368 284 403 παρὰ
309 368 363 393 τῶν
386 368 415 393 ἐν
436 367 505 402 αὐτῇ
532 367 577 394 τὺν
605 367 732 399 κοπετὸν,
758 368 850 394 ὁποῖον
878 366 911 394 ἂν

112 416 259 450 ποιήσαιτο
289 413 407 448 γηπόνος
433 413 532 447 ροὦνος
555 414 766 449 ὲκκοπτομένου.
793 414 912 446 Εὐανοὲς

114 461 164 496 μὲν
180 461 236 495 γὰρ
252 459 283 486 τὸ
299 459 392 494 φυτὸν,
408 458 456 485 καὶ
469 459 582 494 συχνοὺς
596 459 628 486 ὲκ
643 459 721 495 ῥίζης
735 459 828 495 ἀνίησι
841 459 912 486 κλῶ-

114 516 163 538 νας
179 506 289 541 ὀρθοὺς,
305 505 351 531 καὶ
365 505 599 540 εὐμηκεστάτους,
616 506 640 531 εί
656 505 684 532 δὲ
698 506 729 541 δὴ
752 506 799 532 καὶ
821 506 913 537 αὐτοῖς

114 552 291 587 ἔξωραῖζοιτο
306 552 363 582 τοῖς
386 551 521 586 καρποῖς,
548 553 609 577 τότε
632 551 664 586 δὴ
681 551 799 587 μάλιστα
821 551 868 578 καὶ
884 552 912 578 ὲν

115 598 209 633 πολλῷ
229 598 318 624 κεῖται
343 596 474 632 θαύματι,
498 595 602 631 Χρῆμα
621 596 676 631 γὰρ
698 597 868 632 ἀξιέραστον,
894 598 910 632 ἡ

116 644 195 679 ῥοιὰ,
221 643 331 679 φυσικῷ
356 643 545 678 διαπρέπουσα
578 643 672 670 κάλλει
701 644 755 670 τῶν
781 643 912 679 ὁρπήκων

115 689 312 724 ἁπηρτημένη,
327 688 375 715 καὶ
387 689 443 720 τοῖς
458 687 512 714 ἔσω
522 689 632 721 κόκκοις
646 689 913 725 συμπεφοινιγμένον

116 736 221 770 ἔχουσα
243 735 298 761 τῶν
320 734 458 770 ὲλύστρων
479 734 510 761 τὺ
534 731 613 765 εἶδος.
643 735 787 761 Πάνδεινον
812 735 852 768 δὲ,
876 734 914 766 ὡς

116 781 261 816 ἔφηνίκαὶ
280 781 401 815 ἀνιαρὸν,
417 780 484 816 ὁμοῦ
506 781 564 812 τοῖς
583 781 701 817 καρποῖς
720 780 913 817 ἀποκείρεσθαι

116 827 148 853 τὸ
173 827 267 861 φυτόν.
290 827 360 853 Ἀλλ’
384 824 418 862 ἦν
437 835 463 853 τι
487 826 607 853 τοιοῦτον
624 826 689 853 ἰδεῖν
705 828 761 858 τοῖς
777 826 914 858 Ἰουδαίοις

119 874 280 908 συμϐαῖνον.
297 873 378 900 Ὅσον
395 873 445 907 μὲν
459 871 515 907 γὰρ
529 872 591 907 ἥκει
610 873 650 904 είς
663 872 713 903 τὰς
727 873 759 899 ὲκ
775 872 857 907 νόμου
873 880 913 898 τι-

119 920 192 955 μὰς,
215 920 302 955 ῥοιαῖς
329 918 478 954 ὲγκάρποις
500 918 712 954 παρεικάζοιντο
729 917 763 945 ἂν
786 918 915 950 εἰκότως,
932 913 953 940 Β

115 967 142 992 οἱ
163 965 330 1001 προῦχοντες
352 965 382 991 ὲν
400 964 504 996 αὐτοῖς’
519 965 544 991 οί
565 964 615 1000 μὲν
635 963 689 999 γὰρ
712 964 743 990 ὲκ
763 963 813 999 τῆς
832 963 916 990 Ἰούδα

118 1012 225 1047 φυλῆς,
249 1012 312 1043 τοὺς
335 1011 385 1045 τῆς
411 1010 551 1045 βασιλείας
575 1011 712 1042 διέποντες
739 1010 851 1045 θρόνους
877 1009 917 1041 είς

118 1058 199 1093 λῆξιν
217 1057 342 1088 εὐκλείας
360 1056 480 1083 τέθειντο
493 1056 557 1091 παρ’
569 1056 671 1087 αὐτοῖς.
693 1056 725 1082 Οί
739 1055 768 1082 δὲ
784 1055 816 1081 ὲκ
832 1054 917 1090 φυλῆς

119 1105 188 1131 Λευῖ
209 1105 265 1135 τοῖς
284 1105 335 1139 τῆς
350 1102 499 1138 ἱερωσύνης
521 1102 677 1138 αὐχήμασιν
698 1099 727 1128 εὖ
755 1100 828 1136 μάλα
851 1109 917 1127 κατ-

120 1149 301 1184 εστεμμένοι,
332 1148 454 1183 λαμπροί
479 1155 508 1174 τε
522 1145 593 1182 ἦσαν
615 1147 663 1174 καὶ
680 1146 827 1182 διαϐόητοι.
841 1146 874 1172 Τί
895 1145 917 1172 δ’

119 1195 154 1222 ἂν
176 1194 284 1229 λέγοιμι
306 1193 403 1229 κριτάς
421 1201 450 1219 τε
477 1192 525 1219 καὶ
542 1192 687 1227 νομικοὺς.
712 1192 758 1218 καὶ
776 1192 839 1222 τοὺς
858 1191 917 1222 ταῖς

120 1239 233 1274 ἑτέραις
258 1239 353 1272 τιμαῖς
381 1236 653 1272 κατηγλαῐσμένους;
682 1235 791 1271 Ἐπειδὴ
813 1236 841 1262 δὲ
868 1244 918 1262 πε-

121 1285 322 1319 παρῳνήκασιν
335 1283 374 1315 εἰς
391 1282 520 1317 Χριστὸν,
533 1282 652 1308 δέδονται
667 1283 722 1313 τοῖς
738 1281 855 1316 ἐχθροῖς,
871 1281 918 1307 καὶ

121 1330 332 1366 καταδῃούντων
356 1329 447 1360 αὐτοῖς
473 1328 522 1364 τὴν
543 1327 635 1364 χώραν
662 1327 866 1354 Οὐεσπασιανοῦ
888 1335 918 1353 τε

122 1375 174 1402 καὶ
190 1375 282 1406 Τίτου,
302 1373 533 1409 πολιορκουμένης
547 1381 577 1398 τε
597 1373 647 1407 τῆς
665 1371 856 1407 Ἰερουσαλὴμ,
873 1371 919 1398 καὶ

122 1421 230 1452 πάντας
243 1420 306 1451 τοὺς
320 1419 348 1446 ἐν
362 1419 430 1454 αὐτῇ
445 1417 525 1453 λιμοῦ
540 1417 761 1452 καταφθίνοντος,
774 1417 875 1452 θρήνου
890 1424 919 1443 τε

122 1467 174 1493 καὶ
190 1465 305 1492 κοπετοῦ
317 1465 352 1492 τὰ
367 1465 457 1492 πάντα
473 1463 662 1499 πεπλήρωται.
676 1463 819 1498 Μαρτυρεῖ
832 1463 861 1489 δὲ
873 1462 919 1489 καὶ

130 1511 274 1547 Ἰώσηπος.
290 1511 330 1537 Τὰ
345 1510 398 1545 γὰρ
417 1510 468 1545 τῆς
487 1509 635 1542 Ἀλώσεως
660 1509 748 1544 βιϐλία
767 1508 919 1542 συντιθεὶς,

123 1557 179 1592 ἔφη
198 1565 249 1583 που
267 1556 331 1592 περὶ
343 1556 397 1582 τῶν
415 1555 610 1591 Ἱεροσολύμων
630 1555 722 1587 αὑταῖς
739 1555 843 1588 λέξεσιν
856 1551 918 1582 ὧδε·

125 1602 238 1638 Κομμοὶ
250 1602 278 1628 δὲ
292 1600 363 1637 ἦσαν
383 1602 434 1628 ἀνὰ
452 1602 502 1637 τὴν
520 1602 596 1628 πόλιν
612 1601 749 1637 πανταχῆ,
769 1601 876 1637 οἰμωγὴ
891 1601 920 1628 δὲ

123 1648 296 1683 διαπρύσιος,
316 1647 362 1673 καὶ
384 1647 482 1682 θρῆνος
505 1647 692 1681 ἐγκέλευστος.
707 1648 811 1683 Ὥσπερ
828 1647 856 1674 δὲ
873 1646 920 1673 Λί-

125 1695 222 1727 ϐανον,
238 1695 286 1721 καὶ
299 1693 401 1729 δρυμὸν
417 1694 502 1729 αὐτὴν
516 1693 651 1729 ὠνόμαζε,
667 1693 754 1728 λέγων
765 1702 771 1708 ·
792 1703 800 1718 ι
816 1693 921 1721 Διὰνοι-

125 1742 186 1774 ξον,
199 1743 214 1767 ὁ
227 1740 351 1773 Λίϐανος,
364 1740 414 1771 τὰς
427 1740 511 1775 Θύρας
526 1749 584 1773 σου,
598 1740 646 1767 καὶ
668 1740 850 1774 καταφαγέτω
865 1739 921 1775 πῦρ

125 1785 177 1816 τὰς
200 1784 312 1820 κέδρους
340 1792 399 1810 σου.
425 1784 592 1817 Ὀλολυξάτω
615 1784 710 1817 πίτυς,
734 1785 776 1810 ὅτι
793 1784 921 1810 πέπτωκε

126 1830 243 1866 κέδρος,
267 1830 309 1856 ὅτι
340 1829 467 1864 μεγάλως
493 1830 655 1865 μεγιστᾶνες
682 1830 921 1866 ἐταλαιπώρησαν.

133 1877 306 1910 Ὀλολύξατε,
324 1876 402 1912 δρύες
419 1877 468 1911 τῆς
479 1875 668 1908 Βασανίτιδος,
687 1877 727 1903 ὅτι
744 1876 922 1912 κατεσπάσθη

127 1923 257 1958 ὁλδρυμδς
268 1923 282 1948 ὁ
299 1922 453 1957 σύμφυτος·
469 1930 479 1946 ι
497 1920 568 1947 οὕτω
587 1920 635 1948 καὶ
655 1921 742 1956 ῥοῶνα
757 1921 922 1956 κοπτόμενον

126 1968 268 2003 ὀνομάζει.
292 1967 459 1994 Πιστώσεται
474 1966 502 1993 δὲ
516 1966 561 1993 τὸν
582 1966 661 2000 λόγον
682 1967 729 1993 καὶ⁸
749 1968 763 1991 ὁ
782 1967 923 1998 θεσπέσιος

127 2015 285 2047 Ματθαῖος,
308 2008 516 2046 τοῖςἻουδαίων
543 2013 639 2048 δήμοις
661 2010 921 2048 πρὸσπεφωνηκώςο

131 2072 141 2089 ι
159 2062 230 2097 Ἤδη
243 2062 272 2088 δὲ
290 2062 338 2088 καί⁹
351 2062 368 2096 ἡ
387 2060 466 2095 ἀξίνη
482 2060 551 2096 πρὸς
565 2061 613 2095 τὴν
631 2061 708 2096 ῥίζαν
730 2060 786 2088 τῶν
807 2061 924 2096 δένδρων

127 2110 229 2135 κεῖται.
246 2107 303 2134 Πᾶν
327 2104 373 2133 οὖν
393 2106 501 2141 δένδρον
519 2106 556 2142 μὴ
583 2106 677 2132 ποιοῦν
697 2106 802 2141 καρπὸν
830 2106 922 2138 καλὸν,

127 2153 310 2184 ἐκκόπτεται,
333 2152 379 2178 καὶ
398 2152 438 2183 εἰς
457 2151 513 2186 πῦρ
538 2151 678 2186 βάλλεται,
706 2152 752 2178 καὶ
776 2145 897 2178 καίεταιί
911 2161 921 2178 ι

130 2200 230 2226 Ἔσται
246 2199 335 2226 τοίνυν
349 2197 430 2231 οὕτω,
447 2199 526 2233 φησι,
542 2198 628 2232 μέγας
642 2198 656 2224 ὁ
670 2198 699 2224 ὲν
711 2197 780 2233 αὐτῇ
798 2198 922 2232 κοπετὺς,

962 277 1018 304 daca
1053 284 1068 304 a
1094 277 1218 305 Romano
1247 278 1386 311 exercitu,
1414 278 1528 313 ipsaque
1563 276 1749 314 Hierosolyma

961 322 1103 350 obsidione
1117 323 1215 355 cincta,
1232 323 1310 350 talem
1325 323 1359 350 ab
1378 323 1474 353 incolis
1491 323 1628 358 planctum
1646 324 1749 352 editum

963 368 995 396 iri
1011 368 1060 402 ait,
1076 368 1182 404 qualem
1199 369 1293 396 ederet
1303 368 1423 403 agricola
1440 364 1622 397 excisa-malo
1639 369 1749 405 punica.

963 415 1010 442 Est
1032 414 1104 442 enim
1128 415 1179 442 hoc
1199 422 1285 451 genus
1299 415 1405 443 arboris
1423 415 1614 448 bellissimum,
1639 420 1720 450 alque
1734 423 1750 442 a

963 460 1053 488 radice
1073 460 1099 487 in
1122 462 1243 493 crebros,
1275 465 1374 488 teretes
1399 467 1431 488 ac
1447 461 1554 496 patulos
1570 461 1695 489 diﬂusum
1711 469 1752 489 ra-

964 514 1022 534 mos
1048 507 1183 541 exsurgit,
1197 506 1263 540 ipsis
1287 513 1395 540 quoque
1413 506 1553 540 fructibus
1577 507 1750 540 decoratum,

964 552 1089 588 inprimis
1105 557 1147 580 est
1166 552 1336 580 admirabile.
1358 552 1520 580 Gratissima
1537 553 1610 580 enim
1634 561 1678 581 res
1695 561 1752 580 ma-

964 599 1019 626 lum
1046 599 1184 633 punicum,
1211 598 1327 626 naturali
1349 598 1550 633 pulchritudine
1570 599 1710 632 eximium,
1736 606 1751 626 a

965 651 1042 672 ramo
1067 644 1232 679 dependens,
1252 639 1288 671 ἐι
1311 651 1372 671 cum
1399 643 1492 678 granis
1516 644 1588 671 intus
1610 644 1751 671 rubentem

965 691 1067 719 habens
1087 690 1226 718 corticem.
1240 689 1435 718 Gravissimum
1460 694 1549 718 autem
1576 694 1604 718 et
1618 689 1753 718 molestis—

965 737 1075 768 simum,
1090 741 1119 763 ut
1135 735 1267 768 dicebam,
1286 735 1367 762 simul
1388 743 1449 763 cum
1474 735 1607 762 fructibus
1628 734 1752 761 arborem

965 777 1112 816 amputari.
1146 780 1283 816 Ejusmodi
1314 780 1441 815 quiddam
1471 779 1573 807 ludatis
1609 779 1755 813 contigisse

965 828 1060 855 videre
1082 827 1154 854 licet.
1180 826 1248 854 Nam
1265 827 1336 861 quod
1359 827 1392 853 ad
1413 826 1529 853 honores
1544 830 1655 860 propter
1669 825 1754 860 legem

966 877 1108 908 perceptos
1122 873 1228 905 attinet,
1248 880 1301 900 non
1319 872 1454 899 immerito
1468 872 1546 898 malis
1561 871 1666 906 punicis
1681 878 1756 898 com-

967 924 1106 954 parentur,
1127 918 1173 953 qui
1192 919 1262 946 inter
1283 925 1329 945 eos
1353 917 1502 953 principem
1521 917 1608 945 locmn
1630 917 1755 944 obtinue-

967 969 1041 992 runt.
1061 964 1199 998 Siquidem
1215 965 1248 991 de
1260 964 1331 991 tribu
1355 969 1381 990 et
1396 963 1498 990 inutilia
1513 962 1580 990 Juda
1595 963 1715 995 oriundi.
1728 967 1756 990 et

969 1018 1051 1046 regno
1069 1010 1206 1045 praepositi
1221 1010 1246 1036 in
1265 1017 1370 1037 summa
1388 1010 1457 1044 apud
1478 1017 1524 1036 eos
1535 1009 1620 1043 gloria
1636 1009 1754 1036 fuerunt.

968 1057 1093 1085 Tribules
1115 1061 1203 1083 autem
1228 1055 1302 1088 Levi,
1322 1055 1404 1090 785
1419 1055 1563 1082 sacerdotii
1587 1055 1757 1082 ornamentis

969 1101 1213 1139 congruentissime
1237 1101 1418 1134 cohonestati,
1443 1101 1469 1128 in
1490 1101 1617 1128 claritate
1639 1105 1666 1128 et
1683 1100 1756 1127 cele—

967 1149 1069 1177 britate
1092 1149 1227 1176 vixerunt.
1244 1147 1313 1181 Quid
1341 1154 1390 1182 ego
1406 1147 1438 1174 dc
1453 1146 1603 1182 iudicibus,
1627 1151 1654 1173 et
1668 1146 1755 1181 legum

969 1193 1073 1228 peritis,
1087 1197 1114 1220 et
1128 1192 1188 1219 aliis
1202 1192 1350 1219 honoribus
1365 1190 1507 1218 illnstratis
1521 1189 1629 1216 dicam?
1640 1189 1674 1216 At
1685 1193 1758 1223 post-

969 1247 1049 1274 quam
1064 1239 1090 1266 in
1104 1238 1242 1266 Christum
1258 1237 1415 1265 dcbacchati
1432 1241 1505 1269 sunt,
1519 1236 1644 1263 hostibus
1664 1236 1756 1262 traditi

970 1289 1054 1318 sunt,
1080 1283 1300 1319 Vespasianoque
1330 1289 1362 1309 ac
1390 1281 1451 1309 Tito
1472 1288 1565 1308 eorum
1591 1281 1757 1316 provinciam

970 1329 1205 1365 depopulantibns,
1223 1333 1251 1356 et
1273 1327 1486 1363 Hierosolymam
1508 1326 1706 1357 obsidentibus,
1731 1330 1759 1352 et

971 1376 1041 1403 fame
1063 1375 1165 1402 incolas
1188 1381 1282 1402 omnes
1296 1377 1438 1405 cnecantc,
1462 1372 1581 1400 lamento
1605 1376 1633 1400 et
1647 1372 1757 1407 planctu

970 1422 1059 1449 omnia
1079 1421 1271 1448 redundarunt.
1292 1419 1418 1447 Testatur
1432 1423 1459 1446 et
1474 1417 1618 1454 Iosephus.
1635 1417 1702 1444 Nam
1730 1417 1757 1444 in

971 1468 1049 1505 libris
1061 1467 1097 1493 De
1109 1467 1175 1493 bello
1185 1465 1300 1492 Iudaico
1312 1465 1410 1492 alicubi
1423 1465 1457 1492 de
1469 1463 1652 1499 Hierosolyma
1665 1463 1757 1490 scribit

973 1515 998 1542 in
1014 1516 1070 1542 hac
1088 1514 1168 1541 verba
1187 1522 1192 1538 :
1210 1513 1283 1541 Urbe
1302 1518 1356 1539 tota
1377 1512 1531 1547 plangores,
1550 1515 1577 1538 et
1588 1511 1715 1546 gemitus,
1733 1513 1760 1537 et

972 1560 1090 1587 lamenta
1119 1559 1212 1587 dolore
1233 1565 1361 1592 expressa
1385 1557 1437 1584 late
1463 1556 1650 1584 audiebantur.
1672 1555 1706 1582 Et
1730 1559 1760 1581 ut

972 1614 1032 1634 eam
1058 1606 1189 1633 Libanum
1217 1609 1244 1632 et
1273 1604 1372 1631 saltum
1399 1603 1522 1635 vocavit,
1546 1610 1608 1630 eum
1633 1602 1759 1630 diceret:

975 1661 985 1678 ι
1000 1652 1096 1687 Aperi,
1113 1651 1329 1685 Libane,portas
1350 1654 1419 1680 lnas,
1434 1653 1461 1675 ct
1482 1648 1551 1682 ignis
1574 1646 1699 1675 comedat
1715 1653 1761 1674 ce-

972 1698 1036 1725 dros
1057 1702 1127 1724 tuas.
1147 1695 1236 1724 Ululet
1257 1695 1346 1730 pinus,
1366 1694 1428 1728 quia
1450 1693 1548 1720 cecidit
1566 1692 1674 1724 cedrus,
1690 1699 1761 1726 quo-

974 1744 1044 1770 niam
1068 1747 1207 1777 magnatcs
1221 1740 1394 1767 vehementer
1410 1739 1470 1766 facti
1494 1742 1557 1766 sunt
1570 1737 1674 1765 miseri.
1694 1736 1760 1766 Uiu-

974 1790 1037 1822 latc,
1054 1795 1171 1823 quercus
1197 1786 1381 1817 Basanitidis,
1411 1785 1538 1820 quoniam
1572 1783 1691 1811 succisus
1720 1787 1761 1810 cst

973 1835 1056 1862 saltus
1071 1833 1212 1861 consltus'
1228 1841 1235 1859 :
1257 1841 1265 1857 ι
1285 1831 1324 1858 sic
1348 1838 1421 1858 nunc
1439 1831 1503 1857 item
1521 1829 1619 1856 malum
1635 1828 1760 1863 punieam

974 1881 1092 1908 excisam
1119 1879 1243 1914 appellat.
1265 1877 1354 1904 Testis
1377 1876 1481 1903 accedit
1508 1880 1535 1902 et
1560 1875 1667 1902 divinus
1693 1873 1761 1900 Mat-

974 1926 1072 1956 tlneus.
1105 1926 1150 1952 ubi
1181 1923 1280 1958 populo
1300 1921 1456 1949 Iudaeorum
1480 1920 1516 1947 ita
1544 1920 1759 1954 prmnnntiatur:

978 1971 1062 1998 dum
1091 1970 1195 1997 securis
1222 1969 1255 1995 ad
1286 1968 1404 1995 radicem
1438 1966 1564 1993 arborum
1596 1965 1680 2000 posita
1709 1969 1760 1991 est.

975 2017 1070 2047 Omnis
1099 2017 1180 2051 igitur
1207 2015 1289 2041 arbor
1311 2020 1364 2040 non
1394 2012 1484 2039 ferens
1509 2011 1624 2038 fructum
1649 2010 1760 2042 bonum,

975 2061 1155 2094 cxscinditur,
1175 2065 1202 2087 et
1218 2060 1244 2086 in
1261 2059 1348 2093 ignem
1371 2056 1497 2089 mittitur,
1513 2059 1540 2082 et
1560 2055 1636 2082 ardet
1647 2054 1667 2081 ⁸.
1687 2064 1696 2080 ι
1718 2054 1762 2081 lu-

975 2109 1034 2144 quit
1049 2115 1125 2141 ergo,
1140 2110 1230 2134 tantus
1254 2104 1367 2132 exsistet
1393 2103 1419 2129 in
1451 2109 1482 2129 ea
1507 2101 1640 2136 planctus,
1675 2107 1762 2134 quan-

976 2159 1019 2182 tus
1051 2155 1226 2181 exarescente
1258 2150 1316 2185 ejus
1351 2149 1438 2176 fructu
1462 2147 1620 2182 improviso,
1645 2151 1671 2173 et
1703 2145 1760 2179 ipsa

975 2200 1076 2228 excisa.
1093 2208 1102 2224 ι
1118 2198 1229 2232 Plauget
1251 2201 1340 2222 autem
1357 2200 1428 2222 terra
1445 2201 1493 2228 per
1514 2192 1600 2220 tribus
1613 2196 1640 2219 et
1661 2191 1760 2223 tribus.

126 2242 186 2276 οἷος
207 2245 240 2271 ἂν
256 2244 361 2278 γένοιτο
384 2242 497 2278 ροῶνος,
521 2241 695 2277 ἑκτεῦηλότος
712 2242 787 2276 αὐτῷ
804 2242 921 2278 δηλονότι

980 2251 1006 2273 et
1028 2245 1153 2273 mulieres
1173 2250 1266 2269 eorum
1288 2248 1419 2268 seorsum.
1438 2249 1447 2264 ι
1474 2237 1531 2266 Νοη
1557 2241 1680 2272 putamus
1696 2243 1762 2264 sane

127 2290 178 2317 τοῦ
195 2289 312 2326 καρποῦ,
328 2289 374 2315 καὶ
387 2288 527 2324 ἀδοκήτως
540 2286 760 2322 ’ἐκκόπτομένου.
779 2296 787 2312 ι
803 2287 923 2322 Κόψεται

128 2337 159 2363 δὲ
174 2337 191 2372 ἡ
208 2336 245 2371 γῆ
264 2335 335 2362 κατὰ
352 2335 437 2369 φυλὰς
453 2334 549 2369 φυλὰς,
573 2334 621 2360 καὶ
641 2333 670 2359 αἱ
693 2334 819 2367 γυναῖκες
835 2334 924 2361 αὐτῶν

129 2382 192 2409 καθ’
212 2381 322 2413 ἑαυτάς.
336 2390 345 2406 ο
363 2381 418 2407 Καὶ
431 2380 493 2406 οὔτε
507 2378 558 2406 πού
576 2387 665 2414 φαμεν
679 2379 766 2405 ἐκεῖνο
783 2379 924 2414 βούλεσθαι

129 2427 229 2462 δηλοῦν
247 2427 294 2454 τὸν
311 2426 444 2462 μακάριον
459 2425 611 2461 προφήτην,
625 2424 662 2456 ὡς
676 2425 785 2460 ὲστήκοι
809 2425 856 2460 μὲν
873 2423 924 2452 ἀνὰ

132 2474 216 2510 μέρος
231 2473 263 2500 τὸ
276 2473 359 2509 ἄρσεν
373 2474 400 2498 ἐν
417 2472 520 2507 ἑκάστῃ
538 2471 619 2506 φυλῇ,
632 2471 683 2498 ἀνὰ
702 2471 783 2507 μέρος
797 2472 826 2498 δὲ
845 2471 879 2498 αὖ
896 2473 924 2499 τὺ

131 2520 212 2555 θῆλυ,
236 2520 284 2546 καὶ
312 2519 470 2554 ποιήσονται
495 2517 542 2544 τὸν
559 2518 689 2544 κοπετόν·
707 2518 834 2553 περιττὸν
857 2519 924 2554 γὰρ,

129 2567 169 2598 ὡς
193 2565 283 2597 ἔοικε,
303 2565 334 2591 τὸ
361 2564 473 2599 χρῆμα,
502 2563 549 2590 καὶ
577 2562 770 2590 είκαιόϐου).ον.
798 2563 923 2590 Διδάσκει

127 2613 159 2640 δὲ
185 2611 286 2647 μᾶλλον
303 2611 340 2642 ὼς
355 2611 458 2644 ἑκάστη
474 2609 544 2644 φυλὴ
567 2609 639 2636 κατὰ
664 2609 717 2635 τῶν
740 2610 768 2635 ἐν
785 2609 853 2645 αὐτῇ
878 2618 926 2643 γυ-

130 2659 234 2686 ναικῶν
259 2658 328 2684 ἰδίαν
351 2657 407 2690 ἕξει
430 2657 491 2683 τινὰ
515 2656 564 2683 τοῦ
589 2656 689 2691 θρήνου
713 2656 762 2692 τὴν
787 2657 924 2692 ἀφορμήν.

131 2705 226 2741 Ταύτῃ
238 2713 280 2731 τοι
294 2704 378 2739 φησὶν
392 2704 451 2730 ὅτι(
463 2703 534 2738 Φυλὴ
551 2703 624 2729 οίκου
642 2703 723 2729 Δαϐὶδ
740 2703 800 2729 καθ’
818 2703 925 2738 ἑαυτήν,

129 2752 178 2779 καὶ
195 2752 225 2778 αἱ
245 2752 373 2786 γυναῖκες
395 2749 484 2776 αὐτῶν
499 2748 560 2776 καθ’
581 2749 688 2780 ἑαυτάς.
705 2757 714 2774 ι
732 2749 787 2775 Καὶ
809 2749 841 2784 δὴ
861 2749 926 2784 φέρε

128 2798 266 2833 λέγωμεν,
280 2796 317 2828 ὠς
332 2796 382 2828 ἔνι,
398 2795 444 2822 τὸν
459 2794 576 2830 ἑκάστης
601 2794 690 2821 πόνον.
705 2795 736 2820 υἱ
753 2794 803 2830 μὲν
824 2795 878 2831 γὰρ
895 2796 927 2822 ἐκ

165 2885 306 2914 'Zacbar.
322 2893 360 2919 ιι,
380 2884 444 2918 l,2.
484 2883 599 2912 ’Matth.
620 2889 662 2917 ιιι,
679 2882 723 2910 lo.

977 2292 1084 2319 beatum
1111 2290 1268 2325 prophetam
1292 2287 1358 2314 illud
1380 2286 1469 2318 velle,
1493 2285 1520 2312 in
1547 2284 1666 2320 qualibet
1692 2283 1760 2310 tribu

978 2342 1102 2365 seorsum
1126 2342 1215 2362 mares
1243 2341 1258 2360 a
1287 2332 1395 2360 feminis
1417 2335 1552 2364 staturos,
1574 2335 1601 2357 et
1623 2330 1761 2364 planctum

978 2383 1106 2414 daturos;
1120 2383 1170 2408 hoc
1186 2380 1258 2408 enim
1277 2385 1507 2413 supervacaneum
1526 2382 1552 2403 et.
1575 2375 1762 2403 inconsidera-

979 2436 1034 2456 tum
1059 2429 1137 2455 foret.
1155 2427 1220 2453 lllud
1245 2425 1334 2460 potius
1353 2425 1442 2456 docet,
1469 2429 1687 2456 unamquamque
1713 2421 1762 2448 tri-

979 2475 1041 2501 bum
1061 2481 1121 2500 cum
1145 2471 1254 2499 feminis
1268 2470 1324 2497 suis
1337 2469 1500 2504 peculiarem
1514 2466 1678 2493 lamentandi
1696 2472 1763 2493 can—

977 2527 1034 2547 sam
1061 2518 1225 2545 babiluram.
1255 2515 1357 2543 Idcirco
1385 2514 1471 2549 inquit
1497 2521 1503 2539 :
1532 2511 1653 2538 «Tribus
1681 2510 1763 2537 David

977 2572 1111 2596 seorsum,
1129 2570 1153 2591 et
1175 2563 1302 2590 innlieres
1325 2568 1420 2589 eorum
1443 2565 1576 2587 seorsum.
1592 2567 1601 2582 ι
1617 2556 1678 2583 Jam
1699 2563 1763 2583 vero

974 2615 1104 2646 quantum
1130 2616 1273 2644 possumus
1288 2607 1432 2641 cujuslibet
1447 2604 1620 2632 alllictionem
1634 2601 1762 2636 explane-

976 2645 1044 2683 mus.
1070 2654 1195 2681 Tribules
1219 2654 1291 2680 enim
1313 2659 1328 2679 e
1357 2652 1427 2678 tribu
1450 2649 1544 2681 David,
1568 2648 1625 2675 sive
1646 2645 1726 2677 Inda,
1748 2653 1764 2672 e

977 2709 1059 2736 regno
1075 2700 1170 2732 excisi,
1187 2699 1349 2733 impotenter
1362 2697 1474 2730 ejulant,
1489 2700 1517 2722 ut
1537 2699 1609 2721 tanto
1621 2691 1764 2727 splendore

976 2747 1094 2782 spoliati.
1107 2745 1207 2772 Levita:
1221 2751 1296 2775 vero,
1308 2741 1453 2769 sacerdotii
1471 2742 1573 2768 honore
1584 2737 1698 2773 depulsi,
1710 2743 1764 2763 una

977 2800 1038 2821 cum
1060 2791 1219 2819 untlicribus
1233 2787 1354 2824 planctui
1370 2794 1399 2814 se
1419 2787 1532 2814 dabunt.
1550 2785 1586 2813 De
1603 2783 1703 2811 familia
1716 2788 1764 2809 att-
