1916 3053
157 172 209 201 ΞἮ

652 165 681 192 S.
703 163 840 192 CYlilLLl
861 161 1099 190 ALEXANDRINI
1120 160 1281 188 ARCIIIEP.

1739 156 1795 184 228

122 254 129 260 .
159 237 213 257 tem
230 228 337 256 Nathan
354 226 409 260 (hic
422 230 480 252 erat
495 224 639 259 propheta,
662 230 712 251 nec
727 223 838 250 omniuo
853 223 947 257 verax)

1011 222 1087 256 ρυλῆς
1107 220 1199 253 Δαῦὶδ,
1214 219 1272 254 ἤτοι
1294 217 1341 244 τοῦ
1361 216 1460 248 Ἰούδα,
1483 215 1532 250 τῆς
1549 214 1687 250 βασιλείας
1714 215 1811 242 ἐκκο-⁴

159 275 285 303 similiter
305 273 432 308 plangant
448 281 455 298 -.
472 279 526 297 non
544 270 616 298 enim
644 270 735 297 licebit
758 269 811 296 illis
834 268 950 304 amplius

160 319 303 348 vaticinari
320 318 424 353 iniqua,
436 322 464 345 et
477 317 549 352 loqui
563 316 598 344 de
611 317 693 344 corde
707 323 756 343 suo
768 315 790 347 ⁸,
804 320 831 342 et
847 321 950 342 sermo-

161 373 210 394 nes
239 373 304 393 suos
335 371 386 399 pro
419 363 518 391 divinis
548 363 687 390 venditare
715 361 948 396 imprudentibus,

126 426 127 429 η
161 413 277 445 indeque
292 416 371 445 turpe
393 410 498 437 lucrum
514 408 654 442 colligere.
671 407 757 434 llabet
772 414 852 441 porro
868 406 951 433 tradi-

161 458 210 490 tio,
227 457 336 484 Judatos
349 456 455 491 iudices
471 463 519 490 per
530 459 653 489 tempora
668 461 717 480 sua
729 452 903 484 constitutos,
917 451 951 479 de

161 503 232 530 tribu
249 501 390 537 Symwuis
416 500 524 535 legisse,
543 499 625 535 786
644 502 736 532 utpote
761 505 821 532 qua:
843 496 952 524 ﬂoreret

160 549 228 576 viris
243 547 476 583 prudentissimis,
500 550 528 573 ct
551 545 640 579 legum
661 543 860 576 scientissimis,
880 547 908 570 et
925 542 950 569 in

161 596 216 622 vita
233 595 266 622 ad
287 594 360 628 leges
376 592 579 620 accommodata
597 590 704 618 cancris
721 589 805 616 multo
819 593 952 624 praestan-

162 640 288 668 tioribus.
314 639 546 670 Lamentalutntur
572 641 663 664 autem
691 635 718 662 bi
733 642 850 670 quoque.
877 634 952 662 llanc

161 687 196 714 ob
226 693 336 714 causam
363 685 440 716 dicit,
470 684 571 710 tribum
593 683 709 718 Symeon
739 678 950 708 lamentatnram

162 739 294 759 seorsum.
314 730 373 757 Non
396 729 468 756 enim
488 729 596 756 sincere
608 727 702 761 judicii
727 734 823 754 nmnus
838 732 952 753 exerce-

163 779 237 809 bant,
259 783 346 810 neque
363 775 464 802 divinis
482 773 586 808 legibus
605 773 798 806 obsequentes,
813 778 872 806 qua:
898 771 952 798 Deo

162 822 308 856 placerent,
333 824 463 855 prastarc
485 819 666 850 conabantur,
685 817 732 845 sed
756 817 840 844 lucris
863 815 952 851 potius

162 867 313 898 inhiabant,
327 866 464 894 levissimo
483 865 569 899 pretio
584 864 665 892 ﬁdem
684 870 760 891 suam
784 863 951 894 addicentes,

1001 268 1108 298 πέντες,
1129 263 1346 299 κατοιμώζουσιν
1361 263 1493 298 ἀσχέτως,
1508 261 1546 293 ὡς
1561 261 1610 297 τῆς
1628 260 1699 287 οὕτω
1717 268 1796 295 περι-

1001 312 1102 347 φανοῦς
1116 311 1240 342 εὐκλείας
1260 308 1500 344 ἀποστερούμενοι.
1521 307 1554 333 Οἵ
1571 315 1603 341 γε
1622 306 1675 342 μὴν
1695 307 1727 332 ὲκ
1745 307 1797 341 τῆς

1000 357 1048 385 τοῦ
1063 357 1205 390 Λευὶ,τῶν
1220 358 1251 384 ὲκ
1268 356 1317 391 τῆς
1333 354 1482 391 ἱερωσύνης
1496 351 1681 387 ἐξωθούμενοι
1694 351 1795 388 γεριῖιν,

1000 403 1070 439 όμοῦ
1085 402 1192 437 γυναιξὶ
1207 402 1364 436 ποιήσονται
1383 400 1428 427 τὸν
1442 399 1557 435 κομμόν.
1572 399 1603 425 Ol
1617 398 1646 425 δὲ
1663 399 1695 424 ὲκ
1709 397 1798 433 φυλῆς

1001 449 1048 476 τοῦ
1066 449 1171 481 Νάθαν,
1191 449 1335 485 προφήτης
1348 446 1377 473 δὲ
1391 443 1468 477 οὗτος
1480 444 1525 480 ἧν,
1546 445 1594 471 καὶ
1613 444 1674 479 οὐχὶ
1687 444 1798 474 πάντως

1001 493 1114 530 ἀληθὴς,
1131 493 1258 527 κόψονται
1280 492 1373 518 πάλιν·
1389 491 1419 517 οὐ
1436 489 1491 525 γὰρ
1509 487 1544 525 ἦν
1558 489 1650 520 αὐτοῖς
1671 488 1712 514 ἔτι
1729 495 1798 523 προ-

1002 539 1130 575 φητεύειν
1140 539 1231 571 ἄδικα,
1245 537 1292 564 καὶ
1310 537 1401 564 λαλεῖν
1418 536 1453 562 τὰ
1468 534 1523 562 ἀπὸ
1539 533 1662 570 καρδίας,
1678 533 1727 560 καὶ
1741 534 1799 567 τοῖς

1002 586 1142 617 ἀσυνέτως
1160 584 1330 612 καταπωλεῖν
1341 583 1380 615 ὡς
1397 582 1472 618 παρὰ
1485 581 1554 608 Θεοῦ
1573 581 1636 612 τοὺς
1654 579 1737 612 ἰδίους
1757 579 1801 606 λό-

1002 641 1084 667 γους,
1107 631 1152 659 καὶ
1173 631 1222 662 τὰς
1248 629 1373 657 ἐντεῦθεν
1400 627 1540 662 συλλέγειν
1564 625 1798 661 αἰσχροκερδείας.

1004 679 1081 714 Ἔχει
1094 678 1122 704 δὲ
1137 679 1153 712 ἡ
1168 677 1327 712 παράδοσις,
1342 676 1384 702 ὅτι
1402 675 1465 706 τοὺς
1482 672 1579 709 κριτὰς
1597 672 1720 699 Ἰουδαῖοι
1735 671 1800 703 τοὺς

1003 723 1218 758 καθισταμένους
1235 722 1305 750 κατὰ
1319 720 1430 756 καιροὺς
1441 721 1473 747 ὲκ
1485 719 1534 755 τῆς
1551 718 1663 753 Συμεὼν
1677 718 1801 752 ἐδέχοντο

1003 771 1100 805 φυλῆς,
1114 769 1161 796 ἅτε
1175 769 1207 803 δὴ
1228 767 1428 798 συνετωτάτους
1457 766 1505 793 καὶ
1519 764 1683 800 νομομαθεῖς
1699 764 1801 798 ἄνδρας

1004 816 1130 851 ἐχούσης,
1145 815 1192 842 καὶ
1208 814 1275 841 πολὺ
1292 813 1347 840 τῶν
1357 812 1445 840 ἄλλων
1464 810 1699 847 προφερεστέρους
1711 809 1752 840 εἴς
1769 817 1801 842 γε

1003 863 1034 889 τὸ
1048 862 1097 897 ζῇν
1120 860 1229 888 ἑλέσθαι
1247 859 1378 894 ἐννόμως.
1399 857 1447 885 Διὰ
1465 857 1546 884 τοῦτο
1564 865 1647 891 φησιν
1668 856 1710 883 ὅτι
1726 854 1800 890 Φυλὴ

160 918 188 940 ct
218 917 248 940 ut
275 912 313 939 ait
339 912 496 946 propheta:
521 909 655 937 «Iudices
682 916 776 936 eorum
805 908 877 935 sicut
900 907 952 942 lupi

1011 908 1117 943 Συμεὼν
1139 906 1251 941 κόψεται
1269 905 1329 933 καθ’
1348 904 1460 938 ἑαυτήν.
1475 903 1554 934 Ἰδιος
1567 902 1597 929 δέ
1615 911 1657 934 τις
1673 902 1721 928 καὶ
1738 903 1801 928 τού-

160 958 270 985 Arabia:
294 958 316 984 ⁵.
332 967 341 983 i
363 956 518 984 Latnentari
537 961 626 983 autem
648 949 700 982 itna
717 954 799 982 etiam
815 953 882 982 alias
905 952 951 980 tri-

161 1004 213 1031 bus
226 1003 379 1037 oportebat,
395 1000 641 1037 ut‘jucundissimis
657 1000 708 1027 sibi
727 999 824 1026 ritibus
846 1003 872 1025 et
888 997 955 1025 locis

160 1047 275 1082 cjectas,
296 1048 351 1074 imo
368 1051 395 1074 et
407 1047 465 1081 ipsa
488 1051 576 1073 morte
596 1052 689 1073 earum
710 1045 842 1079 capitibus
863 1043 953 1072 lnllill-

162 1098 256 1125 nente,
279 1093 392 1128 ipsaque
407 1092 481 1121 fame
501 1092 588 1120 instar
609 1091 716 1119 hostilis
737 1089 820 1125 gladii
837 1096 884 1117 eas
906 1089 952 1116 ab.

161 1144 294 1166 sumente.

1006 961 1062 984 τοις
1076 952 1089 978 ό
1104 951 1212 987 θρῆνος.
1228 951 1264 977 Οὐ
1284 949 1338 985 γὰρ
1353 949 1459 984 ἔκρινον
1479 947 1577 983 ὀρθῶς,
1592 946 1654 973 οὔτε
1673 946 1727 981 μὴν
1745 947 1801 977 τοῖς

1004 997 1088 1028 θείοις
1108 996 1228 1027 εἴκοντες
1243 995 1347 1030 νόμοις,
1363 994 1394 1021 τὺ
1408 993 1448 1029 τῷ
1461 992 1520 1028 Θεῷ
1534 992 1629 1020 δοκοῦν
1649 991 1802 1026 ἀποπεραί-

1004 1052 1060 1071 νειν
1084 1043 1261 1074 ἐσπούδαζον,
1284 1039 1354 1076 ἦσαν
1378 1040 1408 1067 δὲ
1433 1040 1532 1075 μᾶλλον
1551 1038 1735 1074 φιλοκερδεῖς,
1755 1037 1802 1064 καὶ.

1002 1089 1180 1120 εὐωνότατοι,
1203 1088 1250 1115 καὶ
1313 1095 1396 1122 φησιν
1416 1087 1430 1112 ὁ
1453 1086 1614 1121 προφήτης,
1633 1094 1642 1109 ι
1657 1085 1688 1110 Οἱ
1709 1084 1801 1118 κριταὶ

1002 1136 1087 1171 αὐτῆς
1101 1135 1138 1167 ὡς
1151 1134 1228 1161 λύκοι
1245 1134 1294 1169 τῆς
1308 1133 1466 1169 ’Δραδίαςδ
1479 1131 1677 1166 Συνοδύρεσθαι
1691 1130 1721 1156 δὲ
1735 1129 1801 1156 ταύ-

160 1193 220 1216 Ιταις
240 1186 388 1220 ἀναγκαῖόν
404 1194 462 1217 πως
481 1183 516 1220 ἦν
551 1184 599 1211 καὶ
634 1183 684 1214 τὰς
704 1183 800 1218 ἑτέρας
818 1182 919 1216 φυλὰς,
938 1182 986 1209 ἆτε
1005 1182 1037 1218 δὴ
1058 1182 1111 1209 τῶν
1130 1182 1247 1216 ἡδίστων
1264 1181 1360 1211 αὑταῖς
1379 1179 1448 1206 ἐθῶν
1467 1187 1496 1205 τε
1518 1178 1566 1205 καὶ
1587 1177 1678 1203 τόπων
1697 1177 1802 1210 ἐκπεμ-

162 1231 294 1266 πομένας,
313 1233 413 1267 μᾶλλον
427 1233 456 1258 δὲ
472 1233 518 1258 καὶ
534 1230 615 1257 αὑτοῦ
631 1229 746 1257 θανάτου
762 1229 953 1265 ἐπηρτημένου
973 1231 1032 1261 ταῖς
1066 1230 1141 1264 σφῶν
1160 1229 1292 1264 κεφαλαῖς
1309 1227 1466 1262 ,φθάνοντος
1482 1227 1511 1253 δὲ
1543 1226 1637 1261 ὥσπερ
1652 1223 1706 1252 τῶν
1722 1223 1801 1250 πολε-

164 1281 232 1312 μίων
246 1278 277 1304 τὸ
291 1278 366 1312 ξίφος
383 1278 431 1304 καὶ
444 1276 527 1304 αὑτοῦ
543 1275 590 1303 τοῦ
607 1276 697 1311 λιμοῦ.

473 1342 550 1370 CAP.
572 1342 641 1370 XIII.

199 1413 278 1440 Vilis.
307 1412 332 1438 l.
356 1410 388 1438 In
405 1410 447 1438 die
464 1409 511 1437 illa
534 1410 582 1436 erit
598 1409 682 1436 omnis
705 1408 777 1435 locus
800 1413 904 1442 apertus
925 1409 952 1434 in

162 1460 240 1486 domo
264 1457 360 1490 David,
375 1461 398 1484 et
418 1456 600 1483 habitantibus
615 1453 774 1486 Jerusalem,
789 1459 814 1482 et
827 1455 853 1481 in
866 1460 953 1480 trans-

162 1505 337 1532 mutationcm
363 1508 385 1531 et
400 1502 588 1537 aspersionem.

199 1593 290 1621 XCVI.
310 1593 379 1628 _I‘ost
402 1593 455 1620 hoc
479 1591 625 1619 adventum
652 1589 751 1618 Christi
779 1591 954 1625 diligentibus

164 1646 297 1668 eventura
316 1639 463 1674 percurrit.
479 1638 530 1671 Qui
547 1638 620 1666 enim
643 1637 669 1665 in
693 1645 742 1664 sua
767 1637 955 1664 incredulitate

166 1686 328 1714 insolentius
351 1693 380 1713 se
403 1689 559 1721 gesserunt,
578 1683 789 1716 obsidebantur,
807 1683 906 1717 inquit,
929 1687 956 1710 et

166 1733 192 1760 in
209 1732 327 1759 miseriis
341 1731 399 1759 suis
417 1730 569 1766 ejulabunt.
589 1730 638 1757 Ast
655 1730 683 1756 in
705 1736 747 1761 ea,
762 1736 842 1764 quam
866 1733 956 1756 mente

165 1782 332 1814 spectamus,
363 1782 391 1805 et
415 1784 480 1805 vere
510 1781 605 1804 sancta
628 1774 850 1810 Hierosolyma“,
876 1779 903 1802 ct
927 1774 954 1801 in

165 1824 246 1850 domo
265 1822 359 1854 David,
378 1822 428 1850 hoc
441 1826 493 1854 est,
511 1821 642 1854 Ecclesia,
665 1820 710 1847 ubi
727 1827 759 1847 ex
777 1819 883 1847 semine
905 1819 955 1847 Da-

165 1869 211 1896 vid
227 1868 376 1896 secundum
388 1875 498 1895 carnem
513 1867 638 1895 Christus
653 1866 820 1901 apparuerit,
836 1875 846 1892 ί
862 1865 955 1895 Omnis

166 1915 242 1942 locus
266 1913 379 1948 patebit,
395 1922 406 1940 ι
433 1913 558 1946 hocest,
586 1911 670 1939 multa
694 1912 747 1939 erit
774 1912 900 1943 latitudo,
927 1916 955 1938 ct

165 1959 243 1995 quasi
256 1959 397 1986 remissum
408 1963 436 1989 et
451 1959 556 1991 laxum,
571 1957 827 1993 optatissimumque
842 1962 869 1984 et
880 1957 953 1984 omni

165 2005 288 2033 molestia
309 1998 506 2033 solutissimum
526 2003 630 2031 vivendi
653 2011 747 2038 genus.
773 2002 849 2030 Scias
874 2011 954 2037 porro

165 2051 258 2084 velim,
284 2052 310 2079 in
328 2052 441 2079 Hebraea
463 2051 582 2078 editione
601 2051 763 2077 sententiam
785 2050 855 2078 hanc
878 2050 955 2077 aliter

165 2102 284 2124 exstare.
301 2096 367 2124 Nam
381 2104 440 2131 pro,
457 2104 467 2121 ε
483 2095 541 2123 Erit
552 2095 641 2123 omnis
655 2095 729 2122 locus
743 2101 864 2130 apertus,
881 2105 889 2120 ι
905 2096 952 2129 ait,

164 2143 225 2171 fore
245 2148 274 2170 ut
292 2143 382 2170 omnis
409 2141 470 2169 fons
488 2142 629 2170 scaturiat.
647 2141 680 2169 Et
695 2142 834 2176 probabile
848 2146 890 2169 est
908 2142 954 2169 ad»

166 2189 293 2220 modum,
316 2188 399 2216 etiam
415 2187 485 2215 LXX
500 2189 751 2224 interpretationem
774 2188 870 2216 eodem
896 2193 954 2215 ten-

166 2235 241 2266 dere,
267 2234 393 2268 quamvis
415 2234 498 2261 verba
523 2241 602 2261 secus
623 2235 752 2265 habeant,
780 2238 808 2260 ut
826 2233 952 2268 quiddam

166 2279 299 2315 ejusmodi
321 2279 499 2314 signiﬁcetur.
517 2279 656 2307 lncredula
680 2286 775 2314 nempe
802 2284 829 2306 et
843 2279 953 2306 recalci-

167 2330 253 2357 trans,
279 2332 407 2360 perversa
445 2330 473 2353 et
501 2325 649 2360 apostatrix
676 2324 837 2356 Jerusalem,
869 2333 954 2359 (qua:

166 2372 268 2400 occidit
282 2372 438 2407 prophetas,
457 2377 485 2400 et
501 2372 603 2407 lapidat
617 2379 664 2399 eos
684 2371 730 2406 qui
749 2372 783 2398 ad
797 2379 857 2399 eam
879 2372 952 2399 missi

166 2418 262 2450 sunt",
281 2427 290 2444 ι
307 2418 456 2453 condignas
481 2417 594 2446 audacia
618 2425 667 2445 sua
693 2425 787 2450 poenas
808 2418 952 2452 persolvet.

167 2464 350 2492 Exscindelur
366 2465 451 2497 enim,
467 2472 517 2492 ceu
536 2464 622 2491 malus
641 2463 749 2498 punica.
765 2464 954 2492 llabitanlibus

167 2515 257 2538 autem
273 2509 423 2538 Jerusalem
437 2517 498 2544 quae
511 2508 688 2544 intelligentia
707 2510 882 2544 conspicitur,
896 2511 954 2538 sive

166 2557 277 2584 domum
300 2557 380 2589 Juda,
407 2556 434 2583 id
459 2560 512 2588 est,
539 2553 653 2586 Christi,
677 2556 753 2583 «erit
770 2555 858 2583 omnis
880 2556 954 2584 locus

167 2607 288 2636 apertus,
304 2611 313 2627 ι
332 2603 389 2628 sive
404 2601 430 2627 in
449 2600 523 2628 omni
539 2599 599 2627 loco
614 2599 684 2634 fons,
701 2601 868 2636 purgationis
883 2610 952 2636 aqua

168 2655 292 2680 manans,
317 2647 410 2681 utique
435 2646 506 2674 sacri
535 2646 726 2682 baptismatis,
750 2647 783 2675 ad
809 2647 952 2675 utilitatem

167 2693 347 2726 credentium,
372 2701 381 2718 ι
397 2696 423 2719 et
449 2692 475 2719 in
503 2693 755 2720 transmutationem
777 2693 858 2728 787
873 2698 900 2720 et
926 2693 953 2720 in

166 2740 362 2774 aspersionem.
378 2748 388 2765 ο
403 2738 530 2772 Quzenam
552 2740 603 2768 ista
624 2740 831 2768 transmutatio?
848 2739 954 2767 Judaeu-

168 2792 227 2812 rum
251 2792 283 2812 ex
309 2784 476 2812 institutione
500 2785 577 2821 legali
604 2785 637 2814 ad
658 2786 741 2813 vitam
771 2786 798 2812 in
827 2785 952 2817 Christo,

203 2874 213 2888 ‘
226 2872 326 2900 .lcrem.
341 2882 418 2906 nun.
434 2874 475 2902 l6.
515 2876 523 2890 ⁵
541 2875 660 2907 Sophon.
676 2882 717 2907 nt,
733 2875 758 2901 3.

799 2875 808 2887 ⁶
823 2873 903 2901 llebr.
923 2880 970 2906 xu,
986 2873 1029 2900 ‘22.

1314 1339 1440 1365 ΚΕΦΛΛ.
1458 1337 1507 1365 ll".

1047 1407 1096 1434 Ἐν
1109 1406 1145 1441 τῇ
1165 1406 1259 1441 ἡμέρᾳ
1278 1406 1378 1440 ἐκείνῃ
1400 1405 1486 1432 ἔσται
1502 1405 1561 1438 πᾶς
1580 1406 1672 1436 τόπος
1689 1404 1799 1431 διανοι-

1006 1452 1132 1486 γόμενυς
1151 1452 1187 1478 ἐν
1200 1451 1242 1484 τῷ
1256 1451 1329 1484 οῖκῳ
1341 1450 1440 1483 Δαὸιδ,
1455 1450 1505 1478 καὶ
1528 1449 1590 1483 τοῖς
1606 1449 1801 1477 κατοικοῦσιν

1012 1497 1216 1532 Ἰερουσαλὴμ,
1238 1498 1287 1524 καὶ
1307 1499 1351 1529 εις
1375 1496 1432 1532 τὴν
1456 1497 1666 1532 μετακίνησιν,
1686 1496 1737 1523 καὶ
1758 1497 1801 1528 εὶς

967 1533 987 1561 C
1004 1543 1058 1571 τὸν
1067 1544 1246 1578 ραντισμόν.

1042 1592 1107 1624 ις’.
1135 1590 1290 1625 Ἐπιτρέχει
1308 1589 1347 1624 τῷ
1371 1589 1443 1624 λόγῳ
1459 1589 1493 1615 τὰ
1518 1589 1587 1623 μετὰ
1612 1587 1691 1615 τοῦτο
1719 1588 1802 1614 πάλιν

1006 1636 1124 1671 ἐσόμενα
1144 1637 1201 1667 τοῖς
1224 1635 1381 1670 ἠγαπηκόσι
1403 1635 1453 1670 τὴν
1476 1635 1638 1670 ἐπιφάνειαν
1660 1634 1707 1661 τοῦ
1731 1635 1801 1668 Χρι-

1007 1681 1081 1708 στοῦ.
1102 1682 1134 1707 Οἱ
1155 1681 1204 1716 μὲν
1221 1681 1275 1715 γὰρ
1297 1682 1358 1712 ταῖς
1385 1680 1540 1712 ἀπειθείαις
1563 1680 1749 1716 ὲξυϐρικότες,
1773 1681 1801 1706 ἐν

1006 1727 1174 1762 πολιορκίαις
1189 1728 1307 1761 ἔσονται,
1326 1728 1402 1762 φησὶ,
1418 1727 1466 1754 καὶ
1481 1728 1528 1754 ὲπί
1547 1735 1578 1761 γε
1593 1728 1648 1758 τοῖς
1665 1727 1740 1762 σφῶν
1754 1728 1802 1753 αὺ-

1005 1774 1060 1801 τῶν
1076 1773 1274 1809 κατοιμώξουσι
1296 1775 1403 1806 κακοῖς,
1433 1775 1476 1800 Ἐν
1497 1774 1526 1800 δέ
1547 1782 1579 1808 γε
1596 1775 1628 1809 τῇ
1645 1775 1727 1809 νοητῇ
1755 1773 1801 1800 καὶ

1006 1821 1072 1856 ἁγίᾳ
1089 1821 1159 1848 κατὰ
1178 1821 1208 1847 τὸ
1232 1820 1332 1855 ἀληθὲς
1350 1820 1545 1856 Ἰερουσαλὴμ,
1564 1821 1612 1847 καὶ
1628 1821 1657 1847 ἐν
1676 1820 1716 1855 τῷ
1732 1820 1802 1855 οἴκῳ

1005 1866 1105 1898 Δαόὶδ,
1129 1866 1253 1893 τουτέστι
1280 1867 1314 1901 τῇ
1342 1865 1501 1901 Ἐκκλησία,
1521 1866 1568 1892 τοῦ
1594 1866 1745 1900 πεφηνότος
1770 1866 1802 1892 ἐκ

1007 1912 1161 1947 σπέρματος
1175 1911 1258 1938 Δαὸὶδ
1273 1911 1345 1938 κατὰ
1361 1911 1451 1947 σάρκα
1468 1912 1599 1947 Χριστοῦ,
1617 1921 1626 1937 ι
1644 1912 1702 1944 Πᾶς
1715 1911 1800 1942 τόπος

1005 1958 1081 1986 ἔσται
1111 1957 1352 1993 διανοιγόμενος,ι
1379 1958 1516 1990 τουτέστι,
1541 1958 1626 1993 πολλή
1651 1966 1693 1990 τις
1719 1959 1801 1994 εὐρυ-

1005 2004 1104 2039 χωρία,
1119 2004 1167 2031 καὶ
1181 2002 1236 2030 οἷον
1252 2004 1380 2040 ἀνειμένη
1395 2003 1485 2031 δίαιτα
1498 2005 1660 2040 τριπόθητος
1672 2005 1719 2031 καὶ
1732 2005 1801 2032 ἀπο-

1005 2050 1123 2085 νωτάτη.
1142 2050 1241 2077 ’ἰστέον
1256 2050 1285 2077 δὲ
1304 2051 1346 2077 ὃτι
1361 2051 1391 2077 τὸ
1409 2050 1491 2086 ῥητὸν
1506 2050 1627 2086 Ἑϐραῖοι
1643 2051 1725 2078 πάλιν
1741 2051 1799 2078 ἑτέ-

1006 2105 1060 2131 ρως
1073 2096 1263 2124 ἐκδεδώκασιν.
1281 2098 1355 2124 ’Λντὶ
1370 2097 1424 2133 γὰρ
1436 2098 1495 2130 τοῦ,
1513 2107 1523 2124 ι
1539 2098 1635 2124 Ἔσται
1650 2098 1704 2129 πᾶς
1717 2097 1799 2128 τόπος

1004 2142 1218 2178 διανοιγόμενος,
1233 2153 1242 2168 ι
1262 2144 1353 2170 πᾶσαν
1375 2143 1485 2170 ἔσεσθαι
1501 2143 1591 2178 πηγὴν
1611 2143 1799 2178 ἁναϐρύουσαν

1004 2188 1109 2224 ἔφησαν
1122 2188 1208 2215 αὐτοί,
1224 2189 1278 2215 Καὶ
1298 2189 1372 2221 εἰκός
1392 2198 1424 2224 γε
1447 2190 1559 2225 σφόδρα,
1580 2190 1690 2224 καὶτῆς
1711 2191 1798 2226 ἑρμη-

1006 2234 1079 2265 νείας
1096 2233 1152 2261 τῶν
1173 2234 1377 2270 Ἐὃδομήκοντα
1391 2235 1436 2262 τὸν
1456 2235 1556 2262 σκοπὸν
1575 2235 1615 2266 είς
1634 2235 1713 2261 τοῦτο
1734 2235 1799 2261 αὐτὸ

1008 2279 1202 2311 συντείνεσθαι,
1225 2280 1277 2307 κᾶν
1292 2281 1317 2306 εἰ
1340 2281 1440 2316 ἑτέρως
1457 2281 1514 2316 ἔχοι
1529 2282 1579 2316 τῆς
1596 2278 1650 2308 τῶν
1668 2281 1799 2316 ῥημάτων

1011 2326 1147 2361 προῳορᾱς
1159 2326 1173 2351 δ
1190 2326 1301 2362 τρόπος,
1317 2327 1360 2353 ἵνα
1373 2336 1400 2354 τι
1416 2326 1562 2364 τοιοῦτονῇ
1577 2328 1606 2354 τὸ
1623 2327 1796 2363 δηλούμενον.

1013 2371 1045 2397 Ἡ
1069 2371 1118 2406 μὲν
1140 2371 1194 2407 γὰρ
1214 2372 1344 2407 ἀπειθὴς,
1369 2373 1416 2399 καὶ
1435 2372 1540 2407 ὲξήνιος
1566 2373 1760 2408 Ἰερουσαλὴμ,
1781 2373 1798 2407 ὴ

986 2434 992 2443 ί
1007 2418 1114 2452 πονηρὰ
1127 2426 1157 2444 τε
1181 2418 1230 2444 καὶ
1246 2419 1411 2451 ἁποστάτις,
1437 2428 1446 2444 ι
1466 2419 1498 2446 'H
1514 2420 1711 2446 ἀποκτείνουσα
1735 2422 1798 2451 τοὺς

1008 2462 1159 2498 προφήτας,
1176 2464 1224 2490 καὶ
1236 2464 1409 2491 λιθοϐολοῦσα
1421 2465 1483 2496 τοὺς
1495 2465 1717 2500 ἀπεσταλμένους
1730 2465 1798 2501 προς

1007 2509 1102 2544 αὐτὴν,
1115 2519 1124 2535 ι
1143 2510 1193 2541 τὰς
1208 2512 1264 2542 τοῖς
1281 2511 1356 2542 ἰδίοις
1371 2510 1544 2546 τολμήμασιν
1565 2511 1703 2545 ἀναλόγως
1722 2512 1798 2546 Exod-

1008 2563 1057 2587 σας
1077 2555 1184 2582 ἀποτιεῖ
1203 2556 1290 2588 δίκας.
1309 2557 1506 2592 Ἐκκοπήσεται
1521 2558 1576 2593 γὰρ
1594 2558 1693 2592 ροῶνος
1708 2557 1796 2589 δίκην.

1007 2601 1069 2632 Τοῖς
1091 2609 1123 2635 γε
1141 2601 1194 2636 μὴν
1218 2602 1322 2628 οἰκοῦσι
1346 2603 1395 2638 τὴν
1412 2602 1509 2638 νοητὴν
1529 2603 1722 2638 Ἰερουσαλὴμ,
1738 2604 1797 2638 ἦτοι

1006 2645 1052 2671 τὸν
1066 2644 1140 2673 οἷκον
1156 2646 1250 2678 Ἰούδα,
1267 2647 1389 2673 τουτέστι
1415 2647 1545 2684 Χριστοῦ,
1565 2657 1573 2673 ι
1588 2647 1665 2675 ἔσται
1682 2649 1738 2680 πᾶς
1755 2648 1798 2674 τό-

1009 2701 1058 2724 πος
1076 2693 1287 2728 διανοιγόμενος,
1301 2703 1310 2719 ι
1334 2693 1416 2728 ἤγουν
1430 2694 1459 2720 ὲν
1477 2694 1559 2720 παντὶ
1578 2694 1654 2729 τόπῳ
1667 2694 1754 2729 πηγὴ,
1768 2694 1799 2720 τὸ

1008 2739 1058 2773 τῆς
1078 2739 1237 2772 καθάρσεως
1258 2739 1330 2775 ὕδωρ
1347 2740 1530 2776 ἀναϐρύουσα,
1547 2740 1628 2775 δῆλον
1650 2740 1678 2766 δὲ
1693 2741 1733 2766 ὅτι
1750 2739 1798 2767 τοῦ

1010 2784 1087 2818 ἁγίου
1111 2785 1310 2820 βαπτίσματος,
1333 2786 1370 2818 ὠς
1386 2784 1455 2814 εἷναι
1477 2788 1611 2823 χρήσιιιον
1634 2788 1691 2817 τοῖς
1716 2795 1798 2812 rtem.-

1081 2875 1089 2889 ⁷
1107 2873 1201 2901 Mulli).
1220 2882 1297 2907 unt,
1313 2878 1356 2904 37.
