1916 3053
65 177 119 204 ἓὶἱλ

477 177 751 206 COMMLNTARIUS
771 176 804 204 IN
826 174 1024 206 ZACHARMM
1047 179 1267 208 PnOl'llETAM.

1650 159 1723 211 “230‘

69 233 216 264 στευκὸσι,
246 243 255 258 ι
271 233 319 260 καὶ
343 234 382 264 εἰς
409 234 458 268 τὴν
484 237 671 270 μετακίνησιν,
697 236 744 262 καὶ
761 236 800 267 είς
822 234 867 262 τὸν

922 237 955 262 ab
976 237 1069 264 urnbra
1090 239 1121 264 ad
1135 239 1286 271 veritatem,
1306 247 1319 266 ιι
1332 243 1393 275 typo
1404 244 1430 266 ct
1453 239 1541 266 littera
1555 239 1588 266 ad
1602 239 1703 267 coitura

69 278 230 315 ραντισμόν.
246 288 256 303 ι
274 272 328 304 Κ⁴αὶ
343 278 383 310 τίς
406 280 422 313 ἡ
442 280 634 314 μετακίνησιςς
657 281 792 308 Ἰουδαίων
817 281 865 316 μὲν

66 326 98 350 ἐκ
114 324 235 359 νομικῆς
250 325 363 360 ἀγωγῆς
385 325 426 356 εἷς
447 325 584 353 πολιτείαν
601 327 651 362 τὴν
672 327 720 354 ἐπὶ
738 326 864 363 Χριστῷ

66 370 122 397 ἀπὺ
141 372 224 402 σκιᾶς
245 372 286 402 si;
306 371 444 406 ἀλήθειαν,
466 372 497 398 ὲκ
516 372 601 399 τύπου
619 373 665 399 καὶ
687 373 864 409 γράμματος,

67 419 106 448 είς
127 417 258 451 λατρείαν
282 418 481 453 πνευματικὴν.
498 418 612 454 Ἕλλησι
636 419 664 445 δὲ
689 420 866 454 μετακίνησις

66 462 108 493 τίς
125 462 221 494 ἔσταξα
241 462 287 494 Ἐξ
311 463 440 494 ἀπιστίας
464 463 577 498 ἥκουσιν
600 465 646 490 ἐπὶ
669 465 698 490 τὸ
721 465 865 491 πιστεῦσαι

68 506 200 542 Χριπῷ’
220 507 250 540 ἐξ
273 507 407 542 ἀμαθείας
432 507 481 541 τῆς
507 507 634 543 πρώτης,
657 509 696 540 είς
717 509 865 543 ἐπίγνωσιν

67 553 212 587 ἀκραιφνῆ
232 552 281 579 τοῦ
296 553 367 579 κατὰ
389 553 517 588 ἀλήθειαν
534 554 609 586 ὄντος
625 554 709 589 Θεοῦτ
726 555 779 581 ἀπὺ
803 556 866 582 σκό-

68 607 129 628 τους
159 599 201 629 εἰς
225 599 374 633 φωτισμόν.
405 599 591 634 Μετακίνησις
614 600 643 626 δὲ
668 601 759 636 κοινὴ,
783 601 865 627 παντὶ

70 644 215 676 πρέπουσα
228 643 268 677 τῷ
283 644 444 678 κεκλημένῳ
457 644 501 670 διὰ
519 645 568 680 τῆς
588 645 706 677 πίστεως
717 666 724 677 ,
748 646 864 681 Ἰουδαίῳ

69 697 97 714 τε
115 689 163 714 καὶ
175 689 300 724 Ἕλληνι,
314 689 368 715 ἀπὸ
382 688 429 715 τοῦ
449 691 557 724 φρονεῖν
578 690 613 716 τὰ
637 691 747 726 σαρκὸς,
769 691 815 717 ἐπὶ
834 692 865 718 τὸ

69 735 178 760 ἑλέσθαι
194 735 245 770 ζῇν
261 736 351 767 ὁσίως,
373 735 419 761 καὶ
441 736 578 770 καθαρῶς,
595 736 643 762 καὶ
660 739 820 772 περιπατεῖν
835 738 863 763 ἐν

70 781 226 815 πνεύματι,
248 781 318 807 κατὰ
333 782 381 815 τὴν
396 783 443 808 τοῦ
462 782 599 816 μακαρίου
623 781 729 809 Παύλου
752 783 862 817 φωνήν·

70 827 100 852 ἐκ
114 827 161 852 τοῦ
173 827 257 862 τιμᾷν
271 827 303 853 τὰ
318 828 347 852 ἐν
366 829 461 862 κόσμῳ
474 829 515 858 εὶς
530 827 561 854 τὸ
573 828 714 863 ἀγαπῆσαι
729 829 763 855 τὰ
779 829 865 864 ὑπερ-

71 872 181 906 κὸςμια.
196 873 257 898 Ὂτι
272 872 301 898 δὲ
318 873 347 898 τὸ
367 873 437 899 θεῖον
456 873 503 899 καὶ
524 874 594 909 ἱερὸν
611 873 750 909 δεχόμενοι
765 874 863 909 βάπτι-

917 283 1095 317 spiritualem.
1114 284 1241 317 Quzenam
1264 291 1352 312 autem
1374 286 1527 312 Gra‘corum
1543 286 1596 313 erit
1616 291 1704 313 trans~

917 331 1052 357 mutatio?
1080 331 1115 357 Ex
1141 331 1330 359 incredulitate
1355 332 1387 358 ad
1412 331 1521 358 Christo
1540 331 1704 359 credendum

917 376 1038 409 veniunt,
1062 382 1088 404 et
1111 384 1144 404 ex
1165 378 1318 412 ignorantia
1341 377 1459 403 maxima
1483 377 1516 404 ad
1537 377 1704 411 agnitionem

916 429 1010 456 puram
1037 423 1094 450 veri
1125 423 1189 456 Dei;
1213 431 1227 450 a
1258 423 1378 450 tenebris
1403 423 1435 449 ad
1463 423 1703 450 llluminatlouem.

918 465 1120 494 Transumtatio
1135 471 1224 495 autem
1250 468 1412 500 communis,
1428 468 1539 494 cuilibet
1560 475 1607 502 per
1625 468 1704 495 [idem

915 517 1013 538 vocato
1026 512 1204 545 conveniens,
1221 512 1313 540 Judam
1326 518 1353 539 et
1366 513 1470 546 Graeco,
1491 521 1505 540 a
1529 514 1658 548 sapiendo
1672 522 1703 541 ea

915 565 975 591 qua:
997 558 1087 585 carnis
1114 563 1176 586 sunt
1197 560 1230 585 ad
1252 563 1345 585 saneto
1361 565 1393 585 ac
1420 566 1485 593 pure
1509 560 1615 586 vivendi
1632 565 1659 586 et
1677 560 1704 586 in

917 605 1014 638 spiritu
1029 605 1184 633 ambulandi
1198 605 1352 636 consilium,
1368 606 1405 632 uti
1422 606 1519 632 beatus
1534 605 1632 632 Paulus
1646 606 1706 632 hor-

916 651 1027 684 taturs;
1046 659 1079 678 ex
1096 652 1276 678 admiratione
1289 659 1383 678 eorum
1400 658 1459 685 quze
1477 651 1502 677 in
1526 651 1627 677 mundo
1642 655 1705 677 sunt

915 698 948 723 ad
976 697 1109 731 diligenda
1135 704 1195 731 quze
1218 704 1298 731 supra
1328 697 1458 723 mundum
1484 699 1557 722 sunt.
1580 695 1704 722 Divinum

918 749 1001 775 porro
1015 747 1042 769 et
1067 750 1173 769 sacrum
1192 743 1326 776 baptisma
1343 741 1520 776 suscipientes
1535 748 1583 768 nos
1599 742 1704 775 aspergi

915 787 1046 822 sanguine
1072 788 1173 815 Christi
1204 788 1236 814 ad
1263 787 1486 822 expurgatiouem
1510 787 1624 821 peccati,
1643 787 1704 820 quis

915 833 1038 860 dubitet?
1059 833 1128 868 Ergo
1146 834 1189 860 via
1215 833 1247 860 ad
1269 833 1521 861 transmutationcm
1563 836 1590 859 et
1613 839 1704 866 asper-

915 878 1017 905 sionem
1035 879 1143 906 domum
1159 879 1228 905 Juda
1245 879 1429 906 habitantibus
1440 879 1558 905 salutare
1571 878 1702 912 baptisma

71 926 125 951 σμα
150 918 334 953 ραντιζόμεθα
355 919 394 953 τῷ
411 918 507 954 αἵματι
524 919 641 955 Χριστοῦ
666 920 734 956 πρὸς
757 920 862 947 ἀποκά-

917 927 965 955 est,
982 923 1039 950 sive
1059 924 1148 951 omnis
1166 923 1241 950 loeus
1262 927 1382 957 apertus,
1400 923 1456 950 sive
1472 923 1561 950 omnis
1581 922 1641 949 forts
1659 922 1702 947 di—

71 962 166 997 θαρσιν
189 964 337 999 ἁμαρτίας,
355 964 412 996 πῶς
431 965 464 991 ἃν
486 965 631 992 ἐνδοιάσειέ
647 974 704 998 τις,
719 966 824 992 Οὐκοῦν
846 967 862 1000 ὴ

69 1009 127 1040 ὁδὸς
144 1010 161 1044 ἡ
176 1010 217 1040 εἰς
233 1010 410 1045 μετακίνησιν
429 1010 476 1036 καὶ
491 1011 530 1042 εἰς
548 1011 694 1046 ῥαντισμὸν
708 1013 764 1043 τοῖς
781 1012 810 1038 ἐν
824 1012 863 1047 τῷ

918 968 1027 1001 latatus,
1057 974 1084 996 et
1096 969 1266 1004 purgationis
1285 975 1332 996 seu
1349 969 1512 1003 expiationis
1527 975 1596 1002 aqua
1612 971 1704 995 scatu-

917 1022 999 1042 rlCltS.

70 1055 134 1089 οἴκῳ
151 1055 248 1086 Ἰούδα,
263 1055 295 1081 τὸ
309 1056 442 1089 σωτήριον
458 1055 609 1091 βάπτισμα,
643 1057 702 1090 ἤτοι
723 1057 776 1089 πᾶς
799 1057 879 1090 τόπος
898 1060 1108 1095 διανοιγόμενος,
1141 1060 1225 1094 ἧγουν
1245 1060 1320 1086 πᾶσα
1341 1059 1416 1094 πηγὴ
1438 1058 1659 1094 κατευρυνομένη
1672 1065 1702 1085 τε

71 1101 114 1126 καὶ
129 1099 304 1135 ἀναΰρὺουσα
317 1100 347 1126 τὸ
361 1101 412 1136 τῆς
427 1101 587 1136 καθάρσεως
603 1101 683 1138 ὕδωρ.

104 1146 159 1172 Καὶ
181 1147 267 1172 ἔσται
284 1147 318 1172 ἑν
334 1146 370 1180 τῇ
399 1146 494 1180 ἡμέρᾳ
519 1146 635 1180 ἐκείνῃ,
657 1147 737 1182 λέγει
754 1149 863 1181 Κύριος

71 1191 201 1223 Σαϐαὼθ,
217 1191 423 1225 ἐξολοθρεύσω
439 1191 474 1218 τὰ
491 1191 623 1225 ὀνόματα
648 1191 707 1218 τῶν
733 1193 863 1220 εἰδώλων

70 1238 126 1263 ἀπὸ
147 1237 203 1271 τῆς
226 1237 297 1272 γῆς,
317 1238 366 1264 καὶ
396 1237 495 1264 οὐκέτι
532 1237 617 1264 ἔσται
643 1239 742 1265 αὐτῶν
762 1240 860 1273 μνεία.

71 1284 122 1310 Καὶ
146 1284 220 1315 τοὺς
246 1283 515 1317 ψευδοπροφήτης,
542 1284 592 1310 καὶ
619 1283 653 1310 τὸ
681 1285 798 1319 πνεῦμα
827 1285 860 1312 τὸ

70 1329 239 1364 ἀκάθαρτον
252 1329 347 1364 ἐξειρῶ
359 1330 417 1357 ἀπὸ
434 1329 489 1363 τῆς
504 1329 570 1364 γῆς.

104 1377 161 1408 LLZ'.
184 1376 275 1402 Πάντα
298 1376 366 1411 πρὸς
387 1375 417 1401 τὺ
443 1376 552 1410 ἄμεινον
581 1375 811 1411 μετακεχώρηκεν
833 1377 862 1403 ἐν

71 1422 190 1458 Χριστῷ,
206 1422 252 1448 καὶ
266 1422 344 1456 καινὴ
359 1423 446 1452 κτίσις
460 1421 494 1447 τὰ
508 1422 538 1447 ἐν
551 1421 670 1456 Χριστῷ,
686 1422 735 1456 τῆς
748 1421 863 1457 ἀρχαίας

71 1468 239 1503 σαθρότητος
253 1467 422 1494 ἀποϐαλόντα
439 1467 484 1494 τὺν
505 1467 609 1503 μῶμον.
626 1468 740 1503 ’Λτρεκῆ
755 1468 784 1494 δὲ
801 1468 864 1494 ὄντα

70 1513 115 1539 τὸν
125 1514 174 1539 ἐπὶ
182 1512 250 1547 τῷδε
261 1512 339 1546 λόγον
348 1513 449 1540 κατίδοι
459 1521 501 1544 τις
512 1513 545 1539 ἂν
557 1513 585 1545 ἑξ
597 1513 722 1546 αὐτῶν,Ξί
732 1513 861 1547 βούλοιτο,

953 1148 1034 1175 Vsus.
1050 1147 1077 1173 2.
1100 1145 1132 1173 Et
1158 1147 1206 1173 erit
1219 1147 1244 1173 in
1263 1146 1305 1173 die
1325 1146 1382 1178 iila,
1407 1146 1469 1173 dicit
1496 1145 1625 1174 Dominus
1651 1146 1703 1174 Su-

916 1193 1172 1228 baotlz,»disperdam
1186 1193 1295 1219 nomina
1314 1192 1446 1219 idolorum
1458 1193 1489 1219 de
1501 1197 1583 1225 term,
1601 1199 1624 1220 et
1646 1202 1701 1221 non

915 1241 963 1266 erit
981 1240 1052 1266 ultra
1069 1247 1159 1266 eorum
1184 1238 1322 1265 memoria.
1351 1238 1384 1265 Et
1404 1238 1657 1274 puudopropltetas,
1676 1246 1700 1267 et

916 1286 1037 1321 spiritum
1051 1286 1215 1312 immundum
1229 1285 1349 1319 auferam
1363 1285 1395 1311 de
1409 1289 1490 1311 terra.

953 1374 1057 1401 XCVII.
1074 1374 1172 1401 Omnia
1188 1374 1215 1400 in
1229 1378 1328 1400 statum
1351 1373 1488 1400 meliorem
1507 1373 1657 1407 migrarunt
1674 1374 1700 1401 in

917 1421 1035 1453 Christo,
1052 1425 1079 1448 et
1094 1429 1153 1455 qua:
1170 1421 1197 1447 in
1209 1427 1242 1447 eo
1255 1424 1318 1447 sunt
1335 1427 1404 1447 nova
1416 1425 1540 1446 creatura
1555 1421 1577 1453 ',
1592 1427 1701 1448 marco-

920 1467 957 1494 ris
975 1467 1077 1500 antiqui
1096 1465 1203 1500 abiecto
1216 1466 1358 1493 dedecore.
1376 1465 1415 1491 Ac
1432 1465 1575 1492 verborum
1590 1464 1700 1499 quidem

919 1512 1032 1540 istorum
1047 1513 1190 1539 veritatem
1203 1519 1236 1538 ex
1258 1511 1325 1546 ipsis
1341 1518 1449 1546 quoque
1461 1511 1543 1538 rebus
1565 1511 1699 1545 quispiam

70 1559 123 1584 τῶν
147 1556 328 1593 πραγμάτων.
357 1558 413 1594 Πρὸ
441 1558 490 1594 μὲν
510 1558 564 1593 γὰρ
579 1559 633 1584 τῶν
652 1559 702 1593 τῆς
720 1559 865 1594 ἐπιδημίας

918 1557 1095 1592 perspexerit.
1113 1557 1183 1584 Ante
1199 1561 1320 1591 tempora
1344 1557 1415 1583 enim
1436 1557 1576 1588 adventus,
1592 1555 1702 1590 quando

69 1605 187 1639 καιρῶν,
201 1604 277 1631 eiii-tto
294 1605 353 1630 καθ’
370 1606 443 1639 ἡμᾶς
461 1604 604 1638 γεγονότος
618 1604 664 1631 τοῦ
681 1605 859 1639 Μονογενοῦς,

69 1650 131 1677 οὔτε
151 1651 206 1685 μὴν
219 1650 258 1685 τῷ
270 1651 335 1685 θείῳ
349 1651 419 1685 φωτὶ
431 1651 465 1677 τὰ
479 1651 568 1677 πάντα
582 1652 859 1686 περιαστράπτοντος,

69 1695 153 1730 ἀχλὺς
169 1694 204 1730 ἦν
226 1696 282 1728 ἔτι,
306 1697 352 1722 καὶ
371 1696 467 1728 σκότος
491 1696 520 1722 ἐν
542 1698 603 1728 ταῖς
621 1696 675 1722 τῶν
691 1696 777 1723 ἐθνῶν
794 1705 862 1732 καρη

69 1741 149 1772 ὃίαις.
170 1740 329 1776 Ἐλάτρευον
344 1740 398 1775 γὰρ
423 1740 559 1772 εἰδώλοις,
581 1741 628 1767 καὶ
644 1740 802 1772 δυσϐουλίας
822 1742 861 1772 εἰς

70 1786 151 1813 τοῦτο
174 1785 351 1819 κατώλισθον,
366 1786 404 1818 ὡς
421 1786 525 1819 ξύλοις,
545 1786 593 1812 καὶ
613 1785 696 1817 λίθοις
722 1786 861 1813 ἀναθεῖναι

71 1833 101 1858 τὺ
115 1831 208 1863 σέϐας,
222 1831 268 1858 καὶ
282 1833 336 1862 τοῖς
351 1832 515 1866 ἀκαθάρτοις
530 1831 638 1866 δαίμοσι
654 1831 702 1863 τὰς
723 1831 781 1866 Θεῷ
797 1840 861 1866 πρε-

74 1878 175 1908 πούσας
190 1877 320 1904 ἀνάπτειν
337 1877 427 1912 τιμάς.
441 1878 495 1904 Καὶ
509 1878 589 1903 ταυτὶ
604 1877 652 1912 μὲν
665 1878 714 1912 τῆς
727 1877 780 1904 τῶν
795 1877 862 1903 πλα-

73 1923 201 1957 νωμένων
214 1923 377 1958 ἁὸελτηρίας
394 1922 428 1949 τὰ
448 1923 619 1957 ἐγκλήματα.
637 1922 716 1958 Παρά
730 1922 759 1949 δέ
778 1931 810 1957 γε
823 1922 862 1957 τῷ

78 1967 196 2004 Ἰσραὴλ,
212 1968 241 1999 ὃς
260 1969 307 1995 καὶ
321 1968 477 1999 ἀπόδεκτος,
496 1968 543 1994 καὶ
565 1968 643 2003 μερὶς
661 1967 773 2004 Κυρίου,
791 1968 862 1994 κατὰ

72 2014 102 2040 τὸ
124 2015 330 2049 γεγραμμένον,
347 2014 491 2049 σχοίνισμά
511 2022 542 2040 τε
566 2014 746 2049 κληρονομίας
767 2013 859 2045 αὐτοῦ,

72 2062 190 2096 τοσαύτη
207 2070 249 2093 τις
270 2059 304 2097 ἢν
324 2061 398 2096 ἠθῶν
414 2070 445 2088 τε
465 2062 512 2088 καὶ
534 2062 642 2096 τρόπων
666 2061 802 2097 ὲξιτηλία,
824 2061 861 2092 ὡς

72 2107 163 2141 ὀλίγου
182 2107 231 2141 μὲν
246 2106 385 2139 ἀξιοῦσθαι
399 2107 490 2140 λόγου,
506 2107 594 2133 καίτοι
617 2107 684 2142 πρὸς
702 2107 861 2142 ἐπικουρίαν

73 2154 165 2184 αὐτοῖς
183 2153 292 2180 δοθέντα
307 2153 352 2179 τὸν
366 2153 458 2188 νόμον,
480 2153 528 2179 καὶ
548 2153 599 2179 οὐκ
618 2153 752 2184 ἀνικάνως
766 2152 861 2187 ἔχοντα

74 2199 141 2235 πρὸς
163 2199 350 2234 παιδαγωγίαν
369 2199 418 2234 τὴν
441 2198 487 2225 ἐπί
502 2207 534 2233 γε
548 2198 587 2233 τῷ
610 2198 708 2234 χρῆναι
726 2198 800 2233 βιοῦν
819 2198 862 2233 ὀρ-

917 1605 1033 1632 nondum
1049 1611 1147 1637 corpus
1164 1603 1248 1629 ullum
1267 1602 1392 1629 induerat
1418 1601 1590 1636 Uulgenitus,
1614 1608 1701 1635 neque

916 1650 1009 1677 divino
1029 1650 1131 1676 lumine
1144 1649 1235 1676 omnia
1246 1649 1486 1681 eollustrabantur,
1513 1649 1602 1676 adhuc
1615 1648 1703 1682 caligo

915 1702 941 1724 et
952 1697 1069 1724 tenebrae
1083 1696 1107 1722 in
1124 1695 1247 1722 cordibus
1260 1695 1379 1729 gentium
1392 1699 1478 1721 erant.
1490 1694 1619 1722 Colebant
1630 1695 1700 1721 enim

915 1742 1070 1773 simulacra,
1086 1748 1172 1775 eoque
1187 1740 1308 1767 stultitia:
1321 1741 1519 1767 descenderant
1535 1745 1566 1767 ut
1586 1740 1658 1775 ligna
1673 1744 1702 1766 ct

916 1789 1018 1823 lapides
1033 1787 1132 1815 divinis
1146 1787 1315 1814 cmremoniis
1338 1785 1487 1819 aﬂlcerent,
1504 1790 1532 1813 et
1554 1785 1702 1813 immundis

916 1835 1082 1862 (ltemonibus
1102 1835 1156 1861 Deo
1172 1837 1354 1868 congruentes
1364 1833 1481 1860 [tonores
1504 1832 1700 1867 impenderent.

916 1881 948 1908 Et
963 1881 1020 1908 haec
1033 1880 1141 1915 quidem
1154 1880 1303 1908 errantiqu
1314 1879 1431 1906 vesania:
1447 1879 1562 1905 crimina
1578 1878 1698 1906 fuerunt.

915 1927 991 1962 Apud
1020 1926 1148 1954 lsmelcm
1179 1933 1242 1953 vero
1267 1929 1405 1959 acceptum
1430 1924 1503 1951 illum
1519 1945 1526 1956 ,
1548 1929 1576 1951 et
1595 1929 1699 1958 partem

916 1972 1033 2004 Domini,
1052 1971 1121 1998 sicut
1134 1972 1264 2005 scriptum
1283 1975 1324 1997 est
1341 1969 1372 2002 ³ο,
1393 1973 1419 1995 et
1444 1969 1592 1995 funiculum
1615 1968 1700 1995 luere-

915 2018 1009 2046 ditalis
1032 2017 1101 2052 ejus,
1118 2022 1191 2044 tanta
1216 2020 1274 2042 erat
1290 2015 1517 2042 consuetudinum
1535 2019 1618 2048 atque
1639 2021 1699 2042 mo-

916 2070 974 2090 rum
998 2062 1121 2094 fatuitas,
1142 2066 1171 2088 ut
1187 2061 1284 2096 legem,
1301 2061 1422 2095 quamvis
1438 2060 1470 2087 ad
1497 2059 1626 2086 auxilium
1646 2059 1698 2087 sibi

915 2108 1017 2141 datam,
1033 2115 1082 2134 nec
1094 2108 1126 2134 ad
1139 2106 1336 2133 institutionem
1350 2105 1410 2132 vita:
1422 2105 1448 2132 iu
1458 2105 1565 2132 Christo
1579 2104 1699 2139 probata:

916 2152 1119 2180 iusuﬂicientem
1146 2151 1388 2186 parvipenderent,
1413 2151 1556 2185 potiusque
1583 2150 1616 2176 ad
1635 2157 1698 2184 geu-

917 2199 983 2225 tium
999 2204 1105 2225 errores
1121 2196 1272 2231 sequendos
1292 2195 1388 2223 stolide
1412 2195 1596 2227 declinarent,
1616 2195 1699 2222 [initi-

74 2244 137 2276 θῶς,
152 2245 301 2271 ἀπονεῦσαι
314 2244 342 2271 δὲ
359 2244 459 2279 μᾶλλον
474 2244 543 2280 πρὸς
556 2244 587 2270 τὺ
600 2244 655 2270 δεῖν
667 2243 789 2275 ἀϐούλως
801 2244 860 2274 ταῖς

917 2250 1074 2278 tuarumque
1109 2241 1432 2276 superstitiortesv'jgs
1462 2240 1697 2275 amplecterentur.

73 2290 126 2317 τῶν
150 2290 236 2317 ἐθνῶν
260 2290 476 2325 ἀποκομίζεσθαι
501 2290 630 2322 πλάναις,
655 2290 702 2316 καὶ
725 2291 784 2319 ταῖς
808 2289 861 2315 τῶν

73 2337 180 2372 ὁμόρων
202 2336 425 2371 δεισιδαιμονίαις
452 2337 579 2371 στοιχεῖν.
606 2335 786 2372 Προσέκειντο
813 2335 861 2370 μὲν

73 2383 136 2418 γὰρ,
153 2384 202 2409 καὶ
220 2383 280 2409 λίαν
297 2382 430 2413 ἐκτόπως.
451 2383 506 2414 τοῖς
520 2381 576 2409 τῶν
590 2381 772 2416 ψευδωνύμων
795 2389 862 2416 προ-

73 2429 165 2463 φητῶν
189 2428 383 2463 μαντεύμασιν.
398 2429 428 2454 Οἱ
443 2428 492 2463 μὲν
507 2428 561 2463 γὰρ
578 2428 633 2454 τῶν
647 2427 762 2453 εἰδώλων
780 2427 860 2462 θερα-

74 2475 181 2506 πευταὶ,
195 2475 252 2504 τοῖς
265 2473 386 2509 βεϐήλοις
409 2473 533 2508 τεμένεσι
550 2473 775 2508 προσιζήσαντες,
796 2481 862 2507 χρη-

75 2520 201 2554 σμολόγοι
212 2528 243 2545 τε
257 2517 337 2554 ἦσαν,
354 2519 401 2546 καὶ
413 2519 570 2554 ψευδοεπεῖς
579 2527 587 2533 ⁸
601 2518 625 2544 ot
639 2518 667 2544 δὲ
681 2517 728 2544 καὶ
741 2517 780 2550 τὸ,
798 2527 808 2543 ι
824 2518 861 2552 Ζῇ

74 2566 184 2601 Κύριος,
199 2575 209 2591 ›
226 2565 273 2592 ἐπὶ
296 2565 419 2599 γλώττης
443 2564 567 2600 ἔχοντες,
590 2563 637 2591 καὶ
661 2564 781 2590 εὐσεϐεῖν
798 2563 864 2589 ὑπο·

74 2612 265 2647 πλαττόμενοι,
281 2612 327 2638 καὶ
343 2609 399 2638 οἷον
415 2611 550 2647 προϐάτου
566 2610 631 2646 δορᾷ
648 2610 695 2636 τὸν
708 2609 789 2636 λύκον
804 2610 863 2636 ἐπι-

75 2657 245 2690 οκιὰζοντες,
265 2657 296 2683 τὸ
310 2657 359 2691 τῆς
375 2656 542 2692 προφητείας
562 2655 647 2690 ὄνομά
668 2663 758 2690 σφισιν
774 2655 864 2686 αὐτοῖς

75 2704 260 2739 περιτιθέντες
275 2705 299 2730 οἱ
316 2703 447 2735 τάλανες,
471 2703 518 2730 καὶ
536 2703 586 2738 τὴν
611 2702 656 2728 ὲπὶ
678 2702 765 2736 τούτῳ
786 2700 863 2733 δόξαν

75 2750 189 2781 ἀνοσίως
211 2749 401 2784 ἁρπάζοντες,
426 2748 613 2784 ἀπηρεύγοντο
635 2747 665 2773 τὸ
687 2746 793 2777 δοκοῦν,
817 2746 864 2772 καὶ

74 2797 134 2827 τοὺς
154 2796 205 2830 τῆς
228 2795 318 2821 αὐτῶν
343 2795 454 2830 καρδίας
472 2794 627 2828 λογισμοὺς,
651 2793 726 2819 θείαν
747 2792 863 2826 ἔφασκον

108 2884 118 2900 ⁸
130 2882 211 2910 Rom.
229 2883 315 2916 vrtuti
329 2889 404 2916 seqq.
443 2882 452 2896 ³
466 2882 484 2907 lt
501 2881 563 2909 Cor.
581 2889 607 2914 ν,
624 2881 668 2907 17.

915 2288 1055 2315 Falsorum
1074 2287 1146 2314 enim
1162 2287 1355 2321 prophetarum
1369 2284 1506 2312 vaticiniis
1530 2285 1695 2312 absurdissi—

916 2341 959 2361 me
991 2332 1168 2360 inhmrelmnl.
1200 2330 1319 2363 Quorum
1349 2329 1394 2356 alii
1423 2329 1554 2356 idolorum
1579 2328 1697 2355 ministri

916 2378 1037 2414 profanis
1056 2377 1162 2412 templis
1174 2377 1336 2408 assidentes,
1352 2380 1378 2402 et
1395 2375 1504 2402 oracula
1519 2378 1546 2402 et
1559 2374 1698 2416 mendacia

915 2425 1095 2458 loquebantur
1110 2432 1116 2450 :
1133 2423 1190 2455 alii,
1209 2431 1218 2448 ι
1237 2421 1309 2449 Vivit
1324 2421 1454 2448 Dominus
1472 2430 1481 2446 ι
1500 2421 1526 2447 in
1543 2420 1633 2456 lingua
1650 2421 1698 2448 ha-

915 2471 1019 2502 bentes,
1040 2475 1067 2497 et
1091 2468 1217 2504 pietatem
1240 2467 1398 2495 simulantes
1419 2471 1447 2493 et
1466 2471 1593 2501 tanquam
1617 2466 1701 2493 ovilla

915 2517 984 2551 pelle
999 2516 1090 2550 lupum
1110 2519 1298 2548 contegentes,
1312 2513 1557 2547 prophetarumque
1575 2511 1697 2546 appella-

918 2563 1017 2589 tiouem
1033 2561 1082 2589 sibi
1096 2561 1161 2595 ipsis
1175 2564 1342 2594 arrogantes.
1355 2557 1456 2590 miseri,
1470 2562 1496 2585 et
1512 2556 1625 2592 gloriam
1637 2558 1697 2592 ejus

917 2608 1021 2636 nefarie
1035 2607 1181 2642 rapientes,
1193 2605 1262 2639 quod
1278 2604 1378 2631 libebat
1389 2603 1560 2636 eructabant,
1573 2606 1600 2629 et
1617 2609 1697 2629 sensa

917 2654 1006 2682 cordis
1021 2653 1060 2680 sui
1078 2652 1196 2680 divinum
1213 2657 1272 2677 esse
1284 2649 1424 2676 consilium
1445 2649 1631 2676 autumabant.
1645 2647 1698 2675 Su-

917 2707 965 2734 per
985 2697 1137 2732 hujusmodi
1155 2702 1207 2724 tam
1231 2695 1347 2730 projecte
1364 2695 1511 2721 audacibus
1526 2694 1606 2721 etiam
1629 2700 1698 2727 pro-

919 2746 997 2779 pheta
1019 2743 1150 2771 Jcremias
1175 2741 1362 2768 universorum
1392 2739 1536 2766 Dominum
1558 2739 1640 2765 Deutn
1660 2737 1697 2763 ita

918 2788 1059 2823 eonqxellat
1075 2797 1080 2814 :
1101 2797 1110 2813 ‹
1126 2786 1175 2819 Qui
1198 2794 1238 2818 es,
1255 2784 1376 2815 Domine,
1399 2790 1462 2810 ecce
1486 2784 1621 2818 prophetae
1633 2788 1697 2815 pro-

709 2882 729 2895 ¹⁰
748 2880 823 2907 Dcul.
837 2887 923 2909 xxm,
937 2879 961 2904 Ω.
