1916 3053
200 161 250 189 251

690 158 720 186 S.
739 157 877 186 (XYRILLI
891 154 1132 185 'ALEXANDRINI
1151 157 1310 186 ARCHIEP.

1771 157 1826 185 2'52

198 219 322 255 phetant,
336 224 363 247 et
378 220 469 247 dicunt
488 228 494 245 :
516 218 573 246 Non
602 218 727 246 videbitis
748 219 877 254 gladium,
895 223 923 247 et
942 219 981 246 fa-

1034 218 1103 246 εῐναι
1120 219 1227 255 βουλήν.
1251 219 1318 254 Περὶ
1333 218 1386 245 τῶν
1406 218 1439 244 τὰ
1453 217 1542 245 τοιάδε
1563 217 1665 252 τολμᾷν
1687 215 1823 242 εἰωθότων

199 273 257 293 mes
276 273 328 292 non
354 265 405 292 erit
431 266 457 292 in
479 264 564 296 vobis,
581 264 645 299 quia
674 265 813 292 veritatem
838 269 865 292 et
887 271 980 299 pacem

198 310 267 336 dabo
279 310 304 337 in
322 314 405 341 terra,
421 314 448 337 et
466 310 491 336 iii
509 309 567 336 loco
581 310 634 336 isto
650 309 683 336 ”.
699 317 708 335 ι
727 308 758 335 Et
772 309 806 335 ad
820 308 876 336 haec
890 309 959 336 Deus
974 318 981 336 :

199 363 210 380 ι
225 353 302 382 Falsa
319 355 456 390 propheta:
471 355 633 390 prophetam.
651 354 678 382 iu
703 354 814 382 nomine
833 361 903 382 meo.
923 355 981 382 Non

197 401 259 427 ιιιιεί
273 408 331 433 eos,
348 406 375 428 et
393 408 445 428 non
466 401 590 428 mandavi
606 400 657 434 eis,
677 405 704 428 et
720 408 772 428 non
794 408 853 428 sum
877 395 983 429 locutus

198 446 231 473 ad
254 453 312 479 eos,
328 451 355 473 et
376 446 493 474 visiones
511 447 665 478 mendaces.
689 450 717 474 et
741 446 932 479 divinationes,
955 451 983 474 et

198 491 323 526 auguria,
337 495 365 518 ct
383 491 532 518 electiones
546 492 638 519 cordis
653 491 695 518 sui
713 491 762 524 ipsi
776 490 858 518 loculi
873 496 935 519 sunt
948 490 982 517 ad

197 543 255 568 eos,
269 540 294 564 et
309 536 358 570 ipsi
372 536 454 564 locuti
468 542 531 565 sunt
541 537 592 570 cis,
607 542 635 564 et
649 537 697 572 ipsi
712 537 909 572 proplietabant
920 537 951 564 ".
968 545 978 562 ι

198 580 394 615 Mendaciloqui
410 581 482 608 enim
511 586 599 613 erant,
621 585 651 608 ut.
671 581 738 614 dixi,
753 585 781 608 et
806 580 928 614 turpibus
942 580 982 606 vi-

198 627 234 652 cti
253 626 430 660 quaesticulis,
447 627 479 653 de
493 627 573 654 corde
584 633 632 654 suo
644 626 816 653 audientibus
832 625 981 660 loqueban-

199 676 254 702 tur,
271 677 298 697 iit
314 672 445 706 scriptum
463 676 516 704 est,
535 681 544 697 ι
569 676 597 698 ct
614 679 668 698 non
689 671 722 698 de
736 679 783 698 ore
799 670 902 698 Domini
919 671 950 698 ".
968 680 978 697 ι

198 717 300 744 Deinde
313 725 374 744 cum
392 717 501 744 Judreos
514 718 584 744 istud
600 716 692 750 iniquo
704 717 796 743 animo
811 716 882 744 l'erre
900 724 982 751 opor-

199 766 277 794 teret,
303 762 340 789 illi
368 768 463 790 contra
489 770 537 790 eos
558 762 767 794 venerabantur,
792 765 819 789 et
847 762 982 796 supremis

199 808 344 835 honoribus
377 815 509 835 exornare
541 808 694 835 studebant.
720 808 866 842 Postquam
891 813 981 836 autem

196 854 344 886 aliquando
362 854 530 887 unigenitum
548 854 594 880 Dei
615 853 732 880 Verbum
749 854 827 882 nobis
844 855 979 890 apparuit,

197 898 286 932 inepta
311 903 337 925 et
366 898 479 933 puerilia
507 898 664 926 idololatria:
680 899 779 927 ludicra
795 907 905 934 prorsus
919 908 982 929 eva-
997 892 1018 919 Β

197 949 315 971 inierunt
331 949 356 971 et
371 945 503 972 exstincta
520 949 593 977 sunt,
610 949 638 972 et
653 945 786 973 sublatum
802 953 863 973 cum
875 954 907 974 ea
926 954 982 974 ne-

197 989 295 1016 farium
307 997 414 1024 quoque
429 994 456 1016 et
477 990 587 1024 impium
607 990 900 1026 pseudoprophetaruiii
917 997 983 1019 stu—

197 1036 270 1062 dium
284 1036 328 1069 qui
346 1035 464 1070 maligno
485 1040 512 1062 et
529 1035 667 1063 immundo
680 1036 776 1070 spiritu
795 1037 866 1072 pleni
890 1041 980 1070 erant,

196 1085 295 1108 etcum
309 1081 441 1108 idolorum
453 1081 602 1109 cultoribus
613 1089 741 1117 germano
752 1090 783 1110 ae
800 1083 879 1110 simili
889 1091 982 1111 errore

198 1126 290 1153 iniecti
314 1126 456 1154 verissime
479 1126 589 1161 coargui
607 1127 767 1161 potuissent.
789 1127 865 1156 Unus
884 1128 983 1164 quippe

197 1171 329 1198 ainbobus
354 1171 502 1206 impietatis
523 1179 632 1207 praeses,
655 1173 782 1200 nimirum
799 1173 924 1201 Satanas.
937 1173 983 1201 Ait

198 1217 280 1251 igitur
294 1225 301 1246 :
315 1225 325 1242 ι
342 1216 447 1244 'I‘ollani
465 1217 498 1244 de
513 1221 584 1244 terra
601 1218 708 1245 nomina
733 1218 876 1251 idolorum,
887 1224 914 1246 et
929 1227 982 1247 non

197 1263 250 1289 erit
267 1262 395 1289 memoria
421 1262 526 1290 illorum
551 1263 577 1290 in
591 1263 636 1290 die
653 1263 696 1290 illa
712 1264 743 1296 ¹⁶,
764 1273 773 1290 ι
795 1265 845 1292 hoc
860 1269 913 1296 est,
939 1266 984 1293 illo

200 1315 332 1344 tempore,
343 1317 397 1343 quo
411 1309 529 1336 divinum
541 1314 568 1336 et
583 1308 694 1336 sceleste
705 1309 795 1337 lumen
807 1310 982 1345 splenduerit,

199 1355 265 1382 etin
279 1355 429 1382 errantium
448 1353 575 1381 cordibus
591 1354 710 1386 Lucifer,
727 1362 807 1390 quem
831 1355 983 1391 intelligeir

199 1401 242 1427 tiae
255 1400 335 1428 orulo
350 1400 483 1431 videmus.
504 1405 616 1428 exortus
627 1401 717 1433 fuerit,
737 1406 767 1428 ut
782 1401 912 1436 scriptum
930 1407 982 1435 est,

198 1452 227 1473 et.
240 1446 368 1473 diluxerit
384 1446 451 1478 dies,
469 1446 580 1481 antiqua
593 1451 672 1474 nocte
686 1450 713 1473 et
726 1454 785 1482 qua:
799 1447 824 1473 in
838 1455 869 1474 ea
885 1447 984 1475 ﬂebant

199 1491 326 1526 repulsis,
342 1495 381 1524 ut,
395 1491 481 1518 veteri
496 1491 666 1518 immunditia
692 1491 810 1524 sublata,
826 1492 935 1520 athleta:
957 1497 985 1520 et

200 1537 286 1565 sancti
304 1537 461 1564 adoratores
477 1537 510 1564 de
531 1541 631 1564 caetero
654 1538 870 1566 conversationis
883 1544 984 1566 sanctae

1033 264 1080 291 καὶ
1101 264 1116 290 6
1132 265 1275 300 προφήτης
1298 264 1416 298 ἔφασκεν
1433 262 1581 297 Ἱερεμίας,
1608 261 1676 296 πρὸς
1698 260 1746 289 τδν
1769 259 1824 286 τῶν

1031 310 1100 336 ὅλων
1113 309 1355 344 κατεξουσιάζοντα
1371 309 1437 336 Θεὸν
1447 317 1453 324 ·
1473 318 1483 334 t
1503 308 1532 335 '0
1548 307 1596 339 ὢν,
1612 306 1710 341 Κύριε,
1729 305 1785 332 ἰδοὺ
1799 306 1822 332 οἱ

1033 353 1172 388 προφῆται
1199 354 1288 381 αὐτῶν
1307 353 1520 389 προφητεύουσι,
1544 352 1596 390 καὶ.
1608 351 1750 385 λέγουσιν·
1766 350 1822 376 Οὐκ

1032 398 1130 433 ὄψεσθε
1150 399 1298 434 μάχαιραν,
1316 399 1364 425 καὶ
1381 398 1458 433 λιμὸς
1479 397 1529 424 οὐκ
1550 397 1625 423 ἔσται
1640 397 1668 423 ὲν
1682 396 1760 431 ὑμῖν,
1783 395 1823 421 ὅτι

1032 443 1160 478 ἀλήθειαν
1176 443 1223 471 καὶ
1240 444 1350 480 εἰρήνην
1369 444 1448 470 δώσω
1466 443 1512 470 ἐπὶ
1527 443 1576 477 τῆς
1596 443 1657 477 γῆς,
1676 442 1724 468 καὶ
1740 441 1770 467 ὲν
1784 440 1823 475 τῷ

1031 490 1107 525 τόπῳ
1115 490 1214 526 τούτῳ.
1228 499 1237 517 ι
1256 490 1311 517 Καὶ
1325 490 1393 525 πρός
1409 498 1441 524 γε
1459 489 1545 516 ταῦτα
1557 489 1623 520 Θεός
1633 496 1640 503 ·
1661 497 1670 514 t
1685 486 1781 520 Ψευδῆ
1798 486 1822 512 οἰ

1033 537 1170 572 προφῆται
1188 536 1403 572 προφητεύουσιν
1428 537 1456 563 ὲν
1477 535 1516 570 τῷ
1537 534 1650 570 ὀνόματί
1679 541 1742 568 μου.
1767 532 1824 558 Οὐκ

1031 580 1179 608 ἀπέστειλα
1195 581 1309 614 αὐτοὺς,
1325 581 1373 608 καὶ
1387 580 1438 608 οὐκ
1461 579 1638 614 ἐνετειλάμην
1655 579 1760 609 αὐτοῖς,
1777 577 1824 604 καὶ

1031 626 1082 653 οὐκ
1098 626 1216 662 ἐλάλησα
1232 627 1300 662 πρὸς
1314 627 1422 660 αὐτοὺς,
1442 627 1489 653 καὶ
1510 625 1619 661 ὁράσεις
1639 624 1761 659 ψευδεῖς,
1777 623 1824 649 καὶ

1033 673 1173 708 μαντείας,
1196 673 1243 699 καὶ
1256 673 1436 708 οίωνίσματα,
1452 671 1500 699 καὶ
1516 671 1691 708 προαιρέσεις
1708 668 1823 705 καρδίας

1031 719 1132 751 αὑτῶν,
1147 719 1223 746 αὐτοὶ
1237 719 1372 754 ἐλάλησαν
1392 717 1460 754 πρὸς
1474 717 1582 749 αὐτοὺς,
1597 717 1643 743 καὶ
1661 715 1740 743 αὐτοὶ
1757 723 1822 749 προ-

1032 764 1172 798 εφήτευον.
1185 773 1194 790 ι
1209 764 1374 795 Ψευδοεπεῖς
1390 763 1445 799 γὰρ
1456 762 1537 798 ἦσαν,
1548 762 1587 792 ὡς
1599 761 1677 796 ἔφην,
1691 761 1739 787 καὶ
1751 760 1822 794 λημ-

1034 819 1086 845 ματ
1091 810 1136 836 ίων
1149 810 1270 845 αἰσχρῶν
1280 809 1439 845 ἡττώμενοι,
1449 808 1632 845 προσελάλουν
1640 809 1697 839 τοῖς
1712 807 1819 841 ἀκροω-

1034 856 1124 891 μένοις
1140 856 1174 882 τὰ
1191 856 1245 882 ἀπὸ
1259 856 1372 891 καρδίας
1387 855 1487 887 αὐτῶν,
1510 854 1582 881 καθά
1594 853 1762 888 γέγραπται,
1776 852 1821 878 καὶ

1031 902 1082 929 οὐκ
1100 902 1154 929 ἀπὸ
1175 902 1308 937 στόματος
1333 903 1446 937 Κυρίου.
1469 898 1537 927 Εἶτα
1558 900 1617 926 δέον
1648 900 1695 926 ἐπὶ
1717 898 1822 927 τούτοις

1033 945 1198 979 ἀγανακτεῖν
1215 945 1373 977 Ἰουδαίους,
1395 946 1428 972 ἐκ
1451 945 1505 972 τῶν
1528 944 1656 971 ἐναντίων
1681 943 1821 970 ἐποιοῦντο

1034 992 1159 1023 σεπτοὺς,
1175 992 1222 1018 καὶ
1235 992 1329 1026 τιμαῖς
1341 991 1401 1023 ταῖς
1415 990 1545 1018 ἀνωτάτω
1560 989 1710 1024 στεφανοῦν
1724 987 1822 1015 ἐσπού-

1032 1035 1121 1068 δαζον.
1131 1036 1205 1062 Ἐπεὶ
1220 1036 1248 1062 δὲ
1264 1036 1355 1063 λοιπὸν
1369 1036 1502 1070 ἐπέφανεν
1514 1036 1579 1070 ἡμῖν
1590 1035 1604 1061 6
1617 1033 1764 1069 μονογενὴς
1775 1032 1820 1059 τοῦ

1033 1081 1100 1107 Θεοῦ
1116 1081 1212 1115 Λόγος,
1222 1081 1307 1117 ᾤχετο
1318 1082 1366 1117 μὲν
1380 1083 1419 1114 εἰς
1431 1082 1514 1114 ἅπαν,
1527 1082 1573 1108 καὶ
1585 1080 1739 1116 ὼλόθρευτο
1754 1088 1821 1106 παν-

1036 1127 1121 1159 τελῶς
1137 1127 1171 1155 τὰ
1186 1127 1278 1164 ψυχρὰ
1291 1128 1337 1154 καὶ
1353 1127 1520 1163 μειρακιώδη
1532 1129 1582 1162 τῆς
1599 1125 1821 1160 εἰδωλολατρείας

1033 1173 1190 1208 ἀθύρματα,
1213 1173 1392 1208 συνεξῄρηται
1407 1173 1436 1200 δὲ
1451 1173 1519 1209 αὺτῇ
1539 1173 1586 1200 καὶ
1603 1173 1633 1198 τὸ
1656 1172 1772 1198 ἔκτοπόν
1792 1179 1821 1197 τε

1033 1219 1081 1245 καὶ
1105 1215 1426 1254 δυσσεϐὲςὲπιτήδευμα
1451 1218 1505 1245 τῶν
1530 1217 1773 1253 ψευδοπροφητῶν,
1797 1217 1821 1243 0!

1034 1265 1152 1299 πονηροῦ
1166 1265 1213 1291 καὶ
1224 1265 1378 1300 ἀκαθάρτου
1392 1264 1546 1300 πνεύματος
1558 1264 1668 1299 ἔμπλεῳ
1679 1261 1762 1298 ἦσαν,
1776 1263 1823 1289 καὶ

1033 1311 1090 1341 τοῖς
1109 1310 1162 1336 τῶν
1182 1309 1300 1337 εἰδώλων
1322 1310 1503 1346 θεραπευταῖς
1518 1310 1635 1345 ἀδελφὴν
1649 1310 1697 1336 καὶ
1715 1309 1823 1343 γείτονα

1033 1355 1174 1387 νοσοῦντες
1187 1355 1236 1391 τὴν
1251 1356 1382 1392 πλάνησιν
1396 1356 1617 1391 καταφωρσθεῖεν
1631 1355 1674 1388 ἂν,
1687 1355 1736 1381 καὶ
1752 1354 1823 1390 μάλα

1034 1400 1130 1436 ὀρθῶς.
1144 1399 1190 1433 Εἷς
1209 1401 1263 1436 γὰρ
1281 1402 1382 1437 ἀμφοῖν
1393 1402 1442 1437 τῆς
1456 1400 1615 1432 δυσσεϐείας
1631 1401 1646 1428 6
1661 1400 1821 1435 ἐπιστάτης,

1034 1447 1174 1474 τουτέστιν
1187 1448 1201 1474 6
1215 1447 1347 1479 Σατανᾶς.
1366 1457 1375 1473 t
1396 1446 1500 1483 Ἐξαρῶ
1526 1447 1626 1480 τοίνυν,
1651 1446 1746 1482 φησιν,
1770 1446 1823 1473 ἀπὺ

1035 1493 1084 1527 τῆς
1099 1493 1150 1528 γῆς
1174 1493 1209 1520 τὰ
1230 1493 1350 1529 ὀνόματα
1375 1493 1429 1520 τῶν
1456 1493 1583 1526 εἰδώλων,
1608 1494 1655 1521 κα)⁸
1679 1494 1730 1520 οὐκ
1746 1493 1822 1520 ἔσται

1035 1539 1125 1565 αὐτῶν
1144 1540 1223 1574 μνεία
1251 1541 1279 1566 ἐν
1300 1541 1333 1576 τῇ
1349 1539 1440 1575 ἡμέρᾳ
1458 1540 1582 1576 ἐκείνῃ,›
1604 1539 1740 1572 τουτέστι,
1764 1539 1822 1566 κατ’

199 1582 369 1610 ornamentis
391 1582 528 1614 instructi,
554 1582 636 1609 vitam
665 1583 691 1610 in
712 1582 820 1611 Christo
843 1584 981 1619 suspicere

1035 1570 1197 1612 ἐκεῖνον-τὸν
1216 1570 1390 1621 καιρὸν
1451 1586 1484 1613 ἂν
1499 1570 1619 1613 ἰδ-’σεῖον
1636 1587 1683 1613 καὶ
1703 1570 1824 1620 ἐπουρά-

198 1628 348 1655 videantur.

1037 1639 1092 1657 vtov
1105 1631 1199 1667 λάμψῃ
1215 1632 1282 1666 φῶς,
1301 1632 1348 1658 καὶ
1362 1632 1390 1658 ὲν
1405 1633 1465 1664 ταῖς
1484 1632 1538 1659 τῶν
1553 1631 1739 1667 πλανωμένων
1755 1639 1824 1666 καρ-

198 1672 268 1703 δίαις
296 1672 310 1697 6
330 1671 424 1706 νοητὸς
440 1671 578 1707 ἑωσφόρος
597 1671 734 1708 ἀνατείλῃ,
751 1672 821 1699 κατά
839 1673 870 1699 τὺ
886 1675 1089 1709 γεγραμμένον,
1104 1677 1238 1713 διαυγάσῃ
1253 1677 1281 1703 δὲ
1301 1677 1402 1713 ἡμέρα,
1425 1677 1473 1711 τῆς
1492 1677 1576 1704 πάλαι
1595 1677 1691 1709 νυκτὸς
1718 1676 1823 1712 ἀπελη-

199 1718 379 1754 λαμὲνης,καἰ
391 1717 445 1744 τῶν
458 1718 486 1744 ὲν
495 1718 563 1753 αὐτῇ
573 1717 733 1753 δρωμένων·
748 1719 801 1751 ἵνα,
814 1719 863 1753 τῆς
876 1719 991 1755 ἀρχαίας
1010 1721 1177 1757 ἀκαθαρσίας
1210 1723 1392 1759 ἐξῃρημένης,
1410 1723 1434 1749 οἱ
1455 1722 1570 1758 ἀθληταὶ
1587 1724 1634 1750 καὶ
1650 1724 1723 1758 ἅγιοι
1737 1731 1824 1759 προσ-

199 1767 316 1802 κυνηταὶ
343 1765 480 1801 φαίνοιντο
507 1765 599 1792 λοιπὸν
631 1765 681 1800 τῆς
708 1766 824 1800 εὑαγοῦς
852 1767 988 1800 πολιτείας
1007 1770 1202 1805 ἀνημμένοιτά
1213 1772 1430 1806 αὑχήματα,καὶ
1462 1771 1510 1806 τὴν
1522 1773 1550 1799 ὲν
1566 1771 1677 1811 Χριστῷ
1687 1771 1822 1807 τιμῶντες

200 1815 284 1850 ζωήν.
576 1831 583 1837 .

235 1859 318 1895 789
330 1859 410 1888 Vens.
429 1861 457 1887 5.
475 1859 508 1887 Ει
525 1862 583 1894 erit,
604 1862 627 1888 si
641 1862 830 1896 prophetarerit
844 1863 920 1890 Itonia
939 1863 981 1889 ul-

201 1912 253 1939 tra,
277 1912 300 1934 et
312 1907 380 1934 dicet
392 1907 426 1933 ad
435 1915 492 1934 eum
505 1913 577 1943 pater
591 1913 615 1934 et
624 1914 707 1935 mater
716 1909 772 1943 ejus
784 1910 828 1943 qui
838 1916 982 1944 genuerunt

199 1961 258 1979 eum
271 1961 280 1979 :
294 1951 356 1979 Non
376 1953 454 1985 vives,
476 1955 598 1987 quoniam
613 1955 776 1981 mendacium
792 1955 895 1982 locutus
910 1964 936 1983 es
956 1957 982 1982 in

201 1999 304 2026 nomine
328 1999 451 2031 Domini,
472 2005 495 2026 et
518 2002 679 2034 compedient
705 2009 764 2028 eum
785 2007 860 2036 pater
877 2003 934 2037 ejus
958 2008 983 2030 et

200 2051 283 2072 mater
302 2047 358 2079 ejus
386 2045 430 2080 qui
456 2051 601 2080 genuerunt
628 2054 703 2079 eum,
727 2055 785 2074 cum
819 2048 984 2083 prophetare!

199 2093 263 2125 ipse.

236 2137 350 2166 XCVIII.
372 2137 458 2166 Tanta
483 2139 634 2166 reierenlia
654 2139 725 2167 illius
743 2140 833 2168 saeculi
856 2142 984 2170 mortales

201 2191 298 2210 numen
323 2190 533 2218 prosequentur,
557 2185 655 2218 inquit,
675 2185 795 2220 adeoque
817 2187 849 2214 de
867 2187 984 2221 perfecta

201 2229 334 2264 probitate
347 2234 373 2257 et
389 2231 442 2257 vita
467 2230 595 2257 laudabili
612 2235 691 2258 erunt
713 2231 832 2265 solliciti,
851 2237 880 2260 ut
902 2234 983 2261 etiam

201 2279 326 2308 parentes
342 2275 393 2309 ipsi
418 2276 449 2302 ad
473 2275 558 2302 zelum
581 2280 608 2303 et
633 2276 700 2303 iram
715 2277 857 2305 adversum
885 2278 985 2306 liberos

200 2326 377 2353 exacuantur,
395 2321 465 2355 quod
488 2328 549 2348 cum
569 2321 634 2349 l'alsa
659 2322 762 2356 dicant,
777 2331 807 2350 se
824 2325 984 2358 prophetare

201 2365 315 2400 ﬁngant,
329 2370 356 2393 et
371 2366 404 2393 de
421 2366 502 2393 corde
523 2374 572 2393 suo
597 2366 751 2401 loquantttr,
766 2369 842 2402 quasi
860 2368 930 2396 Deus
949 2369 982 2395 ad

201 2411 274 2446 ipsos
294 2411 374 2438 verba
396 2410 515 2438 fecisset.
533 2420 542 2436 t
559 2412 750 2447 Compedibus.
775 2413 873 2448 inquit,
893 2414 978 2448 iiiipli—

199 2457 300 2484 cabuut
320 2465 394 2490 eum,
411 2466 420 2482 ι
437 2457 487 2484 hoc
513 2461 564 2490 est,
589 2462 618 2484 ut
645 2463 780 2485 amentem
806 2463 835 2486 et
861 2460 982 2487 insanum

201 2504 328 2535 vincieiit,
355 2510 498 2538 morasque
525 2503 659 2534 tollentes.
684 2504 762 2531 morti
782 2512 842 2532 cum
868 2506 983 2532 destina-

199 2548 276 2580 buiit,
292 2549 312 2574 si
328 2548 353 2574 in
369 2547 418 2574 lioc
434 2547 527 2575 morbo
541 2549 592 2575 lixe
606 2549 825 2584 iiiipudetiterque
845 2551 984 2578 manserit.

201 2593 273 2620 Satis
283 2593 354 2620 enim
373 2598 414 2620 est
429 2593 482 2620 illis
499 2594 532 2620 ad
552 2594 665 2628 quodvis
686 2596 843 2630 supplii-iuiii
857 2597 881 2623 in
897 2597 979 2623 ﬁliuni

199 2639 408 2671 decernendum,
422 2640 492 2673 quod
509 2639 576 2666 falsa
592 2640 618 2667 in
632 2642 740 2668 nomine
754 2642 858 2668 Domini
877 2642 981 2668 locutus

199 2685 243 2711 sit.
256 2684 319 2711 Vide
334 2689 422 2711 autem
439 2692 520 2718 quani
539 2693 602 2713 vere
620 2687 670 2712 hoc
687 2687 786 2712 tII('lllln
799 2687 845 2719 sit,
860 2693 887 2713 et
901 2695 980 2721 quam

199 2727 322 2754 stabilem
340 2734 475 2756 iiierealur
493 2729 570 2757 lidein
585 2730 732 2764 praedictio.
750 2730 816 2763 Quis
839 2731 910 2757 enini
935 2739 982 2757 no-

199 2779 284 2800 strum
310 2773 466 2802 toleraverit
486 2775 564 2803 hodie
593 2777 633 2803 sic
660 2777 864 2811 proplictanteni
887 2783 980 2811 quem-

1071 1863 1126 1891 Καὶ
1143 1864 1238 1896 ἔσται,
1253 1865 1307 1891 ἐὰν
1319 1866 1513 1900 προφητεύσῃ
1528 1858 1681 1900 ἅνθρωθιος
1702 1865 1758 1898 ἔτι,
1773 1866 1821 1892 καί

1035 1910 1097 1944 ἐρεῖ
1115 1911 1187 1944 πρὸς
1210 1911 1303 1938 αὑτὸν
1318 1913 1335 1938 ό
1356 1911 1454 1946 πατὴρ
1470 1912 1519 1938 καὶ
1538 1912 1556 1946 ἡ
1568 1911 1666 1946 μήτηρ
1685 1910 1781 1938 αὑτοῦ
1796 1912 1822 1938 οι

1036 1958 1238 1992 γεννήσαντες
1252 1958 1360 1984 αὐτόν’
1379 1959 1420 1984 Οὑ
1436 1957 1523 1992 ζήσῃ,
1539 1957 1583 1984 ὅτι
1599 1956 1698 1991 ’ψευδῆ
1715 1956 1823 1990 ἐλάλη-

1033 2011 1091 2036 σιις
1107 2004 1141 2030 ἐν
1159 2003 1279 2037 ὀνόματι
1292 2003 1413 2035 Kvptov.
1431 2003 1478 2029 καὶ
1493 2002 1716 2037 σινμποδιοῦσιν
1730 2003 1823 2029 αὑτὸν

1034 2050 1050 2075 ὁ
1064 2048 1162 2082 πατὴρ
1185 2048 1278 2075 αὐτοῦ
1292 2048 1341 2074 καί
1355 2048 1374 2082 ἡ
1384 2048 1482 2082 μήτηρ
1498 2047 1591 2074 αὑτοῦ
1610 2049 1637 2074 οἱ
1656 2048 1822 2082 γεννήσαν-

1034 2103 1083 2126 τες
1101 2094 1196 2121 αὐτὸν
1208 2094 1243 2120 ἐν
1258 2093 1298 2126 τῷ
1313 2094 1512 2128 προφητεύειν
1523 2094 1626 2120 αὐτόν.

1070 2141 1131 2173 ῌΡ.
1152 2139 1276 2174 Τοσαύτη
1302 2148 1344 2172 τις
1361 2139 1436 2166 ἔσται
1460 2139 1524 2174 περὶ
1537 2139 1568 2165 τὸ
1582 2139 1653 2165 θεῖον
1667 2138 1751 2169 αἰδὼς
1769 2139 1822 2165 τῶν

1000 2177 1172 2222 Ι)ιιηνικοὶδε,
1186 2186 1262 2221 φησὶ,
1278 2186 1431 2220 φροντιοῦσι
1456 2185 1483 2211 δὲ
1507 2184 1579 2211 οὕτω
1602 2185 1651 2219 τῆς
1674 2185 1714 2216 εἰς
1738 2185 1822 2219 ἄκρον

1032 2231 1182 2262 ἐπιεικείας
1204 2232 1251 2258 καὶ
1273 2231 1436 2265 ἀξιαγάστου
1462 2230 1543 2265 ζωῆς,
1559 2230 1628 2256 ὥστε
1651 2229 1700 2256 καὶ
1725 2230 1821 2264 γονέας

1033 2276 1131 2307 αὐτοὺς
1157 2276 1231 2307 ἰδίοις
1255 2275 1435 2310 ἐπιθήγεσθαι
1458 2274 1562 2306 τέκνοις
1586 2274 1692 2310 ζηλοῦν,
1710 2275 1742 2300 τὸ
1759 2275 1820 2305 τοὺς

1031 2320 1188 2354 ψευδοεπεῖς
1204 2319 1386 2356 προφητεύειν
1407 2319 1676 2355 ἀποπλαττομένους,
1692 2321 1739 2346 καὶ
1754 2320 1821 2346 ἀπο-

1032 2366 1188 2400 φθέγξοιντο
1199 2366 1234 2392 τὰ
1246 2367 1300 2393 τῶν
1315 2366 1368 2392 ἀπὸ
1386 2366 1508 2402 καρδίας,
1528 2366 1566 2397 ὡς
1582 2365 1649 2392 Θεοῦ
1673 2365 1820 2400 λελαληκό-

1035 2421 1090 2444 τος,
1119 2422 1128 2437 ι
1143 2412 1322 2447 Συμποδιοῦσι
1346 2413 1400 2447 γὰρ
1425 2412 1518 2443 αὐτὸν,
1532 2422 1540 2437 i
1569 2412 1652 2446 φησὶ,
1675 2412 1819 2442 τουτέστι,

1034 2457 1298 2492 καταδεσμεύσουσιν
1322 2457 1360 2489 ὡς
1383 2458 1501 2492 Εκφρονά
1529 2466 1557 2484 τε
1586 2458 1632 2483 καὶ
1661 2457 1819 2492 μεμηνότα.

1035 2503 1216 2538 μελλήσαντες
1241 2503 1269 2529 δὲ
1295 2503 1381 2535 οὐδὲν,
1397 2503 1566 2539 καθοριοῦσιν
1582 2502 1663 2529 αὺτοῦ
1678 2503 1723 2529 τὸν
1739 2503 1821 2530 θάνα-

1032 2557 1087 2581 τον,
1103 2549 1127 2575 εί
1148 2548 1264 2584 ἔμμονόν
1280 2557 1309 2575 τε
1324 2548 1370 2575 καὶ
1385 2548 1480 2584 ἀναιδῆ
1495 2548 1544 2583 τὴν
1562 2548 1609 2575 ἐπὶ
1626 2548 1694 2583 τῷδε
1718 2550 1821 2576 ποιοῖτο

1029 2595 1245 2630 ’νόσον.“Απόχρη
1267 2594 1321 2629 γὰρ
1344 2594 1436 2626 αὐτοῖς
1459 2595 1498 2626 εἰς
1519 2594 1550 2620 τὸ
1572 2594 1627 2620 δεῖν
1643 2593 1754 2620 ἃπασαν
1774 2593 1819 2620 τοῦ

1029 2638 1123 2669 παιδὸς
1135 2638 1279 2673 καθορίσαι
1302 2638 1380 2673 δίκην
1393 2638 1463 2670 τόδε,
1477 2639 1517 2665 ὅτι
1529 2638 1613 2673 ψευδῆ
1627 2638 1776 2674 λελάληκεν
1792 2640 1820 2665 ὲν

1028 2684 1140 2719 ὀνόματι
1156 2684 1366 2720 Κυρίου.¹¹Λορει
1383 2685 1411 2710 δὲ
1432 2685 1526 2721 ὥσπερ
1542 2685 1616 2712 ἐστὶν
1629 2685 1734 2720 ἀληθὴς
1749 2687 1763 2712 ὁ
1776 2685 1821 2712 λό-

1029 2738 1086 2763 γος,
1104 2730 1150 2756 καὶ
1176 2730 1206 2756 τὸ
1233 2730 1340 2764 βέϐαιον
1368 2731 1408 2762 εἰς
1432 2731 1523 2757 πίστιν
1547 2732 1563 2766 ή
1589 2731 1820 2766 προαναφώνησις

1030 2775 1097 2810 ἔχει.
1113 2775 1162 2806 Τίς
1185 2775 1239 2811 γὰρ
1253 2775 1305 2802 τῶν
1320 2775 1381 2802 καθ’
1397 2777 1469 2811 ἡμᾶς
1480 2776 1722 2812 διακαρτερήσειεν
1741 2776 1776 2804 ἂν
1792 2776 1821 2803 ιν

234 2865 255 2881 ¹¹
273 2865 370 2893 Ezech.
385 2874 439 2900 xw,
458 2866 500 2893 l5.
541 2866 561 2881 ”
579 2865 644 2892 Ibid.
664 2866 705 2893 Il.
744 2865 763 2880 ”
779 2866 878 2895 Jereiii.
897 2873 973 2899 xxiii,
990 2865 1031 2892 I6.
1071 2865 1092 2881 “
1105 2864 1126 2892 ll
1140 2864 1211 2892 I'etr.
1227 2873 1244 2897 i.
1261 2866 1302 2893 I9.
