1916 3053
29 128 107 156 2S7

481 133 752 162 COMMENTARlUS
772 135 804 162 1N
825 135 1026 164 ZACHARIAM
1043 137 1260 168 PllUPHETAM.

1643 143 1694 171 251

40 189 186 226 Ἐπειδὴ
199 191 227 217 δὲ
242 192 400 227 πεπλάνηχε
427 193 476 227 τὴν
492 195 537 220 ὑπ’
557 195 669 229 οὐρανὸν
685 196 703 221 ὅ
715 195 763 230 τῆς
777 196 853 231 ἁμαρ

899 201 942 226 ,et
957 205 1019 224 vere
1036 199 1221 226 universorum
1235 201 1315 233 Deus,
1330 203 1376 235 qui
1395 209 1454 236 qua:
1475 202 1618 237 aliquando
1644 211 1695 230 non

34 237 118 268 τίεις
142 239 272 274 εὑρετὴς,
288 240 425 266 τουτέστιν
452 241 466 266 ὀ
492 241 622 272 Σατανᾶς,
651 242 690 272 εἰς
703 241 798 276 ψευδῆ,
815 242 862 268 καὶ

34 282 186 317 βέϐηλον
200 284 328 319 λατρείαν
343 286 367 311 οἱ
380 285 488 312 δείλαιοι
515 286 787 321 παρακεκομίσμεθα,
815 287 862 313 καὶ

35 328 242 365 διετελοῦμεν
259 331 288 356 ὲν
315 331 410 366 κόσμῳ
424 331 519 365 τυερλοὶ¹
548 332 595 357 καὶ
622 333 718 367 μωροὶ,
750 333 861 368 κυρίους

34 375 248 409 ὀνομάζοντες
263 378 326 408 τοὺς
339 377 553 412 πεπλανηκότας,
567 378 612 404 καὶ
632 379 661 404 τὺ
673 378 721 413 τῆς
736 378 861 414 θεότητος

35 419 150 455 δνομα
167 423 225 451 τοῖς
240 423 403 458 ἀκαθάρτοις
418 423 541 457 δαίμοσιν
561 424 771 458 ἐπιφημίζοντες
786 426 859 460 ἀμα-

36 466 120 498 θῶς.
147 468 227 502 Πλὴν
240 469 445 503 παρῳχηκότος,
462 468 507 495 καὶ
523 469 562 499 εἰς
578 469 664 504 πέραν
679 470 729 504 ἤδη
746 470 859 504 ἥκοντος

38 511 98 538 τοῦ
112 514 259 549 παρόντος
275 514 379 546 αἰῶνος,
392 514 451 540 τότε
466 515 508 550 δὴ,
520 516 579 541 τότε
594 516 639 541 καὶ
650 515 858 550 φρενοϐλαϐείας

38 558 176 593 ἁπάσης
187 559 217 592 ἐξ
232 559 311 594 ἡμῶν
325 560 506 596 ἐξῃρημένης,
521 560 682 595 τεθειμένων
698 561 724 587 δὲ
738 562 787 596 ἤδη
803 562 857 589 τῶν

39 603 170 640 ἐχθρῶν
189 606 242 631 ὑπὸ
259 606 341 637 πόδας
355 606 483 641 Χριστοῦ,
505 606 605 641 Κύριος
621 604 660 638 εἷς
675 607 749 633 ἔσται
764 607 856 633 λοιπὸν

42 651 96 676 ἐπὶ
114 652 218 678 πᾶσαν
233 652 282 686 τὴν
299 651 359 685 γῆν,
377 652 482 683 οὐδενδς
507 652 553 679 ἀπ’
570 652 652 678 αὐτοῦ
678 652 726 688 τὴν
740 653 789 688 τῆς
806 662 848 680 κυ·

43 696 190 731 ςιιότητος
215 697 383 731 ἁρπάζοντος
400 697 488 729 δόξαν.
517 698 617 733 Κύριος
641 698 669 724 δὲ
692 699 739 724 καὶ
755 699 856 734 ἑτέρως

42 739 86 773 εἷς
112 742 338 778 ἑσταιΧριστὺς,
361 743 552 779 ἀπρακτούσης
570 744 618 778 μὲν
630 744 718 780 πάσης
733 745 853 778 ἐπιγείου

44 787 214 822 βασιλέας,
228 788 275 814 καὶ
303 787 375 823 αὐτῷ
400 788 431 822 δὴ
457 789 502 814 καὶ
531 789 604 824 μόνῳ
618 790 648 815 τὺ
663 791 732 816 κατὰ
745 791 853 818 πάντων

45 834 163 869 κράτος
187 833 361 869 ἀνατιθείσης
394 834 443 868 τῆς
473 835 517 861 ὑπ’
533 836 655 870 οὐρανόν.
683 837 754 871 Ἔφη
783 837 853 863 δέτι

912 247 998 274 erant,
1013 248 1141 271 utessent
1155 244 1252 271 effecit.
1267 246 1317 272 Ast
1331 247 1373 273 ubi
1390 248 1491 281 peccati
1508 248 1631 275 inventor
1644 247 1695 275 Sa-

913 292 990 314 tanas
1005 288 1134 315 mlmdum
1147 290 1262 321 seduxit,
1285 291 1316 317 ad
1329 291 1423 318 falsum
1437 299 1462 319 et
1476 293 1610 327 impurmn
1636 294 1694 321 cnl-

911 338 966 360 tuin
978 334 1097 361 infelices
1109 335 1227 366 deducti,
1243 338 1417 364 manebamus
1433 339 1457 364 in
1475 339 1572 365 mundo
1588 340 1652 366 cruci
1667 346 1693 366 et

911 379 988 412 fatui,
1002 380 1125 408 dominos
1141 383 1310 409 nominantes
1331 384 1499 417 sedoctorea,
1523 390 1550 410 et
1566 385 1690 410 divinita-

911 426 944 453 tis
962 434 1058 453 nomen
1086 427 1232 455 immundis
1248 429 1412 456 dtemonibus
1441 430 1520 456 stulte
1543 430 1692 458 attribuen-

911 475 959 498 tes.
974 472 1105 499 Caeterum
1129 474 1173 500 ubi
1189 475 1358 506 praeterierit,
1372 480 1398 501 et
1417 474 1472 508 jam
1491 476 1523 500 ad
1547 477 1625 500 llllt'lll
1644 476 1691 502 de-

909 517 1015 542 venerit
1028 517 1154 543 smculmn
1164 525 1291 551 prrcsens,
1305 523 1377 550 tunc,
1392 523 1454 546 tunc
1470 521 1541 546 omni
1558 521 1692 547 dementia

908 568 922 587 a
941 562 1018 589 nobis
1033 562 1121 594 ablata
1149 568 1176 590 et
1199 564 1316 592 inimicis
1336 565 1386 591 sub
1396 565 1476 598 pedes
1501 565 1602 592 Clu-isti
1628 574 1691 601 pro-

907 606 1010 639 stratis,
1028 607 1156 635 Dominus
1172 615 1240 634 unus
1255 608 1381 642 deinceps
1405 610 1455 636 erit
1482 617 1563 644 super
1583 618 1688 637 omnem

908 656 1018 685 terram,
1032 653 1193 680 dominicam
1210 654 1323 688 glorianti
1343 655 1449 682 neruine
1472 655 1509 681 illi
1538 655 1688 682 auferente.

905 697 964 724 Alia
990 705 1096 731 quoque
1108 700 1214 726 ratione
1241 699 1364 726 Christus
1382 700 1433 726 crit
1456 709 1525 727 lllllls
1549 701 1688 733 Dominus,

906 748 1028 770 cessante
1041 744 1113 771 omni
1133 753 1224 779 regno,
1242 750 1349 773 terreno
1361 747 1474 778 scilicet,
1490 747 1562 773 etilli
1578 748 1625 774 soli
1640 749 1688 774 im-

905 789 979 822 perio
997 789 1079 816 totitts
1101 792 1193 817 mundi
1214 797 1381 819 cansecrato.
1411 793 1475 819 Tale
1497 794 1560 827 quid
1585 793 1686 820 dictum

906 839 995 860 exstat
1010 842 1024 860 a
1045 836 1246 869 sapientissimo
1265 837 1385 865 Daniele.
1401 838 1538 866 Enarrans
1554 841 1625 866 enim
1646 840 1685 866 vi-

43 879 182 906 τοιοῦτον
198 881 246 906 καί
258 881 272 906 6
286 881 438 914 σοφώτατος
453 881 560 916 Δανιήλ.
583 882 784 917 Ἀφηγοὺμενος
800 882 852 918 γὰρ

904 879 1018 912 sionem,
1045 881 1131 914 inquit
1149 890 1156 908 :
1178 891 1186 907 ι
1204 882 1432 915 Quemadmodum
1463 885 1563 917 \‘llilsli,
1584 894 1641 918 rex,
1654 886 1687 912 de

47 926 115 957 τοὺς
127 926 188 952 τῶν
202 926 462 962 ὁράσεωντρόπους,
475 928 566 962 φησιν·
582 937 591 953 ‹
607 929 654 954 Ὃν
669 929 768 963 τρόπον
783 926 853 960 εἶδες

45 972 88 997 ἐτι
102 972 165 998 ἀπὸ
179 971 260 1007 ὅρους
269 973 373 1007 ἐτμήθη
387 972 459 1003 λίθος
472 973 534 1000 ἄνευ
554 974 654 1009 χειρὸς,
668 974 714 1000 καὶ
724 974 852 1000 ὲλέπτυνε

47 1018 96 1042 τὸν
112 1017 266 1052 δστρακον,
283 1018 327 1044 τὸν
342 1018 459 1053 σίδηρον,
473 1019 518 1045 τὸν
536 1019 646 1053 χαλκὸν,
663 1020 709 1046 τὸν
722 1019 851 1055 ἄργυρον,

45 1064 94 1089 τὴν
109 1064 231 1098 χρυσόν.
258 1063 288 1089 Ὀ
302 1063 367 1095 Θεὸς
381 1064 395 1089 6
411 1065 496 1098 μέγας
515 1065 646 1100 ἐγνώρισε
665 1065 704 1100 τῷ
730 1065 849 1100 βασιλεῖ,

48 1109 67 1136 ἃ
79 1109 123 1135 δεῖ
135 1109 268 1142 γενέσθαι
282 1109 350 1144 μετὰ
365 1109 460 1140 ταῦτα,
475 1110 522 1136 καὶ
533 1109 658 1145 ἀληθινὸν
672 1110 702 1136 τὸ
716 1110 848 1141 ἐνύπνιον,

49 1155 98 1180 καὶ
118 1155 207 1189 πιστὴ
225 1156 242 1189 ἡ
257 1155 399 1190 σύγκρισις
411 1155 502 1182 αὐτοῦ.
515 1165 524 1181 ›
543 1156 646 1182 Οὐκοῦν
661 1153 701 1187 εἷς
713 1155 788 1182 ἔσται
804 1157 850 1182 καὶ

52 1201 147 1234 μόνος,
177 1201 227 1226 καὶ
244 1200 383 1236 πληρώσει
409 1201 458 1236 τῆς
483 1201 578 1227 ἑαυτοῦ
596 1201 674 1236 δόξης
704 1202 754 1236 τὴν
770 1201 849 1235 ἁγίαν

50 1246 142 1277 πόλιν,
159 1246 286 1272 τουτέστι
312 1246 363 1280 τὴν
379 1246 475 1282 νοητὴν
498 1247 683 1282 Ἰερουσαλὴμ,
700 1245 734 1282 ἦς
759 1247 789 1273 τὸ
806 1245 850 1274 εὖ·

53 1300 98 1327 ρος
107 1292 159 1317 καὶ
177 1291 265 1326 μῆκος
279 1291 315 1323 ὡς
329 1292 357 1318 ἐν
369 1291 446 1326 τύπῳ
463 1292 542 1319 πάλιν
550 1294 582 1327 τῇ
596 1293 708 1327 ἐπιγείῳ
715 1292 848 1319 δείκνυσιν

57 1337 250 1372 Ἰερουσαλήμ.
276 1336 402 1371 Ῥεμμὼν
418 1337 446 1363 δὲ
472 1337 503 1372 δὴ
531 1338 618 1372 πέτρα
636 1338 677 1369 τίς
695 1339 762 1369 ἐστι,
779 1337 849 1365 κατὰ

50 1382 99 1418 τὴν
116 1382 213 1409 νοτίαν
228 1382 338 1417 ἔρημον.
364 1382 467 1409 Οὐκοῦν
482 1383 511 1409 τὸ
527 1384 575 1418 μὲν
591 1381 669 1418 εὖρος
679 1383 730 1417 τῆς
750 1384 848 1418 Ἰερου-

53 1428 156 1463 σαλὴμ..
174 1428 230 1454 ἀπὸ
246 1427 319 1454 Γαϐᾶ
329 1428 380 1460 ἓως
401 1428 538 1464 Ῥεμμών.
560 1429 695 1464 Ὀρίζεται
710 1429 739 1456 δὲ
760 1430 806 1456 καὶ
818 1430 848 1456 τὸ

53 1474 140 1508 μῆκος
154 1472 231 1499 οὕτω
248 1473 344 1507 λέγων’
370 1483 380 1499 ε
403 1473 467 1500 Ἀπὸ
477 1474 526 1509 τῆς
544 1474 630 1509 πύλης
643 1475 768 1509 Βενιαμὶν
796 1475 848 1506 ἕως

53 1520 100 1554 τῆς
112 1518 205 1550 πύλης
217 1519 267 1554 τῆς
279 1519 389 1554 πρώτης
403 1520 455 1551 ἕως
471 1520 524 1546 τῶν
550 1520 642 1547 πυλῶν
658 1521 712 1546 τῶν
723 1521 828 1554 γωνιῶν
838 1541 845 1553 ,

906 928 995 950 monte
1015 925 1162 952 abscissum
1181 926 1294 961 lapidein
1313 930 1370 955 sine
1392 937 1482 961 manu,
1499 935 1607 963 Instanti,
1631 930 1685 956 fer-

904 977 974 1001 rum,
993 978 1040 1002 tes,
1065 976 1204 1005 argentum
1230 977 1255 998 (‘t
1280 981 1374 999 aurum
1392 976 1586 1002 comminuere.
1617 976 1686 1003 Deus

904 1022 1016 1048 magnus
1032 1021 1092 1042 nota
1110 1016 1174 1043 fecit
1192 1017 1247 1052 regi
1276 1026 1334 1052 quze
1351 1025 1457 1053 oportet
1474 1021 1530 1047 licri
1545 1027 1604 1055 post
1617 1023 1684 1055 liter.

902 1065 928 1086 et
945 1068 1035 1087 verum
1051 1063 1195 1093 somnium,
1220 1068 1246 1090 et
1264 1063 1351 1091 ﬁdelis
1366 1067 1521 1099 conjectura
1547 1067 1605 1100 (ἠως
1622 1067 1655 1094 ⁷⁷.
1671 1076 1682 1094 ι

901 1105 993 1139 itaque
1006 1115 1074 1134 unus
1096 1113 1122 1134 et
1147 1108 1220 1135 solus
1244 1110 1306 1142 erit,
1326 1111 1371 1144 qni
1396 1111 1479 1145 gloria
1499 1120 1545 1138 sua
1565 1119 1683 1140 sanctam

901 1151 1038 1179 civitatem
1053 1153 1182 1188 implebit,
1207 1155 1257 1182 lioc
1275 1161 1327 1188 est,
1355 1156 1548 1192 intelligibilem
1572 1158 1683 1187 Jerusa-

900 1197 963 1230 lem,
983 1199 1059 1232 cujus
1075 1200 1240 1227 latitudinem
1254 1206 1282 1228 et
1303 1201 1496 1236 longitudinem
1524 1211 1630 1230 rursum
1655 1210 1684 1231 ut

901 1243 926 1269 in
953 1249 1014 1278 typo
1031 1252 1078 1278 per
1102 1251 1257 1272 terrestrem
1280 1246 1429 1274 Jerusalem
1451 1249 1578 1275 ostendit.
1598 1249 1680 1276 ltem-

901 1297 963 1316 mon
981 1298 1061 1323 porro
1078 1295 1152 1325 petra
1170 1292 1291 1326 quanlam
1309 1298 1349 1319 est
1364 1293 1388 1319 in
1402 1294 1545 1321 solitudine
1558 1295 1680 1321 australi.

899 1333 982 1368 Igitur
1001 1335 1113 1362 latitudo
1143 1337 1249 1372 quidem
1272 1337 1421 1365 Jerusalem
1451 1347 1465 1366 a
1495 1339 1568 1366 Gaba
1596 1349 1681 1375 usque

901 1381 1046 1409 Remmon.
1075 1383 1171 1409 Deiinit
1187 1384 1266 1410 etiam
1291 1384 1482 1419 longitudinem
1510 1386 1551 1412 Itis
1572 1387 1677 1414 verbis:

902 1435 911 1451 ι
929 1428 949 1453 Α
964 1432 1039 1462 porta
1052 1427 1189 1462 Benjamin
1200 1436 1284 1462 usque
1298 1430 1330 1455 ad
1343 1436 1446 1464 portant
1457 1431 1581 1463 primam,
1595 1439 1680 1466 lisque

900 1473 932 1499 ad
951 1479 1041 1506 portas
1058 1474 1226 1507 angulorum,
1242 1479 1269 1500 et
1287 1482 1369 1509 usque
1386 1476 1418 1501 ad
1432 1476 1525 1502 turrim
1537 1477 1678 1506 Anameei.

899 1519 1030 1552 usquead
1058 1519 1202 1545 toreularia
1230 1520 1311 1553 regis.
1334 1529 1342 1545 ι
1360 1519 1438 1547 Porta
1463 1527 1551 1548 autem
1582 1522 1677 1556 prima,

53 1563 100 1590 καὶ
113 1564 168 1596 ἓως
188 1564 238 1590 τοῦ
262 1564 366 1599 πύργου
387 1566 530 1601 Ἀναμεὴλ,
559 1566 611 1597 ἓως
623 1566 677 1593 τῶν
695 1566 845 1602 ὑποληνίων

899 1567 924 1590 et
953 1568 1029 1597 porta
1055 1563 1213 1598 angulorum
1243 1569 1320 1591 erant
1346 1565 1540 1601 Hierosolymis
1564 1567 1604 1593 sic
1631 1574 1679 1600 ap-

55 1610 98 1636 τοῦ
114 1610 261 1644 βασιλέως.
279 1619 288 1636 ι
307 1610 380 1645 Πύλη
395 1610 422 1637 δὲ
445 1610 550 1646 πρώτη,
567 1611 613 1638 καὶ
639 1611 691 1646 μὴν
708 1613 754 1638 καὶ
774 1611 844 1647 πύλη

54 1657 158 1690 γωνιῶν
191 1655 265 1682 οὕτω
289 1657 360 1687 τινὲς
383 1654 453 1691 ἦσαν
481 1657 552 1683 κατὰ
573 1656 748 1692 Ἰερουσαλὴμ
779 1657 846 1683 ὠνο-

57 1701 206 1736 μασμέναι·
233 1702 280 1728 καὶ
299 1701 401 1737 πύργος
418 1702 446 1728 δὲ
460 1699 494 1737 ἦν
513 1702 648 1736 Ἀναμεὴλ
661 1702 844 1738 καλούμενος,

57 1747 112 1781 μεθ’
129 1747 159 1773 ὃν
172 1747 256 1779 εὐθὺς
282 1748 329 1774 καὶ
354 1747 388 1774 τὰ
405 1747 535 1783 ὑπολήνια
548 1748 595 1774 τοῦ
612 1747 751 1783 βασιλέως·
769 1748 845 1774 τόποι

56 1791 83 1817 δὲ
94 1787 166 1818 οὗτοι
184 1791 236 1826 τῆς
267 1792 443 1827 Ἰερουσαλὴμ
456 1793 487 1818 τὸ
507 1792 593 1827 μῆκος
609 1792 646 1825 ὡς
660 1793 688 1818 ἐν
703 1792 780 1828 τύπῳ
794 1801 844 1819 κα-

56 1838 281 1872 τασημαῐνοντες.
310 1838 414 1873 Ὥσπερ
437 1838 490 1874 γὰρ
517 1838 636 1872 ἐκέλευε,
652 1838 690 1873 τῷ
718 1839 845 1874 μακαρίῳ

59 1885 181 1919 προφήτῃ
205 1884 332 1919 Ὶεζεχιὴλ
346 1885 360 1910 6
375 1884 428 1911 τῶν
447 1885 515 1912 ὅλων
533 1885 599 1917 θεὸς
615 1886 777 1920 ἀναμετρείν
795 1893 844 1911 κα-

57 1929 131 1965 λάμῳ
144 1930 192 1956 τὸν
209 1928 292 1963 οἶκον,
310 1929 371 1965 τῇδέ
401 1938 430 1956 τε
446 1931 525 1956 κάκεῖ
541 1930 690 1966 διᾴττοντα,
707 1929 844 1964 ὑπερ.φαί-

59 1984 117 2006 νων,
129 1977 170 2002 ’ὁτι
190 1976 286 2003 πολλαὶ
299 1976 378 2010 μοναὶ
398 1976 475 2011 παρὰ
500 1977 538 2012 τῷ
558 1977 627 2012 Θεῷ,
652 1976 738 2011 μυρία
749 1984 778 2001 τε
794 1976 844 2002 ὅσα

58 2021 108 2047 τῶν
122 2022 209 2055 ἁγίων
235 2021 440 2056 ὲνιδιαιτήματω
467 2021 537 2048 οὕτω
564 2031 609 2057 μοι
634 2024 748 2052 κάνθάδε
771 2026 845 2052 δοκεῖ

59 2066 100 2093 διὰ
109 2067 198 2094 τόπων
216 2067 398 2102 ὑπεμφαίνειν
423 2065 501 2102 εὖρός
515 2076 545 2094 τε
561 2068 608 2094 καὶ
623 2070 719 2104 μῆκος,
734 2071 778 2097 καὶ
795 2079 843 2097 κα-

59 2112 204 2148 ταγράφειν
226 2114 294 2148 ἡμῖν
323 2113 372 2148 τὴν
396 2113 493 2149 νοητὴν
511 2114 695 2150 Ἰερουσαλὴμ,
721 2116 842 2142 τουτέστι

60 2158 104 2193 τὴν
125 2158 291 2194 Ἐκκλησίαν
312 2158 441 2194 Χριστοῦ,
466 2158 533 2194 πρὸς
561 2158 590 2185 ὃν
614 2160 686 2186 καὶὸ
702 2159 843 2192 Θεσπέσιος

68 2204 172 2236 Ἡσαΐας
187 2204 331 2240 ἁνεφώνει,
342 2205 438 2239 λέγων·
460 2214 468 2230 ι
486 2205 622 2231 Πλάτυνον
636 2205 680 2232 τὸν
694 2206 774 2232 τόπον
792 2206 841 2241 τῆς

898 1609 1001 1643 pellam:
1018 1618 1025 1635 ε
1042 1610 1125 1636 turris
1137 1613 1194 1636 erat
1210 1609 1339 1636 Anameel
1352 1611 1432 1641 dicta,
1448 1616 1508 1644 post
1523 1619 1602 1644 quam
1624 1617 1680 1638 sta-

898 1656 944 1682 tim
952 1655 1134 1690 sequebantur
1144 1655 1287 1682 torrularia
1298 1656 1367 1690 regis
1377 1665 1383 1683 :
1392 1664 1449 1690 qtnu
1458 1655 1538 1691 805
1549 1656 1603 1683 loca
1615 1657 1678 1685 llie-

897 1702 1036 1737 rosolymae
1053 1701 1247 1736 longitudinem
1262 1707 1293 1728 ut
1306 1702 1331 1728 in
1344 1707 1406 1736 typo
1422 1702 1586 1734 signiﬁcant.
1603 1702 1679 1729 Sicut

895 1747 967 1774 enim
981 1747 1116 1773 mandavit
1126 1747 1203 1773 beato
1217 1745 1525 1781 propltetaaEzecliieli"‘l
1540 1748 1678 1775 univcrsov

895 1800 953 1819 rum
967 1792 1036 1819 Deus
1052 1792 1154 1819 calamo
1168 1792 1257 1819 metiri
1283 1793 1401 1825 domum,
1426 1792 1478 1819 huc
1502 1793 1564 1820 illuc
1583 1800 1677 1827 porre-

895 1842 977 1870 ctam,
1000 1838 1194 1864 subosteodens
1224 1839 1320 1864 multas
1343 1845 1402 1864 esse
1425 1839 1578 1865 mansiones
1605 1841 1674 1872 apud

896 1882 989 1914 Deum,
1006 1888 1032 1910 et
1049 1883 1130 1909 tuulta
1146 1882 1229 1909 millia
1253 1883 1465 1910 diversoriorum
1490 1891 1538 1918 pro
1554 1884 1674 1910 sanctis:

895 1930 930 1956 ita
947 1929 1011 1956 milii
1038 1933 1064 1956 et
1087 1929 1130 1956 liic
1142 1929 1248 1956 videtur
1264 1936 1312 1960 per
1330 1928 1449 1956 locorum
1466 1928 1633 1956 latitudinem
1649 1935 1676 1956 ct

894 1974 1089 2009 longitudinem
1108 1974 1237 2000 insinuari
1254 1979 1281 2000 et
1298 1968 1502 2001 describiiiobis
1515 1974 1674 2007 Jerusalem,

894 2028 972 2056 quant
999 2020 1102 2046 ratione
1124 2025 1149 2046 et
1174 2019 1337 2054 cogitatione
1359 2019 1621 2053 comprehendimus,
1650 2020 1674 2045 id

893 2071 935 2093 est
948 2066 1095 2093 Ecclesiam
1113 2065 1224 2097 Christi,
1239 2065 1281 2092 eui
1304 2070 1330 2092 et
1347 2065 1453 2091 divinus
1472 2065 1552 2092 Isaias
1574 2065 1675 2091 clama-

893 2111 938 2139 bat
954 2119 962 2138 :
978 2121 987 2137 (
1006 2111 1090 2138 Dilata
1103 2111 1189 2138 locum
1210 2110 1316 2137 tentorii
1332 2110 1381 2142 tui,
1400 2115 1426 2136 et
1446 2110 1591 2137 aulaeornm
1614 2115 1673 2137 tuo-

894 2166 952 2186 rum
968 2167 975 2185 :
991 2159 1052 2193 ﬁge,
1073 2165 1106 2185 ne
1128 2165 1233 2192 parcas,
1253 2156 1384 2192 protende
1411 2155 1544 2183 funiculus
1563 2161 1632 2188 tuos,
1649 2161 1676 2182 et

893 2205 984 2232 clavos
1007 2203 1128 2231 conferta
1153 2204 1250 2235 adhuc,
1280 2203 1313 2230 ad
1334 2203 1471 2229 dexteram
1497 2206 1524 2229 et
1551 2202 1583 2229 ad
1608 2202 1675 2228 sini-

63 2250 156 2285 σκηνῆς
174 2259 235 2283 σου,
253 2251 299 2277 καὶ
315 2251 368 2277 τῶν
379 2250 498 2278 αὐλαιῶν
515 2258 572 2283 σου,
588 2250 680 2285 πῆξον,
698 2251 735 2286 μὴ
748 2251 839 2287 φείσῃ,

899 2255 975 2278 stram
985 2250 1065 2276 dilata
1083 2250 1118 2276 7‘.
1133 2258 1142 2275 ι
1157 2248 1297 2276 Dilatatam
1309 2256 1373 2283 ergo
1386 2253 1507 2275 sanctam
1526 2247 1674 2280 civitatem,

64 2296 191 2332 μάκρυνον
203 2296 241 2323 τὰ
262 2296 438 2332 σχοινίσματά
451 2305 512 2329 σου,
536 2297 583 2322 καὶ
598 2296 661 2327 τοὺς
684 2297 839 2329 πασσάλους

64 2351 104 2369 σου
119 2344 282 2379 κατίσχυσον
293 2344 343 2376 ἐτι,
360 2344 399 2374 εἰς
413 2344 446 2369 τὰ
461 2343 535 2376 δεξιὰ
549 2343 596 2369 καὶ
609 2343 647 2374 εἰς
660 2343 694 2369 τὰ
708 2343 839 2378 ἀριστερὰ

65 2388 217 2417 ὲκπέτασον,
235 2398 244 2414 ι
260 2387 495 2423 Κατευρυνθεῖσαν
513 2387 545 2422 δὴ
560 2384 605 2413 οὖν
621 2386 670 2421 τὴν
688 2386 768 2420 ἁγίαν
790 2386 838 2412 πό-

63 2433 108 2465 λιν,
127 2435 172 2461 καὶ
196 2435 237 2466 εἰς
254 2434 341 2469 μῆκος
367 2434 398 2460 τὸ
408 2433 494 2469 ταύτῃ
516 2433 620 2466 πρέπον
637 2433 837 2468 ἐκτεινομένην,

66 2480 260 2513 κατοικήσουσιν
275 2479 300 2504 οἱ
316 2478 399 2512 ἆγιοι,
415 2478 461 2504 καὶ
476 2478 525 2503 οὐκ
535 2476 621 2509 ἔσται,
645 2477 735 2512 φησὶν,
752 2486 760 2502 ι
772 2478 838 2504 ἀνά-

65 2522 127 2558 θεμα
138 2524 187 2557 ἑτι,
199 2534 208 2549 >
219 2524 353 2556 τουτέστι,
368 2524 427 2550 κατ’
443 2523 536 2549 οὐδένα
546 2523 644 2558 τρόπον
659 2522 838 2558 summer}-

68 2576 133 2595 σεται
148 2569 224 2597 Θεοῦ’
241 2569 353 2605 βεϐαίαν
365 2569 418 2604 γὰρ
433 2569 500 2603 αὐτῇ
514 2569 647 2604 χαριεῖται
661 2567 710 2602 τὴν
729 2568 837 2602 ἀγάπη-

67 2622 111 2646 σιν,
127 2616 172 2642 καὶ
186 2617 235 2643 οὐκ
252 2616 285 2643 ἂν
300 2616 443 2642 ἐκπέσοιεν
457 2615 496 2641 ἔτι
513 2615 581 2650 πρὸς
601 2614 631 2640 τὸ
659 2614 837 2649 προσκρούειν

67 2660 127 2694 θεῷ,
149 2662 333 2697 ἀνῃρημένης,
359 2661 397 2692 ὡς
419 2660 495 2695 ἔφην,
524 2659 573 2693 τῆς
603 2658 737 2694 ἁμαρτίας
752 2660 791 2689 εἰς
809 2660 839 2686 τὸ

68 2706 193 2739 παντελὲς,
206 2707 256 2734 καὶ
270 2707 318 2733 τοῦ
339 2707 513 2742 πειράζοντος
524 2705 639 2731 Σατανᾶ.
652 2704 689 2730 Οὑ
698 2704 752 2738 γὰρ
763 2703 838 2731 ἔσται

69 2751 116 2777 ὲχεῖ
125 2752 198 2788 λέων,
209 2754 271 2780 οὐδὲ
285 2752 338 2780 τῶν
354 2752 454 2788 θηρίων
468 2751 520 2778 τῶν
533 2750 657 2786 πονηρῶν
671 2749 745 2776 οὐδὲν
758 2751 787 2776 οὺ
802 2751 839 2786 μὴ

97 2839 117 2854 ’⁷
135 2840 196 2868 Dan.
217 2850 246 2875 ιι,
345 2843 367 2858 ⁷⁸
388 2842 485 2869 Ezecli.
504 2849 545 2871 ει.
559 2841 587 2867 Gl
604 2848 679 2876 seqq.

892 2302 918 2324 et
933 2297 958 2323 in
976 2296 1167 2331 longitudinem
1179 2295 1352 2329 proportione
1366 2295 1516 2322 latitudinis
1536 2300 1674 2320 extensam

892 2342 1052 2370 habitabunt
1072 2341 1167 2372 sancti,
1189 2345 1216 2368 et
1232 2348 1283 2367 n0n
1304 2341 1366 2371 erit,
1387 2340 1485 2374 inquit,
1505 2349 1514 2365 ε
1532 2340 1672 2366 anathema

892 2387 1007 2421 amplius
1025 2395 1031 2413 :
1051 2395 1060 2412 ι
1079 2385 1129 2413 hoc
1146 2390 1198 2419 est,
1211 2385 1284 2412 nullo
1301 2385 1381 2412 modo
1396 2393 1410 2412 a
1428 2385 1482 2411 Deo
1502 2383 1671 2415 alienabitnr,

892 2432 1014 2460 stabilem
1030 2432 1100 2459 enim
1118 2432 1142 2459 ei
1159 2432 1317 2458 cltaritatem
1336 2431 1473 2466 largietur,
1488 2437 1537 2456 nec
1552 2430 1619 2457 ultra
1634 2431 1672 2456 Ια-

891 2479 988 2506 bentur
1002 2482 1030 2504 ut
1046 2477 1128 2504 Deum
1147 2475 1296 2508 ollendant,
1319 2481 1438 2510 peccato,
1453 2480 1482 2503 ut
1503 2475 1568 2507 dixi,
1585 2481 1610 2502 et
1626 2475 1673 2502 Sa-

893 2529 954 2551 tana
971 2527 1102 2550 lentatore
1117 2530 1226 2557 prorsus
1240 2522 1364 2548 sublatis.
1386 2521 1442 2548 Non
1466 2521 1537 2547 enim
1560 2522 1610 2547 erit
1638 2521 1672 2547 ibi

892 2569 943 2602 leo,
961 2577 1009 2596 nec
1024 2569 1076 2596 ulla
1098 2568 1229 2594 malai-mn
1243 2566 1390 2593 bestiarum
1404 2566 1437 2592 ad
1452 2566 1522 2592 illam
1535 2566 1672 2598 ascendet,

892 2622 942 2641 nec
956 2614 1162 2641 invenietnribi.
1180 2621 1189 2638 ι
1212 2610 1377 2639 llabitabunt
1390 2611 1461 2637 enim
1471 2611 1644 2638 conﬁdenter.
1662 2620 1671 2637 ι

893 2660 1024 2692 Quoniam
1038 2665 1128 2686 autem
1143 2659 1274 2686 insertutn
1290 2661 1330 2683 est
1347 2665 1354 2683 :
1372 2666 1381 2682 ‹
1402 2657 1483 2682 Ruina
1495 2665 1560 2683 vero
1576 2657 1601 2684 in
1616 2658 1673 2683 loro

891 2705 1071 2740 permanebit,
1092 2714 1100 2730 ι
1117 2713 1221 2731 rursum
1247 2703 1312 2731 illud
1340 2702 1455 2729 dicimus
1483 2710 1590 2729 sensum
1615 2710 1671 2729 \‘er—

892 2753 988 2778 borum
1002 2755 1132 2786 quantum
1154 2751 1182 2778 in
1201 2751 1277 2779 nobis
1294 2753 1336 2778 est
1354 2749 1571 2782 interpretantes.
1591 2748 1672 2775 llum

718 2841 739 2856 7'
756 2840 806 2867 lsa.
819 2847 872 2872 Ltv,
887 2839 913 2874 ρ,
927 2839 954 2867 5.
