1916 3053
240 132 290 159 εισγ
734 125 760 152 s.
784 123 918 152 t2\‘ltlLt.l
940 122 1174 152 Al.t-.XA.\Dltl.\'l
1196 123 1356 151 menum.
1629 115 1632 118 ’
1821 123 1868 152 263

240 187 344 216 minatu
362 187 491 215 libet-atus
503 185 527 212 ⁷.“
539 186 602 219 Qum
620 193 662 212 res
679 189 757 219 typus
772 185 882 220 quidam
897 190 956 212 eral
973 193 996 212 in

1111 194 1128 212 ην
1151 185 1250 219 ὡραῖον
1281 185 1369 217 ξύλου,
1394 186 1438 212 καὶ
1464 183 1577 216 κλάδους
1595 185 1674 218 ξύλου
1693 183 1802 217 δασεῖς,
1826 187 1867 213 καὶ

241 235 316 262 sterii
333 234 359 261 in
376 232 498 259 Christo.
516 230 605 265 Ercpti
624 230 696 257 enim
715 237 807 256 sumus
823 237 872 257 nos
888 237 995 265 quoque

1109 231 1166 264 ξας,
1190 232 1236 258 καὶ
1252 231 1333 265 ἄγνου
1359 231 1486 263 κλάδους,
1506 231 1593 257 πίνειν
1614 239 1642 257 τε
1662 230 1737 267 ὕδωρ
1756 231 1790 256 ὲκ
1814 239 1865 265 χει-

240 280 339 308 ιὶίεὼοιὶ
359 278 500 309 servitute,
518 281 546 303 et
565 276 663 309 vocati,
686 281 715 303 ut
736 275 802 309 dixi,
825 276 850 303 in
872 276 996 303 libertate

1112 277 1196 312 ιρρου,
1213 278 1260 303 καὶ
1276 277 1319 303 ἐπ’
1338 277 1430 308 αὐτοῖς
1452 276 1709 312 κατευφραίνεσθαι.
1731 276 1788 303 Καὶ
1805 277 1868 311 πρό-

238 335 285 361 pcr
302 325 439 353 Christum
450 324 471 357 ',
492 328 520 351 et
547 322 610 349 facti
631 322 680 350 sub
709 322 896 349 universorum
919 329 981 357 rege

1111 330 1158 348 ισιν
1175 322 1223 357 μὲν
1235 323 1249 348 ὁ
1262 322 1342 357 νόμος
1353 321 1468 348 ἐποιεῖτο
1481 321 1531 356 τῆς
1547 321 1654 356 ἑορτῆς,
1669 321 1699 347 τὸ
1713 321 1744 346 ὲν
1758 321 1867 355 σκηναῖς

232 370 305 405 vita,
331 374 450 398 veterum
478 368 645 396 dominorum
669 367 839 395 immanitate
862 373 987 402 contemp

1111 367 1240 402 ,τοικῆσαι
1259 367 1304 393 τὸν
1324 367 1445 402 Ἰσραὴλ,
1469 367 1518 402 τῆς
1535 366 1694 400 Αίγυπτίων
1713 365 1867 397 πλεονεξίας

237 416 414 444 (Ζοιοὶη-σιιιυε
433 419 522 442 autem
540 422 634 441 verum
653 414 826 449 Scenopegia:
843 414 956 447 festum,
976 414 992 441 h

1111 413 1254 448 ῃρημένον.
1267 410 1321 439 Ἦν
1342 413 1370 440 δέ
1387 413 1441 448 ἄρα
1454 413 1484 440 τὸ
1501 414 1596 448 χρῆμα
1613 413 1767 448 μυστηρίου
1787 412 1867 444 τύπος

237 468 278 489 «δι
305 463 375 489 diem
394 460 601 489 resurrecdonis
622 459 738 492 Christi,
765 460 873 494 quando
890 459 981 487 omnia

1112 458 1124 485 ῡ
1138 459 1208 485 κατά
1222 459 1349 493 Χριστόν.
1383 458 1557 495 Ἐξῃρήμεθα
1569 459 1622 494 γὰρ
1636 458 1683 485 καὶ
1697 460 1780 494 ἡμεῖς
1795 458 1868 486 αὐτοὶ

238 508 295 541 ipso
315 514 427 541 corpora
446 505 522 541 quasi
542 505 593 532 ﬁxa
612 509 639 532 et
656 509 794 540 compacta
814 509 887 536 sunt,
905 512 994 538 quarm

1113 512 1126 535 ς
1139 503 1187 530 τοῦ
1200 504 1322 531 διαϐόλου
1337 505 1503 538 πλεονεξίας,
1517 505 1675 540 κεκλήμεθά
1687 513 1728 537 τε,
1740 504 1780 536 ὡς
1793 505 1867 540 ἔφην,

238 545 412 587 corruptione
439 551 568 579 dissoluta
595 555 620 578 et
647 559 661 577 a
691 554 777 577 morte
803 553 944 584 occupata.
968 549 994 584 lp

1113 559 1117 581 :
1137 550 1294 586 ἐλευθερίαν
1314 551 1357 577 διὰ
1369 551 1497 587 Χριστοῦ,
1513 552 1559 578 καὶ
1573 551 1619 578 ὑπ’
1630 551 1704 586 αὐτῷ
1718 551 1869 585 γεγόναμεν

238 599 309 626 cnim
330 604 370 626 est
391 598 572 629 resurrectio,
593 598 650 630 ipse
671 596 725 623 vita
746 597 768 629 ’,
801 596 875 623 velut
902 597 994 630 primit

1114 607 1116 618 ι
1131 595 1185 622 τῶν
1199 596 1268 622 ὅλων
1286 595 1390 631 βασιλεῖ
1417 597 1464 623 καὶ
1479 596 1546 632 ζωῇ,
1564 596 1614 632 τῆς
1630 597 1685 623 τῶν
1703 594 1791 623 πάλαι
1805 604 1870 631 κρα-

239 653 270 672 ex
283 645 408 677 ‘tnortuis,
421 644 605 679 retprimitia:
624 643 816 671 dormientium
828 643 861 676 ‘°,
886 651 895 668 1
915 642 960 677 qui
979 650 995 669 n

1112 641 1195 669 ύντων
1223 642 1384 677 σκαιότητος
1408 642 1601 677 ἀλογήσαντες.
1631 641 1815 677 Ἐορτάζομεν
1843 642 1868 668 δὲ

241 691 382 720 fertilitate
400 698 459 726 qum
477 689 653 724 intelligentia
674 689 858 723 cognoscitur,
878 687 981 722 replet,

1114 697 1125 714 ν
1140 687 1226 724 ἀληθῆ
1248 689 1298 722 τῆς
1320 689 1511 723 Σκηνοπηγίας
1530 688 1635 724 ἑορτὴν,
1656 688 1802 720 τουτέστι,
1823 688 1870 720 τὴν

239 738 317 773 quasi
335 745 368 765 cx
388 737 460 771 agris
478 735 605 762 coilectos
623 733 728 761 labores
748 734 774 760 ln
793 740 910 768 superna
930 733 995 760 horr

1115 734 1183 770 ,ἐραν
1203 733 1253 769 τῆς
1275 735 1451 766 ἀναστάσεως
1470 735 1517 760 τοῦ
1537 734 1666 770 Χριστοῦ,
1681 734 1726 760 ὅτε
1745 734 1781 760 τὰ
1805 734 1871 761 πάν-

240 782 410 811 accumnlare
427 780 502 808 facit.
520 779 580 814 ipse
596 779 674 806 nobis
694 779 719 805 in
739 778 866 813 paradiso
882 778 980 805 victum

1113 789 1130 806 ιν
1150 781 1179 806 ἐν
1197 779 1271 814 αὐτῷ
1296 780 1437 815 μονονουχὶ
1466 780 1608 815 πέπηκται
1629 780 1760 815 σώματα,
1783 779 1869 806 καίτοι

239 829 350 856 delicias
365 827 454 858 dabit,
471 825 625 860 spirituales
643 825 786 857 nimirum,
802 823 951 851 victoribus
965 831 995 858 pe

1114 825 1209 860 tupéva
1227 826 1259 860 τῇ
1280 825 1377 861 φθορᾷ,
1397 826 1444 852 καὶ
1464 825 1571 859 Θανάτῳ
1591 825 1795 860 κεκρατημὲνα.
1815 825 1870 851 Αὐ-

239 874 308 906 cali,
326 872 473 900 secundum
492 871 658 898 intellectum
675 871 742 898 bene
758 870 909 902 olentibus.
925 871 995 905 speci

1113 880 1121 902 :
1135 871 1189 905 γάρ
1205 872 1306 906 ἐστινὴ
1323 871 1481 903 ἀνάστασις,
1495 871 1576 902 αὐτὸς
1591 872 1606 905 ἡ
1622 870 1690 905 ζωὴ,
1705 869 1869 905 πρωτόλειον

237 925 351 953 sumque
368 921 395 944 et
415 915 557 944 amabilem
579 915 739 950 evangelicae
759 915 821 942 Viue
843 915 958 942 fructum
981 915 993 941 h

1111 927 1169 954 map
1181 919 1213 945 ἐκ
1225 918 1339 954 νεκρῶν,
1354 928 1363 944 ‹
1375 919 1423 945 καὶ
1433 919 1544 955 ἀπαρχὴ
1557 918 1611 944 τῶν
1625 918 1835 953 κεκοιμημένων
1843 926 1850 932 σ
1859 927 1867 943 l

237 963 378 996 hentibus,
393 967 467 990 caste
480 966 507 989 et
518 965 612 989 sancte
625 961 801 988 conversatis.
817 960 928 995 Signum
942 960 993 994 huji

1114 965 1210 999 νοητῆς
1235 964 1309 999 ἡμᾶς
1335 963 1488 999 εὐκαρπίας
1518 963 1728 998 κατεμπιπλῶν,
1753 962 1799 989 καὶ
1815 959 1870 989 οἷον

237 1017 298 1037 esse
317 1009 419 1044 possit,
437 1007 508 1043 quod
527 1006 646 1042 spatulas
664 1006 814 1041 palmarum
833 1010 860 1033 et
879 1005 993 1039 pulcbru

1113 1012 1138 1041 5;
1154 1009 1184 1042 ἐξ
1198 1009 1289 1045 ἀγρῶν
1310 1010 1489 1044 συλλεγέντας
1507 1009 1606 1041 πόνους
1621 1008 1786 1044 ἐνσωρεύειν
1802 1009 1869 1035 ἀπο-

238 1055 302 1090 ligni
324 1054 439 1082 fructum
461 1053 542 1081 simul
566 1060 627 1080 cum
648 1052 708 1079 aliis
731 1051 855 1086 colligata
877 1051 990 1078 habebat

1113 1064 1173 1087 καις
1191 1057 1253 1087 ταῖς
1274 1055 1330 1083 ἄνω
1349 1055 1577 1091 παρασκευάζων.
1597 1055 1684 1087 Αὐτὸς
1708 1056 1777 1090 ἡμῖν
1800 1055 1869 1081 ἀπο-

238 1101 297 1136 lpse
311 1104 353 1128 cst
367 1105 472 1127 torrens
486 1098 654 1130 deliciarum,
668 1104 720 1132 quo
736 1097 836 1132 potavit
851 1103 901 1124 nos
915 1097 984 1125 Deus

1116 1109 1156 1127 σει
1172 1101 1221 1136 τὴν
1240 1102 1269 1128 ἐν
1285 1101 1441 1137 παραδείσῳ
1461 1101 1566 1128 δίαιταν
1592 1102 1639 1128 καὶ
1658 1101 1778 1136 τρυφὴν,
1794 1100 1872 1135 δῆλον

237 1148 317 1175 Pater
328 1147 360 1173 “.
378 1146 435 1181 Ipse
451 1150 492 1173 cst
507 1145 565 1172 fons
580 1143 656 1176 vitae,
672 1148 698 1171 et
712 1142 810 1171 ﬂuvius
825 1143 915 1177 pacis,
929 1143 975 1178 qui
990 1152 993 1169 :

1123 1146 1162 1172 ὅτι
1183 1146 1383 1181 πνευματικὴν,
1402 1146 1557 1181 νενικηκόσι
1584 1146 1633 1181 τὴν
1650 1145 1802 1182 ἁμαρτίαν,
1825 1146 1866 1172 εὐ-

237 1201 286 1220 nos
297 1200 329 1220 ex
342 1191 466 1227 gentibus
477 1195 587 1218 vocatos
598 1189 781 1223 declinavit",
791 1189 824 1217 de
835 1197 888 1224 quo
899 1189 963 1217 alibi
977 1196 991 1216 e

1115 1190 1220 1223 ιὰζουσι
1251 1192 1370 1227 νοητῶς,
1392 1192 1492 1227 ὡραῖον
1512 1193 1559 1219 καὶ
1575 1186 1737 1227 ἀξιέράστον
1753 1191 1802 1218 τὸν
1823 1192 1871 1226 τῆς

236 1239 363 1274 quisilius
378 1237 566 1264 disseruimus.
581 1236 651 1270 Ergo
668 1235 846 1263 ascendentes
860 1236 894 1263 ad
909 1235 990 1264 adora

1114 1237 1256 1272 ιγγελικῆς
1286 1238 1423 1270 πολιτείας
1449 1239 1540 1274 ἔχουσι
1565 1239 1691 1273 καρπὸν,
1717 1239 1808 1272 ἁγνῶς
1826 1237 1870 1265 καὶ

236 1285 297 1310 dum
306 1283 388 1311 Deum
395 1280 672 1317 omnipotentemﬁ]
679 1280 918 1315 letperagendum
925 1280 992 1308 festu

1114 1283 1155 1315 ἷως
1180 1284 1433 1319 πεπολιτευμένοις.
1458 1285 1573 1320 Σημεῖον
1592 1284 1614 1311 δ’
1636 1285 1669 1311 ἂν
1695 1285 1804 1319 γένοιτο
1827 1285 1870 1310 καὶ

236 1329 419 1364 Sccnopcgiae,
431 1332 494 1356 sunt
507 1327 552 1362 qui
568 1334 616 1362 per
628 1326 707 1354 ﬁdem
721 1326 748 1353 in
760 1325 870 1354 Christo
881 1326 992 1360 justiﬁes

1115 1329 1151 1356 ὶδε
1175 1329 1276 1361 λοιπὸν,
1302 1329 1333 1356 τὸ
1356 1330 1511 1365 κάλλυντρα
1545 1331 1673 1364 φοινίκων
1699 1331 1747 1357 καὶ
1772 1330 1871 1365 ὡραῖον

235 1380 307 1402 sunt.
318 1374 435 1401 Minatur
443 1380 523 1409 porro
531 1380 584 1400 non
594 1372 803 1400 ascendentibus
811 1372 957 1407 perniciem
965 1379 991 1407 p(

1115 1379 1153 1400 tota
1175 1375 1281 1409 καρπὸν
1305 1376 1371 1411 ὁμοῦ
1392 1377 1447 1408 τοῖς
1470 1376 1559 1408 ἄλλοις
1580 1377 1766 1412 συνδήσαντας
1788 1376 1871 1411 ἐχειν.

235 1428 338 1456 nasque
349 1426 427 1455 pares
439 1420 471 1447 iis
482 1426 549 1454 quas
559 1418 647 1446 daturi
659 1418 713 1445 sint
721 1422 908 1453 persecutores
919 1422 946 1446 et
957 1425 990 1446 co

1115 1421 1159 1453 τός
1173 1422 1246 1448 ἐστιν
1266 1423 1280 1448 ὁ
1296 1422 1464 1458 χειμάρρους
1483 1423 1532 1458 τῆς
1553 1423 1659 1459 τρυφῆς
1673 1423 1704 1449 ὃν
1722 1424 1871 1449 πεπότικεν

235 1467 382 1495 mmeliosi.
397 1466 497 1494 Eodem
515 1465 612 1500 quippe
627 1464 686 1491 loco
701 1464 833 1491 ducentur
845 1470 898 1498 quo
914 1463 991 1492 hoste

1116 1468 1174 1499 acc
1189 1467 1254 1499 Θεὸς
1274 1469 1320 1495 καὶ
1335 1469 1440 1505 Πατήρ.
1463 1469 1548 1500 Αὐτὸς
1566 1470 1581 1505 ἡ
1605 1468 1681 1504 πηγὴ
1705 1470 1757 1504 τῆς
1779 1468 1870 1503 ζωῆς,

233 1514 279 1548 qui
298 1513 411 1548 diligere
430 1511 577 1540 noluerint.
595 1510 627 1537 Et
644 1510 706 1543 hoc,
722 1509 828 1543 opinor,
845 1514 886 1537 est
905 1510 976 1544 quod

1113 1512 1123 1538 ὶ
1139 1513 1153 1539 ὀ
1169 1513 1217 1547 τῆς
1232 1514 1342 1548 είρήνης
1364 1513 1500 1548 ποταμὸς,
1520 1514 1533 1539 ὁ
1553 1512 1723 1544 ἐκκεκλικὼς
1739 1514 1782 1544 είς
1799 1513 1869 1547 ἡμᾶς

234 1560 293 1594 ipse
308 1559 433 1586 Christus
450 1557 518 1584 dixit
535 1564 542 1583 :
563 1565 572 1581 ι
593 1555 642 1589 Qui
662 1563 714 1582 non
732 1558 773 1582 est
790 1562 911 1588 mecum,
929 1559 990 1582 cont

1113 1561 1138 1590 υς
1151 1559 1180 1594 ἐξ
1194 1559 1280 1586 ἐθνῶν
1300 1559 1496 1594 κεκλημένους.
1511 1560 1625 1596 Εἴρηται
1637 1560 1665 1586 δὲ
1681 1560 1747 1595 περὶ
1769 1559 1869 1585 τούτων

233 1614 276 1633 me
291 1609 348 1637 est,
363 1610 390 1631 et
405 1605 451 1639 qui
467 1611 520 1631 non
535 1603 636 1638 colligit
650 1609 753 1629 mecum
763 1620 771 1634 ,
785 1601 958 1637 dispergit".
975 1611 984 1627 1

1114 1605 1143 1630 ,ἰν
1170 1605 1268 1639 ἰσχνῶς
1295 1606 1322 1631 ὲν
1355 1606 1467 1640 ἑτέροις.
1493 1605 1596 1632 οὐκοῦν
1623 1606 1648 1632 οἱ
1676 1605 1870 1635 ἀναϐαίνοντες

233 1653 424 1687 προσκυνῆσαι
438 1650 477 1686 τῷ
490 1649 549 1685 Θεῷ
584 1649 795 1685 παντοκράτορι,
810 1649 857 1677 καὶ
873 1649 980 1677 τελέσαι
1012 1650 1060 1687 τὴν
1079 1652 1175 1687 ἑορτὴν
1197 1653 1246 1688 τῆς
1270 1653 1477 1689 Σκηνοπηγίας,
1500 1654 1524 1680 ot
1548 1653 1591 1680 δια
1610 1653 1728 1684 πίστεώς
1753 1653 1825 1679 εἰσιν
1846 1654 1874 1678 ἐν

232 1697 343 1734 Χριστῷ
364 1696 577 1732 δεδικαιωμένοι.
595 1694 716 1723 Ἀπειλεῖ
735 1695 764 1722 δὲ
782 1696 838 1727 τοῖς
859 1695 895 1731 μὴ
917 1695 1109 1724 ἀναϐαίνουσιν
1135 1698 1256 1734 δλεθρον,
1291 1700 1387 1731 ποινάς
1408 1708 1437 1726 τε
1470 1699 1519 1732 τὰς
1543 1699 1603 1731 ἴσας
1643 1697 1688 1731 αἶς
1723 1700 1873 1725 ὑποσταῖεν

231 1745 256 1771 οἱ
273 1743 386 1771 διῶκταί
402 1751 432 1769 τε
448 1743 495 1769 καὶ
509 1741 644 1778 ὑϐρισταί.
664 1741 709 1767 Ἐν
745 1741 788 1776 ἴση
816 1740 870 1775 γὰρ
907 1740 989 1776 μοίρην⁵
1011 1741 1147 1769 κείσονται
1168 1745 1224 1776 τοῖς
1257 1745 1362 1780 ἐχθροῖς
1388 1745 1412 1771 oi
1439 1744 1476 1780 μὴ
1499 1745 1610 1780 ἀγαπᾷν
1647 1743 1795 1780 ᾑρημένοι.
1818 1738 1873 1769 Καὶ

232 1792 322 1824 τοῦτο,
344 1790 432 1826 οἶμαι,
453 1790 538 1822 ἐστιν,
550 1789 565 1816 ὃ
584 1790 631 1816 καὶ
649 1788 729 1820 αὐτὸς
746 1787 798 1823 ἔφη
826 1788 960 1823 Χριστός’
978 1797 988 1814 ι
1008 1789 1036 1815 ’0
1056 1789 1094 1825 μὴ
1107 1790 1144 1817 ὢν
1162 1791 1220 1826 μετ’
1252 1792 1330 1827 ἐμοῦ,
1346 1792 1406 1819 κατ’
1420 1792 1486 1828 ἐμοῦ
1503 1794 1572 1825 ἐστι,
1587 1793 1633 1819 καὶ
1649 1793 1663 1819 ὁ
1682 1792 1720 1828 μὴ
1744 1793 1872 1826 συνάγων

231 1837 293 1873 μετ’
306 1836 385 1873 ἐμοῦ,
404 1835 556 1871 σκορπίζει.
571 1845 580 1860 1

268 1883 349 1911 Vens.
371 1883 415 1910 18.
436 1881 465 1910 Si
476 1882 567 1909 autem
581 1881 665 1908 tribus
678 1879 788 1916 Egyptt'
799 1887 850 1907 non
860 1881 1018 1914 ascenderit,

1115 1879 1181 1906 Ὲὰν
1193 1878 1228 1906 δὲ
1241 1880 1324 1915 φυλὴ
1339 1881 1489 1916 Αἰγύπτου
1498 1881 1543 1916 μὴ
1565 1880 1671 1915 ἀναϐῇ,
1692 1882 1777 1917 μηδὲ
1795 1884 1871 1919 ἔλθῃ

233 1938 314 1965 neque
339 1930 435 1957 venerit
458 1929 530 1962 illuc,
560 1931 584 1955 et
610 1929 688 1962 super
713 1927 760 1953 lio:
778 1927 827 1954 erit
850 1927 937 1959 ruina,
966 1935 989 1962 qi

1114 1924 1146 1957 Ξῖ,
1165 1925 1213 1952 καὶ
1237 1926 1286 1952 ἐπὶ
1312 1926 1429 1958 τούτοις
1449 1927 1535 1954 ἔσται
1555 1928 1574 1961 ἡ
1597 1926 1721 1961 πτῶσις,
1748 1928 1791 1962 ἦν
1812 1938 1870 1956 :ra-

231 1977 357 2011 percutiet
385 1975 512 2002 Dominus
539 1982 627 2002 omnes
652 1978 759 2009 gentes,
779 1981 939 2008 quwcunque
967 1982 987 1999 ηε

1113 1971 1153 2003 Set
1172 1971 1279 2004 Κύριος
1298 1970 1396 1998 πάντα
1410 1972 1446 1999 τὰ
1460 1971 1543 2006 ἔθνη,
1562 1972 1621 1999 ὅσα
1640 1973 1679 2000 ἂν
1695 1973 1740 2008 μὴ
1757 1975 1869 2009 ἀναϐῇ,

231 2023 408 2054 attenderint,
427 2027 454 2048 ut
481 2021 608 2048 celebrent
632 2019 821 2047 solemnitatem
837 2019 987 2054 Scenopegit

1070 2017 1123 2044 τοῦ
1140 2017 1280 2051 ἑορτάσαι
1301 2017 1359 2051 τὴν
1377 2017 1486 2052 ἑορτὴν
1505 2017 1560 2053 τῆς
1578 2021 1806 2054 Σκηνοπηγίας.

267 2068 346 2095 CXII.
374 2068 412 2095 Ex
435 2075 488 2094 una
514 2072 608 2102 gente.
633 2065 821 2102 Egypliorum
844 2066 968 2100 inquam,
991 2065 1016 2092 in

1113 2063 1179 2089 PIB'.
1203 2063 1247 2095 Ὠς
1263 2063 1293 2095 ἐξ
1306 2064 1365 2095 ἐνὸς
1385 2063 1492 2096 ἔθνους,
1514 2065 1568 2092 τῶν
1587 2066 1747 2100 Αἰγυπτίων
1776 2069 1869 2104 φημὶ,

231 2121 337 2141 summo
362 2120 456 2141 errore
480 2117 638 2145 versantes,
669 2116 696 2140 et
723 2111 924 2147 improbissime
946 2111 987 2138 idu

1114 2118 1131 2140 ις
1148 2109 1188 2140 είς
1202 2108 1286 2144 ἄκρον
1299 2110 1417 2144 ἥκοντας
1430 2109 1544 2145 πλάνης,
1558 2110 1680 2142 ἐκτόπως
1697 2120 1728 2138 τε
1743 2112 1818 2146 ἄγαν
1833 2115 1870 2139 εἱ-

231 2159 350 2187 colentes
380 2158 493 2190 indicat,
520 2158 619 2193 quibus
643 2165 734 2194 grave,
757 2161 784 2184 et
808 2156 972 2188 inevitabile,

1112 2154 1245 2188 λολατρεῖν
1260 2155 1421 2191 ἑλομένους,
1441 2156 1600 2191 καταδηλοῖ,
1629 2154 1670 2189 οἷς
1687 2157 1768 2185 ἔσται
1792 2159 1868 2194 δεινὴ

230 2203 340 2231 exitiale
361 2203 521 2238 supplicium
545 2204 693 2238 continget,
714 2209 746 2229 ex
769 2208 802 2229 eo
822 2202 893 2236 quod
920 2201 986 2228 salut

1112 2211 1116 2227 ι
1138 2201 1301 2236 ἀδιάφυκτος
1322 2202 1401 2238 δίκη,
1426 2203 1473 2229 καὶ
1493 2203 1603 2239 ὀλέθρου
1620 2204 1752 2239 πρόξενος
1771 2205 1804 2232 τὸ
1832 2207 1868 2242 μὴ

230 2256 278 2283 per
292 2246 430 2275 Christum
446 2249 638 2284 acceptabilem
653 2248 768 2283 gratiam
787 2247 922 2281 aspernati
941 2255 986 2274 sun

1116 2246 1177 2273 σθαι
1200 2248 1281 2283 τιμᾷν
1304 2248 1353 2284 τῆς
1377 2248 1420 2275 διὰ
1444 2248 1491 2275 τοῦ
1513 2248 1631 2285 Χριστοῦ
1655 2251 1798 2287 σωτηρίας
1819 2252 1868 2286 τὴν

230 2295 346 2322 Tantum
364 2295 436 2322 enim
458 2303 510 2322 non
527 2294 717 2322 interfectores
734 2301 845 2320 suarum
861 2294 985 2320 aniinaru

1115 2292 1231 2327 όληπτον
1257 2294 1347 2328 χάριν.
1374 2294 1463 2320 Μόνον
1491 2294 1545 2330 γὰρ
1568 2295 1628 2330 οὐχὶ
1654 2298 1787 2330 φονευτα¹ι
1812 2297 1869 2324 τῶν

229 2341 392 2376 deprehendi
413 2342 527 2376 possint,
548 2339 680 2374 siquidem
696 2346 788 2366 verum
806 2343 848 2366 est
868 2339 937 2374 quod
953 2347 985 2366 cu

1111 2348 1143 2364 ων
1158 2339 1298 2373 γεγονότες
1308 2339 1400 2375 ψυχῶν
1411 2340 1499 2367 ἁλοῖεν
1513 2341 1557 2374 ἂν,
1571 2342 1651 2377 εἴπερ
1663 2342 1740 2370 ἐστὶν
1753 2344 1867 2379 ἀληθὲς,

228 2388 267 2414 cis
285 2386 381 2415 liceret
397 2386 601 2422 apprehendere
618 2385 699 2411 vitam
720 2388 861 2418 aeternam,
873 2389 901 2412 et
917 2393 982 2420 prop

1119 2385 1297 2420 μετδναὺτοῖς
1309 2385 1505 2422 ἐπιδράξασθαι
1520 2388 1569 2423 τῆς
1585 2388 1696 2415 αἰωνίου
1713 2389 1803 2425 ζωῆς,
1819 2393 1868 2417 καὶ

227 2433 280 2459 sita
299 2436 373 2460 esset
385 2431 590 2467 apprehendere
599 2429 752 2457 volentibus
764 2437 878 2464 superna
894 2431 980 2466 benigt

1114 2431 1263 2466 metuit/ou;
1292 2432 1332 2463 είς
1358 2432 1467 2467 μέθεξιν
1491 2435 1546 2465 τοῖς
1572 2434 1642 2460 ἐλεῖν
1664 2435 1791 2463 ἐθέλουσι
1815 2438 1870 2471 τῆς

228 2484 280 2511 tas,
306 2481 334 2505 et
369 2483 520 2505 exonerare
552 2483 582 2503 se
611 2475 741 2510 peccatis,
765 2477 822 2503 suis
849 2477 984 2504 indulscru

1113 2475 1167 2502 ›θεν
1182 2476 1360 2511 ἡμερότητος,
1373 2478 1420 2504 καὶ
1435 2478 1487 2514 μὴν
1502 2479 1548 2505 καὶ
1559 2479 1799 2515 ἀποφορτίσασθαι
1815 2483 1869 2514 τὰς

228 2524 375 2557 erroribus,
398 2531 448 2550 nec
464 2522 597 2549 maculam
612 2522 676 2550 inde
689 2527 866 2555 contractam,
884 2532 933 2551 nec
950 2532 982 2558 pe

1113 2523 1217 2558 αρτίας,
1247 2525 1307 2555 ταῖς
1336 2524 1439 2551 ἐαυτῶν
1456 2525 1624 2553 ὲντεθείκασι
1652 2527 1790 2560 πλάναις,
1818 2530 1869 2555 καὶ

227 2569 281 2597 cati
300 2569 532 2604 inquinamentum
549 2568 692 2596 eluerunt:
708 2571 756 2597 sed
771 2569 798 2596 in
815 2577 907 2597 errore
923 2577 983 2604 pers

1111 2569 1248 2595 ιπὸνιπτον
1258 2570 1390 2605 ἐσχήκασι
1406 2571 1454 2605 τὴν
1464 2572 1495 2597 ἐκ
1505 2571 1552 2598 τοῦ
1568 2572 1722 2600 πλανᾶσθαι
1739 2573 1867 2610 κ[η]λίδα

229 2620 370 2645 verarum,
400 2614 525 2648 quamvis
547 2615 668 2642 divinum
694 2615 785 2643 lumen
812 2616 902 2643 omnia
930 2616 985 2643 colli

1110 2636 1111 2641 η
1124 2617 1174 2651 τῆς
1188 2616 1375 2652 πλημμελείας
1388 2617 1432 2643 τὸν
1450 2617 1596 2653 μολυσμὸν,
1611 2618 1819 2647 διατετελέκασί
1835 2629 1866 2647 τε

227 2665 338 2693 straret,
361 2665 387 2687 et
404 2660 431 2686 in
453 2660 568 2695 caligine
588 2666 670 2695 atque
693 2661 813 2689 tenebris
833 2662 960 2697 degentes
978 2669 983 2688 ε

1111 2682 1112 2687 η
1133 2663 1161 2688 ἐν
1182 2661 1284 2698 πλάνῃ·
1311 2662 1398 2688 καίτοι
1422 2663 1468 2689 τοῦ
1495 2663 1568 2689 θείου
1594 2664 1684 2698 φωτὸς
1706 2665 1743 2692 τὰ
1772 2666 1867 2693 πάντα

227 2705 408 2738 σςιιίοὶοηιίυιιι
423 2707 588 2734 hortaretur.
612 2707 648 2735 De
662 2708 777 2742 singulis
793 2709 887 2736 horum
905 2715 983 2743 quoqt

1112 2708 1340 2743 πιαστράπτοντος,
1354 2708 1400 2734 καὶ
1416 2708 1559 2741 καλοῦντος
1574 2710 1614 2740 είς
1631 2710 1784 2746 ἀνάϐλεψιν
1796 2712 1868 2744 τοὺς

260 2803 366 2830 1Lavit.
378 2812 452 2831 xxut.
469 2806 562 2833 59-43.
589 2807 598 2823 ⁵
612 2807 700 2835 Gulat.
712 2815 749 2841 tv,
764 2807 807 2834 51.
838 2808 847 2823 ⁹
859 2808 937 2834 Joan.
948 2815 977 2838 ,ιι

227 2837 250 2855 ¹⁸
267 2837 330 2866 Luc.
349 2847 385 2868 tu.
401 2840 447 2868 25.

1110 2807 1194 2834 lCnr,
1211 2815 1255 2838 xv,
1269 2807 1312 2833 ‘20.
1344 2808 1363 2823 “
1377 2807 1448 2835 Psal.
1468 2818 1548 2844 xxxv,
1564 2812 1590 2840 9.
1621 2812 1641 2828 "
1654 2811 1709 2841 isa.
1727 2821 1799 2846 um,
1814 2815 1865 2842 {2.

323 2859 330 2866 ι
349 2855 385 2874 διδ
404 2855 447 2868 ἆυ.
