1916 3053
58 175 106 202 27⁸1

482 167 758 197 COMMENTARIUS
778 165 811 194 Ν
831 164 1033 194 MALAClllMl
1059 162 1278 202 ΡΒΟΡΠΕΤᾹΜ.

1638 158 1692 185 9.ῗῖ

61 232 198 268 μαλωσὶαις
213 229 326 265 καιρῶν,
340 228 517 263 ἀνεκομίζετο
529 228 675 263 μενέκτῆς
691 226 850 257 Βαϐυλῶνος

912 232 963 252 one
984 225 1008 251 itt
1026 224 1146 252 Jiulzcam
1168 222 1324 258 remigravit
1342 221 1439 253 lsrael,
1456 225 1483 248 ct
1500 219 1525 248 in
1551 219 1689 248 civitatem

61 279 96 310 εἰς
104 277 151 313 τὴν
168 276 300 304 Ἰουδαίαν
319 277 333 302 6
356 274 474 309 Ἰσραὴλ,
490 274 537 300 κει.)⁸
552 275 591 306 εἰς
605 273 654 309 τὴν
672 273 752 307 ἁγίαν
771 269 848 304 αὖθις

61 324 168 358 ἀφίκετο
180 322 270 353 πόλιν,
284 322 314 348 τὺ
327 322 376 356 τῆς
396 321 517 353 δουλείας
534 319 616 354 ζυγὸν
629 319 849 356 ἀποφορτισάμε-

61 379 111 401 νος.
132 369 188 395 Καὶ
212 369 245 403 δὴ
266 368 280 394 6
295 368 366 399 θεῖος
391 368 540 402 ἐγήγερται
560 367 632 398 ναὸς,
659 365 849 400 ὲψεστηκότων

62 414 110 444 τοῖς
123 412 214 448 ἔργοις
231 411 384 447 Ζοροϐάϐελ
395 420 425 437 τε
441 412 488 438 καὶ
504 410 550 437 τοῦ
565 409 711 446 Σαλαθιὴλ,
726 410 755 442 ὃς
768 407 802 446 ἦν
818 410 850 435 ὲκ

63 457 142 492 φυλῆς
166 457 262 489 Ἰούδα,
284 457 331 484 καὶ
356 456 442 492 Ἰησοῦ
464 456 511 484 τοῦ
539 457 672 489 Ἰωσεδὲκ,
691 456 738 484 τοῦ
755 456 851 493 ίερέως

62 503 104 529 τοῦ
121 503 251 538 μεγάλου.
268 503 457 539 Προεφήτευον
470 503 498 530 δὲ
515 504 575 530 κατ’
590 503 679 530 ἐκεῖνο
692 503 738 530 τοῦ
753 501 850 539 καιροῦ

63 551 114 581 τοῖς
127 550 157 575 ἐκ
169 549 220 584 τῆς
236 548 425 584 αἰχμαλωσίας
444 548 657 584 λελυτρωμένοις
683 548 807 582 Ἀγγαῖος
821 555 851 573 τε

64 596 107 622 καὶ
136 595 286 631 Ζαχαρίας,
312 595 416 630 Ἐσδρα
443 604 473 621 τε
499 595 547 622 καὶ
572 594 691 630 Νεεμίου
718 594 851 621 συνόντων

65 641 149 673 αὐτοῖς
165 641 220 668 τῶν
237 640 398 677 ίερουργῶν,
419 640 572 675 Σύγχρονος
585 640 614 666 δὲ
628 641 684 671 τοῖς
699 647 851 675 μνημονευ-

67 688 144 714 θεῖσιν
159 686 248 721 ἁγίοις
264 687 428 722 προφήταις,
454 686 470 721 ἢ
494 686 584 720 ὀλίγον
604 685 691 721 βραχὺ
709 684 768 720 μετ’
782 685 853 711 ἐκεί-

67 742 132 765 νους,
141 733 187 759 καὶ
196 734 210 759 6
221 732 366 764 θεσπέσιος
377 732 474 766 γέγονε
487 731 642 767 Μαλαχίας,
652 731 682 762 ὂς
691 731 722 766 δὴ
731 730 852 757 καλεῖται

68 779 110 806 καὶ.
126 779 258 813 Ἀγγελος
270 786 277 794 ⁸
292 777 499 814 διερμηνευεται
511 778 566 814 γὰρ
578 774 628 805 ὧδε
642 777 795 813 Μαλαχίας.
815 776 852 803 Οὐ

69 824 246 860 παραδεκτέον
256 824 319 856 τούς
329 833 409 852 τινων
427 824 492 860 περὶ
507 824 590 851 αὑτοῦ
603 823 708 858 λόγους,
725 823 749 849 οῖ
766 822 853 858 μάτην

70 870 299 907 ἐρραψῳδήκασιν,
318 870 433 905 ἄγγελον
460 869 509 906 μὲν
523 869 572 906 τὴν
585 869 667 904 φύσιν
685 869 802 903 οἰόμενοί
823 876 853 895 τε

70 918 112 944 καὶ
123 917 259 951 λέγοντες,
279 915 496 952 σεσωματῶσθαί
512 924 544 950 γε
566 915 619 952 μὴν
641 915 711 942 κατὰ
729 914 854 950 βούλησιν

69 963 140 995 Θεοῦ,
163 963 211 990 καὶ
232 963 261 991 ἐν
279 963 418 998 προφήτου
435 962 513 994 τάξει
533 961 660 996 γενέσθαι
675 962 732 993 τοῖς
747 960 778 994 ἐξ
805 961 855 988 Ἰσ-

71 1011 142 1046 ραὴλ.
162 1009 278 1046 Εῐρηται
293 1009 347 1045 γὰρ
363 1009 490 1043 ἄγγελος,
508 1009 544 1040 ὼς
569 1008 647 1043 ἔφην,
673 1007 790 1043 μάλιστα
806 1006 855 1042 μὲν

70 1055 168 1083 καὶτοῦ
181 1056 316 1091 ὀνόματος
331 1055 433 1091 ταύτην
447 1055 555 1090 ἔχοντος
574 1055 616 1089 ἐφ’
634 1053 724 1089 ἑαυτῷ
746 1053 794 1089 τὴν
811 1053 856 1088 ἐρ-

72 1102 175 1138 μηνείαν
185 1110 192 1118 ·
208 1100 270 1129 εἶτα
284 1103 325 1130 ὅτι
338 1102 401 1134 τοὺς
410 1101 514 1129 ἄνωθεν
536 1101 585 1128 καὶ
598 1101 674 1137 παρὰ
684 1100 751 1128 Θεοῦ
761 1099 855 1134 λόγους

71 1149 242 1184 ἀπαγγέλλων
255 1150 311 1181 τοῖς
325 1148 480 1184 ὲξῚσραὴλ,
493 1148 594 1175 καλοῖτ’
607 1147 640 1174 ἃν
653 1148 704 1174 οὐκ
715 1145 856 1178 ἀπιθάνως

72 1195 114 1221 καὶ
125 1194 250 1228 ἄγγελος.
266 1194 322 1221 Καὶ
338 1193 403 1228 γοῦν
419 1194 501 1225 αὐτὸς
521 1195 535 1220 6
555 1193 698 1229 προφήτης
713 1192 856 1228 Μαλαχίας

73 1241 99 1267 ἐν
109 1241 160 1271 τοῖς
175 1240 276 1274 ἐφεξῆς
291 1239 355 1275 περὶ
366 1239 465 1271 παντὸς
476 1239 573 1274 ἱερέως
585 1239 677 1274 φησὶν,
694 1238 734 1265 ὄτι
748 1247 757 1264 ι
772 1237 855 1273 Χείλη

74 1286 159 1322 ἱερέως
177 1286 325 1320 φυλάξεται
349 1285 460 1320 γνῶσιν,
485 1286 532 1312 καὶ
555 1286 637 1320 νόμον
659 1285 857 1320 ὲκζητήσουσιν

75 1334 103 1360 ὲκ
116 1331 246 1367 πόματος
261 1331 355 1365 αὐτοῦ,
372 1331 438 1358 διότι
456 1331 571 1366 ἄγγελος
589 1331 691 1366 Κυρίου
707 1329 859 1366 παντοκρά-

74 1377 144 1412 Ιτορός
160 1377 228 1403 ἐστι.
252 1386 261 1402 ι
281 1376 348 1412 Περὶ
364 1376 392 1403 δέ
415 1385 446 1410 γε
461 1376 508 1402 τοῦ
533 1375 707 1411 Ἐμμανουὴλ
723 1376 737 1402 6
753 1375 859 1410 προφή-

74 1431 118 1458 της
136 1422 259 1454 Ἠσοτας,
284 1431 292 1448 t
313 1422 368 1450 Καὶ
392 1421 545 1457 θελήσουσι,
573 1421 666 1456 φησὶν,
689 1421 712 1447 εί
735 1421 859 1455 ἐγένοντο

75 1468 258 1504 πυρίκαυστοι,
276 1467 316 1494 ὅτι
340 1467 446 1494 παιδίον
470 1467 614 1502 ἐγεννήθη,
635 1467 693 1499 υἱὸς
714 1467 765 1494 κατ
779 1466 858 1502 ἐδόθη

75 1515 144 1549 ἡμῖν,
158 1514 203 1540 καὶ
220 1513 344 1540 καλείται
364 1512 394 1540 τὸ
409 1513 494 1548 ὄνομα
518 1512 600 1540 αὐτοῦ
626 1513 747 1548 μεγάλης
762 1512 860 1548 βουλῆς

77 1560 208 1594 Ἄγγελος.
236 1569 246 1585 ι
271 1559 352 1594 Ὁρᾷς
368 1559 409 1585 ὅτι
428 1559 458 1585 τὸ
479 1558 683 1593 ἀπαγγέλλειν
703 1559 805 1593 ἑτέροις
823 1557 858 1584 τὰ

75 1607 120 1642 τῆς
145 1606 286 1642 ἀνωτάτης
308 1606 426 1641 φύσεως,
442 1605 624 1641 ὀνομάζεσθαι
651 1607 698 1632 καὶ
727 1606 860 1640 ἀγγέλους

76 1652 273 1689 παρασκευάζει
290 1653 381 1685 τινὰς,
411 1652 501 1680 καίτοι
521 1652 592 1678 κατὰ
615 1652 694 1686 φύσιν
711 1652 760 1679 οὒκ
781 1653 861 1684 ὄντας

76 1697 215 1731 ἀγγέλους
239 1697 394 1733 Ἄνθρωποι
410 1698 459 1733 μὲν
484 1698 549 1732 γὰρ,
569 1697 649 1724 οἰτόν
665 1697 736 1724 θεῖον
749 1697 862 1733 διερμη-

77 1743 190 1776 νεύοντες
211 1744 314 1779 νόμον,
331 1743 470 1770 τουτέστιν
496 1744 521 1770 οἱ
543 1744 641 1779 ἱερεῖς’
662 1744 730 1775 Θεὸς
752 1744 789 1776 δὲ,
815 1744 862 1770 καὶ

78 1791 106 1816 ὲκ
117 1789 181 1816 Θεοῦ
194 1790 269 1817 κατὰ
283 1789 374 1824 φύσιν,
390 1791 404 1816 6
421 1790 492 1822 Υἱός.
506 1790 665 1825 ’Ἄνθρωπος
684 1790 716 1824 δὴ
738 1788 785 1816 οὖν
801 1789 862 1816 καθ’

78 1836 144 1870 ἡμᾶς
156 1836 169 1862 6
184 1837 332 1872 προφήτης
349 1836 501 1871 Μαλαχίας.
515 1836 628 1871 Σύμπας
639 1836 666 1862 δὲ
679 1836 774 1870 ὥσπερ
789 1835 862 1870 αὐτῷ

77 1882 121 1916 τῆς
135 1881 302 1917 προφητείας
316 1882 330 1908 6
344 1880 444 1913 σκοπὸς
466 1883 504 1913 είς
519 1881 565 1908 δύο
579 1881 667 1908 ταῦτα
687 1881 861 1907 συντείνεται.

56 1938 58 1940 τ
85 1927 278 1962 Ἐγηγερμένου
292 1926 347 1962 γὰρ
358 1925 403 1954 τοῦ
419 1925 490 1954 θείου
508 1927 583 1960 ναοῦ,
600 1926 696 1962 καιροῦ
718 1926 864 1958 καλοῦντος

81 1973 114 2004 είς
130 1973 283 2009 ἱερουργίαν
306 1973 369 2005 τοὺς
386 1973 589 2008 προεστηκότας
612 1972 689 2005 λαοῦ,
715 1973 774 2008 ἦτοι
800 1973 864 2004 τοὺς

81 2017 106 2050 ἐξ
120 2018 235 2053 Ἰσραὴλ,
248 2017 380 2054 πληροῦν,
395 2019 419 2045 εί
434 2018 546 2051 ἕλοιντο,
563 2018 613 2050 τὰς
634 2018 705 2045 κατὰ
716 2018 798 2054 νόμον
815 2018 862 2044 εὐ-

81 2062 134 2096 χὰς,
150 2063 299 2099 ἐκέχρηντο
317 2064 367 2099 μὲν
386 2064 445 2095 ταῖς
471 2063 515 2090 διὰ
542 2063 664 2095 Μωσέως
687 2063 817 2095 ἐντολαῖς,
833 2063 864 2089 οὐ

82 2108 128 2144 μὴν
139 2109 296 2144 ἀμωμήτως
312 2109 359 2135 καὶ
374 2109 514 2140 ἐπιεικῶς.
533 2109 736 2144 Προσεκὸμιζον
751 2109 800 2144 μὲν
811 2108 866 2143 γὰρ

81 2156 115 2186 εἰς
132 2154 224 2182 θυσίαν
241 2156 266 2182 ot
289 2155 351 2181 λαοὶ
367 2156 400 2182 τὰ
419 2155 531 2190 συνήθη,
548 2154 619 2190 πλὴν
640 2155 671 2182 οὑ
690 2155 792 2190 σφόδρα
815 2163 866 2181 πε-

82 2201 276 2237 φροντισμένως
288 2222 294 2233 ,
312 2202 435 2238 ὀκνηρῶς
452 2201 480 2229 δὲ
504 2201 603 2237 μᾶλλον
618 2201 665 2228 καὶ
677 2201 868 2237 κατημελημέ-

901 276 1021 298 sanctam
1041 271 1123 302 venit,
1136 270 1200 305 iugo
1213 269 1353 296 servitutis
1369 271 1545 295 exoneratus.
1566 265 1690 293 Divinum

902 324 1009 352 quoque
1025 316 1152 351 tetnplum
1172 316 1228 350 jam
1244 315 1343 347 stabat,
1359 313 1536 346 Zurobabele,
1557 312 1692 339 Salathie-

900 363 934 390 lis
949 363 1014 395 ﬁlio,
1029 369 1062 389 ex
1081 362 1151 389 tribu
1163 361 1230 388 Juda
1245 361 1370 392 oriundo,
1384 359 1493 392 ethsu,
1507 358 1690 388 lilioJosedec.

901 408 1043 435 sacerdote
1067 414 1163 440 magno
1185 405 1320 440 praefectis
1334 397 1471 439 loperum.
1501 403 1549 430 Illo
1572 407 1692 437 tempore

902 453 1060 488 captivitate
1087 451 1208 479 liberalis
1230 451 1344 486 Aggreus
1373 455 1407 487 et.
1423 442 1570 476 Zacharias
1597 448 1693 475 vatici-

902 501 957 527 nati
982 500 1100 532 fuerant,
1121 506 1184 526 cum
1206 497 1308 525 Esdras
1333 502 1360 524 et
1385 496 1512 524 Neentias
1539 495 1694 523 sacerdotes

903 544 1035 574 viverent;
1057 545 1115 577 Quo
1138 544 1244 575 eodem,
1271 547 1318 570 aut
1342 542 1421 577 paulo
1443 546 1504 576 post
1526 546 1694 568 memoratos

902 591 1048 627 prophetas
1065 593 1183 623 sanctos,
1201 588 1309 616 divinus
1330 595 1439 623 quoque
1452 586 1601 613 Malachias
1616 586 1693 618 vixit,

903 638 948 673 qui
965 641 991 665 et
1007 636 1127 672 Angelus
1144 641 1276 663 vocatur:
1298 635 1337 662 sic
1354 634 1426 661 enim
1447 632 1584 659 ltlalachize
1599 640 1695 663 nomen

904 684 1036 712 redditur.
1061 683 1266 718 Explodendum
1291 687 1334 710 est
1354 686 1443 709 autem
1460 681 1641 715 quorumdam
1663 680 1696 706 de

904 732 961 767 ipso
975 738 1024 759 nec
1042 731 1207 758 audiendum
1228 734 1426 762 contmentum,
1444 728 1490 764 qui
1508 728 1696 760 credidertutt,

905 783 1060 812 temereque
1071 777 1154 813 817
1168 777 1281 805 fabulati
1303 780 1381 806 sunt,
1400 783 1462 802 eum
1491 779 1588 802 natura
1616 781 1698 807 auge-

905 824 960 853 Iutn
987 825 1081 857 fuisse,
1120 824 1167 852 sed
1192 824 1331 851 voluntate
1355 823 1401 850 Dei
1419 821 1558 856 ‘corporis
1582 820 1697 848 formam

906 869 1085 904 habitumque
1116 868 1311 903 assumpsisse,
1336 872 1364 894 et
1390 866 1524 894 lsraelitis
1548 865 1699 901 prophetia:

906 914 1024 942 olIicium
1037 914 1206 950 prazstitisse.
1229 914 1320 942 Dictus
1341 917 1383 941 est
1399 919 1518 947 namque
1533 911 1653 946 Angelus
1671 912 1697 938 tu

907 960 1003 994 primis
1026 960 1154 995 quidem,
1181 959 1253 995 quod
1269 959 1327 994 ejus
1347 966 1456 990 nomen.
1483 962 1512 984 ut
1536 958 1603 990 dixi,
1628 957 1700 984 hanc

907 1006 1046 1034 notionem
1070 1005 1200 1039 haberet;
1222 1005 1320 1032 deinde
1334 1004 1406 1040 quod
1419 1011 1480 1031 cutn
1499 1003 1623 1032 caelestes
1637 1007 1666 1030 et
1683 1010 1699 1030 a

907 1052 966 1087 Deo
989 1052 1135 1087 inspiratos
1149 1058 1291 1080 sermones
1312 1050 1405 1078 lsraeli
1422 1050 1567 1083 nuntiarit,
1585 1057 1638 1077 nott
1659 1050 1699 1076 iu-

907 1099 977 1127 scite
994 1099 1075 1126 etiam
1096 1097 1208 1134 angelus
1223 1096 1315 1125 vocari
1336 1096 1434 1131 possit.
1453 1095 1547 1130 Itaque
1565 1095 1622 1130 ipse
1637 1102 1700 1130 pro-

908 1146 987 1181 pheta
1005 1144 1150 1173 Malaehias
1169 1144 1196 1171 in
1214 1146 1343 1171 contextu
1360 1143 1393 1169 de
1412 1140 1533 1176 quolibet
1558 1140 1702 1168 sacerdote

908 1194 946 1220 ait
961 1202 968 1220 :
984 1202 993 1218 ι
1009 1192 1092 1220 Lahia
1108 1191 1259 1220 sacerdotis
1273 1189 1430 1220 custodierit
1450 1187 1605 1219 scientiam,
1618 1191 1647 1214 et
1663 1187 1702 1214 le-

908 1247 967 1275 gem
993 1240 1134 1271 requirent
1159 1246 1191 1266 ex
1209 1245 1257 1265 ore
1284 1233 1353 1271 eius,
1369 1236 1498 1272 quoniam
1526 1234 1638 1269 angelus
1653 1233 1706 1261 Do-

909 1285 975 1312 mini
995 1284 1190 1319 omnipotentis
1209 1288 1252 1311 est
1265 1283 1298 1310 “.
1313 1293 1321 1309 ι
1347 1283 1384 1311 De
1409 1280 1586 1309 Emtnanucle
1611 1285 1702 1307 autem

909 1332 1041 1367 propheta
1058 1332 1164 1359 Isaias:
1182 1340 1191 1357 ι
1207 1331 1241 1358 Et
1266 1330 1357 1358 volent
1379 1329 1401 1357 si
1420 1329 1522 1356 fuerint
1546 1328 1608 1364 igne
1627 1335 1703 1355 eom-

909 1379 990 1411 husti,
1014 1378 1077 1413 quia
1097 1385 1166 1413 puer
1191 1381 1270 1404 natus
1293 1381 1335 1404 est
1355 1374 1448 1407 nobis;
1471 1374 1543 1401 lilius
1560 1374 1639 1401 datus
1660 1377 1704 1400 est

911 1424 999 1456 nobis,
1017 1428 1045 1451 et
1062 1423 1206 1451 vocabitur
1225 1429 1323 1450 nomen
1339 1421 1398 1456 ejus
1415 1419 1504 1454 magni
1526 1418 1631 1446 consilii
1648 1418 1705 1445 An-

910 1471 986 1507 gelus
994 1470 1028 1497 ³⁸.
1044 1479 1055 1497 ι
1073 1469 1155 1499 Vides
1170 1468 1399 1503 quemadmodum
1413 1465 1613 1500 ἀπαγγέλλειν,
1636 1472 1704 1491 mm-

911 1518 979 1544 tiare
994 1523 1055 1551 quae
1070 1515 1142 1543 illius
1162 1521 1295 1549 supremae
1321 1518 1424 1540 natura:
1441 1517 1516 1545 sunt,
1539 1512 1702 1547 quibusdam

872 1573 894 1602 ε
915 1563 995 1590 etiam
1010 1561 1169 1596 angelorum
1184 1567 1282 1587 nomen
1309 1559 1445 1591 conciliet,
1462 1558 1586 1593 quamvis
1606 1561 1702 1584 natura

912 1608 998 1643 angeli
1017 1615 1069 1636 non
1091 1606 1164 1634 sint?
1185 1605 1317 1633 Homines
1332 1603 1404 1631 enim
1427 1609 1501 1636 sunt,
1518 1602 1564 1637 qui
1584 1601 1704 1630 divinam

912 1655 998 1690 legem
1013 1653 1168 1688 explanant,
1194 1658 1291 1686 nempe
1307 1650 1466 1678 sacerdotes
1480 1658 1487 1676 :
1504 1648 1577 1677 Deus
1601 1653 1704 1682 autem,

912 1706 939 1729 et
957 1708 989 1728 ex
1003 1701 1059 1728 Deo
1075 1699 1224 1728 secundum
1249 1701 1372 1725 naturam
1397 1696 1492 1723 Filius.
1507 1695 1594 1723 Homo
1611 1695 1704 1730 igitur,

913 1751 1037 1776 nostrum
1061 1746 1170 1779 similis,
1189 1744 1321 1779 propheta
1338 1742 1497 1769 Malachias.
1508 1741 1592 1775 Cujus
1608 1741 1704 1768 vatici-

913 1794 949 1822 nii
966 1800 1065 1828 scopus
1082 1792 1225 1819 universus
1242 1791 1276 1818 ad
1299 1790 1352 1817 duo
1368 1789 1426 1816 huic
1442 1788 1561 1816 refertur
1574 1788 1705 1823 quodam-

914 1841 1004 1868 modo.
1028 1839 1192 1866 Constructo
1217 1838 1289 1865 enim
1312 1836 1368 1871 jam
1393 1836 1485 1864 divino
1509 1834 1622 1869 templo,
1643 1841 1705 1862 cum

915 1892 1020 1920 tempus
1035 1885 1126 1921 populi
1149 1883 1320 1920 prazpositos,
1349 1883 1407 1910 sive
1430 1889 1476 1910 eos
1502 1882 1548 1916 qui
1572 1884 1652 1909 erant
1672 1881 1707 1907 de

915 1931 1048 1966 sanguine
1064 1930 1141 1963 Levi,
1167 1930 1201 1957 ad
1219 1929 1354 1957 sacrificia
1378 1932 1500 1961 vocaret,
1523 1932 1605 1963 atque
1621 1926 1706 1955 etiam

915 1977 982 2012 ipsis
1004 1976 1134 2004 lsraelitis
1149 1982 1244 2010 preces
1264 1979 1292 2002 et
1317 1979 1378 2002 vota
1395 1975 1543 2002 secundum
1567 1972 1664 2008 legem,
1683 1972 1706 1999 si

916 2024 1024 2056 liberet,
1038 2022 1161 2051 obeunda
1172 2021 1372 2057 quodammodo
1380 2024 1548 2056 suggereret,
1560 2019 1707 2047 servabant

917 2066 953 2096 illi
968 2069 1077 2104 quidem
1091 2068 1215 2095 mandata
1232 2066 1325 2099 Mosis,
1341 2074 1394 2093 non
1409 2071 1498 2094 tamen
1516 2066 1584 2093 citra
1599 2064 1706 2098 culpattt

917 2120 944 2142 et
970 2119 1000 2142 ut
1017 2114 1088 2142 ratio
1111 2112 1259 2146 ﬂagitabat.
1287 2111 1354 2143 Nam
1379 2112 1495 2147 pottulus
1518 2115 1647 2139 consueta
1672 2110 1708 2137 ad

917 2161 1012 2188 altaris
1041 2159 1207 2187 sacriﬁcium
1232 2158 1380 2191 oll'ercbat,
1405 2166 1499 2186 verum
1525 2165 1579 2185 n0l|
1608 2164 1706 2191 magna

918 2214 983 2234 cura
1001 2205 1134 2238 adhibita,
1156 2204 1203 2232 sed
1217 2204 1400 2240 perfunctorie
1421 2209 1448 2231 et
1464 2203 1643 2239 negligenter.
1658 2203 1709 2229 De-

82 2258 135 2281 νως.
153 2250 192 2276 Τὰ
207 2250 262 2286 γὰρ
277 2250 400 2285 αἰσχίονα
411 2249 465 2276 τῶν
484 2249 514 2275 ἐν
529 2249 676 2284 ποιμνίοις,
692 2249 822 2285 amas-.6:
836 2257 858 2275 τι

920 2253 1017 2280 teriora
1033 2251 1133 2286 quippe
1146 2251 1246 2286 gregis,
1259 2255 1287 2279 et
1303 2250 1437 2283 ntorbida,
1450 2255 1478 2277 et
1498 2250 1651 2284 reiectanea
1675 2249 1709 2274 ait

82 2296 123 2322 ut
145 2296 264 2331 ἀδόκιμα
285 2295 424 2332 προσῆγον
446 2295 486 2331 τῷ
509 2295 704 2330 θυσιαστηρίῳ.
735 2295 866 2329 Προσεδέ-

82 2351 151 2377 χοντο
164 2343 192 2370 δὲ
205 2343 230 2370 οἱ
246 2343 341 2379 ἱερεῖς,
358 2342 449 2369 οὐκέτι
462 2341 710 2378 μωμοσκοποῦντες
732 2342 802 2368 κατὰ
818 2341 866 2368 τὸν

82 2389 164 2424 νόμον,
181 2388 218 2424 μὴ
240 2387 337 2424 χωλὸν,
361 2388 378 2424 ἢ
403 2387 571 2423 ὼτότμητον,
590 2387 605 2422 ἢ
629 2386 830 2422 κολοϐόρρινον,
848 2387 864 2422 ἢ

82 2434 278 2470 κολοὸόκερκον,
308 2434 325 2469 ἢ
350 2432 528 2469 ψωραγριῶν,
551 2432 568 2469 ἢ
595 2432 722 2468 λειχῆνας
750 2430 822 2466 ἔχον,
847 2432 864 2468 ἢ

83 2481 213 2517 μόνορχες·
239 2480 381 2516 ἀπόϐλητα
404 2480 459 2516 γὰρ
487 2480 605 2507 ἐποιεῖτο
624 2478 710 2505 ταῦτα
736 2478 750 2504 6
771 2478 863 2513 νόμος,

82 2526 152 2563 ὕϐρις
165 2527 192 2553 δὲ
204 2524 238 2562 ἦν
252 2526 283 2553 τδ
295 2527 399 2562 χρῆμα,
415 2526 462 2553 καὶ
475 2526 569 2562 ἕτερον
583 2525 670 2552 οὐδέν.
685 2524 865 2560 Κατημέλουν

83 2572 106 2598 δὲ
123 2574 166 2600 καὶ
192 2573 294 2609 ἑτέρως
320 2574 345 2600 οἱ
368 2573 450 2609 ἱερεῖς
467 2573 515 2599 καὶ
537 2571 592 2599 τῶν
610 2571 664 2598 ὑπὸ
686 2572 764 2607 χεῖρα
781 2570 864 2604 λαῶν,

83 2619 135 2653 οὐχὶ
156 2619 188 2646 τὰ
207 2620 240 2646 ὲκ
259 2619 349 2655 νόμων
370 2619 458 2655 ὀρθῶς
477 2617 677 2654 εἰσηγούμενοι,
698 2619 747 2645 καὶ
769 2617 866 2644 παιδα-

81 2663 226 2697 γωίοὺντες
243 2665 283 2697 είς
306 2664 336 2691 τὸ
347 2664 386 2699 τῷ
401 2663 461 2699 Θεῷ
474 2663 580 2697 δοκοῦν,
595 2664 652 2690 ἀλλ’
669 2664 710 2695 είς
732 2663 866 2695 ἐκτύπους

82 2707 210 2745 εξιτηλίας
236 2710 379 2737 ἀπονεύειν
396 2710 506 2742 ἐῶντες,
533 2711 581 2737 καὶ
606 2710 657 2745 τῆς
682 2709 790 2741 εὐθείας
815 2709 868 2742 ἔξω

84 2755 204 2790 φέρεσθαι
220 2757 327 2793 τρίϐου.
344 2757 399 2783 Καὶ
419 2754 458 2788 εἷς
480 2756 528 2792 μὲν
541 2754 617 2788 οὗτος
630 2757 679 2791 τῆς
694 2755 868 2791 ὲπιπλήξεως

84 2803 189 2837 τρίπος-
212 2804 305 2838 ἕτερος
322 2803 350 2829 δὲ
369 2803 436 2838 πρὸς
453 2803 538 2838 τούτῳ
558 2805 614 2834 τοῖς
630 2802 660 2834 ἐξ
682 2802 783 2838 Ἰσραὴλ
798 2822 804 2833 ,
823 2803 867 2828 ἐπ’

112 2890 132 2908 ⁵⁵
149 2892 261 2920 Malach.
283 2901 313 2925 ll,
329 2893 354 2919 ῑ.

915 2306 991 2326 aram
1020 2297 1180 2326 oﬂ‘erebant.
1207 2297 1370 2325 Sacerdotes
1396 2303 1479 2331 porro
1508 2295 1708 2329 suscipiebant,

914 2352 968 2372 non
992 2343 1108 2378 amplius
1125 2342 1255 2375 maculas,
1272 2346 1302 2370 ut
1325 2343 1367 2370 lex
1380 2341 1503 2377 jubebat,
1523 2341 1551 2368 id
1572 2345 1625 2373 est,
1644 2346 1710 2367 num

915 2390 1051 2423 claudum,
1073 2394 1121 2416 aut
1145 2389 1323 2421 aure-scissa,
1343 2393 1392 2416 aut
1415 2395 1482 2415 naso
1507 2387 1643 2420 tnutilum,
1663 2389 1710 2413 aut

915 2437 1001 2464 cauda
1022 2441 1172 2471 amputata,
1195 2440 1243 2463 attt
1267 2435 1434 2468 scabiosum,
1462 2439 1508 2461 attt
1524 2434 1708 2468 impetigines,

918 2479 964 2510 aut
979 2489 1062 2509 unutn
1079 2482 1233 2510 testiculum
1255 2481 1400 2513 haberent,
1416 2479 1623 2508 considerantes
1640 2487 1647 2505 :
1669 2487 1710 2506 re-

916 2528 1028 2564 jiciebat
1051 2528 1123 2555 enim
1147 2528 1199 2556 ista
1223 2528 1278 2562 lex,
1298 2535 1349 2555 nec
1370 2527 1442 2554 aliud
1468 2533 1550 2560 quam
1574 2524 1709 2553 dedecora

919 2579 997 2603 erant
1010 2574 1042 2600 ³⁸.
1060 2574 1118 2601 Alia
1134 2574 1198 2601 item
1215 2574 1322 2602 ratione
1343 2573 1500 2601 sacerdotes
1521 2571 1603 2600 etiam
1621 2571 1707 2605 subqu

920 2623 994 2646 ctum
1017 2618 1067 2646 sibi
1083 2619 1210 2655 populum
1235 2618 1420 2654 negligebant,
1436 2625 1500 2645 cum
1526 2617 1611 2653 legem
1628 2623 1710 2651 prave

919 2666 1097 2701 explicarent,
1115 2673 1165 2693 nec
1186 2665 1220 2692 ad
1245 2655 1481 2692 Dei'voluntatem
1507 2663 1710 2698 exsequendaut

920 2711 1003 2746 probe
1025 2711 1148 2739 homines
1172 2710 1312 2738 erudirent
1343 2710 1390 2737 sed
1415 2717 1429 2736 ιι
1459 2714 1532 2737 recta
1561 2709 1656 2736 semita
1678 2706 1710 2734 ad

920 2757 1035 2792 ineptias
1064 2761 1091 2785 et
1113 2756 1253 2784 fatuitates
1274 2755 1418 2783 deﬂectere
1447 2755 1582 2783 sinerent.
1609 2753 1641 2781 Et
1659 2752 1712 2780 hoc

919 2804 1027 2838 quidem
1043 2803 1240 2838 obiurgationis
1256 2809 1342 2838 genus
1362 2809 1444 2829 unum
1460 2805 1512 2830 est.
1531 2801 1654 2829 Alterum
1678 2797 1711 2825 ad

395 2893 416 2908 ³⁵
433 2892 484 2920 lsa.
503 2900 540 2925 ιν,
562 2893 589 2926 Si,
606 2893 631 2919 6,
673 2892 694 2906 ii
711 2891 795 2919 Levii.
814 2899 879 2924 xxu,
897 2891 927 2918 21
946 2899 1022 2927 seqq.
