1916 3053
204 122 251 152 ﬁll

734 119 762 147 5.
784 115 921 147 CYliILLl
943 117 1175 147 ALEXANDIHM
1196 117 1354 148 :\ll(;llIEl’.

1802 122 1859 153 2‘32

203 188 326 210 carorum
345 180 379 206 ‘°.
397 188 406 205 ι
425 178 501 206 Pura:
522 178 604 213 igitur
618 184 644 205 et
666 177 843 204 sanctificata:
862 183 889 204 ct
904 185 1005 212 azyma:

1065 178 1170 212 παλαιᾷ,
1188 177 1254 213 μηδὲ
1269 179 1298 204 ὲν
1315 179 1388 214 ζύμῃ
1404 180 1503 211 κακίας
1522 181 1569 207 καὶ
1587 180 1732 215 πονηρίας,
1749 181 1809 207 ἀλλ’
1829 182 1859 208 ἐν

205 227 266 254 vita:
282 227 332 254 hoc
344 233 427 260 genus
441 225 516 259 panis
531 228 573 251 est
584 223 906 259 symbolum.0fferebant
919 223 1001 258 igitur

206 281 255 307 pro
269 279 308 306 se,
327 275 356 298 ut
368 270 393 297 in
410 271 480 306 typis
493 271 582 297 adhuc
602 275 628 297 et
658 269 775 300 umbris.
789 269 834 303 qui
851 269 1000 297 secundum

206 319 292 353 legem
312 325 395 352 panes
405 323 514 352 azymos
523 322 550 344 et
560 324 654 352 azyma
669 313 828 344 offerebant.

1054 222 1170 257 ἀζύμοις
1199 222 1374 259 εἱλικρινείας
1398 225 1443 252 καὶ¹
1467 225 1605 261 ἀληθείας.
1622 236 1632 252 ι
1659 228 1714 254 Καὶ
1747 227 1835 254 πάλιν
1850 237 1857 243 ·

1058 278 1066 293 ι
1079 267 1266 303 Ἐκκαθάρατε
1279 267 1327 295 οὖν
1340 270 1390 305 τὴν
1406 270 1524 297 παλαιὰν
1539 270 1639 307 ζύμην,
1658 272 1702 298 ἵνα
1724 270 1778 308 ἦτε
1797 274 1858 299 νέον

1055 314 1180 348 φύραμα,
1194 314 1286 347 καθώς
1305 316 1366 342 ἐστε
1385 315 1495 351 ἄζυμοι.
1507 326 1517 342 ›
1534 318 1682 354 Παρεγγυᾷ
1693 318 1722 345 δὲ
1734 319 1858 353 Χριστὸς

206 367 262 398 τοῖς
289 365 377 400 ἁγίοις
408 365 578 397 ἀποστόλοις,
602 364 673 391 οὕτω
698 363 804 398 λέγων·
826 373 834 388 r
850 362 1003 398 Προσέχετε
1021 361 1075 388 ἀπὸ
1108 361 1158 396 τῆς
1178 361 1268 397 ζύμης
1304 361 1358 388 τῶν
1373 362 1527 398 Φαρισαίων
1555 364 1601 390 καὶ
1623 363 1827 390 Σαδδουκαίων.
1846 373 1854 389 ι

207 414 311 441 Οὐκοῦν
334 414 459 448 καθαρᾶς
476 413 523 440 καὶ
539 412 711 449 ἡγιασμένης
736 412 782 438 καὶ
805 410 910 447 ἀξύμου
931 410 1003 446 ζωῆς
1023 409 1173 444 σημεῖονὸ
1195 409 1286 444 ἄρτος.
1323 410 1527 445 Προσεκόμιζον
1559 410 1649 438 τοίνυν
1672 410 1732 438 ἀνθ’
1749 410 1857 437 ἑαυτῶν

207 462 245 493 ὠς
265 463 292 488 ὲν
307 461 403 493 τύποις
415 461 455 487 ἔτι
470 461 518 487 καὶ
544 460 632 491 σκιαῖς
645 459 680 485 οί-
704 458 889 494 προσάγοντες
907 457 1007 493 ἄρτους
1025 465 1055 483 τε
1071 456 1193 491 ἀζύμους
1205 457 1252 483 καί¹
1266 454 1359 492 ἄζυμα
1372 457 1442 484 κατὰ
1458 457 1503 484 τὸν
1517 457 1609 493 νόμον.

245 509 380 542 Quoniam
397 513 486 534 autent
501 507 728 538 catechumenos,
741 510 768 533 et
782 505 816 533 ita
833 513 881 540 per
895 512 1004 532 sacrum

209 555 344 589 baptisma
358 554 475 581 nondum
489 563 503 580 ιι
521 558 632 588 peccato
653 556 781 586 purgatos
808 551 936 579 Ecclesiis
953 558 1005 578 non

209 601 332 635 cjiciums
350 608 410 627 cum
426 600 508 626 Deum
525 599 711 634 glorificamus
729 607 734 624 :
755 597 822 632 quin
850 604 899 625 eos
917 597 1007 631 potius

210 646 237 672 in
251 645 462 672 consummando
473 644 607 671 sacriﬁcio
621 643 707 670 laudis
718 643 806 670 socios
819 642 1005 674 adsciscimus,

211 692 272 719 ideo
290 692 330 718 lex
348 692 374 718 in
394 691 555 718 fermentum
572 689 657 722 illam,
686 688 911 723 glorificationem
926 692 1000 723 puta,

212 738 361 765 faciendam
380 737 478 772 inquit,
495 737 564 763 sicut
581 736 635 763 dixi
654 744 661 762 :
679 735 778 763 veteris
794 736 922 770 nequitiae
937 735 1001 763 reli-

212 785 300 819 quias,
315 784 391 818 quasi
405 783 538 817 quoddam
569 782 731 809 fermentum
754 782 779 808 in
809 789 839 809 se
858 780 1001 808 habentem

212 830 378 864 significans,
387 837 482 864 panem
497 828 687 855 fermentatum
698 835 746 862 per
756 826 870 862 aenigma
883 826 1001 854 nondum

213 876 375 909 baptismate
390 879 543 910 purgatum.
565 884 574 900 (
589 873 641 901 Vos
658 874 740 909 igitur
759 872 916 900 saecrdotes
926 872 1004 905 estis,
1021 875 1042 903 Β

214 921 311 955 inquit,
324 920 369 954 qui
388 920 528 954 despicitis
544 927 641 947 nomen
656 926 756 951 meum,
773 928 781 944 ι
800 918 863 945 dum
877 918 910 945 ad
921 917 1005 944 altare

214 974 303 994 meum
316 973 401 1001 panes
413 966 529 1001 pollutos
539 965 654 993 offertis.
666 964 821 992 Curandum
835 971 899 999 ergo
914 971 1006 991 sacer-

215 1012 289 1038 dotio
305 1010 421 1044 ornatis,
434 1018 467 1037 ne
482 1010 546 1046 quid
560 1009 612 1037 tale
631 1010 658 1036 iu
673 1009 795 1036 Ecclesia
810 1009 1004 1039 committatur,

215 1064 242 1086 et
258 1057 404 1085 tenendum
418 1062 573 1084 accuratam
586 1054 804 1083 observationem
824 1055 878 1082 Deo
900 1059 1005 1090 gratam

215 1103 400 1139 etjueundam
418 1102 541 1130 accidere
555 1110 562 1134 ;
575 1106 679 1134 contra,
699 1101 852 1129 socordiam
879 1101 906 1127 itt
927 1100 1006 1127 rebus

215 1155 270 1176 tam
284 1149 446 1176 venerandis
461 1155 585 1183 magnam
602 1147 639 1174 illi
656 1154 750 1175 creare
768 1146 917 1174 molestiam
931 1153 939 1174 :
957 1152 1007 1172 nec

216 1196 243 1223 id
258 1196 355 1230 supine
372 1195 537 1230 negligentes
559 1194 668 1228 impune
696 1193 792 1220 forent.
809 1192 841 1219 Et
872 1191 1007 1227 quomodo

216 1250 270 1269 non
289 1241 443 1268 miserabile
457 1246 497 1268 est
514 1240 586 1267 istud
609 1239 723 1267 videre?
737 1247 798 1266 cum
819 1238 857 1266 illi
874 1238 985 1265 audiant
999 1246 1005 1263 :

219 1296 229 1313 ι
253 1286 307 1314 Vos
322 1286 477 1313 sacerdotes
493 1285 625 1320 estis,qui
641 1284 779 1320 despicitis
798 1291 895 1311 nomen
924 1283 1008 1319 826

217 1339 317 1359 meum.
334 1340 343 1357 ι
365 1330 412 1358 Est
431 1331 502 1358 enim
525 1331 633 1365 quidam
649 1333 822 1362 contemptus
846 1328 893 1355 Dei
917 1336 1007 1356 sacer-

217 1378 308 1405 dotum
326 1377 464 1412 segnities,
482 1379 510 1403 et
521 1381 662 1411 peccatum
679 1375 742 1403 illud
770 1374 859 1410 gloria:
885 1375 935 1410 ipsi
958 1374 1007 1401 tri-

217 1424 330 1452 bucudtu
347 1431 379 1450 ac
391 1423 488 1450 debitae
504 1422 676 1449 adversatur.

255 1510 336 1538 Vens.
355 1509 381 1536 8.
397 1509 466 1542 Quia
481 1510 503 1536 si
522 1508 639 1544 offeratis
657 1516 754 1536 circum
770 1509 796 1535 in
822 1508 982 1542 sacriﬁcium
998 1526 1005 1539 ,

218 1565 302 1584 nonne
320 1556 441 1583 malum?
464 1554 498 1582 Et
517 1558 540 1582 si
563 1555 680 1590 o/I’eratis
717 1555 852 1586 claudum,
873 1558 919 1580 aut
950 1553 1008 1580 lau-
1022 1546 1043 1574 ί)

188 1610 192 1615 ’
217 1603 342 1639 guidum,
367 1610 451 1629 nonne
472 1601 600 1629 "talum?
623 1601 697 1636 Oﬁ‘er
721 1601 789 1628 illud
811 1601 872 1627 duci
901 1607 964 1632 tuo,
986 1601 1009 1627 si

217 1650 340 1683 suscipiet
360 1654 393 1680 te,
416 1649 438 1675 si
459 1648 568 1682 accipiet
586 1647 680 1682 [aciem
697 1653 782 1679 tuam,
798 1646 860 1673 dicit
884 1646 1010 1673 Dominus

217 1695 391 1729 omnipotens.

254 1740 300 1768 IX.
321 1739 388 1767 Cum
409 1739 450 1767 lex
482 1739 622 1767 mandaret
633 1740 653 1756 "
669 1739 839 1766 victimarum
856 1739 920 1765 vitia
946 1746 1011 1766 cun-

217 1788 349 1819 sitlcrare,
368 1790 396 1814 et
408 1786 518 1814 mutilas
533 1793 580 1813 seu
596 1785 726 1812 membris
740 1789 834 1820 captas
854 1785 1010 1820 repudiare,

216 1841 251 1861 ex
268 1833 342 1860 omni
358 1838 434 1867 parte
453 1832 574 1867 integras
594 1830 761 1864 sacrificare,
785 1830 822 1858 illi
838 1839 871 1858 eo
890 1836 1011 1866 tempore

219 1880 287 1907 citra
310 1879 500 1911 delectum,et
513 1878 585 1912 nullo
598 1877 766 1910 discriminc,
790 1882 888 1904 cuncta
914 1876 1011 1905 offere-

219 1926 295 1957 bant,
309 1929 336 1952 et
351 1925 441 1960 gloriae
453 1923 507 1951 Deo
525 1923 612 1958 digna:
632 1922 702 1949 ratio
714 1922 826 1950 omnino
849 1923 945 1959 exigua
962 1923 1011 1950 du-

219 1973 350 2000 cebatur:
368 1977 397 1998 ut
408 1975 499 1998 autem
514 1977 595 2004 quam
606 1969 736 2004 plurimas
752 1969 877 1996 victimas
895 1976 1012 2004 congre-

219 2023 326 2053 gareut,
341 2022 368 2045 et
381 2017 486 2052 copiam
501 2016 615 2042 arietum
630 2015 713 2047 domi,
729 2022 762 2043 ac
779 2014 896 2043 fortasse
914 2016 941 2042 in
954 2016 1012 2050 ipso

220 2065 395 2093 tabernaculo
414 2064 555 2094 haberent,
575 2062 601 2089 in
631 2069 663 2089 eo
689 2062 832 2096 plurimum
865 2069 954 2097 operae
980 2068 1013 2089 ac

221 2111 302 2139 studii
321 2110 542 2139 consumebatur.
560 2109 600 2135 An
616 2107 709 2143 igitur,
735 2115 750 2135 ο
775 2108 900 2143 praeclari
923 2110 1011 2143 legum

220 2158 356 2190 custodes,
374 2156 397 2183 si
415 2155 476 2191 quis
493 2162 593 2182 caecum
622 2155 655 2181 ad
685 2153 848 2182 sacrificium
872 2153 1011 2187 obtulerit,

221 2206 272 2232 hoc
300 2202 464 2232 sacriﬁcium
488 2201 615 2228 vitiosum
635 2208 687 2228 non
716 2201 780 2228 est?
794 2201 870 2234 Quod
893 2200 915 2228 si
938 2200 1012 2227 clau-
1028 2217 1049 2245 υ

220 2247 534 2283 dum,autlanguidum,
551 2255 614 2273 nuru
639 2254 668 2274 se
695 2254 709 2273 ιι
732 2246 847 2273 crimine
883 2244 1012 2272 mutilata:

222 2297 337 2324 victitnze
358 2295 426 2322 tueri
444 2294 570 2329 poterit?
585 2293 625 2321 Au
643 2301 696 2320 non
727 2292 876 2319 istiusmodi
895 2291 965 2318 mala
985 2296 1013 2318 et

221 2343 255 2370 ad
270 2340 436 2369 sacrificium
451 2340 540 2374 inepta
564 2338 731 2366 censebitis?
758 2337 804 2364 Sin
835 2337 915 2364 aliter
942 2338 1012 2372 apud

222 2389 326 2416 animos
342 2392 446 2414 vestros
471 2385 604 2418 statuitis,
623 2391 672 2419 age
687 2383 820 2419 quispiam
844 2391 892 2418 pro
907 2384 986 2411 xenio
1003 2403 1012 2416 ,

222 2440 249 2462 ct
261 2435 288 2462 in
310 2434 369 2461 loco
383 2433 503 2460 muneris
520 2432 566 2459 uni
590 2438 700 2458 suorum
721 2429 931 2464 gubernatorum
947 2430 1012 2457 offe-

223 2487 275 2508 rat.
296 2480 376 2516 Atqui
404 2487 456 2507 non
473 2478 612 2512 suscipiet,
634 2476 730 2510 inquit,
756 2483 804 2503 nec
821 2475 958 2503 offerentis
974 2477 1012 2503 fa-

223 2528 291 2554 ciem
307 2527 439 2554 reveritus
454 2525 516 2553 illud
528 2523 695 2551 offerendum
713 2521 950 2558 fuissejudicabit,
967 2531 1012 2550 ve-

225 2574 427 2607 hementerque,
446 2575 475 2597 ut
496 2569 594 2603 injuria
617 2567 767 2598 lacessitus.
797 2568 937 2595 irascetur.
963 2568 1012 2595 Est

224 2620 313 2653 itaque
333 2627 346 2646 ιι
366 2618 469 2644 ratione
482 2622 592 2650 prorsus
609 2614 818 2651 alienissimum,
844 2615 897 2642 Deo
915 2615 1014 2642 audere

223 2664 320 2692 offerre
334 2671 393 2699 qua:
405 2669 454 2689 nec
467 2665 588 2688 nostrum
601 2660 865 2695 aliquisdignaretur
879 2661 1012 2694 aceipcre.

224 2710 349 2746 Magnum
368 2710 419 2736 hoc
435 2706 514 2735 nobis
532 2711 670 2741 peccatum
689 2713 729 2734 est
745 2726 752 2739 ,
772 2707 793 2734 si
813 2707 929 2734 oblatttri
947 2706 1011 2738 Deo,

223 2763 377 2792 quaeramus
395 2754 487 2781 miseri
504 2753 574 2789 quod
592 2753 700 2786 fwdius,
719 2758 766 2780 aut
787 2754 867 2780 vilius
879 2758 940 2780 est:
957 2760 1010 2780 nou

261 2837 282 2853 °°
302 2847 398 2876 Matth.
415 2853 470 2878 xw,
487 2846 512 2874 ϐ.
553 2844 573 2860 θ’
589 2843 676 2875 Lerit.
691 2851 759 2877 xxu,
772 2842 805 2871 Eat
820 2851 894 2879 seqq.

1095 501 1205 538 Ἐπειδὴ
1220 503 1248 530 δὲ
1268 504 1315 530 καὶ
1330 504 1394 535 τοὺς
1407 504 1446 531 ἔτι
1463 503 1694 540 κατηχουμένους,
1713 503 1763 530 καὶ
1780 502 1856 529 οὔπω

1053 550 1102 585 τὴν
1127 550 1266 586 ἁμαρτίαν
1291 550 1503 585 ὲκνενιμμένους
1528 549 1572 576 διὰ
1593 549 1639 576 τοῦ
1658 549 1738 584 ἁγίου
1756 549 1854 584 βαπτί-

1056 604 1168 631 σματος,
1181 596 1231 622 οὐκ
1245 595 1424 631 ἐκπέμπομεν
1434 595 1489 622 τῶν
1505 595 1674 631 Ἑκκλησιῶν
1681 595 1856 629 δοξολογοῦνς

1055 650 1100 673 τες
1117 641 1193 674 Θεὸν,
1209 641 1361 675 ποιούμεθα
1383 641 1413 668 δὲ
1441 641 1541 677 μᾶλλον
1558 642 1715 674 κοινωνοὺς,
1732 642 1784 678 τὴν
1806 643 1855 677 τῆς

1055 687 1186 719 αίνέσεως
1208 687 1378 723 πληροῦντες
1403 687 1498 715 θυσίαν
1513 697 1519 704 ·
1537 688 1666 725 ταύτῃτηί
1679 697 1748 724 φησι
1773 689 1822 715 καὶ
1843 690 1856 716 ὁ

1055 735 1148 771 νόμος,
1165 735 1208 762 ἐπ’
1224 735 1318 770 ἄρτοις
1335 735 1461 771 ζυμίτσις
1478 736 1576 771 χρῆναι
1587 735 1652 771 δρᾷν
1662 736 1758 770 αὐτὴν,
1773 735 1858 771 ἄρτον

1056 782 1174 817 ζυμίτην
1199 781 1286 816 λέγων
1305 781 1514 816 αἰνιγματωδῶς
1526 782 1572 808 τὸν
1585 780 1662 808 οὔπω
1683 781 1858 816 κεκαθαρμέ-

1056 835 1111 859 νον,
1127 827 1165 858 ὡς
1181 826 1258 862 ἔφην,
1273 826 1318 853 διὰ
1335 826 1382 853 τοῦ
1403 826 1480 861 ἁγίου
1498 826 1697 862 βαπτίσματος,
1713 827 1813 861 ἔχοντα
1829 826 1857 852 δὲ

1056 872 1152 908 ὥσπερ
1168 873 1230 900 τινὰ
1256 873 1345 908 ζύμην
1360 873 1388 899 ὲν
1404 872 1493 908 ἑαυτῷ
1506 873 1539 899 τὰ
1556 873 1605 908 τῆς
1622 872 1739 908 ἀρχαίας
1755 872 1856 907 φαυλόη

1056 927 1137 955 τητος
1151 919 1276 954 λείψανα.
1296 928 1305 944 ι
1316 919 1411 954 Ὑμεῖς
1427 917 1484 951 οὖν,
1497 918 1588 954 φησιν,
1604 919 1627 944 οἱ
1643 919 1737 954 ἱερεῖς,
1750 918 1776 944 of
1790 926 1857 952 φαυ-

1056 962 1176 998 λίζοντες
1192 965 1221 992 τὺ
1238 965 1324 1000 ὄνομά
1351 974 1414 1000 μου,
1432 974 1440 989 ι
1459 965 1503 991 διὰ
1520 965 1549 990 τὸ
1567 965 1733 1000 προσφέρειν
1759 965 1801 996 είς
1827 964 1857 990 τὸ

1057 1011 1249 1047 θυσιαστήριον
1268 1020 1318 1046 μου
1336 1011 1434 1046 ἄρτους
1445 1011 1656 1046 ἡλισγημένους.
1669 1011 1730 1046 Χρὴ
1746 1018 1857 1046 τοιγαρ-

1057 1056 1103 1083 οῦν
1117 1056 1245 1092 φροντίδα
1266 1056 1402 1082 ποιεῖσθαι
1416 1055 1479 1087 τοὺς
1495 1055 1543 1091 τὴν
1559 1055 1633 1082 θείαν
1647 1056 1760 1091 ἔχοντας
1776 1056 1856 1091 ἱερω-

1060 1102 1153 1137 σύνην,
1173 1101 1211 1137 μὴ
1226 1102 1280 1137 ἄρα
1294 1110 1319 1127 τι
1334 1101 1420 1136 δρῷτο
1434 1101 1553 1127 τοιοῦτον
1570 1102 1599 1127 ἐν
1624 1101 1793 1136 Ἐκκλησία·
1819 1102 1858 1128 εί·

1057 1147 1131 1173 δέναι
1154 1155 1194 1179 τε,
1216 1147 1257 1173 ὅτι
1281 1147 1297 1181 ἡ
1324 1146 1374 1182 μὲν
1397 1147 1513 1182 ἀκριδὴς
1536 1148 1699 1182 ἐπιτήρησις
1726 1148 1858 1183 εὐφρανεῖ

1057 1192 1134 1225 Θεὸν,
1152 1193 1340 1227 καταλυπήσει
1353 1192 1381 1218 δὲ
1396 1192 1455 1219 λίαν
1479 1193 1508 1219 τὸ
1528 1192 1660 1228 ῥᾳθυμεῖν
1679 1193 1790 1220 ἑλέσθαι
1803 1193 1855 1219 τῶν

1058 1238 1130 1264 οὕτω
1147 1238 1264 1265 σετττῶν.
1283 1238 1346 1265 ’Ότι
1363 1239 1414 1265 οὐκ
1433 1238 1551 1274 ἀζήμιον
1565 1239 1596 1266 τὸ
1611 1241 1707 1275 χρῆμα
1730 1241 1786 1271 τοῖς
1805 1240 1855 1266 ὐπ-

1058 1284 1211 1318 τιουμένοις
1236 1293 1310 1316 πως,
1341 1285 1370 1310 οὐ
1398 1284 1571 1321 ταλαίπωρον
1599 1285 1673 1318 ἰδεῖν,
1703 1287 1855 1313 ἀκουόντων

1060 1329 1186 1356 ἐκείνων
1207 1339 1215 1355 ι
1228 1330 1321 1365 Ὑμεῖς
1335 1331 1359 1357 οί
1374 1330 1466 1364 ἱερεῖς,
1482 1331 1507 1356 oi
1522 1331 1697 1365 φαυλίζοντες
1718 1331 1750 1358 τὸ
1771 1332 1856 1367 τινομά

1060 1383 1122 1409 μοι).
1139 1385 1148 1401 ι
1165 1375 1308 1411 Φαύλισμα
1323 1376 1377 1412 γὰρ
1393 1376 1487 1412 ὥσπερ
1503 1378 1542 1409 εἰς
1559 1377 1625 1403 Θεὸν
1644 1377 1699 1404 τῶν
1714 1377 1811 1413 ἱερέων
1826 1378 1854 1404 τὸ

1061 1421 1192 1457 ῥᾴθυμον,
1206 1421 1253 1447 καὶ
1268 1423 1308 1453 εἰς
1324 1422 1372 1457 τὴν
1388 1422 1462 1456 αὑτῷ
1477 1423 1635 1458 πρέπουσάν
1647 1433 1676 1450 τε
1691 1424 1740 1450 καὶ
1753 1423 1853 1458 ὀφειλοι

1061 1468 1144 1502 μένην
1159 1467 1237 1499 δόξαν
1251 1468 1417 1503 ἀναφέρεται
1432 1469 1461 1495 τὺ
1479 1469 1678 1505 πλημμέλημα.

1096 1515 1172 1540 Διότι
1187 1513 1242 1540 ἐὰν
1257 1514 1470 1550 προσαγάγητε
1485 1516 1602 1550 τυφλὸν
1622 1518 1664 1549 είς
1685 1517 1807 1550 θυσίας,
1820 1515 1853 1544 οὐ

1061 1560 1174 1590 κακόν-ς
1191 1559 1240 1586 καί
1252 1559 1307 1587 ἐὰν
1318 1561 1526 1595 προσαγίὶγητε
1539 1561 1639 1596 χωλὸν
1660 1563 1678 1596 ἢ
1690 1563 1854 1598 ἇρῤωστον.

1062 1606 1097 1632 οὺ
1113 1605 1223 1637 κακόν;
1241 1605 1416 1641 Προσάγαγε
1430 1606 1467 1641 δὴ
1483 1608 1555 1634 αὐτὸ
1569 1608 1608 1640 τῷ
1619 1609 1778 1643 ἡγουμένῳ
1789 1617 1855 1642 σου,

1061 1652 1086 1676 εὶ
1111 1651 1310 1684 προσδέξεται
1333 1661 1380 1684 σε,
1397 1654 1422 1680 εἰ
1444 1654 1574 1687 λήψεται
1596 1655 1762 1688 πρόσωπόν
1789 1664 1854 1688 σου,

1062 1695 1141 1730 λέγει
1159 1697 1266 1731 Κύριος
1279 1697 1502 1732 παντοκράτωρ.

1096 1742 1133 1768 (θ’.
1155 1742 1356 1777 Μωμοσκοπείν
1378 1743 1426 1770 τοῦ
1450 1744 1533 1779 νόμου
1558 1745 1591 1772 τὰ
1614 1746 1701 1781 ἱερεῖα
1718 1747 1854 1782 προστάτι

1061 1792 1162 1819 τοντος,
1187 1788 1236 1814 καὶ
1262 1789 1415 1824 ἀπόϐλητον
1443 1790 1493 1826 μὲν
1517 1791 1651 1818 ποιεῖσθαι
1673 1791 1708 1818 τὰ
1731 1791 1854 1828 ἔμπηρα,

1062 1833 1206 1869 καθιεροῦν
1222 1834 1251 1860 δὲ
1270 1834 1304 1861 τὰ
1315 1835 1429 1871 ἄμωμα,
1444 1838 1643 1872 προσεκόμιζον
1657 1839 1696 1873 τῷ
1711 1839 1855 1874 θυσιαστη-

1063 1880 1113 1915 ρίῳ
1129 1880 1189 1907 κατ’
1207 1881 1294 1908 ἐκεῖνο
1319 1881 1366 1908 τοῦ
1388 1883 1485 1918 καιροῦ
1509 1884 1597 1910 πάντα
1615 1885 1698 1920 χύδην
1717 1886 1764 1912 καὶ
1784 1886 1854 1912 ἀδια-

1062 1925 1173 1960 κρίτως,
1190 1927 1237 1953 καὶ
1246 1926 1297 1962 τῆς
1314 1927 1363 1962 μὲν
1380 1929 1538 1964 πρεπούσης
1552 1929 1631 1965 δόξης
1644 1930 1682 1965 τῷ
1695 1931 1756 1967 Θεῷ
1767 1931 1854 1965 ὀλίγος

1061 1968 1096 2005 ἦν
1113 1971 1251 2003 παντελῶς
1261 1972 1275 1997 ὁ
1289 1972 1367 2006 λόγος
1376 1980 1382 1988 ⁸
1400 1975 1509 2009 φροντὶς
1524 1975 1552 2001 δὲ
1563 1975 1623 2002 λίαν
1636 1976 1852 2012 ὲσπουδασμένη,

1063 2016 1223 2062 τοξπλείστα
1233 2019 1283 2046 ὅσα
1297 2019 1468 2055 συναγείρειν
1483 2020 1601 2056 θύματα,
1613 2022 1661 2048 καὶ
1677 2022 1762 2058 κριῶν
1775 2022 1854 2057 ἀφθο-

1062 2061 1122 2088 νίαν
1139 2062 1207 2089 οἴκοι
1229 2072 1257 2090 τε
1282 2063 1365 2099 ἔχειν,
1385 2066 1433 2092 καὶ
1446 2067 1474 2092 ὲν
1488 2067 1556 2102 αὐτῇ
1581 2076 1631 2094 που
1653 2068 1724 2103 τάχα
1741 2069 1775 2103 τῇ
1794 2069 1854 2104 ἁγίᾳ

1065 2106 1228 2144 σκηνῇ.⁷Λρ’
1242 2106 1298 2141 οὖν,
1317 2107 1340 2136 ὧ
1354 2110 1401 2137 τοῦ
1417 2111 1500 2146 νόμου
1518 2112 1647 2147 (ρύλακες,
1672 2114 1697 2140 εἰ
1722 2115 1852 2150 προσάγει

1063 2161 1104 2183 τις
1118 2153 1217 2187 τυφλὸν
1241 2155 1281 2186 είς
1298 2154 1406 2188 θυσίαν,
1419 2157 1449 2183 οὑ
1465 2158 1549 2184 κακὸν
1566 2158 1595 2184 τὸ
1618 2158 1708 2194 θῦμας
1732 2160 1758 2185 εί
1778 2160 1806 2186 δὲ
1825 2160 1853 2194 δὴ

1065 2199 1112 2225 καὶ
1138 2199 1223 2234 χωλὸν
1253 2201 1269 2235 ἧ
1285 2201 1436 2237 ἄρρωστον,
1453 2203 1498 2230 τὸν
1515 2204 1564 2239 τῆς
1580 2204 1720 2240 ἐμπηρίας
1746 2204 1852 2239 διαφεύ-

1063 2244 1137 2276 ξεται
1164 2245 1272 2281 μῶμον;
1297 2248 1334 2274 UO
1360 2248 1414 2284 γὰρ
1438 2249 1469 2284 δὴ
1490 2250 1536 2276 καὶ
1554 2249 1588 2276 τὰ
1610 2250 1699 2277 τοιάδε
1721 2250 1851 2284 λογιεῖσθε

1063 2291 1144 2323 κακὰ,
1168 2291 1215 2318 καὶ
1239 2293 1307 2327 πρὸς
1322 2293 1417 2321 θυσίαν
1438 2295 1489 2321 οὐκ
1513 2295 1669 2331 ἑπιτήδεια;
1692 2295 1763 2321 Ἀλλ’
1778 2296 1852 2331 είπερ

1062 2339 1150 2366 οἴεσθε
1164 2340 1234 2366 κατὰ
1249 2343 1319 2375 σφᾶς
1333 2342 1382 2377 οὐχ
1395 2340 1446 2369 ὧδε
1462 2343 1544 2378 ἔχειν,
1559 2342 1721 2379 ἀποφερέτω
1733 2352 1774 2375 τις
1787 2343 1851 2370 αὐτὰ

1063 2385 1157 2418 ξένιον,
1171 2387 1217 2413 καὶ
1231 2388 1258 2413 ὲν
1271 2387 1356 2423 δώρου
1371 2389 1446 2421 τάξει
1461 2389 1516 2415 τῶν
1534 2388 1697 2424 καθηγητῶν
1715 2388 1756 2415 ἐνί
1766 2408 1772 2415 .
1783 2387 1853 2414 Ἀλλ’

1063 2432 1112 2458 οὐκ
1132 2432 1165 2459 ἂν
1185 2433 1373 2467 προσδέξαιτο,
1390 2434 1467 2469 φησὶ,
1484 2434 1539 2461 οὐδ’
1551 2434 1584 2461 ἂν
1600 2434 1631 2460 τὸ
1642 2433 1688 2460 τοῦ
1706 2434 1852 2469 προσκομί-

1064 2476 1156 2508 ζοντος
1181 2477 1326 2512 πρόσωπον
1353 2478 1497 2511 αἰδεσθεὶς,
1513 2479 1602 2505 οἰστὸν
1617 2478 1648 2505 τὸ
1668 2478 1766 2514 χρῆμα
1781 2479 1854 2512 ποιή-

1065 2530 1152 2555 σαιτο,
1167 2523 1312 2558 χαλεπανεῖ
1328 2524 1356 2551 δὲ
1371 2524 1431 2551 λίαν
1446 2523 1483 2556 ὡς
1497 2525 1758 2561 ὑϐρισμένος.”Εστι
1770 2525 1852 2551 τοίνυν

1062 2569 1117 2596 τῶν
1129 2569 1198 2603 ἄγαν
1218 2571 1425 2604 ἐκτοπωτάτων,
1439 2571 1498 2606 Θεῷ
1510 2571 1673 2607 προσφέρειν
1689 2571 1851 2605 ἀποτολμᾷν,

1063 2616 1080 2642 ἃ
1108 2616 1168 2652 μηδ’
1184 2617 1217 2643 ἂν
1242 2615 1281 2649 εἷς
1305 2617 1358 2643 τῶν
1385 2618 1530 2653 καθ’ήμοῖς
1549 2619 1635 2645 ἕλοιτο
1660 2618 1764 2644 λαϐεῖν.
1789 2617 1852 2644 Πολὺ

1063 2662 1141 2688 τοῦτο
1150 2663 1214 2698 παρ’
1229 2664 1293 2698 ἡμῖν
1306 2663 1335 2689 τὸ
1348 2663 1537 2699 πλημμέλημα
1548 2672 1554 2678 '
1567 2665 1591 2690 εἰ
1607 2664 1660 2699 γάρ
1674 2673 1699 2689 τι
1715 2663 1852 2698 μέλλοιμεν

1064 2708 1258 2743 προςκομίζειν
1269 2708 1338 2743 Θεῷ,
1351 2709 1388 2740 ὡς
1405 2710 1437 2736 ἂν
1452 2710 1561 2745 ἔχοιμεν
1575 2709 1609 2735 τὰ
1621 2709 1730 2744 αἰσχίω,
1745 2707 1853 2737 1:73.566-

1063 2763 1128 2789 τερα
1147 2754 1275 2788 ζητοῖμεν
1303 2755 1326 2780 οἰ
1353 2755 1477 2788 τάλανες,
1498 2755 1548 2782 οὐκ
1569 2753 1736 2788 ἐννοοῦντες,
1754 2754 1796 2782 ὅτι
1811 2753 1853 2781 καὶ
