1918 3054
95 225 145 254 297

508 224 784 253 COMMENTARIUS
804 225 836 252 IN
859 225 1061 255 MALACHIAM
1083 227 1306 255 PROPHETAM.

1670 229 1723 258 ἢθη

124 284 184 311 οὐκ
208 282 276 310 ἐστι
293 291 352 317 μου
370 283 484 316 θέλημα
506 282 540 309 ἐν
565 283 645 318 ὑμῖν,
668 285 748 318 λέγει
773 284 881 319 Κύριος

969 282 1050 311 Vens.
1079 284 1123 311 Η.
1146 283 1208 311 Non
1222 288 1259 311 est
1279 284 1344 310 milii
1365 284 1484 311 voluntas
1507 285 1533 310 in
1559 285 1638 318 robis,
1658 286 1724 314 dicit

90 328 309 363 παντοκράτωρ,
324 329 373 355 καὶ
386 329 498 356 θυσίαν
512 329 549 356 οὐ
564 329 766 364 προσδέξομαι
777 331 810 356 ὲκ
821 330 881 357 τῶν

89 374 195 411 χειρῶν
211 374 305 410 ὑμῶν.
325 375 402 401 Διότι
415 375 474 401 ἀπὸ
489 375 646 402 ἀνατολῶν
660 376 749 410 ἡλίου
765 376 812 402 καὶ
826 375 881 409 ἕως

90 420 213 455 δυσμῶν
227 420 260 447 τὸ
277 420 372 455 ὄνομά
381 429 441 455 μου
454 420 634 453 δεδόξασται
646 421 679 448 ἐγ
692 421 754 455 τοῖς
769 422 879 453 ἔθνεσι,

90 468 136 494 καί
149 468 185 494 ἐν
203 467 293 494 παντὶ
311 467 391 501 τόπῳ
407 468 538 502 θυμίαμα
556 467 737 502 προσάγεται
758 467 797 500 τῷ
816 468 882 494 ὀνόη

87 514 157 548 ματί
165 522 237 548 μου,
252 513 301 540 καὶ
315 514 405 541 θυσία
419 513 535 547 καθαρά
545 522 551 528 ·
569 513 644 540 διότι
655 513 731 548 μέγα
743 513 776 539 τὸ
789 512 883 548 ὄνομά

87 569 145 594 μου
158 559 195 586 ὲν
214 560 275 592 τοῖς
287 559 399 590 ἔθνεσι,
417 559 497 593 λέγει
513 559 622 592 Κύριος
638 558 861 593 παντοκράτωρ.

106 606 175 632 ~IB'.
201 606 369 639 'Artozpdtazst
384 605 476 632 λοιπὸν
499 606 622 642 ἐναργῶς
644 606 694 641 τῆς
715 605 786 632 κατὰ
801 606 882 641 νόμον

88 651 217 686 λατρείας
239 651 288 687 τὴν
313 652 506 688 προσαγωγὴν,
526 652 668 687 μονονουχὶ
693 651 721 678 δὲ
745 652 791 677 καὶ
815 652 883 678 ἀπο-

88 698 169 731 φοιτᾷ
195 697 244 732 τῆς
272 697 312 728 εἰς
331 697 474 728 Ἰουδαίους
498 697 623 732 ἀγάπης,
651 697 698 723 καὶ
723 697 883 732 ἀνεθέλητον

88 744 207 769 ποιεῖται
227 743 276 778 τὴν
292 743 452 779 ἱερωσύνην,
465 743 512 770 καὶ
526 743 714 778 ἀπαράδεκτον
728 743 777 778 τὴν
792 744 882 777 σκιὰν,

90 787 236 822 βονθυσὶας
252 788 284 824 δὴ
300 788 371 822 λέγω
395 789 443 816 καὶ
461 789 591 820 καπνοὺς,
605 790 645 815 ὅτι
662 789 730 824 μήτε
745 789 773 815 ἐν
788 790 884 825 ἀρχαῖς

88 832 166 866 οὗτος
187 833 221 870 ἦν
245 835 259 861 ὁ
282 836 380 866 σκοπὸς
401 835 494 862 αὐτοῦ.
511 836 566 862 Καὶ
583 835 637 871 μὴν
652 835 794 862 καὶτοῦτο
817 837 884 870 ἡμῖν

89 881 206 916 ἐναργὲς
229 882 276 907 καὶ
300 881 333 907 δι’
348 882 449 915 ἑτέρων
473 881 621 917 προφητῶν
646 883 773 915 ἐποιεῖτο,
797 882 884 916 λέγων

89 927 133 952 διὰ
153 926 203 961 μὲν
219 927 310 961 φωνῆς
330 927 440 953 Ἡσαΐου
454 935 460 941 “
480 937 489 953 ‹
505 927 616 962 Πλήρης
627 927 685 962 εὶμὶ
696 927 886 962 ὁλοκαυτωμά-

931 328 1059 356 υοπιὺιιη
1080 330 1252 363 omnipotens,
1272 334 1294 356 el
1312 329 1472 363 sacri/icium
1498 337 1549 356 non
1574 331 1724 365 suscipiam

931 383 963 401 ex
991 375 1112 401 munibus
1134 376 1236 402 vestris.
1253 375 1321 407 Quia
1343 375 1375 401 ab
1404 381 1463 402 ortu
1491 376 1552 402 soiis
1585 384 1665 410 usque
1689 377 1724 403 ad

933 429 1051 448 occasum
1070 429 1162 447 nomen
1182 428 1269 447 meum
1292 420 1468 455 glori/italum
1485 425 1520 447 est
1538 422 1566 448 in
1589 422 1720 456 gentibus,

932 472 955 494 et
980 466 1008 493 in
1030 466 1100 492 omni
1125 466 1182 492 loco
1201 467 1337 492 incensum
1367 465 1478 500 oﬁ'ertur
1491 468 1591 493 nomini
1617 475 1683 500 meo,
1699 473 1723 494 et

932 512 1093 546 sacri/icium
1126 513 1274 544 mundum;
1293 513 1354 547 quia
1376 520 1499 546 maguum
1526 520 1619 539 nomen
1639 521 1724 540 meum

933 557 959 585 in
983 557 1100 591 gentibus
1114 578 1122 591 ,
1135 558 1199 584 dicit
1223 557 1350 584 Dominus
1365 558 1542 592 omnipotens.

969 603 1024 630 ΧΙΙ.
1045 603 1173 638 Deinceps
1196 603 1359 631 oblationem
1385 603 1464 636 juxta
1480 604 1582 630 cultum
1606 603 1721 637 legalem

934 649 1075 677 manifeste
1089 649 1223 683 repudiat,
1236 653 1263 676 et
1277 650 1470 684 propemodum
1484 656 1499 675 a
1514 649 1648 676 charitute
1661 640 1726 684 e'rgit

933 695 1039 722 Judwos
1053 694 1176 727 discedit,
1191 699 1217 722 et
1230 694 1379 722 sacerdotio
1396 695 1539 727 abhorret,
1555 699 1583 721 et
1602 696 1726 723 umbram

935 749 986 768 ttou
997 741 1125 773 admittit,
1139 740 1426 776 boum'immolationes
1438 746 1465 768 et
1476 741 1592 774 nidores,
1605 741 1726 776 inquam,

934 789 1061 822 quoniam
1077 795 1163 821 tteque
1181 795 1195 813 a
1213 787 1343 821 prittcipio
1368 787 1411 814 ltie
1439 787 1474 814 illi
1498 795 1606 820 scopus.
1637 791 1727 823 Atque

935 833 1006 860 istud
1020 833 1099 860 nobis
1110 833 1190 859 ctiam
1206 841 1254 867 per
1267 833 1333 861 alios
1347 833 1490 868 prophetas
1505 834 1660 861 declaravit.
1676 834 1727 862 Per

938 879 1034 905 lsaiam
1053 879 1184 913 quidem:
1204 888 1213 904 ι
1233 879 1329 907 Plenus
1342 887 1400 906 sum
1420 881 1585 907 holocaustis
1599 881 1725 913 arietum,

936 929 963 952 et
979 925 1085 959 adipem
1106 932 1254 960 agnorum,
1288 931 1315 952 ct
1343 927 1499 961 sanguinem
1539 932 1675 954 tauroruttt
1701 934 1728 955 et

89 981 142 999 των
160 973 258 1007 κριῶν,
273 974 320 998 καὶ
344 972 427 1008 στέαρ
441 973 541 1009 ἀρνῶν,
560 973 607 1000 καὶ
621 971 690 1008 αἷμα
704 974 822 1009 ταύρων,
838 974 885 1000 καὶ

943 971 1076 998 hircorum
1095 973 1173 999 nolo:
1186 978 1273 1006 neque
1285 972 1414 998 veneritis
1431 979 1560 1006 apparere
1574 973 1648 999 mihi.
1663 973 1728 1006 Quis

88 1018 199 1053 τράγων
213 1018 244 1044 οὐ
261 1018 409 1053 βούλομαι·
435 1019 488 1045 οὐδ’
504 1018 536 1045 ἂν
559 1018 675 1054 ἔρχησθε
691 1018 806 1053 ὀφθῆναί
830 1027 884 1053 μοι.

90 1064 137 1095 Τίς
164 1065 220 1100 γὰρ
245 1064 392 1100 ὲξεζήτησε
415 1064 502 1091 ταῦτα
525 1065 558 1091 ἐκ
583 1065 637 1091 τῶν
663 1064 762 1099 χειρῶν
787 1065 885 1099 ὑμῶν;

90 1111 191 1137 Πατεῖν
209 1110 260 1145 τὴν
275 1109 359 1145 αὐλήν
377 1118 427 1144 μου
445 1110 475 1136 οὐ
493 1110 762 1146 προσθήσεσθε.¹Εὰν
785 1111 886 1145 φέρητε

91 1155 246 1190 σεμίδαλιν.
265 1155 377 1190 μάταιον
391 1163 397 1169 ·
413 1154 539 1190 θυμίαμα
562 1154 701 1190 βδέλυγμα
725 1155 770 1190 μοί
790 1156 858 1182 ἐστι.
874 1164 884 1180 ι

90 1201 140 1228 Διὰ
152 1201 182 1228 δέ
197 1209 230 1235 γε
247 1201 297 1236 τῆς
317 1200 450 1236 Ἰερεμίου
466 1200 573 1235 φωνῆς·
595 1210 604 1226 ι
621 1201 661 1227 Τὰ
674 1200 888 1236 ὁλοκαυτώματα

91 1247 171 1282 ὑμῶν
182 1247 351 1281 συναγάγετε
364 1246 433 1280 μετὰ
446 1247 500 1273 τῶν
515 1246 614 1273 θυσιῶν
629 1247 717 1282 ὑμῶν,
729 1247 774 1273 καὶ
787 1247 888 1282 φάγετε

91 1292 125 1319 τὰ
141 1293 222 1328 κρέα,
238 1292 278 1318 ὅτι
294 1293 344 1319 οὐκ
365 1292 485 1328 ἐλάλησα
502 1292 570 1327 πρὸς
584 1292 647 1323 τοὺς
667 1292 789 1327 πατέρας
812 1292 889 1328 ὑμῶν

92 1339 158 1374 περὶ
171 1339 409 1374 ὁλοκαυτωμάτων
421 1339 469 1366 καὶ
483 1338 594 1371 θυσιῶν,
604 1339 631 1366 ὲν
681 1339 772 1375 ἡμέρᾳ
787 1339 888 1374 ἀνήγα-

92 1393 141 1422 γον
166 1385 266 1419 αὐτοὺς
287 1386 320 1414 ὲκ
341 1387 393 1422 γῆς
416 1386 565 1420 Αἰγύπτου,
585 1396 594 1411 ι
622 1385 813 1416 ’Υποτύπωσις
835 1385 890 1420 γὰρ

91 1433 200 1469 ὥσπερ,
219 1433 268 1460 καὶ
285 1432 512 1469 προαναφώνησις
531 1433 580 1468 τῆς
595 1433 628 1458 ἐν’
639 1431 774 1467 πνεύματί
798 1440 828 1457 τε
843 1432 890 1458 καὶ

93 1480 214 1516 ἀληθοῦς
225 1480 354 1515 λατρείας
367 1481 381 1506 ὁ
393 1479 475 1514 νόμος
487 1476 531 1514 ἦν,
551 1488 559 1504 ι
576 1479 621 1505 καὶ
635 1477 807 1512 δικαιώματα
824 1485 890 1513 σαρ-

93 1527 153 1558 κὸς,
182 1526 220 1557 ὡς
244 1524 387 1556 Θεσπέσιος
410 1525 510 1560 γράφει
535 1523 659 1556 Παῦλος,
688 1523 768 1558 μέχρι
793 1521 890 1558 καιροῦ

93 1571 266 1607 διορθώσεως
283 1571 453 1605 ἐπικείμενα.
472 1579 481 1595 ι
502 1570 532 1596 ὐ
554 1569 583 1595 δέ
609 1577 641 1603 γε
667 1569 717 1603 τῆς
735 1567 890 1602 ἐπανορθώ-

95 1627 166 1649 eam;
190 1618 286 1653 καιρὸς
305 1618 347 1653 εἴη
362 1616 394 1643 ἂν
409 1617 459 1651 οὐχ
473 1616 576 1650 ἕτερος,
591 1613 679 1650 οἶμαι,
697 1615 738 1646 τὶς
753 1614 828 1650 παρὰ
842 1614 890 1648 τὴν
906 1634 926 1663 C

94 1664 141 1691 τοῦ
160 1664 287 1699 Σωτῆρος
303 1663 381 1698 ἡμῶν
397 1663 555 1697 ἐπιδημίαν,
573 1661 617 1687 ὅτε
636 1661 682 1687 καὶ
697 1661 713 1695 ὴ
729 1659 825 1695 πρώτη
841 1660 891 1694 μὲν

95 1709 216 1740 διάθεσις
229 1709 273 1735 διὰ
285 1709 326 1740 τὸ,
339 1708 369 1734 τὸ
386 1708 531 1743 ἄμεμπτον
547 1706 597 1732 οὐκ
612 1706 695 1740 ἔχειν,
711 1704 892 1739 ἀφανισθῆναι

96 1755 207 1789 λέγεται
219 1764 225 1770 ·
247 1753 405 1788 ἐπαλαιώθη
420 1754 483 1790 γάρ’
500 1754 549 1788 τῆς
565 1761 596 1786 γε
613 1751 665 1787 μὴν
682 1751 745 1782 νέας
769 1750 815 1777 καὶ
835 1750 893 1776 δευ-

96 1801 178 1837 τέρας
194 1800 313 1836 ἐξητὴοη
327 1801 420 1832 τόπος,
436 1800 452 1834 ἢ
469 1799 516 1824 καὶ
540 1798 639 1829 παντὸς
653 1797 782 1823 ἐπέκεινα
797 1795 892 1831 μώμου

96 1856 127 1874 τε
151 1847 198 1873 καὶ
221 1846 311 1877 αἰτίας
331 1845 398 1872 ἐστί.
415 1844 556 1880 Λελὰληκε
571 1844 624 1879 γὰρ
640 1843 672 1869 δι’
691 1843 785 1877 αὐτῆς,
802 1841 831 1873 ὃς
847 1841 893 1867 καὶ

103 1903 112 1919 ι
127 1893 252 1928 μεγάλης
271 1891 368 1927 βουλῆς
383 1891 515 1926 ΙἈγγελος
533 1900 541 1916 ι
566 1890 734 1925 ὠνόμασται.
749 1888 893 1923 Τοιγάρτοι

99 1939 148 1966 καὶ
162 1938 297 1973 ἔφασκεν·
319 1946 328 1962 ‹
341 1936 399 1963 Ἀπ’
415 1935 536 1972 ἐμαυτοῦ
550 1936 580 1961 οὺ
596 1934 680 1966 λαλῶ,
693 1933 749 1960 ἀλλ’
759 1934 772 1960 ὁ
783 1933 893 1968 πέμψας

101 1993 135 2020 με
151 1984 259 2020 Πατὴρ,
277 1983 357 2015 αὑτός
371 1991 417 2018 μοι
432 1981 540 2017 ἐντολὴν
553 1982 662 2014 δέδωκε,
674 1981 700 2007 τί
714 1980 793 2013 εἴπω,
810 1980 856 2006 καὶ
868 1978 893 2005 τί

99 2031 222 2065 λαλήσω.
241 2039 251 2056 ›
269 2030 341 2065 Ἔφη
362 2029 452 2056 τοίνυν
469 2028 592 2063 ἐναργῶς
609 2028 664 2059 τοῖς
679 2027 749 2054 κατὰ
762 2026 843 2062 νόμον
861 2026 894 2052 ἱε-

100 2076 275 2112 ρατεύουσιν,
290 2075 327 2106 ὡς
346 2074 502 2110 ἀνεθέλητοί
515 2074 546 2100 τέ
559 2075 627 2100 εἰσιν
638 2072 723 2109 αὐτῷ,
742 2072 842 2108 μᾶλλον
854 2072 892 2103 δὲ,

99 2121 137 2152 ὡς
152 2121 182 2147 ὲν
198 2121 291 2151 αὐτοῖς
305 2119 354 2146 οὑκ
369 2119 426 2155 ἔχει
441 2119 592 2154 θελήματα.
605 2119 635 2145 ἐν
653 2118 719 2153 σκιᾷ
731 2117 780 2144 καὶ
799 2116 894 2147 τύποις

100 2166 237 2202 πληροῦσι
260 2165 365 2197 θυσίας,
380 2165 428 2192 καὶ
452 2165 489 2196 ὡς
508 2165 558 2191 οὐκ
579 2163 611 2191 ἂν
634 2163 809 2198 προσδέξαιτο
825 2162 895 2197 παρ’

101 2212 191 2239 αὐτῶν
206 2212 241 2238 τὰ
259 2211 484 2246 ἰερουργούμενα.
498 2210 681 2246 Προαγορεύει
705 2210 734 2236 δὲ
756 2209 796 2236 ὅτι
824 2208 895 2244 μέγα

102 2257 149 2283 καί
171 2256 306 2290 ἐπιφανὲς
327 2255 402 2282 ἔσται
422 2255 453 2281 τὸ
469 2254 554 2289 ὄνομα
569 2253 652 2280 αὑτοῦ
669 2254 745 2289 παρὰ
768 2254 826 2284 τοῖς
843 2253 896 2280 ἀνὰ

937 1018 1009 1044 enitn
1035 1019 1159 1052 quaesivit
1189 1017 1246 1045 hanc
1271 1018 1303 1045 de
1324 1018 1448 1045 manibus
1478 1019 1596 1045 vestris?
1614 1019 1727 1047 Calcare

938 1063 1037 1090 atrium
1055 1071 1144 1090 meum
1162 1071 1214 1090 tton
1234 1063 1386 1098 apponctis.
1398 1063 1425 1091 Si
1434 1064 1585 1092 obtuleritis
1595 1065 1728 1100 siliginem

939 1117 1036 1136 vanum
1054 1117 1060 1134 :
1078 1109 1219 1137 int-ensum
1232 1109 1398 1136 abontinatio
1415 1114 1456 1136 est
1470 1109 1535 1136 tnilti
1552 1109 1585 1137 ⁷³.
1599 1120 1608 1136 ι
1622 1110 1673 1137 Per
1687 1110 1730 1138 Je-

940 1155 1052 1182 remiam
1071 1160 1159 1182 autent
1179 1164 1185 1182 :
1201 1164 1210 1181 ‹
1224 1155 1444 1182 Holocautomata
1467 1160 1555 1183 vestra
1569 1163 1731 1192 congregata

939 1210 1001 1229 cum
1023 1201 1166 1229 sacriﬁciis
1181 1202 1289 1235 vestris,
1299 1208 1324 1229 et
1338 1202 1472 1229 comedite
1483 1210 1587 1237 carnes,
1605 1204 1667 1238 quia
1678 1212 1730 1231 non

940 1255 999 1274 smn
1013 1247 1119 1274 locutus
1137 1248 1170 1274 ad
1188 1252 1277 1282 patres
1291 1252 1405 1280 vestros,
1431 1252 1458 1274 et
1473 1255 1524 1275 n0n
1541 1251 1652 1284 praecepi
1679 1251 1729 1282 eis.

941 1293 967 1320 in
981 1286 1034 1326 qua
1059 1292 1101 1320 die
1114 1292 1194 1319 eduxi
1211 1300 1258 1319 eos
1279 1294 1311 1319 de
1325 1298 1396 1320 terra
1413 1292 1522 1328 Egypti
1534 1314 1540 1326 ,
1557 1294 1590 1321 de
1604 1295 1732 1322 holocau<

942 1338 1086 1365 tomatibus
1097 1343 1124 1365 et
1133 1339 1249 1366 victimis
1259 1337 1292 1365 ⁷⁸.
1306 1347 1315 1363 ι
1329 1338 1411 1371 Quasi
1428 1339 1549 1373 quaedam
1566 1340 1731 1374 informatio,

940 1391 967 1413 et
977 1386 1156 1421 promulgatio
1171 1387 1326 1421 praecedens
1341 1386 1490 1420 spiritualis
1503 1388 1614 1422 verique
1641 1390 1730 1417 cultus

942 1432 985 1459 lex
1002 1436 1071 1464 erat,
1089 1441 1098 1458 (
1110 1437 1137 1459 et
1150 1432 1261 1465 justitia:
1276 1433 1375 1466 carnis,
1393 1437 1420 1459 ut
1432 1433 1526 1460 scribit
1538 1434 1645 1462 divinus
1662 1435 1731 1462 Pau-

942 1478 993 1511 lusl
1007 1485 1093 1513 usque
1106 1478 1139 1504 ad
1158 1482 1260 1512 tempus
1276 1478 1451 1506 correctionis
1469 1479 1602 1514 imposita:
1614 1480 1664 1506 ⁷⁸.»
1679 1481 1734 1509 Nec

942 1524 1119 1551 correctionis
1140 1528 1245 1557 tempus
1275 1523 1347 1551 aliud
1377 1523 1474 1557 fuerit,
1494 1525 1607 1559 opinor,
1637 1532 1734 1560 pneter

943 1569 1087 1595 adventum
1121 1568 1269 1595 Salvatoris
1287 1568 1384 1601 nostri,
1404 1570 1513 1603 quando
1536 1576 1563 1597 et
1577 1571 1653 1606 prius
1671 1572 1735 1598 illud

943 1618 1144 1647 testamentum,
1165 1614 1228 1649 quia
1255 1614 1332 1649 culpa
1366 1622 1422 1642 non
1454 1621 1574 1649 vacaret,
1602 1618 1734 1646 abolitum

945 1661 1054 1688 dicitur.
1070 1660 1233 1688 lnvcteravit
1246 1681 1253 1693 ,
1266 1665 1292 1688 et
1304 1661 1366 1688 novi
1381 1668 1413 1688 ac
1429 1663 1538 1689 Secundi
1554 1663 1682 1697 qumsitus
1698 1665 1736 1692 lo-

945 1715 1004 1741 cus,
1024 1708 1053 1734 in
1073 1707 1143 1742 quod
1157 1707 1229 1734 nulla
1247 1707 1432 1742 repreltensio,
1456 1709 1532 1743 culpa
1555 1709 1627 1736 nulla
1653 1710 1734 1737 cadit.

947 1753 999 1780 Per
1019 1753 1044 1780 id
1060 1753 1131 1780 enim
1145 1754 1228 1781 verba
1242 1754 1316 1786 fecit,
1332 1754 1379 1787 qui
1404 1754 1485 1781 etiam
1504 1764 1512 1780 ι
1524 1758 1611 1790 magni
1632 1756 1735 1783 consilii

945 1799 1063 1834 Angelus
1074 1797 1086 1825 i
1102 1799 1187 1826 dictus
1205 1803 1246 1826 est
1260 1799 1294 1825 ⁷⁵.
1321 1799 1404 1834 830
1425 1799 1508 1833 Cujus
1535 1806 1576 1828 est
1599 1805 1626 1828 ct
1646 1801 1709 1829 illud
1727 1809 1734 1827 :

947 1854 956 1870 ι
968 1845 1022 1879 Ego
1032 1853 1047 1871 a
1063 1845 1171 1878 meipso
1187 1851 1242 1871 non
1255 1843 1349 1879 loquor
1364 1852 1371 1870 :
1386 1844 1432 1871 sed
1446 1845 1491 1879 qui
1507 1845 1578 1872 misit
1591 1854 1636 1873 me
1646 1846 1735 1878 Pater.

945 1891 1003 1926 ipse
1023 1890 1179 1917 mandatum
1197 1889 1270 1917 dedit
1288 1889 1352 1916 tnilti
1368 1890 1431 1923 quid
1451 1890 1584 1922 dicatn,ct
1601 1892 1664 1925 quid
1698 1893 1736 1920 lo-

944 1943 1012 1970 quar
1029 1936 1080 1962 υ.»
1092 1935 1194 1970 Aperte
1211 1935 1292 1970 igitur
1317 1935 1503 1963 sacerdotibus
1521 1936 1586 1971 legis
1606 1938 1685 1970 dixit,
1707 1947 1736 1965 su

947 1982 1020 2016 ipsos
1033 1981 1115 2014 nolle,
1129 1981 1170 2008 Vel
1200 1981 1288 2016 potius
1309 1988 1338 2008 se
1354 1981 1383 2008 in
1408 1981 1475 2015 ipsis
1493 1981 1656 2009 voluntatem
1683 1992 1736 2011 non

945 2027 1056 2059 habere,
1076 2028 1102 2054 in
1122 2027 1215 2054 umbra
1229 2034 1327 2061 nempe
1352 2032 1378 2055 et
1394 2027 1488 2062 ﬁguris
1510 2029 1736 2064 sacriﬁcantibus,

945 2078 1092 2106 eorumque
1108 2079 1185 2099 sacra
1197 2079 1251 2098 non
1263 2076 1462 2106 suscepturum.
1470 2071 1636 2100 Prazuttntiat
1646 2079 1736 2101 autem

946 2117 1003 2145 fore
1021 2125 1147 2152 magnum
1162 2123 1189 2145 et
1204 2118 1306 2145 illustre
1320 2125 1420 2145 nomen
1441 2126 1518 2145 suum
1539 2119 1610 2153 apud
1640 2128 1737 2149 omnes

947 2167 1003 2190 toto
1017 2163 1082 2191 orbe
1101 2163 1241 2197 mortales,
1262 2167 1289 2191 et
1305 2163 1333 2190 in
1347 2163 1420 2191 omni
1438 2164 1498 2191 loco
1512 2171 1544 2192 ac
1559 2171 1638 2199 gente
1654 2167 1738 2194 sacri-

947 2209 1036 2237 ﬁciutn
1053 2210 1182 2237 mundum
1197 2215 1224 2237 et
1236 2210 1407 2237 ineruentuttt
1428 2210 1529 2237 nomini
1551 2218 1600 2238 Sno
1618 2212 1738 2240 oblatum

949 2255 992 2288 iri,
1003 2263 1054 2282 non
1066 2254 1122 2289 jam
1138 2256 1325 2283 sacerdotibus
1339 2256 1393 2283 illis
1405 2257 1463 2291 ejus
1475 2255 1632 2292 dignitatem
1642 2259 1740 2286 obscu-

102 2303 194 2329 πᾶσαν
220 2301 270 2336 τὴν
295 2301 340 2327 ὑπ’
353 2301 477 2336 οὐρανὸν,
492 2301 538 2327 καὶ
555 2300 584 2326 ὲν
609 2299 690 2326 παντὶ
714 2299 788 2334 τόπῳ
806 2307 836 2325 τε
852 2299 889 2325 κα

953 2300 1084 2332 rantibus,
1105 2308 1194 2335 tthue
1224 2299 1362 2328 incuriose
1391 2301 1558 2334 spiritualem
1583 2302 1686 2330 cultum
1713 2304 1739 2330 ei

102 2347 175 2375 ἔθνει
194 2347 288 2374 θυσίαι
305 2347 426 2383 καθαραὶ
448 2346 495 2373 καὶ
513 2345 678 2380 ἀναίμακτοι
695 2344 897 2380 προσκομισθή-

104 2402 196 2420 σονται
220 2393 260 2428 τῷ
284 2393 396 2428 ὀνόματι
413 2392 507 2425 αὐτοῦ,
526 2391 801 2426 κατασμικρυνόντων
818 2391 898 2418 αὐτὸν

103 2438 196 2465 οὐκέτι
213 2438 269 2464 τῶν
287 2437 444 2474 ἱερουργῶν,
459 2437 520 2463 οὔτε
539 2435 591 2472 μὴν
607 2436 735 2471 ῥᾳθύμως
749 2444 899 2471 προσκομι-

105 2484 208 2515 ζόντων
230 2484 306 2519 αὐτῷ
334 2484 384 2515 τὰς
410 2482 599 2518 πνευματικὰς
624 2482 765 2518 λατρείας·
792 2482 849 2509 ἀλλ’
870 2483 899 2508 ἐν

106 2527 220 2563 σπουδῇ,
231 2528 280 2554 καὶ
294 2527 441 2563 ἐπιεικείᾳ,
454 2527 501 2553 καὶ
511 2526 650 2562 ἁγιασμῷ,
667 2527 716 2558 τὰς
729 2526 784 2553 τῶν
796 2527 899 2562 νοητῶν

106 2573 289 2609 θυμιαμάτων
320 2573 434 2606 εὐωδίας
462 2573 639 2608 ἀνακομίζειν
672 2573 899 2605 ἐσπουδακότων,

105 2619 242 2652 τουτέστι,
262 2619 364 2652 πίστιν,
381 2620 486 2653 ἐλπίδα,
504 2620 626 2655 ἀγάπην,
640 2621 688 2647 καὶ
703 2620 737 2647 τὰ
760 2621 789 2654 ἐξ
813 2621 900 2656 ἔργων

105 2664 217 2698 ἀγαθῶν
241 2665 389 2700 αὐχήματα
403 2686 409 2697 ,
435 2666 674 2702 προστεταγμένης
703 2665 825 2701 δηλονότι
852 2667 901 2702 τῆς

952 2346 1137 2378 oﬁerentibus.
1150 2346 1197 2374 sed
1212 2354 1272 2373 cum
1289 2346 1439 2380 diligentia,
1455 2351 1483 2374 et
1497 2347 1626 2380 bonitate,
1642 2353 1669 2376 et
1680 2357 1741 2376 san-

953 2392 1083 2419 ctimonia
1098 2392 1269 2420 incensurum
1281 2393 1462 2426 spiritualium
1477 2394 1687 2422 suaveolentiam
1702 2395 1740 2422 of-

953 2439 1023 2466 ferre
1035 2438 1227 2474 satageutibus,
1245 2438 1323 2466 ﬁdem
1342 2439 1454 2473 scilicet,
1469 2448 1554 2475 spem,
1579 2441 1740 2469 cltaritatem

953 2489 979 2511 et
1009 2485 1215 2511 honestamenta
1244 2483 1376 2511 bonorum
1395 2493 1518 2520 operum,
1537 2487 1574 2514 ita
1593 2487 1740 2515 constituto

953 2530 1055 2558 scilicet
1072 2530 1173 2558 Christi
1201 2529 1335 2558 sacriﬁcio
1359 2531 1463 2558 caelesti
1492 2539 1522 2559 ac
1549 2533 1668 2565 viviﬁrn,
1694 2540 1741 2568 per

953 2577 1024 2612 quod
1054 2578 1189 2604 destructa
1215 2582 1256 2605 est
1277 2584 1371 2610 mors,
1394 2582 1422 2604 et
1446 2585 1508 2605 caro
1533 2578 1582 2606 ista
1613 2584 1718 2606 terrena
1734 2599 1741 2611 ,

954 2628 981 2650 ct
1018 2622 1185 2656 corruptioui
1222 2622 1338 2650 obnoxia
1375 2622 1606 2658 incorruptionem
1642 2625 1734 2652 indui-

955 2673 999 2695 tur
1016 2668 1048 2696 ⁷⁸.

105 2710 225 2748 Χριστοῦ
251 2710 348 2742 θυσίας
369 2711 418 2746 τῆς
441 2711 567 2746 οὐρανίου
582 2712 630 2738 καλ¹
651 2711 795 2746 ζωοποιοὖ,
821 2712 853 2738 δι’
869 2711 902 2748 ἧς
922 2715 1092 2749 κατήργηται
1128 2713 1251 2746 θάνατος,
1267 2713 1314 2740 καὶ
1325 2714 1342 2749 ἡ
1375 2713 1482 2750 φθαρτὴ
1495 2714 1527 2751 δὴ
1540 2715 1621 2751 αὐτὴ,
1633 2715 1680 2742 καὶ
1690 2716 1743 2742 ἀπὸ

106 2756 169 2792 τῆς,
189 2755 259 2792 σὰρξ
273 2757 454 2792 ἀμφιέννυται
467 2759 518 2794 τὴν
530 2757 694 2793 ἀφθαρσίαν.

146 2799 248 2837 Ὑμεῖς
263 2802 298 2830 δὲ
312 2804 482 2838 ,βεϐηλοῦτε
500 2805 573 2833 αὐτὸ
587 2805 622 2832 ἐν
638 2805 678 2838 τῷ
691 2804 792 2840 λέγειν
804 2804 881 2840 ὑμᾶς
892 2814 898 2820 ·

141 2889 166 2906 "
181 2890 234 2917 lsa.
250 2899 268 2923 1,
292 2891 387 2919 11-13.

111 2932 155 2958 xv,
167 2925 213 2953 55.

277 2974 416 3005 Ρλτιοι.
439 2973 498 3003 Gn.
525 2973 649 3007 LXXII.

426 2892 449 2907 '”
463 2891 562 2920 Jerem.
579 2901 628 2926 vn,
657 2893 702 2927 2|,
713 2893 758 2922 2‘3.

797 2893 820 2909 "
836 2891 918 2920 ilcltr.
951 2900 989 2926 ut,
1013 2892 1054 2920 ιο.

990 2805 1073 2833 Vens.
1091 2804 1131 2832 12.
1155 2804 1206 2831 Vos
1228 2809 1315 2831 autem
1346 2805 1531 2832 contaminatis
1548 2805 1615 2832 illud
1629 2827 1637 2838 ,
1664 2806 1693 2833 in
1712 2814 1744 2833 eo

1103 2892 1126 2908 "
1143 2891 1195 2920 lsa.
1221 2899 1258 2925 ll,
1274 2893 1301 2921 6.
1339 2892 1362 2909 ⁷⁷
1379 2893 1454 2920 Joan.
1470 2900 1516 2926 xu,
1530 2894 1573 2921 49.
1612 2891 1635 2908 ’³
1658 2891 1745 2920 lCor.

1549 2977 1584 3008 10
