1918 3054
167 79 218 107 505

578 80 854 109 ('OMMENTARIUS
872 81 905 110 IN
925 81 1131 109 MALACHIAM
1153 80 1373 110 PROPHETAM.

1735 84 1789 113 30ft

163 142 209 167 τος
222 134 252 162 δὲ
280 135 330 171 τὴν
350 136 475 171 εὐλογίαν
500 136 593 170 αὐτοῦ,
618 139 687 174 πρὸς
715 140 770 167 πᾶν
797 141 952 168 τούναντίον

1005 149 1092 174 suam,
1105 149 1148 169 res
1163 142 1273 169 omnino
1289 149 1397 168 versutn
1414 141 1446 168 iri
1470 145 1542 168 retro
1554 145 1580 168 et
1604 145 1703 169 statum
1729 143 1794 170 bea-

164 181 355 216 μεταχωρήσει
372 182 406 209 τὰ
421 183 581 218 πράγματα,
596 185 642 211 καὶ
652 185 769 213 ἀπέσται
781 187 830 221 μὲν
845 188 953 219 πάντως

161 225 191 251 τὺ
205 226 364 261 εὐημερεῖν,
380 230 581 264 χατακρατήσει
598 230 625 257 δὲ
643 231 741 265 μᾶλλον
754 232 787 258 τὰ
802 233 844 266 ἐφ’
859 230 900 264 οἷς
920 233 953 260 ἂν

162 271 275 303 εἰκότως
292 274 469 307 κατα-γένοιτό
481 283 532 306 τις.
549 276 602 302 Καὶ
620 277 700 303 ταυτὶ.
720 277 769 312 μὲν
784 278 796 303 ὁ
812 277 891 313 λόγος
916 279 954 310 ὡς

160 316 189 342 ιν
205 316 345 351 αἰσθητοῖς
358 327 387 344 τε
399 320 446 345 καὶ
460 321 639 356 προσκαίροις
657 323 827 358 πράγμασιν.

194 362 303 390 Είδὲναι
319 364 347 390 δὲ
360 365 506 399 ἀναγκαῖον
518 367 598 399 ὡς,εί
613 369 650 403 μή
665 377 706 400 τις
717 369 804 395 ἕλοιτο
817 369 866 402 τὰς
878 369 953 401 θείας

160 410 201 439 εἰς
211 409 274 435 νοῦν
285 410 359 445 ἔχειν
370 411 491 444 ἐντολὰς,
523 414 662 448 οίχήσεται
678 415 767 442 πάντα
784 415 858 451 αὐτῷ
885 415 953 451 πρὸς

159 454 191 481 ’τδ
208 456 292 491 μηδὲν
306 456 341 483 τά
357 458 396 489 εἰς
408 458 470 484 νοῦν
496 459 665 493 ἁγαϐὲιίὲξει
691 469 725 487 τε
739 461 843 496 καρπὸν
858 462 952 489 οὐδένα

161 500 209 535 τῆς
227 501 352 534 φιλοθέου
376 502 458 538 ζωῆς·
486 504 544 530 ἀλλ’
568 505 644 532 ἔσται
674 506 723 541 μὲν
750 507 875 541 εὐλογίας
902 508 952 543 τῆς

159 545 263 573 ἄνωθεν
277 548 324 574 καὶ
336 548 411 583 παρὰ
436 549 502 576 Θεοῦ
519 552 684 585 τητώμενος,
709 555 911 587 παραπεσεῖται
922 554 951 580 δὲ

157 594 218 624 ταῖς
232 593 314 628 ἀραῖς
327 595 374 621 καὶ
386 596 448 627 ταῖς
460 596 492 622 ἐκ
505 597 607 623 τούτων
633 599 748 630 ποιναῖς.
771 600 907 635 Ζητητέον
919 599 951 636 δὴ

157 635 204 664 οὖν
218 638 268 674 τὴν
283 639 331 666 τοῦ
353 640 421 667 Θεοῦ
446 641 535 674 δόξαν
565 642 612 668 καὶ
626 643 686 669 τίνα
703 642 734 678 δὴ
754 644 853 677 τρόπον
873 635 952 671 τοῦτο

158 684 378 720 κατορθώσομεν,
391 686 470 718 αὐτὸς
488 687 560 722 ἡμᾶς
572 688 586 714 ὁ
599 688 693 724 Σωτὴρ
718 688 837 721 ἐδίδαξεν
853 690 948 717 εἰπών’

161 739 170 755 ι
187 730 331 765 Λαμψὰτω
340 732 370 758 τὸ
388 732 447 766 φῶς
461 733 537 768 ὑμῶν
550 733 705 769 ἔμπροσθεν
716 734 771 762 τῶν
786 736 950 772 ἀνθρώπων.

157 775 232 806 ὅπως
247 775 321 802 ἴδωσι
332 777 365 803 τὰ
376 777 450 803 itali
474 778 551 813 ὑμῶν
577 778 655 814 ἔργα,
684 780 730 806 καὶ
756 780 888 813 δοξάσωσι
906 783 950 809 τὸν

157 820 270 856 Πατέρα
282 822 296 847 ὺ
301 822 360 857 μῶν
369 823 414 850 τὸν
427 824 455 850 ὲν
471 825 526 855 τοῖς
539 825 568 851 οὺ
574 827 673 860 ρανοῖς.
690 835 699 851 ι
716 826 783 853 Τότε
799 827 846 854 καὶ
858 827 950 863 πλήρη

156 868 207 902 τὴν
227 868 353 903 εὐλογίαν
365 870 561 906 ἀποληψόμεθα
575 872 621 898 καὶ
633 873 798 908 ἁκράδαντον
812 873 860 908 τὴν
875 873 952 900 εὐθυ-

159 915 234 949 μίαν,
256 916 303 941 καὶ
322 917 382 948 ταῖς
409 919 607 952 πνευματικαῖς
632 919 800 954 εὐκαρπίαις
815 920 951 956 ἐντρυφή-

157 968 259 994 σομεν.
287 961 399 996 ἔμπλεοί
423 971 452 989 τε
479 964 579 996 παντὸς
604 964 707 998 ἀγαθοῦ
730 965 882 1000 γεγονότες,
905 966 951 992 τὸν

156 1005 266 1040 ἀληθῶς
287 1006 442 1044 ἀξιοπρεπῆ
464 1011 511 1036 καὶ
535 1010 672 1046 ἐξαίρετον
701 1011 866 1047 διαζήσομεν
881 1012 949 1047 βίον.

198 1052 272 1079 Ἰδοὺ
297 1054 354 1088 ἐγὼ
371 1054 495 1089 ἀφορίζω
514 1056 584 1090 ὑμῖν
599 1056 651 1082 τὸν
670 1055 760 1091 ὦμον,
784 1058 832 1084 καὶ
859 1066 950 1092 omop-

155 1097 212 1124 πιῶ
226 1099 377 1134 ἓνυστρον
390 1100 440 1127 ἐπὶ
464 1102 499 1128 τὰ
523 1104 668 1135 πρόσωπα
686 1103 778 1138 ὑμῶν,
800 1103 949 1138 ἔνυστρον

154 1143 267 1178 ἐορτὧν
280 1146 373 1181 ὑμῶν,
398 1147 447 1174 καὶ
472 1148 608 1182 λήψομαι
635 1149 713 1183 ὑμᾶς
731 1151 774 1182 εἰς
802 1149 835 1176 τὸ
863 1151 953 1177 αὐτό(

154 1191 209 1218 Καὶ
229 1193 429 1227 ἐπιγνώσεσθε
458 1194 530 1221 διότι
554 1195 611 1229 ἐγὼ
638 1195 852 1228 ἐξαπέσταλκα
872 1197 948 1231 πρὸς

156 1237 232 1271 ὑμᾶς
253 1238 311 1272 τὴν
336 1239 466 1274 ἐντολὴν
489 1241 612 1275 ταύτην,
637 1242 690 1269 τοῦ
703 1240 780 1269 εἴναι
804 1243 861 1277 τήν
883 1243 946 1270 δια-

154 1282 255 1316 θήκην
279 1293 338 1319 μου
362 1286 438 1320 πρὸς
468 1287 538 1320 τοὺς
566 1288 706 1322 Λευίτας,
730 1288 810 1323 λέγει
840 1290 948 1324 Κύριος

154 1331 377 1365 παντοκράτωρ.

189 1376 238 1403 1Ζ’.
258 1377 420 1413 Κέκροπταὶ
436 1388 461 1406 τι
475 1379 555 1407 πάλιν
579 1381 608 1407 ἐν
632 1382 687 1412 τοῖς
715 1383 915 1418 προκειμένοις,
932 1383 946 1410 ὃ

154 1424 200 1449 καὶ
214 1420 292 1458 οἶμαι
305 1424 360 1451 δεῖν
375 1426 431 1457 τοῖς
448 1426 647 1461 φιλακροάμοσι
669 1428 877 1464 διατρανοῦσθαι
895 1437 945 1456 σα·

154 1468 221 1502 φῶς*
242 1471 346 1496 συνεῖεν
358 1471 413 1506 γὰρ
428 1471 460 1497 ἂν
472 1471 543 1498 οὕτω
568 1470 597 1499 εὖ
629 1473 700 1509 μάλα
726 1474 756 1501 τὸ
769 1473 944 1510 δηλούμενον.

1006 187 1101 214 liorem
1114 187 1208 222 procul
1223 187 1390 219 ablaturum,
1408 186 1552 214 invalitura
1580 188 1668 221 potius
1684 187 1719 216 ob
1731 196 1791 223 qua:

1004 233 1065 266 quis
1077 233 1172 260 merito
1187 233 1229 261 hic
1247 241 1300 260 non
1323 238 1453 261 moretur.
1476 233 1507 260 Et
1524 234 1581 261 haec
1595 234 1702 268 quidem
1723 239 1750 260 ut
1763 235 1790 260 iu

1005 278 1084 306 rebus
1111 287 1220 306 sensum
1251 279 1422 315 tangentibus
1453 287 1483 307 ac
1510 280 1691 315 temporaneis
1722 281 1792 307 dicta

1004 329 1095 351 snnto.

1040 369 1183 397 Sciendum
1201 375 1290 397 autem
1304 370 1392 404 plane,
1409 370 1458 397 nisi
1472 371 1532 406 quis
1549 371 1637 398 divina
1658 371 1786 398 mandata

1004 416 1094 442 animo
1109 417 1248 443 continere
1266 416 1393 448 voluerit,
1406 417 1496 444 omnia
1514 417 1596 444 animi
1610 417 1748 451 betta'ipsi
1762 417 1787 444 iu

1003 461 1117 488 nihilum
1129 461 1275 492 abitura,et
1300 461 1362 488 vita
1387 462 1519 496 religioste
1547 462 1664 489 fructum
1690 462 1791 489 nullttm

1006 507 1156 534 relaturum
1177 507 1322 542 :quinimo
1362 507 1513 541 caelestem,
1535 512 1615 542 atque
1632 516 1647 534 a
1670 508 1722 535 Deo
1741 508 1792 534 im-

1004 553 1100 588 pertiri
1118 553 1227 580 solitam
1244 553 1457 580 benedictionem
1473 553 1683 586 amissurum,et
1695 553 1721 580 iu
1733 561 1790 579 nta-

1003 600 1161 628 ledietiunes
1188 607 1336 634 pmnasque
1377 605 1577 634 consequentes
1606 600 1790 626 iucursurnm.

1003 646 1173 674 Slndcudum
1188 654 1253 681 ergo
1276 645 1320 673 Dei
1339 645 1452 680 gloriae;
1471 646 1541 680 quod
1566 646 1700 680 quotnodo
1726 645 1792 679 legi-

1003 693 1067 720 time
1080 692 1134 725 ﬁat,
1150 692 1206 726 ipse
1221 691 1346 718 Salvator
1359 699 1408 718 nos
1419 691 1510 718 docuit
1528 690 1581 718 illis
1594 690 1703 717 verbis:
1717 699 1726 715 (
1745 689 1792 718 Sic

1003 738 1090 766 luceat
1104 738 1147 764 lux
1167 742 1256 765 vestra
1270 745 1363 765 coram
1378 736 1547 769 hominibus,
1566 740 1597 763 ut
1612 736 1721 763 videant
1733 743 1794 770 ope-

1002 793 1030 812 ra
1045 789 1134 812 vestra
1148 784 1231 815 bona,
1251 788 1278 811 et
1294 783 1448 818 gloriﬁcent
1471 782 1578 809 Patrem
1597 787 1720 810 vestrum
1745 782 1792 817 qnl

1003 831 1028 857 iu
1045 830 1121 858 caelis
1134 835 1175 857 est
1188 830 1221 856 ⁸⁷.
1236 839 1246 856 ›
1264 829 1338 856 Tunc
1352 829 1433 856 etiam
1452 828 1559 863 plenam
1575 828 1790 855 benedictionem

1001 881 1027 903 et
1043 875 1208 903 immobilem
1225 875 1323 902 mentis
1339 875 1515 902 serenitatem
1536 874 1708 908 recipiemus,
1726 874 1788 900 etin

1001 921 1184 956 spiritualium
1213 921 1348 948 fructuum
1367 919 1490 948 ubertate
1505 928 1565 947 cum
1579 920 1716 954 voluptate
1729 927 1790 947 ver-

1001 968 1134 999 sabimur,
1149 967 1300 1002 repletique
1314 967 1393 994 bonis
1408 967 1545 999 omnibus,
1567 973 1630 993 vere
1651 966 1728 993 nobis
1749 966 1790 992 di-

1000 1020 1079 1048 gnam
1091 1017 1117 1040 et
1133 1012 1290 1047 prmclaram
1308 1012 1390 1039 vitam
1406 1013 1588 1039 traducemus.

1041 1059 1118 1086 Vens.
1139 1059 1166 1090 5,
1187 1059 1214 1086 Δ.
1237 1057 1303 1085 Ecce
1318 1066 1364 1093 ego
1379 1066 1471 1092 separo
1487 1058 1557 1085 vobis
1572 1060 1721 1090 humerum,
1735 1058 1789 1083 dis-

1000 1112 1105 1139 pergam
1119 1104 1293 1131 rentriculum
1305 1111 1383 1138 super
1400 1102 1480 1137 {acies
1490 1107 1599 1134 vestras,
1618 1102 1791 1129 ventriculum

999 1150 1197 1177 solemuitatum
1231 1154 1395 1182 vestrarum,
1424 1154 1448 1176 ει
1477 1149 1616 1181 suscipiam
1638 1155 1681 1175 ros
1707 1148 1733 1174 in
1763 1147 1790 1173 ἰιί

999 1197 1094 1231 ipsum.
1111 1195 1147 1222 Et
1169 1196 1328 1230 cognoscetis
1347 1196 1408 1230 quia
1423 1196 1484 1222 misi
1500 1195 1534 1221 ad
1563 1203 1606 1221 vos
1635 1194 1789 1221 ttmndatum

998 1241 1056 1273 hoc,
1068 1245 1095 1267 ut
1111 1245 1176 1267 esset
1189 1244 1370 1267 testamentum
1382 1247 1465 1267 meum
1479 1240 1512 1266 ad
1528 1238 1643 1272 Levites,
1657 1233 1720 1265 dicit
1736 1237 1789 1265 Do-

998 1286 1086 1312 minus
1103 1286 1279 1320 omnipotens.

1037 1374 1120 1401 XVII.
1140 1374 1258 1402 Rursum
1277 1375 1302 1401 in
1319 1374 1411 1401 verbis
1439 1374 1561 1401 adductis
1588 1373 1689 1407 aliquid
1724 1373 1788 1400 latet

997 1422 1067 1456 quod
1078 1421 1206 1448 studiosis
1221 1420 1344 1448 audiendi
1359 1420 1460 1455 liquido
1475 1420 1666 1447 declarandum
1681 1419 1785 1446 sentio:

999 1468 1039 1495 sic
1059 1467 1130 1495 enim
1149 1467 1369 1495 commodissime
1385 1467 1540 1494 eorumdem
1557 1467 1610 1493 vim
1624 1471 1790 1500 sensumque

159 1513 188 1540 Ὀ
203 1514 286 1549 νόμος
301 1515 390 1542 τοίνυν
405 1516 418 1541 ὁ
429 1515 471 1542 διὰ
484 1516 605 1548 Μωσέως
622 1519 681 1549 ταῖς
695 1518 827 1545 ἀνωτάτω
853 1520 945 1554 τιμαῖς

1003 1514 1162 1549 percipient.
1196 1513 1250 1541 Lex
1280 1514 1363 1548 igitur
1391 1513 1508 1540 Mosaica
1542 1513 1628 1541 sacris
1656 1513 1788 1540 altaribus

152 1559 197 1585 τὸν
207 1559 262 1585 τῶν
280 1559 359 1586 θείων
373 1561 572 1597 θυσιαστηρξων
586 1564 762 1599 παραστάτην
779 1565 826 1591 καὶ
848 1565 951 1601 ίερουρ-

152 1603 199 1636 γὸν
219 1605 370 1638 στεφανῶν,
387 1602 442 1631 οἷον
458 1607 486 1632 ἐν
512 1606 587 1640 τάξει
612 1607 679 1634 Θεοῦ
710 1608 832 1635 τέθεικεν
855 1610 948 1637 αὐτόν.

154 1648 226 1684 Ἔφη
246 1649 300 1684 γὰρ
312 1650 354 1676 ὅτι
368 1660 376 1676 ι
397 1651 545 1687 Κάρπωμα
561 1653 665 1688 Κυρίου
681 1655 694 1680 ὁ
705 1654 805 1690 κλῆρος
830 1655 923 1683 αὑτοῦ.
937 1666 947 1682 ι

154 1694 228 1730 Ἐερη
238 1695 266 1721 δέ
284 1705 334 1723 που
351 1697 396 1723 καὶ
411 1698 425 1724 ὁ
442 1697 584 1731 θεσπέσιος
600 1699 706 1732 Παῦλος
720 1709 726 1716 ·
744 1711 752 1727 ‹
769 1701 887 1729 Βλέπετε
903 1703 948 1730 τὸν

159 1739 269 1775 Ἰσραὴλ
283 1742 354 1769 κατά
380 1742 479 1779 σάρκα.
497 1744 552 1779 Οὐχ
571 1746 595 1771 ot
622 1745 776 1779 ἐγγίζοντες
801 1747 839 1783 τῷ
854 1748 948 1775 ουτια-

153 1788 269 1823 στηρίῳ,
285 1790 410 1816 κοινωνοὶ
426 1790 473 1817 τοῦ
504 1790 697 1826 θυσιαστηρίου
722 1792 808 1824 εἰσίν;
835 1803 844 1819 ι
869 1795 949 1827 ’Ἐϐος

154 1833 208 1869 γὰρ
222 1832 256 1869 ἦν
279 1835 332 1861 ἀπὸ
357 1837 456 1867 παντὸς
482 1836 601 1872 θύματος
629 1837 804 1873 ἀφαιρεῖσθαι
829 1839 867 1874 τῷ
889 1839 948 1875 Θεῷ

155 1881 294 1916 βριχίονσι,
313 1883 360 1909 καὶ
379 1882 533 1918 στηθήνιον,
553 1884 600 1910 καὶ
616 1884 661 1911 τὸν
671 1884 748 1911 λοϐὸν
761 1884 809 1911 τοῦ
829 1885 946 1920 ἥπατος,

155 1928 202 1953 καὶ
215 1928 279 1960 τοὺς
294 1928 340 1954 δύο
354 1930 481 1963 νεφροὺς,
498 1930 544 1956 καὶ
559 1930 608 1965 μέν
621 1939 661 1956 τοι
678 1930 706 1956 τὸ
717 1930 856 1966 ἔνυστρον,
868 1940 947 1958 τουτ-

154 1973 224 2005 έστι,
243 1973 292 2009 τὴν
307 1974 420 2007 κοιλίαν,
440 1975 658 2011 ὑπεμφαίνοντος
678 1977 886 2012 αἰνιγματωδῶς
900 1976 946 2004 τοῦ

154 2019 267 2053 νομικοῦ
289 2021 452 2055 γράμματος
479 2022 519 2048 ὅτι
546 2022 636 2049 πάντα
659 2022 737 2057 ἡμῶν
766 2022 801 2050 τὰ
824 2023 947 2051 ἐντόσθια

153 2064 209 2090 τῶν
235 2066 416 2093 ἀνατιθέντων
452 2068 564 2100 ἑαυτοὺς
588 2069 627 2100 εἰς
652 2068 739 2104 ὀσμὴν
769 2069 884 2102 εὐωδίας
909 2069 947 2105 τῷ

154 2110 215 2146 Θεῷ
231 2111 293 2146 ἱερά
312 2121 342 2139 τε
362 2111 432 2140 εἶναι
454 2114 587 2149 προσήκει
610 2114 657 2141 καὶ
675 2115 838 2150 ἡγιασμένα.
859 2116 947 2151 Προσ-

154 2156 313 2192 εκομίζοντο
327 2158 380 2193 γὰρ
395 2158 429 2185 τὰ
441 2159 576 2192 moneta,
592 2159 641 2195 τῆς
651 2160 764 2196 ἐνούσης
777 2161 867 2193 αὐτοῖς
879 2162 945 2188 ἀκα-

1001 1566 1134 1588 astantem
1145 1564 1172 1587 et
1180 1565 1336 1594 operantem
1349 1560 1498 1587 honoribus
1511 1559 1645 1594 supremis
1656 1558 1787 1590 alliciens.

1001 1607 1193 1642 propemodum
1213 1606 1266 1633 Deo
1283 1606 1423 1641 a‘quabat;
1440 1606 1478 1632 ait
1495 1606 1566 1633 enim
1581 1614 1588 1631 ι
1608 1614 1616 1630 ι
1630 1604 1786 1632 Oblntiones

1001 1653 1106 1681 Domini
1134 1652 1270 1687 possessio
1301 1652 1358 1686 ejus
1373 1652 1406 1679 ’⁸.
1427 1661 1435 1677 ι
1467 1651 1499 1678 Et
1525 1651 1630 1678 divinus
1661 1650 1759 1677 Paulus
1780 1658 1788 1677 :

1003 1707 1012 1723 ι
1029 1697 1122 1724 Videte
1144 1696 1225 1724 lsrael
1251 1696 1400 1724 secundum
1430 1703 1551 1723 carnem.
1577 1695 1658 1731 835
1694 1694 1788 1722 Nonne

1000 1743 1044 1777 qui
1066 1742 1280 1778 appropinquant
1289 1742 1377 1774 altari,
1387 1741 1530 1776 participes
1544 1746 1606 1769 sunt
1619 1741 1712 1768 altaris
1721 1740 1764 1768 "?
1776 1750 1785 1766 ι

1000 1787 1066 1815 Erat
1091 1788 1190 1822 quippe
1213 1787 1333 1814 solemne
1362 1794 1376 1814 a
1401 1787 1522 1821 qualibet
1549 1787 1635 1814 hostia
1667 1786 1788 1819 separari

1000 1834 1054 1861 Deo
1068 1841 1185 1866 artuum,
1201 1838 1227 1860 et
1243 1832 1440 1868 pectuseulum.
1464 1837 1491 1860 et
1507 1832 1647 1859 reticulum
1675 1832 1787 1866 jecoris,

999 1885 1027 1907 et
1042 1880 1108 1907 duos
1123 1887 1212 1911 renes,
1238 1885 1264 1907 et
1285 1879 1463 1907 ventriculum
1487 1888 1493 1906 :
1511 1887 1565 1914 quo
1583 1878 1694 1914 quidem
1714 1877 1788 1905 Seri‘

1000 1931 1078 1960 plura
1097 1926 1191 1960 legalis
1208 1933 1256 1961 per
1280 1926 1449 1953 involucrum
1468 1926 1571 1952 indicat
1597 1926 1687 1952 ntnnia
1718 1926 1787 1951 intc-

999 1973 1069 1999 riora
1094 1979 1186 2000 eorum
1209 1972 1254 2006 qui
1273 1979 1302 1999 sc
1328 1972 1522 1999 dedicaverunt
1550 1972 1604 1998 Deo
1630 1972 1656 1998 in
1678 1971 1787 1998 odorem

998 2018 1141 2045 suavitatis
1165 2022 1258 2045 sancta
1279 2022 1306 2045 et
1328 2017 1493 2045 sanctificata
1506 2024 1564 2044 esse
1584 2021 1720 2051 oportere.
1741 2016 1789 2043 0f-

1002 2064 1159 2092 ferebantur
1176 2064 1247 2091 enim
1277 2064 1371 2092 intima
1398 2071 1411 2090 ιι
1441 2064 1565 2091 sordibus
1593 2064 1789 2090 inlttl‘rcntibus

999 2115 1123 2146 purgata.
1154 2111 1252 2138 Armus
1274 2117 1356 2145 porro
1378 2109 1485 2137 roboris
1509 2109 1638 2137 indicium
1671 2109 1786 2143 intelligi

999 2160 1097 2192 potest.
1117 2156 1346 2183 Existimoautem
1363 2162 1412 2182 nos
1427 2154 1460 2180 ad
1485 2161 1565 2181 omne
1590 2160 1658 2188 opus
1684 2153 1784 2180 bonmu

155 2202 270 2238 θαρσίας
290 2204 496 2240 ἀπηλλαγμένα.
529 2205 653 2241 Βραχίων
666 2215 695 2232 τε
722 2207 775 2242 μὴν
793 2206 885 2243 ἰσχύος
911 2208 944 2234 ἂν

1003 2196 1119 2230 valentes
1134 2206 1215 2234 atque
1228 2201 1363 2228 animosos
1391 2200 1454 2227 illud
1482 2201 1620 2234 sapienter
1653 2198 1786 2226 modulari

156 2249 241 2275 νοοῖτο
270 2250 392 2285 σημεῖον.
417 2250 524 2285 Χρῆναι
545 2250 573 2277 δέ
602 2260 673 2287 φημι
700 2252 767 2288 πρὸς
797 2254 850 2280 πᾶν
864 2253 945 2289 ἔργον

155 2293 257 2327 ἀγαθὸν
270 2295 412 2330 ίσχύοντας
430 2297 504 2332 ἡμᾶς
521 2297 568 2323 καὶ
592 2296 800 2333 ἀνδριζομένους
826 2299 946 2334 ἅναμελο

155 2340 233 2374 ῳδεῖν
252 2341 339 2368 ἐκεῖνο
356 2342 444 2376 σοφῶς
458 2342 488 2368 τὸ
504 2342 548 2368 διὰ
560 2343 608 2378 τῆς
621 2343 667 2370 τοῦ
683 2344 829 2378 ψάλλοντος
843 2345 942 2381 λύρας·

160 2395 168 2411 ι
188 2386 311 2421 Εὐλόγει,
328 2388 345 2422 ἡ
357 2387 429 2423 ψυχή
459 2397 520 2423 μου,
543 2389 589 2416 τὸν
602 2389 715 2424 Κύριον.
740 2391 786 2416 καὶ
811 2391 899 2418 πάντα
913 2391 947 2418 τὰ

157 2432 231 2464 ἐντός
247 2441 310 2468 μου,
326 2434 355 2459 τὸ
372 2433 457 2469 ὄνομα
471 2434 501 2460 τὺ
511 2434 587 2469 ἆγιον
602 2435 696 2462 αὑτοῦ.
719 2445 728 2461 ι
752 2437 806 2463 Καὶ
820 2437 882 2472 περὶ
898 2437 947 2472 μὲν

156 2477 209 2504 τῶν
222 2479 366 2506 ἐντοσθίων
387 2479 434 2506 καὶ
447 2479 617 2516 τελουμένων
629 2481 729 2508 Θυσιῶν
752 2481 822 2508 κατὰ
834 2482 879 2508 τὸν
904 2483 946 2509 νό-

158 2533 206 2559 μον
224 2525 311 2560 ίσχνὸς
323 2527 387 2561 ἡμῖν
402 2526 471 2560 ἄγαν
485 2527 665 2562 ὲκπεποίηται
682 2527 761 2562 λόγος
790 2529 819 2555 ἐν
838 2528 946 2564 ἑτέραις

157 2572 337 2605 συγγραφαῖς.
359 2572 464 2598 Οὐκοῦν
479 2572 509 2598 τὸ
523 2572 607 2600 ταῦτα
626 2574 715 2608 λέγειν
732 2574 847 2610 ἀφέντες
861 2575 901 2606 είς
916 2575 946 2601 τὺ

157 2616 253 2651 παρὸν,
270 2617 325 2643 τῶν
351 2619 542 2654 προκειμένων
566 2620 616 2655 τὴν
643 2620 817 2656 διασάφησιν,
835 2620 873 2652 ὡς
895 2620 944 2653 ἔνι,

156 2663 292 2689 ποιεῖσθαι
316 2663 521 2700 σπουδὰσωμεν.
548 2666 765 2701 Προστεταχότος
786 2667 876 2693 τοίνυν
899 2666 946 2693 τοῦ

157 2707 238 2742 νόμου
250 2710 491 2744 μωμοσκοπεῖσοαι
505 2711 559 2737 δεῖν
573 2711 606 2738 τὰ
622 2711 691 2747 ἱερὰ,
704 2712 750 2738 καὶ
766 2712 947 2740 ἀϐασάνιστον

191 2796 212 2812 ⁸⁷
227 2796 320 2824 Matth.
344 2807 371 2830 ι’,
388 2798 430 2826 16,
486 2799 507 2815 ³⁸
522 2799 599 2826 Dent.
618 2807 695 2832 xrttt,
712 2799 752 2826 15.

809 2801 829 2816 ³⁵
846 2800 856 2827 l
872 2799 932 2829 Cn.
946 2808 972 2834 κ,
993 2799 1034 2827 18.

999 2249 1098 2276 debere
1111 2249 1182 2282 quod
1201 2247 1304 2274 Psaltes
1320 2247 1375 2282 lyra
1385 2255 1432 2274 sua
1457 2247 1576 2274 cantavit
1596 2253 1603 2273 :
1625 2255 1634 2272 ι
1656 2245 1784 2276 Benedic,

1001 2295 1090 2321 anima
1110 2302 1180 2326 mea,
1210 2293 1363 2325 Dominum,
1391 2299 1418 2320 et
1445 2293 1536 2320 omnia
1563 2300 1622 2327 quae
1648 2293 1718 2319 intra
1746 2299 1788 2318 Ire

1000 2346 1073 2373 sunt,
1089 2341 1192 2368 nomini
1213 2346 1307 2368 sancto
1329 2340 1387 2374 ejus
1411 2341 1443 2367 ".
1460 2350 1468 2366 ι
1487 2339 1525 2367 Ae
1539 2338 1786 2372 deinlrstinisqui-

1001 2388 1060 2414 dem
1075 2392 1103 2414 et
1124 2387 1266 2415 sacriﬁciis
1293 2387 1440 2414 secundum
1468 2386 1553 2421 legem
1584 2385 1675 2419 peragi
1695 2384 1783 2411 solitis

997 2434 1136 2461 enucleate
1149 2433 1227 2461 nobis
1244 2433 1270 2460 in
1286 2433 1346 2460 aliis
1364 2432 1440 2460 libris
1452 2433 1617 2467 disputatum
1634 2436 1683 2458 est.
1698 2431 1787 2464 Quare

997 2481 1030 2508 dc
1053 2481 1095 2508 his
1120 2480 1196 2514 plura
1218 2480 1307 2507 dicere
1330 2479 1537 2513 Super-sedentes
1573 2478 1598 2504 iu
1629 2477 1784 2512 prmsentia.

997 2527 1197 2562 propositorum
1216 2526 1359 2553 verborum
1387 2524 1604 2559 explanationem
1625 2531 1783 2558 percurrere

999 2580 1047 2607 pro
1062 2572 1189 2599 facultate
1212 2571 1357 2599 enitamur.
1385 2570 1450 2597 Cum
1470 2571 1641 2604 prmcepisset
1660 2578 1724 2603 ergo
1742 2570 1784 2595 lex

1001 2618 1170 2645 victimarum
1195 2617 1270 2645 labes
1296 2617 1459 2652 perspicere,
1478 2621 1505 2643 ct
1523 2616 1718 2650 inexploratam
1746 2616 1786 2641 \i-

1000 2665 1108 2692 ctimam
1123 2663 1157 2691 ad
1174 2663 1259 2690 altare
1281 2663 1351 2690 haud
1364 2662 1473 2695 oﬂ‘erre,
1489 2666 1516 2689 et
1529 2661 1662 2689 sacriﬁcio
1691 2669 1785 2694 perpe-

1002 2709 1096 2737 trando
1111 2707 1264 2736 constitutis
1283 2708 1455 2735 victimarum
1484 2713 1576 2742 partes
1592 2713 1730 2742 separare,
1747 2705 1785 2732 illi

1073 2800 1095 2815 ”
1111 2798 1181 2827 Psal.
1205 2805 1252 2830 cn,
1271 2797 1294 2824 l.
