1918 3054
149 65 198 94 3H

658 58 688 86 S.
707 56 843 86 CYRILLI
862 54 1098 84 ALEXANDRINI
1118 49 1280 83 ARCHIEP.

1730 49 1785 76 ειο

151 131 192 152 est
206 133 213 153 :
231 132 240 148 ι
255 121 342 150 Nolite
356 124 460 156 putare,
471 118 571 154 inquit,
581 118 644 152 quia
656 118 717 145 veni
732 117 838 145 solvere
850 116 936 152 legem

994 120 1255 156 κεχρησμῳδημένος
1266 139 1273 151 ,
1289 115 1431 144 ἀναπείσει
1445 114 1532 149 λέγων
1546 114 1560 141 ό
1576 113 1689 149 Σωτήρ⁸
1710 121 1719 138 ι
1735 109 1782 147 Μὴ

151 175 197 197 aut
209 169 352 203 prophetas
367 177 374 194 :
389 174 440 193 non
453 165 512 192 veni
527 164 642 196 solvere,
656 163 703 191 sed
719 164 841 198 implere.
854 163 939 191 Amen

151 215 211 242 ilico
222 214 310 246 vobis,
320 213 404 239 donec
417 214 536 238 transeat
548 209 646 236 caelum
659 214 686 236 et
697 213 780 242 terra,
791 209 843 236 iota
857 217 939 236 unum

151 264 197 287 aut
213 267 281 286 unus
297 265 363 294 apex
383 264 434 284 non
450 255 599 291 prazteribit
618 263 632 282 a
652 255 726 290 lege,
743 255 831 282 donec
848 255 939 283 omnia

151 304 247 331 tiaut’.
264 312 274 329 ι

185 391 218 419 In
244 399 307 426 pace
333 391 449 426 dirigens
478 389 627 423 ambulavit
649 396 765 420 mecum,
790 393 814 414 et
843 388 939 416 multo:

151 438 239 465 avertit
257 437 289 464 ab
304 437 451 468 iniquitate.

185 483 255 510 XXI.
282 483 378 510 Pacem
406 482 509 516 agitare
540 489 600 508 cum
628 480 683 508 Deo
708 480 838 514 quidnam
866 480 937 507 aliud

151 529 261 563 intelligi
279 529 361 562 possit
377 535 392 555 a
408 527 485 555 nobis
500 531 527 555 et
541 528 575 554 ab
591 526 666 559 aliis,
680 526 701 553 si
719 526 763 560 qui
778 525 862 560 838
875 530 937 553 sunt

151 577 300 603 divinarum
326 575 525 610 Scripturarum
548 574 742 608 intelligcnles,
762 580 843 607 quam
869 571 936 599 velle

151 622 271 656 cogitare
285 625 312 647 et
325 620 414 647 facere
426 627 485 654 qua:
500 620 544 647 ille
558 620 622 652 vult,
635 623 661 646 et
676 619 744 646 nulla
761 619 788 645 in
804 625 832 645 re
849 617 935 652 ipsum

151 668 287 696 attendere
300 677 306 694 :
323 666 369 694 sed
383 666 546 694 contendere
560 665 649 700 potius
664 672 752 691 mores
764 663 938 691 commenda-

152 716 226 741 tione
254 718 283 741 et
307 713 394 747 gloria
422 712 517 747 dignos
544 711 650 743 colere,
679 711 816 745 vitamque
842 709 939 743 degere

152 760 350 796 suspiciendam
384 762 411 786 et
442 766 502 785 cum
537 757 640 791 legibus
671 755 790 782 omnium
823 754 940 781 maxime

991 166 1119 202 νομίσητε
1131 166 1172 193 ὃτι
1184 164 1265 201 ἦλθον
1279 160 1430 189 καταλῦσαι
1447 161 1492 187 τὸν
1503 161 1585 195 νόμον
1601 159 1618 195 ἢ
1635 159 1700 190 τοὺς
1714 165 1782 193 προ-

992 213 1093 247 φήτας*
1111 213 1160 239 οὐκ
1173 209 1254 247 ἦλθον
1271 207 1432 239 καταλῦσαι,
1447 207 1514 234 ἀλλὰ
1530 205 1682 241 πληρῶσαι.
1694 203 1782 238 Ἀμὴν

990 257 1045 293 γὰρ
1059 257 1130 291 λέγω
1145 257 1218 292 ὑμῖν,
1230 256 1281 286 ἓως
1295 254 1328 281 ἂν
1345 253 1468 289 παρέλθῃ
1481 253 1495 279 ὁ
1513 251 1627 288 οὐρανὸς
1642 250 1689 276 καὶ
1702 250 1718 284 ὴ
1731 249 1780 284 γῆ,

992 303 1058 330 ἰῶτα
1073 303 1102 329 ἓν
1117 303 1132 338 ἦ
1148 302 1195 338 μία
1211 301 1308 337 κεραία
1323 300 1353 326 οὐ
1370 299 1407 335 μὴ
1423 297 1545 334 παρέλθῃ
1557 297 1612 323 ἀπὸ
1623 294 1670 322 τοῦ
1684 295 1779 330 νόμου,

990 349 1041 380 ἕως
1061 349 1094 375 ἂν
1114 349 1201 375 πάντα
1217 347 1341 383 γένηται.

1031 395 1080 421 Ἐν
1101 393 1205 428 εἰρήνῃ
1229 392 1422 420 κατευθύνων
1441 390 1586 424 ἐπορεύθη
1605 388 1669 422 μετ’
1695 385 1780 418 ἐμοῦ,

991 439 1040 467 καὶ
1057 438 1192 471 πολλοὺς·
1210 437 1402 471 ἀπέστρεψεν
1419 435 1478 463 ἀπὸ
1492 435 1619 466 ἀδικίας.

1024 485 1090 512 KA’.
1106 484 1143 511 Τὸ
1155 483 1304 519 εἰρηνεύειν
1321 483 1390 518 πρδς
1401 482 1467 509 Θεὸν
1482 481 1508 507 τί
1529 481 1561 507 ἂν
1578 480 1673 515 ἕτερον
1695 479 1782 505 νοοῖτο

991 530 1059 566 πρός
1074 539 1103 556 τε
1123 529 1201 565 ἡμῶν
1215 528 1304 556 αὐτῶν
1325 529 1371 555 καὶ
1391 527 1502 563 ἐτέρων,
1521 526 1598 561 οἵπερ
1613 525 1645 552 ἂν
1659 522 1713 551 εἷεν
1727 523 1781 550 τῶν

991 576 1069 603 θείων
1082 576 1187 609 Λογίων
1201 575 1391 610 ἐπιστήμονες,
1410 573 1426 609 ἢ
1441 573 1470 600 τὸ
1482 573 1588 608 φρονεῖν
1605 571 1714 598 ἑλέσθαι
1733 569 1780 596 καὶ

989 621 1055 658 δρᾷν
1078 622 1096 648 ἃ
1121 621 1256 657 βούλεται,
1279 621 1326 646 καὶ
1351 619 1422 646 κατὰ
1447 619 1551 654 μηδένα
1574 617 1673 653 τρόπον
1695 623 1780 651 προσ-

989 668 1099 704 κρούειν
1114 667 1198 702 αὑτῷ,
1221 665 1371 701 κατορθοῦν
1386 665 1414 692 δὲ
1433 665 1532 700 μᾶλλον
1556 662 1716 698 ἐπείγεσθαι
1730 661 1780 696 τὴν

989 714 1089 741 εὐκλεᾶ
1098 713 1243 744 πολιτείαν,
1255 713 1302 739 καὶ
1310 711 1475 745 ἁξιάγαστόν
1486 719 1515 737 τε
1526 711 1573 737 καὶ
1587 708 1779 744 ἐννομωτάτην

990 759 1062 794 ζωήν
1073 767 1080 790 ',
1096 758 1175 785 Οὕτω
1186 758 1232 785 καὶ
1245 758 1259 784 ὁ
1273 757 1344 789 θεῖος
1355 757 1420 792 ἡμῖν
1433 755 1649 791 προσπεφώνηκε
1663 753 1778 785 Παῦλος·

152 804 380 834 consentientem?
398 804 435 831 lta
451 810 559 838 quoque
581 809 631 829 nos
648 801 795 835 alloquitur
809 799 909 827 Paulus
929 809 936 827 :

994 815 1001 831 ι
1014 804 1209 836 Δικαιωθέντες
1221 802 1267 832 οὖν
1282 805 1314 830 ὲκ
1326 803 1574 837 πίστεως,είρήνην
1588 801 1695 835 ἔχωμεν
1711 799 1781 834 πρὸς

155 862 164 877 4
192 851 337 878 Justiticati
367 857 431 885 ergo
458 856 492 876 ex
521 848 591 881 ﬁde,
616 854 707 882 pacem
735 846 882 873 habeamus
906 845 938 872 ad

151 898 235 925 Deum
249 897 271 925 ⁸.
296 905 306 922 ι
332 895 378 923 Sic
401 902 467 922 sane
489 901 549 922 eum
574 893 618 928 qui
644 897 686 920 est
707 897 801 919 natura
826 897 853 919 et
877 899 939 919 vere

153 943 282 970 Dominus
310 941 430 976 agnilum
459 940 635 968 honoramus.
661 939 737 972 Quod
761 939 782 965 si
808 942 943 966 creatura!

153 996 260 1023 quoque
285 988 390 1014 divinos
414 987 531 1014 honores
558 986 752 1020 impendimus,
778 985 884 1019 impuro
913 988 940 1011 et

152 1033 300 1060 detestabili
314 1037 425 1067 peccato
439 1032 647 1068 cogitationibus
659 1031 759 1059 nostris
771 1031 937 1062 dominante,

154 1080 269 1106 Domino
286 1079 457 1110 resistimus,
473 1083 500 1104 et
515 1077 588 1104 velut
603 1078 688 1105 aciem
706 1077 835 1104 adversus
852 1077 938 1110 ipsum

153 1126 185 1151 ad
200 1133 316 1160 pugnam
332 1124 502 1156 instruimus,
516 1123 610 1150 duram
629 1123 762 1150 cervicem
779 1128 874 1150 contra
888 1129 937 1149 ex-

153 1171 338 1201 tendentes,ct
347 1170 522 1205 pertinaciam
533 1169 760 1203 rebellioncmquc
770 1172 937 1196 exercentes.

152 1218 224 1244 idem
248 1218 390 1244 conlirmat
411 1216 560 1243 Salvatoris
580 1214 727 1249 discipulus
752 1215 794 1241 his
815 1214 904 1241 verbis
929 1221 937 1239 :

154 1275 163 1289 ε
186 1263 302 1291 Nescitis
323 1263 384 1297 quia
407 1262 526 1289 amicitia
552 1262 629 1296 hujus
652 1261 744 1288 mundi
766 1260 873 1288 inimica
897 1263 940 1287 est

154 1310 224 1337 Deo?
236 1310 270 1336 Et
282 1309 327 1344 qui
342 1309 399 1336 vult
409 1308 513 1335 amicus
528 1315 589 1335 esse
603 1307 682 1342 hujus
699 1306 800 1339 smculi,
815 1306 939 1334 inimicus

155 1354 199 1381 Dei
216 1353 387 1381 constituitur
396 1354 417 1380 ⁸.
435 1363 444 1379 ι
461 1352 539 1386 Quod
553 1353 575 1380 si
590 1353 623 1380 ad
640 1352 827 1380 universorum
849 1350 940 1378 Domi-

155 1407 217 1426 num
230 1407 276 1434 per
291 1399 369 1426 ﬁdem
382 1403 409 1426 et
423 1398 526 1434 peccati
541 1397 701 1433 cjectionem
716 1405 766 1426 nos
779 1397 941 1425 converteri-

153 1452 223 1476 mus,
237 1443 302 1470 nihil
318 1451 346 1470 se
357 1443 476 1476 objiciet,
489 1449 541 1470 nec
551 1442 697 1477 quidquam
714 1450 762 1469 nos
774 1443 831 1477 ejus
847 1441 940 1469 amici-

990 852 1066 878 Θεόν·
1081 851 1153 878 οὕτω
1184 852 1233 886 μὲν
1260 851 1306 877 τὸν
1329 850 1407 884 φύσει
1435 849 1482 876 καὶ
1508 848 1616 883 ἀληθῶς
1640 847 1781 881 Δεσπότην

990 898 1090 929 εἰδότες
1106 896 1241 932 τιμῶμεν.
1261 896 1441 927 ’Δνάπτοντες
1464 895 1493 921 δὲ
1516 895 1562 921 καὶ
1581 895 1613 928 τῇ
1626 893 1726 920 κκτίσει
1752 891 1782 918 τὸ

991 942 1083 974 σέϐας,
1106 942 1152 968 καὶ
1176 941 1400 976 κατακρατούσης
1423 940 1476 966 τῶν
1502 939 1644 975 ἡμετέρων
1670 938 1782 964 ἐννοιῶν

989 989 1040 1023 τῆς
1055 988 1167 1023 βεϐήλου
1179 997 1209 1014 τε
1218 988 1264 1014 καὶ
1274 987 1404 1022 βδελυρᾱς
1414 986 1562 1021 ἁμαρτίας,
1571 984 1780 1019 ἀνθεστήκαμεν

990 1034 1028 1069 τῷ
1051 1034 1174 1070 Δεσπότῃ
1187 1053 1194 1065 ,
1212 1034 1259 1060 καὶ
1279 1031 1335 1060 οἷον
1361 1032 1583 1067 ἁντανιστάμεθα
1604 1032 1673 1066 προς
1691 1031 1782 1066 μάχην

990 1080 1063 1114 αὑτῷ
1073 1100 1080 1111 ,
1095 1080 1212 1115 σκληρὸν
1226 1080 1349 1115 αἴροντες
1362 1079 1406 1105 τὸν
1422 1078 1523 1113 αὐχένα
1533 1099 1540 1110 ,
1560 1079 1607 1104 καὶ
1623 1077 1653 1103 τὸ
1668 1077 1780 1108 ἀπειθὲς

990 1127 1037 1152 καὶ
1050 1126 1173 1161 δυσήνιον
1190 1125 1355 1160 μελετῶντες
1367 1125 1417 1151 ἔτι.
1435 1125 1489 1150 Καὶ
1505 1123 1671 1152 πιστώσεται
1692 1123 1780 1154 λέγων

989 1171 1036 1198 τοῦ
1058 1171 1183 1207 Σωτῆρος
1207 1172 1220 1197 ὀ
1245 1171 1385 1206 μαθητής⁸
1401 1180 1409 1195 ι
1427 1170 1483 1196 Οὐκ
1501 1170 1589 1196 οἴδατε
1606 1170 1646 1196 ὅτι
1663 1170 1678 1203 ἡ
1700 1168 1776 1202 φιλία.

990 1217 1036 1244 τοῦ
1054 1218 1157 1252 κόσμου
1172 1217 1257 1252 ἐχθρὰ
1278 1217 1326 1244 τιιῦ
1342 1216 1409 1244 Θεοῦ
1427 1217 1518 1249 ὲστιν;
1536 1215 1583 1242 καὶ
1603 1214 1700 1246 ὅςέὰν
1722 1213 1780 1247 βου-

989 1263 1060 1298 ληθῇ
1074 1262 1151 1296 φίλος
1170 1261 1239 1289 ε’ίναι
1262 1262 1309 1289 τοῦ
1327 1262 1440 1297 κύαμον,
1462 1262 1557 1297 ἐχθρὸς
1573 1260 1618 1286 τοῦ
1634 1259 1700 1286 Θεοῦ
1715 1259 1782 1285 καθ-

992 1308 1108 1335 ίιτιαται.
1132 1318 1141 1335 ι
1167 1308 1396 1343 Ἐπιστρέψαντες
1419 1307 1446 1333 δὲ
1470 1307 1537 1342 πρὸς
1561 1306 1607 1332 τὸν
1630 1305 1684 1332 τῶν
1711 1305 1780 1331 ὅλων

991 1354 1056 1380 (θεὸν
1071 1353 1115 1380 διὰ
1126 1354 1174 1388 τῆς
1184 1354 1311 1385 πίστεως,
1321 1353 1367 1380 καὶ
1380 1353 1429 1387 τῆς
1444 1352 1580 1387 ἁμαρτίας
1593 1351 1780 1388 ἀνῃρημένης,

990 1399 1021 1425 τὸ
1036 1399 1202 1434 μεσολαϐοὖν
1218 1399 1305 1431 οὐδὲν,
1320 1399 1373 1424 οὐδ’
1388 1398 1421 1425 ἂν
1441 1398 1579 1433 ἀπείρξειέ
1595 1407 1636 1429 τις
1651 1397 1699 1432 τῆς
1713 1396 1781 1432 πρὸς

991 1445 1072 1471 αὐτὸν
1100 1445 1285 1480 οίκειότητος’
1315 1445 1475 1480 κολλώμεοα
1498 1444 1594 1480 ὥσπερ
1626 1444 1701 1479 αὑτῷ
1736 1444 1781 1470 διὰ

154 1489 190 1515 tia
207 1487 374 1523 prohibebit,
388 1488 430 1515 cui
449 1487 679 1522 agglutinabimur
694 1486 894 1522 quodammodo
912 1486 938 1513 in

994 1493 1083 1526 πάσης
1106 1492 1272 1524 ἐπιεικείας,
1292 1491 1458 1527 βαδιούμεθὰ
1475 1500 1504 1517 τε
1523 1491 1555 1518 δι’
1576 1491 1684 1522 εὐθείας
1706 1490 1778 1521 ὁδοῦ,

153 1534 226 1561 omni
249 1541 348 1569 genere
368 1534 511 1566 bonitatis,
526 1538 555 1560 et
573 1537 646 1560 recta
668 1534 709 1560 via
731 1533 895 1569 gradiemur,
913 1535 940 1559 et

153 1587 202 1613 per
221 1579 370 1615 speciosam
390 1579 515 1606 semitam
537 1578 749 1610 ambulabimus,
765 1586 813 1606 nos
829 1579 899 1613 ipsos
915 1583 941 1605 et

155 1626 223 1654 alios
248 1627 281 1653 ad
304 1633 363 1653 eam
385 1625 542 1660 dirigentes.
558 1623 587 1652 ιιι
609 1625 651 1652 his
669 1629 757 1652 autem
777 1624 941 1652 contendere

155 1672 280 1707 occupari
294 1679 349 1706 pra:
362 1670 421 1698 aliis
435 1674 545 1697 sanctos
558 1670 713 1698 sacerdotes
728 1671 820 1702 decct,
834 1669 867 1696 de
882 1669 941 1703 qui-

155 1718 205 1744 bus
219 1717 361 1745 verissime
373 1716 424 1744 dici
438 1721 519 1751 queat
534 1725 541 1744 z
560 1726 570 1742 ‹
587 1715 614 1742 1η
631 1723 697 1749 pace
711 1716 830 1750 dirigens
847 1715 941 1741 ambu-

156 1764 222 1790 lavit
243 1770 363 1795 meeum,
378 1766 406 1790 et
428 1763 527 1790 multos
550 1761 683 1789 convertit
704 1761 738 1788 ab
759 1761 908 1795 iniquitate.
929 1771 938 1786 ι

154 1808 262 1835 Subditi
292 1808 365 1834 enim
399 1807 557 1842 plermnque
589 1806 795 1842 prchositorum
831 1813 940 1833 suorum

154 1855 239 1881 bonos
255 1861 343 1881 mores
360 1861 407 1888 per
424 1854 517 1881 eadem
533 1853 644 1888 vestigia
663 1858 815 1887 sequuntur
830 1861 837 1880 :
854 1857 881 1880 et
895 1853 940 1887 qui

155 1901 286 1928 incedunt
303 1900 405 1928 directa
421 1900 463 1927 via
482 1892 589 1927 solvant
606 1899 720 1932 multos,
735 1906 785 1926 nec
801 1898 942 1926 dimeulter

153 1955 186 1974 eo
202 1951 369 1981 permovent,
383 1951 412 1974 ut
424 1947 477 1974 vita
493 1946 629 1981 petulante
643 1951 670 1973 et
682 1945 842 1972 exsecrabili
859 1945 941 1972 mori-

155 1994 257 2027 busque
278 1993 406 2026 improbis
428 1992 551 2020 nuntium
574 1992 760 2024 remittentes,
780 1991 891 2019 meliora
915 1995 942 2018 et

155 2039 323 2073 suspicienda
348 2046 463 2073 quaeque
488 2038 557 2073 apud
583 2039 665 2066 Deum
690 2043 716 2065 et
738 2038 860 2065 homines
883 2037 941 2064 laus

155 2084 309 2117 comitetur,
322 2083 475 2112 consectari
491 2083 593 2111 malint.

190 2130 271 2158 Vsus.
285 2131 310 2157 7.
324 2130 452 2163 Quoniam
466 2130 536 2156 labia
551 2129 692 2157 sacerdoti:
705 2129 849 2156 custodierit
861 2129 943 2155 scim-

155 2178 235 2208 tiam,
249 2181 273 2203 et
295 2176 373 2210 lrgent
397 2177 524 2210 requirent
545 2183 578 2202 εκ
597 2183 642 2202 ore
661 2175 733 2210 ejus,
747 2175 810 2209 quia
834 2173 941 2208 angelus

153 2221 260 2248 Domini
273 2221 453 2256 omnipotentis
467 2225 514 2248 est.

188 2265 272 2293 XXII.
291 2266 412 2299 Quonam
437 2266 516 2293 modo
540 2266 638 2294 multos
665 2265 842 2297 converterit,
860 2268 942 2298 atque

154 2310 332 2338 ambulaverit
355 2311 474 2346 dirigens
500 2311 527 2337 in
553 2317 619 2344 pace
641 2317 701 2337 cum
726 2309 796 2342 Deo,
816 2310 940 2343 exponit,

154 2357 245 2390 aitque
256 2364 316 2384 eum
331 2361 454 2391 gestasse
467 2357 492 2383 in
509 2356 589 2384 labiis
603 2356 660 2382 sive
675 2355 701 2382 in
716 2356 803 2390 lingua
820 2355 939 2382 omnium

154 2402 187 2428 ad
204 2403 270 2429 bene
283 2402 424 2429 vivendum
439 2402 631 2436 requisitorum
648 2401 788 2433 notitiam,
804 2400 940 2436 fuisseque

153 2446 334 2473 institutorem
350 2447 533 2481 insipientium
543 2466 550 2478 ,
564 2450 591 2473 et
604 2446 762 2481 magistrum
777 2445 918 2473 infantium
930 2465 937 2478 ,

153 2497 181 2518 et
197 2492 349 2519 volentibus
369 2492 435 2526 legis
448 2492 515 2519 scita
529 2492 644 2525 discere,
660 2498 752 2518 verum
770 2495 797 2518 et
815 2492 848 2518 ab
865 2493 938 2519 omni

153 2546 246 2565 errore
265 2538 477 2565 remotissimum
497 2542 706 2572 praeceptorem,
723 2546 773 2565 non
796 2538 850 2566 alio
870 2539 939 2566 divi-

155 2591 249 2610 norum
274 2583 445 2610 oraculorum
472 2591 581 2610 sensum
609 2584 829 2618 delorqnenlem,
853 2592 939 2618 neqtte

155 2631 294 2656 docentem
313 2639 322 2655 ι
343 2629 495 2661 doctrinas,
512 2630 638 2657 mandata
657 2630 794 2657 hominum
809 2631 850 2656 '°:
869 2639 877 2655 ι
893 2632 939 2657 sed

157 2679 285 2710 tanquam
301 2675 425 2710 angelum
441 2675 503 2707 Dei,
517 2676 643 2710 subjectis
660 2676 708 2704 sibi
727 2676 830 2712 populis
844 2677 941 2704 obscuo

207 2765 217 2780 '
230 2765 325 2792 Matth.
341 2772 367 2797 v,
384 2764 427 2798 17,
447 2765 489 2793 18.

545 2766 554 2781 ¹¹
568 2765 645 2793 Rom.
660 2774 685 2800 v,
699 2766 721 2792 ί.
776 2767 786 2780 "
799 2765 857 2792 Ην.
870 2773 903 2798 tv,
921 2766 946 2792 ι.

991 1539 1037 1564 καὶ
1049 1538 1097 1572 τὴν
1113 1538 1198 1573 καλὴν
1213 1537 1321 1571 ἁληῡῶς
1336 1536 1529 1574 πορευσόμεθα
1540 1537 1643 1572 τρῖίον,
1662 1536 1782 1562 ἀπευθύ-

990 1592 1080 1616 νοντες
1092 1585 1131 1616 εἰς
1143 1585 1242 1619 ἑαυτὴν
1259 1585 1372 1616 ἑαυτοὺς
1392 1585 1438 1611 καὶ
1449 1584 1569 1620 ἐτέρους.
1582 1583 1686 1618 Πρέποι
1707 1582 1730 1609 δ’
1748 1582 1781 1609 ἂν

992 1629 1110 1664 μάλιστα
1135 1629 1166 1656 τὺ
1191 1630 1219 1657 ἓν
1243 1639 1274 1664 γε
1298 1630 1403 1662 τούτοις
1423 1629 1491 1656 εἶναι
1509 1630 1600 1664 ζητεῖν
1620 1630 1676 1661 τοϊς
1697 1629 1782 1661 ὁσίοις

992 1675 1157 1710 ίερουργοῖς,
1178 1676 1242 1710 περὶ
1257 1672 1293 1702 ὧν
1310 1676 1342 1702 ἂν
1356 1675 1471 1709 λέγοιτο,
1498 1675 1546 1702 καὶ
1562 1675 1634 1710 μάλα
1649 1675 1762 1706 εἰκότως
1773 1682 1780 1690 ·

994 1730 1002 1745 ι
1022 1721 1066 1747 Ἐν
1089 1721 1184 1756 εἰρήνῃ
1208 1721 1382 1748 κατευθύνων
1396 1721 1531 1757 ἐπορεύθη
1558 1722 1616 1757 μετ’
1636 1719 1715 1756 ἐμοῦ,
1733 1719 1782 1747 καὶ

991 1765 1106 1797 πολλοὺς
1125 1767 1294 1802 ἐπέστρεψεν
1318 1767 1372 1794 ἀπὸ
1384 1801 1387 1803 Π
1399 1767 1515 1798 ἀδικίας.
1535 1776 1543 1792 ι
1560 1765 1714 1802 Ἶχνηλατεῖ
1727 1765 1781 1800 γάρ

991 1819 1050 1843 πως
1062 1811 1093 1837 τὸ
1106 1812 1225 1847 ὑπήκοον
1245 1812 1293 1843 τὰς
1310 1812 1364 1838 τῶν
1380 1812 1540 1847 ἡγουμένων
1553 1811 1714 1842 ἐπιεικείας,
1733 1810 1782 1837 καὶ

991 1857 1069 1892 οἷπερ
1085 1856 1118 1883 ἂν
1133 1856 1254 1892 ἔρχοιντο
1267 1857 1300 1883 δι’
1312 1857 1420 1889 εὐθείας
1435 1857 1508 1889 ὁδοῦ,
1525 1856 1640 1888 σώζουσι
1654 1855 1780 1888 πολλοὺς,

991 1902 1167 1930 ἀναπείθουσί
1192 1912 1221 1929 τε
1251 1903 1348 1938 ῥᾳδίως
1369 1903 1418 1939 τὴν
1446 1903 1547 1938 ἀσελγῆ
1573 1903 1620 1929 καὶ
1644 1902 1782 1937 ἐπάρατον

991 1949 1109 1983 ἀφέντας
1129 1948 1201 1983 ζωὴν
1217 1949 1264 1975 καὶ
1278 1950 1342 1980 τοὺς
1357 1949 1405 1983 τῆς
1420 1949 1526 1980 ἀδικίας
1541 1948 1667 1984 τρόπους,
1677 1947 1783 1974 ἀνθελέ-

992 1994 1054 2020 σθαι
1068 2002 1097 2020 τε
1114 1994 1161 2020 καὶ
1178 1995 1289 2029 ἀγαπᾷν
1302 1994 1336 2020 τὰ
1360 1994 1464 2028 ἀμείνω
1483 1994 1531 2020 καὶ
1554 1993 1714 2027 ἁξιάγαστα,
1731 1993 1781 2019 καὶ

991 2036 1031 2071 οἷς
1046 2038 1079 2065 ἂν
1093 2038 1185 2065 ἕποιτο
1202 2039 1231 2065 τὸ
1245 2039 1417 2066 ὲπαινεῖσῦαι
1437 2039 1494 2066 δεῖν
1514 2039 1590 2075 παρὰ
1604 2047 1633 2064 τε
1647 2038 1716 2074 Θεῷ,
1734 2039 1782 2066 καὶ

991 2086 1156 2122 ἀνθρώποις.

1029 2132 1094 2158 Ὀτι
1111 2132 1197 2166 χείλη
1218 2131 1319 2166 Ιερέως
1336 2132 1502 2167 φυλάξεται
1524 2132 1646 2168 γνῶσιν,
1667 2132 1717 2159 καί
1731 2132 1781 2159 νό-

993 2186 1051 2212 μον
1066 2176 1266 2212 ὲκζητήσοιισι
1283 2178 1317 2205 ἐκ
1330 2179 1484 2213 στόματος
1494 2178 1598 2210 αὑτοῦ,
1610 2177 1684 2204 διότι
1695 2177 1774 2213 ἄγγεξ

992 2224 1047 2255 ,λος
1063 2223 1174 2257 Κυρίου
1191 2224 1435 2259 παντοκράτορός
1449 2225 1524 2251 ἐστι.

1029 2269 1091 2296 KB’.
1120 2269 1186 2295 Τίνα
1213 2269 1245 2305 δὴ
1274 2271 1375 2306 τρόπον
1401 2270 1502 2302 πολλὰς
1528 2270 1576 2306 μὲν
1598 2269 1780 2306 ἀπέστρεψεν,

993 2314 1234 2350 παραπεπόρευται
1251 2315 1279 2342 δὲ
1302 2315 1474 2342 κατευθύνων
1488 2317 1598 2352 εἰρήνην
1614 2316 1685 2342 κατὰ
1700 2315 1780 2348 Θεοῦ,

991 2359 1148 2395 διατρανοῖ,
1173 2361 1278 2395 λέγων,
1302 2362 1340 2393 ὡς
1363 2362 1505 2397 πεφόρηκε
1528 2361 1577 2396 μὲν
1599 2362 1627 2388 ὲν
1652 2361 1779 2396 χείλεσιν,

993 2405 1075 2439 ἦγουν
1088 2406 1134 2431 ἐπὶ
1147 2405 1279 2441 γλώττης,
1291 2407 1391 2439 παντὸς
1402 2407 1449 2434 τοῦ
1466 2407 1533 2442 πρὸς
1549 2406 1619 2442 ζωὴν
1632 2407 1780 2440 ἀναγκαίου

993 2450 1042 2485 τὴν
1058 2450 1168 2484 γνῶσιν,
1183 2452 1278 2486 γέγονε
1293 2452 1321 2478 δὲ
1337 2452 1484 2487 παιδευτὴς
1504 2453 1639 2488 ἀφρόνων,
1654 2452 1781 2478 διδάσκα-

993 2495 1037 2528 λός
1056 2505 1085 2522 τε
1100 2497 1214 2532 νηπίων,
1238 2498 1285 2524 καὶ
1305 2500 1361 2530 τοῖς
1377 2499 1500 2526 ἐθέλουσι
1524 2498 1676 2533 ἀναμαθεῖν
1694 2497 1725 2524 τὸ
1741 2497 1782 2533 τῷ

991 2542 1066 2578 νόμῳ
1079 2542 1174 2569 δοκοῦν
1189 2543 1294 2579 ἀληθής
1308 2552 1336 2570 τε
1350 2545 1397 2571 καὶ
1416 2544 1617 2576 ἁπλανέστατος
1632 2543 1779 2579 ἐξηγητὴς,

992 2589 1040 2623 οὐχ
1064 2589 1180 2624 ἑτέρωσέ
1198 2598 1242 2616 ποι
1265 2590 1444 2626 μετατρέπων
1459 2591 1512 2617 τῶν
1528 2590 1607 2617 θεῖων
1622 2590 1721 2624 λογίων
1735 2589 1780 2616 τὸν

992 2633 1064 2663 νοῦν,
1079 2634 1139 2660 οὔτε
1163 2635 1216 2670 μὴν
1237 2635 1372 2661 διδάσκων
1395 2646 1403 2661 ι
1419 2636 1593 2668 διδαςκαλίας
1604 2656 1610 2667 ,
1627 2635 1780 2670 ἐντάλματα

993 2679 1157 2715 ἀνθρώπωνο
1176 2691 1184 2706 ι
1204 2681 1272 2713 ἀλλ’,
1287 2679 1343 2708 οἷον
1360 2682 1474 2716 ἄγγελος
1491 2682 1569 2715 Θεοῦ,
1584 2682 1780 2709 διαλευκαίνων

1004 2766 1024 2783 ’⁸
1040 2766 1090 2794 l-a.
1109 2776 1182 2801 xxix,
1198 2767 1251 2799 15;
1272 2768 1364 2795 Mat‘b.
1380 2777 1423 2800 xv,
1441 2769 1465 2796 9.

1887 396 1888 449 ι

1887 684 1888 746 ί

1887 862 1888 946 ί

1886 975 1888 1050 l

1887 1170 1888 1254 ί

1887 1273 1888 1326 l
