1918 3054
114 60 163 89 3H

623 53 654 81 S.
672 51 808 81 CYRILLI
828 49 1063 79 ALEXANDRINI
1084 44 1245 78 ARCHIEP.

1694 44 1748 72 διο

115 125 157 147 est
171 128 178 148 :
196 128 205 144 ι
219 116 307 144 Nolite
321 119 425 151 putare,
436 113 537 149 inquit,
547 113 609 148 quia
621 113 682 140 veni
697 112 803 140 solvere
815 112 901 147 legem

959 115 1220 151 κεχρησμῳδημένος
1231 134 1238 145 ,
1254 111 1397 140 ἀναπείσει
1410 110 1498 144 λέγων
1511 109 1525 136 ό
1541 108 1653 143 Σωτήρ*
1674 116 1683 133 ι
1699 105 1746 142 Μὴ

116 170 161 192 aut
174 164 316 198 prophetas
332 172 339 189 :
354 169 406 188 non
418 160 477 188 veni
493 159 608 191 solvere,
622 159 668 187 sed
685 159 806 193 implere.
820 159 904 186 Amen

115 210 176 237 «lico
186 209 274 241 vobis,
285 208 369 234 donec
382 210 502 233 transeat
514 205 612 232 cmlum
624 209 651 232 et
663 209 745 237 terra,
757 204 808 231 iota
822 211 904 231 unum

116 259 163 282 aut
178 262 246 282 unus
263 261 328 289 apex
348 260 399 280 non
415 250 565 286 praeteribit
584 258 598 277 a
618 250 692 286 lege,
710 250 796 277 donec
813 249 904 277 omnia

115 301 182 326 ﬁant
192 299 212 326 ⁷.
229 308 239 324 ι

150 387 183 414 In
210 395 272 421 nuce
299 386 414 421 dirigens
443 384 592 418 ambulavit
614 391 731 414 mecum.
755 387 779 409 et
808 383 904 411 multo:

117 433 205 460 utter/it
223 433 254 459 ab
270 432 416 463 iniquitate.

151 478 221 506 XXI.
247 478 343 505 Pacem
371 477 474 511 agitare
505 483 565 503 cum
593 475 648 502 Deo
673 475 803 509 quidnam
831 475 902 503 aliud

116 524 226 558 lutelligi
244 523 327 558 possit
342 531 357 550 a
373 523 450 550 nobis
465 526 492 549 et
506 522 540 549 ab
555 520 630 554 aliis,
644 521 666 548 si
683 521 728 556 qui
743 520 827 555 838
840 526 902 548 sunt

116 572 265 598 divinarum
291 570 490 604 Scripturarum
513 568 707 603 intelligentes,
727 575 808 602 quam
834 567 901 595 velle

116 617 236 651 rogitare
250 620 277 642 et
290 614 378 642 facere
390 622 450 648 qua:
464 614 509 641 ille
522 614 587 646 vult,
599 618 626 640 et
641 613 710 640 nulla
726 614 753 640 in
769 620 798 640 re
814 613 900 647 ipsum

116 662 252 690 ochndere
265 671 271 689 :
287 661 334 689 sed
347 660 511 688 contendere
525 660 614 695 ponus
629 667 717 686 mores
730 658 904 686 commenda-

117 710 190 736 tione
219 713 247 735 et
272 707 359 742 gloria
387 707 481 741 dignos
509 705 616 738 colere,
644 706 781 740 vitamque
807 704 905 738 degere

117 754 315 790 suspiciendam
349 757 376 780 et
407 760 467 780 cum
502 751 605 786 legibus
636 750 755 777 omnium
788 750 905 776 maxime

956 161 1084 196 νομίσητε
1097 161 1138 188 ὄτι
1149 159 1231 196 ἦλθον
1244 155 1395 185 καταλῦσαι
1412 156 1457 183 τὸν
1468 155 1550 190 νόμον
1567 154 1583 190 ἢ
1600 154 1664 185 τοὺς
1678 160 1746 188 προ·

957 207 1058 242 φήταςν
1076 208 1125 234 οὐκ
1138 204 1220 242 ἦλθον
1236 202 1397 234 καταλῦσαι.
1412 202 1479 230 ἀλλὰ
1495 200 1647 236 πληρῶσαι.
1658 198 1746 234 Ἀμὴν

955 252 1009 288 γὰρ
1024 252 1095 286 λέγω
1110 253 1184 287 ὑμῖν,
1195 251 1246 282 ἕως
1261 250 1293 277 ἂν
1310 248 1433 285 παρέλθῃ
1447 249 1460 274 ὁ
1478 247 1592 283 οὐρανὸς
1607 245 1653 272 καὶ
1666 245 1682 280 ὴ
1694 244 1743 279 γῆ.

957 298 1023 324 [ὦτα
1038 298 1067 324 ἒν
1082 298 1098 333 ἢ
1113 297 1160 333 μία
1176 296 1272 332 κεραία
1288 295 1318 322 οὐ
1336 294 1372 330 μὴ
1389 293 1510 329 παρέλθῃ
1523 292 1577 319 ἀπὸ
1588 289 1635 317 τοῦ
1649 290 1743 325 νόμου,

955 343 1007 376 ἕως
1026 345 1059 370 ἂν
1079 344 1166 370 πάντα
1182 343 1306 378 γένηται.

997 390 1045 416 ‘Er
1066 389 1170 423 εἰρήνῃ
1194 387 1388 415 κατευθύνων
1406 385 1552 420 ἐπορεύθη
1570 383 1634 418 μετ’
1659 380 1744 413 ἐμοῦ,

955 435 1005 462 καὶ
1021 434 1157 467 πολλοὺς
1175 433 1367 467 ἀπέστρεψεν
1384 431 1443 459 ἀπὸ
1457 430 1584 462 ἀδικίας.

990 481 1055 508 KA'.
1071 480 1108 507 Τὸ
1121 479 1270 514 εἰρηνεύειν
1286 479 1355 513 πρὸς
1367 477 1433 504 Θεὸν
1448 476 1474 503 τί
1494 476 1527 502 ἂν
1543 476 1638 510 ἕτερον
1660 475 1746 501 νοοῖτο

957 525 1025 562 πρός
1039 534 1068 552 τε
1088 524 1166 560 ἡμῶν
1180 524 1269 551 αὐτῶν
1291 525 1336 550 καὶ
1356 523 1467 558 ἐτέρων,
1486 521 1564 557 οἵπερ
1579 520 1610 547 ἂν
1624 517 1677 546 εἷεν
1691 519 1746 545 τῶν

956 572 1034 598 θείων
1048 571 1152 604 Λογίων
1166 570 1356 605 ἐπιστήμονες,
1375 569 1391 604 ἥ
1406 568 1436 594 τὸ
1448 569 1553 603 φρονεῖν
1570 566 1678 593 ἑλέσθαι
1697 564 1745 591 καλ

955 617 1020 653 δρᾷν
1044 617 1061 644 ἃ
1087 617 1221 652 βούλεται,
1244 615 1291 642 καὶ
1316 615 1387 642 κατά
1413 614 1516 650 μηδένα
1539 613 1638 648 τρόπον
1660 618 1745 646 προσ-

955 663 1064 699 κρούειν
1079 662 1163 697 αὐτῷ,
1187 660 1336 697 κατορθοῦν
1351 661 1379 687 δὲ
1398 660 1498 695 μᾶλλον
1522 657 1679 692 ἐπείγεσθαι
1694 656 1745 691 τὴν

955 709 1054 736 εὐκλεᾶ
1063 708 1208 739 πολιτείαν,
1221 708 1267 734 καὶ
1275 706 1440 741 ἀξιάγαστόν
1451 714 1480 732 τε
1492 705 1539 732 καὶ
1553 704 1744 739 ἑννομωτάτην

956 754 1045 790 ζωήν;
1062 753 1140 780 Οὕτω
1151 753 1198 780 καὶ
1210 753 1224 779 ὁ
1239 752 1309 784 θεῖος
1320 753 1385 787 ἡμῖν
1399 749 1615 786 προσπεφώνηκε
1629 748 1743 780 Παῦλος⁸

117 799 345 828 consentientem?
363 799 400 826 Ita
416 804 524 833 quoque
546 803 596 824 nos
613 796 760 830 alloquitur
775 795 874 822 Paulus
895 805 902 822 :

959 810 966 826 ι
980 799 1175 831 Δικαιωθέντες
1186 797 1232 827 οὖν
1248 800 1280 826 ἐκ
1291 798 1539 832 πίστεως,είρήνην
1554 796 1660 831 ἔχωμεν
1676 794 1745 830 πρὸς

121 857 129 872 ι
157 846 302 874 Justilicati
332 852 396 880 ergo
423 851 456 871 ex
486 843 556 876 ﬁde,
580 849 673 877 pacem
701 842 847 868 habeamus
871 840 904 867 ad

117 893 200 920 Deum
215 892 237 920 '.
261 901 272 917 ι
297 890 344 918 Sic
366 897 432 917 sane
454 897 514 917 eum
539 888 584 923 qui
610 892 651 915 est
672 892 766 914 natura
792 892 819 915 et
842 894 905 914 vere

119 938 248 965 Dominus
276 936 396 971 agnitum
424 935 600 962 honoramus.
626 934 702 967 Quod
727 934 748 960 si
774 938 909 960 creaturae

118 991 225 1018 quoque
251 983 355 1010 divinos
380 982 496 1009 honores
523 981 718 1016 impendimus,
743 980 849 1014 impuro
878 984 906 1006 et

117 1029 265 1055 detestabili
279 1032 390 1062 peccato
404 1027 612 1062 cogitationibus
624 1027 724 1054 nostris
736 1026 903 1056 dominante,

119 1075 234 1102 Domino
251 1074 422 1105 resistimus,
437 1077 465 1099 et
481 1073 554 1099 velut
569 1073 653 1099 aciem
672 1071 800 1099 adversus
818 1071 903 1105 ipsum

119 1121 151 1147 ad
166 1127 281 1155 pugnam
297 1119 468 1151 instruimus,
481 1119 576 1146 duram
595 1118 728 1145 cervicem
745 1123 839 1144 contra
853 1124 902 1144 ex-

119 1167 303 1197 ICIItICIllCS,Cl
312 1165 488 1200 pertinaciam
499 1164 726 1198 rebellioncmquc
736 1167 903 1190 exercentes.

118 1214 189 1240 Idem
213 1213 356 1240 eonlirmat
377 1211 525 1238 Salvatoris
546 1210 693 1244 discipulus
718 1209 760 1236 his
781 1208 870 1236 verbis
895 1216 903 1234 :

120 1270 129 1284 ι
151 1258 268 1286 Nescitis
288 1258 351 1292 quia
373 1257 492 1284 amicitia
517 1257 595 1292 hujus
617 1256 710 1283 mundi
732 1255 839 1283 inimica
863 1258 906 1282 est

120 1305 190 1332 Deo?
202 1305 235 1332 Et
248 1304 293 1339 qui
308 1304 365 1330 vult
375 1303 479 1330 amicus
493 1310 555 1330 esse
569 1301 648 1337 hujus
664 1301 766 1334 saeculi,
780 1301 905 1328 inimicus

120 1349 165 1376 Dei
182 1349 383 1376 eonstituitur'.
401 1358 410 1374 ι
427 1347 505 1382 Quod
519 1347 541 1375 si
556 1347 588 1374 ad
606 1347 793 1375 universorum
815 1345 906 1373 Domi-

121 1403 183 1421 num
196 1402 242 1430 per
257 1394 335 1422 ﬁdem
349 1399 375 1421 et
389 1394 492 1429 peccati
507 1393 667 1428 cjcctionem
683 1400 731 1420 nos
745 1392 907 1420 converteri-

119 1447 189 1471 mus,
204 1439 269 1466 nihil
285 1446 313 1466 se
323 1438 442 1471 objiciet,
455 1444 506 1465 nec
517 1437 663 1472 quidquam
679 1444 727 1464 nos
740 1438 797 1472 ejus
813 1436 906 1464 amici-

956 847 1031 873 Θεόν·
1047 846 1118 873 οὕτω
1150 847 1198 882 μὲν
1225 846 1272 872 τὸν
1294 845 1373 880 φύσει
1401 844 1447 871 καὶ
1473 843 1581 878 ἀληθῶς
1606 842 1746 876 Δεσπότην

955 893 1055 924 είδίτες
1072 891 1206 927 τιμῶμεν.
1226 891 1406 922 Ἀνάπτοντες
1430 890 1458 916 δὲ
1482 890 1528 916 καὶ
1546 887 1691 924 τῇ⁴κτίσει
1716 887 1747 913 τὸ

957 937 1048 969 σέϐας,
1072 937 1118 963 καὶ
1141 936 1366 971 κατακρατούσης
1388 935 1442 961 τῶν
1468 934 1610 970 ἡμετέρων
1635 932 1746 960 ἐννοιῶν

955 984 1006 1018 τῆς
1020 983 1133 1018 βεϐήλου
1144 991 1174 1009 τε
1184 983 1229 1009 καὶ
1239 982 1370 1017 βδελυρᾶς
1379 981 1527 1016 ἁμαρτίας,
1537 979 1745 1014 ἀνθεστήκαμεν

955 1029 994 1064 τῷ
1017 1030 1139 1064 Δεσπότῃ
1153 1049 1160 1060 ,
1178 1029 1224 1055 καὶ
1245 1026 1301 1054 οἷον
1327 1027 1548 1062 ἀντανιστάμεθα
1570 1027 1638 1062 προς
1656 1026 1747 1060 μάχην

956 1075 1029 1109 αὑτῴ
1039 1095 1045 1106 ,
1062 1075 1177 1110 σκληρὸν
1191 1075 1315 1110 αἴροντες
1328 1074 1372 1100 τὸν
1388 1073 1488 1108 αὐχένα
1498 1094 1505 1104 ,
1526 1073 1573 1099 καὶ
1589 1073 1618 1098 τὸ
1634 1071 1746 1102 ἀπειθὲς

956 1122 1003 1148 καὶ
1016 1122 1139 1156 δυσήνιον
1156 1120 1320 1155 μελετῶντες
1333 1120 1382 1146 ἔτι.
1400 1120 1454 1145 Καὶ
1471 1119 1637 1146 πιστώσεται
1657 1118 1745 1148 λέγων

955 1166 1002 1193 τοῦ
1024 1166 1149 1202 Σωτῆρος
1173 1167 1186 1192 ὁ
1211 1166 1350 1201 μαθητής·
1367 1175 1375 1191 ι
1393 1165 1448 1191 Οὔκ
1467 1164 1555 1191 οἴδατε
1572 1165 1612 1190 ὅτι
1628 1164 1644 1198 ἡ
1666 1163 1741 1197 φιλία

956 1212 1002 1239 τοῦ
1019 1213 1123 1246 κόσμου
1138 1211 1222 1247 ἐχθρὰ
1244 1212 1292 1239 cui
1307 1211 1375 1239 Θεοῦ
1393 1212 1484 1244 iactv;
1502 1210 1548 1236 καὶ
1569 1209 1665 1241 6;,éitv
1688 1208 1746 1242 βου·

956 1258 1026 1293 ληυῇ
1040 1257 1117 1292 φίλος
1136 1256 1205 1284 εἶναι
1228 1257 1275 1284 τοῦ
1293 1257 1406 1292 κόσμου,
1429 1256 1523 1292 ἐχθρὸς
1539 1255 1584 1281 τοῦ
1600 1254 1666 1281 Θεοῦ
1681 1253 1747 1280 καθ-

958 1303 1074 1330 istast“.
1098 1313 1107 1330 ι
1133 1303 1363 1338 Ἐπιστρέψαντες
1384 1302 1412 1328 δὲ
1436 1302 1503 1337 πρὸς
1527 1301 1572 1327 τὸν
1596 1300 1650 1327 τῶν
1676 1299 1746 1326 ὅλων

957 1348 1022 1375 θεὸν
1037 1348 1081 1375 διὰ
1092 1348 1140 1384 τῆς
1150 1349 1277 1380 πίστεως,
1287 1348 1333 1374 καὶ
1347 1348 1396 1382 τῆς
1411 1347 1546 1382 ἁμαρτίας
1559 1348 1644 1382 civ-nor,
1651 1345 1744 1380 μένης.

956 1394 987 1420 τὸ
1003 1394 1168 1430 μεσολαϐοῦν
1184 1394 1271 1426 οὐδὲν,
1286 1393 1339 1419 οὐδ’
1355 1393 1388 1420 ἂν
1407 1392 1545 1428 ἀπείρξειέ
1560 1401 1602 1424 τις
1617 1392 1665 1427 τῆς
1678 1391 1746 1427 πρὸς

957 1440 1038 1466 αὑτὸν
1066 1440 1252 1475 οἰκειότητος·
1281 1439 1441 1474 κολλώμεθα
1464 1439 1560 1474 ὥσπερ
1592 1438 1667 1474 αὐτῷ
1701 1439 1746 1464 διὰ

120 1485 156 1510 tia
173 1482 341 1519 prohibebit,
354 1483 397 1510 cui
415 1482 645 1518 agglutinabimur
660 1481 860 1517 quodammodo
879 1481 904 1508 in

959 1487 1049 1521 πάσης
1073 1487 1238 1518 ἐπιεικείας,
1259 1486 1424 1522 βαδιοὺμεθὰ
1441 1494 1470 1512 τε
1489 1486 1522 1512 δι’
1542 1485 1649 1516 εὐθείας
1672 1484 1744 1516 ὁδοῦ,

120 1529 192 1556 omni
216 1537 314 1564 genere
334 1529 477 1561 bonitatis,
493 1533 521 1555 et
539 1533 612 1556 recta
633 1528 675 1555 via
698 1528 861 1564 gradiemur,
879 1530 906 1554 et

119 1582 168 1609 per
187 1575 336 1610 speciosam
356 1574 481 1601 semitam
503 1573 715 1605 ambulabimus,
731 1581 779 1601 nos
795 1573 865 1608 ipsos
881 1577 908 1600 et

122 1622 190 1649 alios
215 1622 248 1648 ad
271 1629 330 1648 eam
351 1620 508 1655 dirigentes.
524 1618 553 1647 In
575 1620 617 1647 his
635 1624 724 1647 autem
744 1619 907 1647 contemlere

122 1667 246 1702 occupari
260 1674 315 1701 pra:
328 1666 387 1693 aliis
401 1669 511 1692 sanctos
524 1665 679 1693 sacerdotes
695 1666 786 1697 decet,
800 1664 833 1691 de
849 1665 907 1698 qui-

122 1714 171 1740 bus
186 1713 327 1740 verissime
340 1712 390 1739 dici
404 1716 485 1746 queat
501 1721 508 1739 :
527 1721 536 1737 ι
553 1711 580 1738 In
597 1718 663 1745 pace
677 1711 795 1744 dirigens
813 1710 907 1736 ambu-

123 1760 188 1786 lavit
209 1766 329 1790 mecum,
345 1761 373 1785 et
395 1758 493 1785 multos
516 1755 649 1784 convertit
671 1757 704 1784 ab
725 1756 875 1791 iniquitate.
895 1766 904 1781 ι

121 1803 228 1831 Subditi
258 1803 331 1830 enim
366 1802 523 1837 plerumque
556 1801 761 1837 praepositorum
797 1809 906 1828 suorum

120 1851 206 1877 bonos
221 1857 310 1876 mores
327 1857 374 1884 per
391 1849 484 1876 eadem
500 1848 611 1883 vestigia
630 1853 781 1882 sequuntur
796 1856 803 1875 :
820 1852 847 1875 et
861 1848 906 1882 qui

122 1896 253 1924 incedunt
269 1895 373 1923 directa
388 1896 431 1922 via
450 1895 556 1922 salvam.
573 1894 687 1927 multos,
701 1901 751 1922 nec
767 1893 908 1921 dilliculter

121 1951 152 1970 eo
169 1947 337 1977 permovent,
351 1946 379 1969 ut
391 1942 444 1969 vita
460 1941 596 1977 petulante
610 1946 637 1968 et
648 1940 808 1968 exsecrabili
826 1940 908 1966 mori-

123 1989 225 2023 busque
246 1988 374 2022 improbis
396 1988 518 2015 nuntium
541 1988 726 2019 remittentes,
747 1986 858 2013 meliora
881 1990 908 2012 et

122 2034 290 2069 suspicienda
316 2041 430 2069 quaeque
455 2034 524 2069 apud
550 2034 632 2061 Deum
656 2038 683 2061 et
705 2032 826 2060 homines
849 2031 907 2058 laus

122 2080 277 2112 romitetur,
289 2079 442 2107 consectari
457 2079 560 2106 malint.

158 2125 239 2153 Vens.
252 2126 277 2152 7.
292 2125 419 2158 Quoniam
433 2125 503 2152 labia
517 2125 659 2152 saterdotis
672 2124 815 2151 custodiant
827 2123 908 2149 scion-

122 2173 202 2204 tiam,
215 2176 240 2198 et
262 2172 340 2205 legem
363 2172 491 2206 requirent
513 2179 545 2198 ex
564 2178 608 2197 ore
628 2170 700 2204 ejus,
713 2169 776 2203 quia
800 2167 907 2202 angelus

121 2217 227 2244 Domini
241 2217 420 2251 ouuiipotentis
433 2221 480 2244 est.

156 2261 239 2289 XXII.
257 2261 378 2295 Quonam
403 2262 483 2289 modo
507 2261 605 2288 multos
631 2259 808 2290 converterit,
825 2262 908 2292 atque

121 2305 299 2334 amlmlaverit
321 2307 441 2343 dirigens
467 2307 494 2333 in
520 2312 586 2339 pace
608 2311 667 2331 cum
692 2303 762 2336 Deo,
781 2303 906 2337 exponit,

121 2353 212 2386 aitque
224 2359 283 2380 eum
298 2358 421 2387 gestasse
434 2353 459 2378 in
476 2351 555 2378 labiis
569 2350 626 2376 sive
641 2349 666 2376 in
681 2349 769 2384 lingua
785 2349 905 2376 omnium

121 2398 154 2424 ad
171 2399 237 2425 bene
250 2398 391 2425 vivendum
406 2397 596 2431 requisitorum
613 2395 753 2427 notitiam,
769 2394 906 2430 fuisseque

120 2442 301 2469 institutorem
317 2442 499 2477 insipientium
508 2460 516 2472 ,
529 2444 557 2467 et
569 2440 727 2476 magistrum
743 2440 884 2466 infantium
896 2459 903 2472 ,

121 2493 148 2514 et
164 2488 316 2515 volentibus
335 2488 402 2522 legis
414 2487 481 2513 scita
494 2485 609 2518 discere,
625 2493 718 2513 verum
736 2489 763 2512 et
780 2486 814 2512 ab
831 2487 904 2513 omni

120 2542 213 2561 errore
233 2534 443 2562 remotissimum
463 2537 671 2567 praeceptorem,
688 2540 739 2559 non
761 2532 816 2560 alio
836 2533 905 2560 divi-

122 2588 216 2607 norum
241 2579 411 2607 oraculorum
438 2585 546 2605 sensum
574 2579 795 2612 delorquentem,
819 2586 905 2612 neque

122 2627 260 2653 docentem
280 2635 289 2650 ι
309 2624 461 2655 doctrinas,
478 2625 604 2651 mandata
622 2624 760 2651 hominum
774 2625 815 2651 ‘°:
835 2634 843 2649 ι
859 2625 905 2651 scd

124 2676 252 2706 tanquam
267 2670 391 2705 angelum
407 2670 468 2701 Dei,
482 2671 609 2705 subjectis
625 2670 674 2698 sibi
693 2670 796 2706 populis
809 2671 906 2698 obscu-

174 2761 183 2775 '
196 2759 291 2787 Matth.
307 2767 333 2793 v,
350 2759 393 2793 l7,
413 2760 456 2788 i8.

511 2760 520 2775 '
534 2760 611 2788 Rom.
626 2768 651 2794 v,
665 2760 686 2786 l.
743 2761 752 2775 ’
765 2759 823 2786 Jac.
835 2767 869 2792 iv,
887 2760 912 2786 ά.

957 1534 1004 1559 καὶ
1015 1533 1064 1567 τὴν
1079 1533 1164 1568 καλὴν
1179 1532 1288 1566 ἀληθῶς
1302 1531 1495 1568 πορευσόμεθα
1506 1531 1609 1566 τρίϐον,
1628 1530 1747 1557 ἀπευθύ-

956 1587 1047 1611 νοντες
1058 1580 1098 1611 εἰς
1109 1580 1208 1613 ἑαυτὴν
1226 1579 1337 1610 ἑαυτοὺς
1357 1579 1404 1605 καὶ
1415 1578 1535 1614 ἐτέρους.
1547 1577 1652 1613 Πρέποι
1672 1577 1695 1603 δ’
1714 1577 1746 1604 ἂν

958 1625 1076 1660 μάλιστα
1101 1624 1132 1651 τὸ
1157 1625 1185 1652 ἐν
1209 1633 1240 1658 γε
1264 1624 1368 1656 τούτοις
1389 1623 1457 1651 εἶναι
1475 1624 1566 1660 ζητεῖν
1586 1625 1641 1655 τοῖς
1663 1624 1747 1656 ὁσίοις

958 1670 1124 1704 ἱερουργοῖς,
1145 1671 1208 1705 περὶ
1223 1667 1259 1695 ὧν
1276 1669 1308 1696 ἂν
1322 1669 1437 1703 λέγοιτο,
1464 1669 1512 1696 καὶ
1528 1669 1600 1705 μάλα
1615 1669 1728 1700 είκότως
1738 1677 1745 1684 ·

960 1725 969 1740 r
988 1716 1032 1742 Ἐν
1055 1716 1150 1751 εῑρήνῃ
1173 1715 1347 1742 κατευθύνων
1361 1715 1497 1751 ἐπορεύθη
1524 1717 1582 1751 μετ’
1602 1714 1681 1750 ἐμοῦ,
1699 1714 1747 1741 καὶ

957 1761 1072 1792 πολλοὺς
1091 1760 1260 1796 ἐπέστρεψεν
1284 1761 1337 1788 ἀπὸ
1350 1795 1353 1797 Δ
1365 1762 1480 1792 ἀδικίας,
1500 1770 1510 1786 ι
1526 1760 1680 1795 Ἶχνηλατεῖ
1693 1759 1747 1795 γάρ

957 1814 1016 1837 πως
1028 1806 1059 1832 τὸ
1072 1806 1190 1841 ὑπήκοον
1211 1806 1259 1837 τὰς
1276 1806 1330 1832 τῶν
1346 1806 1505 1841 ἡγουμένων
1519 1805 1679 1836 ἐπιεικείας,
1698 1804 1748 1831 καὶ⁸

957 1851 1035 1887 οἷπερ
1051 1851 1084 1877 ἂν
1099 1851 1221 1886 ἔρχοιντο
1233 1851 1266 1877 δι’
1278 1851 1386 1882 εὐθείας
1401 1850 1473 1882 ὁδοῦ,
1491 1850 1605 1882 σώζουσι
1621 1849 1745 1882 πολλοὺς,

957 1897 1133 1924 ἀναπείθουσί
1158 1906 1187 1922 τε
1217 1897 1314 1932 ῥᾳδίως
1335 1897 1384 1932 τὴν
1411 1896 1512 1931 ἀσελγῆ
1538 1896 1585 1922 καὶ
1609 1895 1748 1930 ἐπάρατον

957 1943 1075 1977 ἀφέντας
1095 1942 1167 1977 ζωὴν
1183 1942 1230 1968 καὶ
1244 1943 1306 1973 τοὺς
1322 1942 1371 1977 τῆς
1385 1942 1491 1973 ἀδικίας
1507 1941 1633 1977 τρόπους,
1643 1941 1748 1967 ἀνθελέ-

958 1987 1020 2014 σθαί
1034 1996 1063 2013 τε
1080 1987 1127 2013 καὶ
1144 1988 1254 2023 ἀγαπᾷν
1268 1987 1302 2013 τὰ
1326 1987 1430 2022 ἀμείνω
1449 1987 1497 2013 καὶ
1519 1987 1680 2021 ἀξιάγαστα,
1696 1986 1746 2013 καὶ

957 2031 996 2064 οἷς
1012 2032 1044 2059 ἂν
1059 2032 1150 2058 ἕποιτο
1168 2032 1197 2059 τὸ
1211 2033 1382 2059 ἐπαινεῖσθαι
1403 2032 1459 2059 δεῖν
1480 2032 1556 2068 παρά
1570 2040 1599 2058 τε
1613 2031 1682 2067 Θεῷ,
1699 2033 1747 2060 καὶ

957 2080 1122 2116 ἀνθρώποις.

996 2126 1059 2152 Ὅτι
1077 2126 1163 2160 χείλη
1184 2125 1285 2160 ἱερέως
1301 2126 1469 2160 φυλάξεται
1490 2125 1613 2161 γνῶσιν,
1633 2125 1683 2153 καὶ
1696 2126 1746 2152 νό-

959 2180 1017 2206 μον
1032 2170 1232 2205 ἐκζητήσουσι
1248 2172 1282 2198 ἐκ
1296 2173 1449 2207 στόματος
1460 2172 1564 2204 αὑτοῦ,
1577 2171 1650 2198 διότι
1661 2171 1738 2206 ἀγγε-

958 2219 1013 2250 λος
1029 2217 1140 2251 Κιιριόυ
1157 2217 1401 2252 παντοκράτορός
1415 2218 1491 2245 ἐστι.

994 2263 1057 2290 KB'.
1085 2263 1152 2289 Τίνα
1178 2263 1211 2298 δὴ
1240 2263 1341 2300 τρόπον
1368 2264 1468 2296 πολλὰς
1494 2264 1542 2299 μὲν
1564 2262 1744 2300 ἀπέστρεψεν,

959 2308 1200 2344 παραπεπὸρευται
1217 2308 1245 2335 δὲ
1268 2308 1440 2336 κατευθύνὼν
1454 2310 1565 2345 εἰρήνην
1580 2310 1650 2336 κατὰ
1666 2309 1745 2342 Θεοῦ,

957 2353 1113 2389 διατρανοῖ,
1139 2354 1244 2389 λέγων,
1267 2355 1306 2386 ὡς
1329 2355 1471 2390 πεφόρηκε
1495 2355 1543 2390 μὲν
1565 2356 1593 2381 ὲν
1618 2355 1744 2390 χείλεσιν,

959 2399 1041 2433 ἤγουν
1054 2400 1100 2425 ἐπὶ
1112 2400 1246 2434 γλώττης,
1257 2401 1357 2432 παντὸς
1369 2400 1416 2427 τοῦ
1432 2401 1500 2436 πρὸς
1515 2400 1585 2435 ζωὴν
1598 2399 1745 2434 ἀναγκαίου

959 2444 1008 2479 τὴν
1024 2443 1134 2478 γνῶσιν,
1149 2445 1244 2479 γέγονε
1259 2446 1287 2472 δὲ
1303 2445 1450 2481 παιδευτὴς
1471 2446 1604 2481 ἀφρόνων,
1620 2445 1747 2472 διδάσκα·

959 2489 1002 2521 λος
1021 2499 1051 2516 τε
1066 2491 1181 2526 νηπίων.
1204 2491 1251 2519 καὶ
1271 2493 1327 2523 τοῖς
1344 2493 1466 2519 ἐθέλουσι
1490 2491 1642 2527 ἀναμαοεῖν
1660 2491 1690 2518 τὸ
1706 2490 1747 2527 τῷ

957 2535 1031 2571 νόμῳ
1045 2536 1140 2563 δοκοῦν
1155 2536 1261 2572 ἀληθής
1275 2546 1303 2564 τε
1316 2539 1363 2564 καὶ
1383 2538 1584 2569 ἀπλανέστατος
1598 2536 1744 2572 ἐξηγητὴς,

957 2583 1005 2617 οὺχ
1029 2582 1146 2617 ἑτέρωσέ
1164 2591 1208 2609 ποι
1231 2584 1410 2620 μετατρέπων
1425 2584 1478 2610 τῶν
1494 2584 1573 2610 θεῖων
1588 2584 1686 2618 λογίων
1700 2582 1745 2610 τὸν

958 2627 1029 2658 νοῦν,
1045 2627 1105 2654 οὔτε
1129 2628 1182 2664 μὴν
1204 2628 1338 2655 διδάσκων
1361 2639 1369 2655 ι
1386 2629 1576 2661 διδασκαλίας,
1593 2628 1745 2663 ἐντάλματα

958 2673 1123 2709 ἀνθρώπων
1142 2685 1150 2700 ι
1170 2675 1238 2707 ἀλλ’,
1253 2673 1309 2702 οἷον
1326 2676 1440 2709 ἄγγελος
1457 2676 1536 2709 Θεοῦ,
1551 2675 1746 2703 διαλευκαίνων

970 2761 990 2777 ¹⁰
1005 2760 1056 2788 I-a.
1075 2769 1148 2795 χιιι,
1164 2761 1217 2793 l3;
1239 2761 1291 2789 Mat
1307 2763 1330 2789 II.
1347 2771 1389 2793 xv,
1407 2763 1432 2789 9.
