1918 3054
2 87 12 114 ll

44 108 97 136 5I5

43 212 301 247 χρησμῳδούμενον.
331 213 508 248 Ἀπαγγέλλει
536 215 589 251 γὰρ
616 217 647 243 οὗ
674 218 705 244 τὺ
731 219 829 245 οἰκεῖον

44 257 161 293 Θέλημα,
174 258 236 285 οὔτε
253 258 305 294 μὴν
317 260 379 292 τοὺς
392 260 445 286 ἀπὸ
460 261 587 293 γνώσεως
608 263 675 294 ἰδίας
688 264 828 298 ἐρεύγεται

3 310 4 318 π
43 303 150 337 λόγους.
166 304 298 339 ὑπηρετεῖ
307 305 335 331 δὲ
351 305 449 340 μᾶλλον
460 307 634 340 Δεσποτικοῖς
651 308 826 344 θεσπίσμασι.

1 356 3 365 ν
42 348 128 382 duim
147 348 171 374 δ’
184 348 228 380 ἂν,
246 349 286 376 ὅτι
302 349 349 376 καὶ
364 350 461 384 ἀληθὲς
473 351 502 377 ὲν
519 351 623 384 τούτοις
640 351 670 378 τὸ
685 353 828 388 εἰρημένον

43 394 70 420 ὲν
88 394 174 429 βίϐλῳ
195 395 370 429 Παροιμιῶνο
389 405 397 420 ι
414 396 554 432 Θησαυρὸς
580 397 747 433 ἐπιθυμητὴς
764 399 828 425 ἀνα-

42 441 177 467 παύσεται
200 441 244 468 ἐπὶ
267 441 399 477 στόματος
422 443 518 477 σοφοῦ,
543 444 659 478 ἄφρονες
683 445 712 471 δὲ
732 445 828 481 ἄνδρες

41 487 220 513 καταπίονται
244 487 334 515 αὐτόν.
354 497 362 513 ι
389 488 460 523 Πρὸς
485 488 596 516 ἐπαίνου
621 489 642 515 δ’
667 490 700 516 ἂν
724 490 828 524 γένοιτο

18 559 22 572 ἶ
41 533 96 563 τοῖς
114 533 316 566 ἀπαγγέλλουσί
331 542 356 559 τι
376 534 451 570 παρὰ
466 533 543 568 Θεοῦ,
562 535 592 561 τὺ
608 535 690 570 μηδὲν
704 533 745 568 οἷς
758 537 827 572 ἀκη-

41 578 119 604 κόασι
137 579 311 614 προστιθέναι
327 579 434 611 πλεῖον,
452 580 520 615 μήτε
541 580 752 616 μὴν-ὑφαίρεσίν
766 590 826 608 τινα

42 623 175 650 ποιεῖσθαι
186 624 297 660 τολμᾷν,
306 624 384 651 τοῦτό
395 634 435 651 τοι
454 626 552 662 μικροῦ
565 627 703 659 παντελῶς
720 627 826 660 ἀξιοῦν-

41 675 84 699 τες
98 667 190 702 λόγου.
216 669 257 695 Τὰ
272 669 325 696 τῶν
344 670 498 705 Φαρισαίων
520 671 615 699 ἀνόσια
638 673 720 708 στ’ῖφη
741 673 824 709 λήρου

41 713 80 744 εἰς
101 714 181 740 τοῦτο
205 715 371 742 κατώλισθον
393 717 526 751 ἀμαθῶς,
556 718 593 750 ὠς
615 718 751 745 διδάσκειν
777 719 826 754 μὲν

40 758 221 791 διδασκαλίας,
235 761 389 796 ἐντάλματα
398 761 555 797 ἀνθρώπων,
570 763 616 790 καὶ
626 763 669 790 διὰ
686 764 713 790 δέ.
729 773 761 798 γε
776 764 826 800 τὴν

42 805 115 838 σφῶν
127 807 276 841 παράδοσιν
288 807 338 839 τὰς
354 808 428 840 θείας
441 808 560 843 ἀκυροῦν
577 809 695 842 ἐντολάς.
706 810 825 838 Τοιαῦτα

47 896 181 932 Ἀσφαλὴς
192 895 239 924 οῦν
252 898 266 924 ὁ
277 899 374 933 νόμος·
392 899 443 934 ἔφη
458 900 511 935 γάρ
528 909 579 926 που
597 901 660 936 περὶ
674 901 728 928 τῶν
744 901 823 928 Θείων

40 942 146 975 λογίων,
171 943 202 970 τὸ
226 944 269 970 ἐπ’
291 944 381 972 αὐτῶν
402 945 495 972 οὐκέτι
520 946 687 982 προσθεῖναι,
710 947 757 974 καὶ
777 948 825 974 ἀπ’

40 987 128 1014 αὐτῶν
149 989 198 1015 οὐκ
220 989 292 1016 ἔστιν
311 990 430 1024 ἀφελεῖν.
446 991 596 1024 Φυλάξεται
612 993 702 1019 τοίνυν
718 993 770 1019 τῶν
789 994 825 1020 ἱε-

41 1032 109 1067 ρέων
132 1033 166 1060 τὰ
194 1035 270 1070 χείλη
299 1035 348 1070 τὴν
364 1035 411 1062 τοῦ
434 1036 516 1071 νόμου
540 1038 651 1071 γνῶσιν,
675 1038 721 1064 καὶ
743 1039 824 1065 αὑτὸν

40 1078 204 1111 ἀπαγγέλλει
219 1080 374 1114 προστιθεὶς
390 1080 477 1108 οὐδέν.
487 1081 578 1117 Ταύτῃ
594 1091 634 1108 τοι
647 1082 693 1109 καὶ
707 1082 823 1117 ἅγγελος

41 1170 86 1196 καὶ
97 1170 178 1204 νόμον
194 1169 249 1205 ἔχει
265 1170 314 1205 τῆς
326 1170 448 1205 γλώττης
461 1171 490 1197 τὸ
506 1171 620 1207 κίνημα.

80 1234 170 1268 Ὑμεῖς
183 1234 217 1261 δὲ
228 1235 400 1267 ἑξεκλίνατε
411 1235 445 1263 ἐκ
461 1236 516 1271 τῆς
533 1236 615 1268 ὀδοῦ,
630 1235 679 1264 καὶ
691 1237 823 1272 ἠσθενή-

41 1288 112 1308 σατε
130 1281 266 1313 πολλοὺς
281 1282 316 1308 ἐν
332 1283 412 1317 νόμῳ
423 1302 430 1314 ,
452 1282 633 1317 διεφθείρατε
650 1283 707 1317 τὴν
728 1283 827 1317 διαθή-

41 1335 98 1359 κην
109 1326 160 1353 τοῦ
177 1327 258 1359 Λευὶ,
274 1327 355 1362 ,λέγει
373 1329 481 1363 Κύριος
501 1329 724 1363 παντοκράτωρ.

75 1383 136 1410 Κῐ“’,
157 1383 380 1420 Ἀντιπαρεξάγει
395 1386 493 1421 τρόπον
508 1387 568 1413 τινὰ
580 1388 639 1418 ταῖς
651 1387 704 1414 τῶν
720 1387 826 1414 εὐδοκί-

18 1464 22 1474 V
42 1438 98 1462 μων
117 1430 278 1462 ὲπιεικείαις
300 1431 334 1457 τὰ
355 1431 409 1457 τῶν
429 1431 559 1467 ῥᾳθύμων
578 1432 758 1467 ἐγκλήματα,
777 1435 825 1460 καὶ

40 1476 98 1506 ταῖς
125 1475 178 1502 τῶν
203 1477 353 1511 ἀμεινόνων
380 1478 626 1513 ἀντιπαραθέσεσιν
659 1478 767 1514 ἐλέγχει
795 1479 826 1506 τὸ

5 111 12 155 ς
44 111 97 136 5ίὸ
473 111 749 142 COMMENTARIUS
766 114 798 142 IN
819 115 1023 146 MALACHIAM
1042 119 1264 150 PROPHETAM.

0 149 10 209 ii
44 163 73 194 ιῦ
90 167 163 201 μάλα
179 166 234 199 τοῖς
255 161 308 194 est
330 167 408 204 χετρα
429 168 503 202 λαοῖς
519 170 549 196 τὺ
569 171 696 207 ἀμυδρῶς
713 172 768 199 ἔσθ’
783 174 827 200 ὅτε

882 175 950 202 riora
967 176 1099 205 interdum
1115 178 1267 207 divinarum
1283 178 1365 215 839
1383 178 1584 213 Scripturarum
1598 182 1669 209 diluo

1617 124 1669 154 5H

880 220 1025 250 cidantem.
1038 222 1096 250 Non
1113 225 1184 251 enim
1202 233 1279 252 suam
1296 225 1462 252 voluntatem
1481 226 1604 258 nuntiat,
1619 234 1667 255 nec

879 274 934 293 suae
951 269 1110 302 cognitionis
1127 277 1158 297 ac
1175 271 1294 298 scientia:
1311 278 1451 298 sermones
1468 275 1574 299 eructat
1591 281 1600 300 :
1618 272 1666 300 sed

880 313 968 346 potius
990 314 1134 342 Dominicis
1154 316 1270 343 oraculis
1292 316 1413 343 inservit.
1436 317 1555 344 Dixerim
1585 325 1665 351 porro

879 357 960 384 etiam
975 359 1000 385 in
1016 360 1057 386 his
1068 367 1159 387 verum
1182 361 1291 395 reperiri
1304 362 1374 395 quod
1390 362 1414 388 in
1430 361 1499 388 libro
1511 362 1667 390 Proverbia-

879 409 936 429 rttm
951 407 1058 430 exstat:
1074 412 1084 429 ι
1099 404 1253 431 Thesaurns
1267 405 1454 432 desiderabilis
1468 407 1622 440 requiescet
1638 406 1664 433 in

878 455 925 474 ore
938 449 1076 482 sapientis:
1089 448 1162 476 stulti
1174 453 1262 475 autem
1275 450 1323 476 viri
1337 450 1502 476 tlevorabuut
1513 450 1585 476 illum
1597 450 1616 466 ι’
1625 471 1632 477 .
1653 460 1661 476 ι

879 494 944 521 Nam
966 495 1028 521 illud
1050 495 1082 521 ad
1106 495 1210 522 laudent
1233 495 1277 522 Dei
1303 495 1410 522 nomine
1433 496 1570 529 quidpiam
1596 505 1665 521 nun-

879 540 998 567 tiantium
1016 541 1144 574 pertinet,
1159 541 1228 575 quod
1247 540 1313 567 nihil
1329 541 1427 567 auditis
1444 545 1599 574 apponunt,
1615 548 1664 567 nec

877 586 976 620 aliquid
993 586 1153 613 subtrahere
1167 587 1284 618 audent,
1297 587 1368 621 quod
1387 586 1492 613 scilicet
1510 585 1535 612 id
1552 587 1665 612 omnino

877 632 951 666 parvi
967 633 1110 660 aestiment.
1124 632 1320 659 Pharisaeorum
1343 633 1422 666 impia
1439 633 1516 659 turba
1533 640 1565 658 eo
1581 633 1663 665 impe-

877 678 946 705 ritia:
961 679 1084 710 devenit.
1098 683 1127 705 ut
1141 678 1249 705 doceret
1264 678 1415 710 doctrinas,
1432 678 1557 704 mandata
1579 677 1667 704 Immi-

877 730 954 756 num,
971 726 997 749 ct
1016 727 1126 757 propter
1146 730 1222 750 suam
1244 723 1414 750 traditionem
1438 722 1482 749 Dei
1507 722 1665 748 maudatum

876 768 980 795 irritum
997 768 1138 796 faceret”.
1151 769 1177 796 In
1192 769 1243 796 hoc
1258 769 1330 795 enim
1346 769 1448 796 crimen
1464 768 1589 795 Christus
1603 768 1666 794 illos

876 814 990 840 vocavit.
1007 814 1074 841 Tuta
1098 820 1140 842 est
1161 815 1241 848 igitur
1260 815 1317 846 lex,
1332 822 1391 848 quzc
1412 814 1528 849 quodam
1551 814 1609 840 loco
1632 814 1665 840 de

20 858 25 869 ι
41 850 92 885 γὰρ
106 851 218 885 γέγονεν
228 853 269 878 ἐπ’
286 854 377 884 αὐτοῖς
390 854 465 888 παρὰ
476 854 594 890 Χριστοῦ
605 855 637 881 τὰ
651 855 822 891 ἐγκλήματα.

882 858 975 886 livinis
988 859 1102 886 oraculis
1117 859 1215 891 sanxit,
1229 867 1279 885 non
1295 859 1456 890 addendum,
1470 867 1518 885 nec
1531 858 1661 885 auferen-

877 905 973 931 dum”.
985 904 1142 932 Custodienl
1151 905 1232 940 igitur
1242 905 1311 932 labia
1320 904 1614 932 sacerdotisscientiam
1630 902 1663 919 ¹³¹¹

874 949 950 984 legis,
959 958 1038 984 quam
1050 952 1210 978 annuntians
1223 952 1289 978 nihil
1299 951 1382 978 addit.
1394 951 1495 977 Idcirco
1508 954 1533 976 et
1545 949 1658 983 angelus

875 995 920 1022 Dei
938 996 1130 1030 omnipotentis
1147 997 1293 1031 appellatus
1313 1002 1368 1027 est,
1389 997 1513 1029 quamvis
1532 1000 1657 1021 naturam

873 1039 1017 1067 humanam
1033 1046 1118 1075 gerat,
1131 1042 1255 1075 quoniam
1269 1041 1434 1068 voluntatem
1449 1040 1494 1067 Dei
1513 1039 1659 1074 perspicue

873 1091 995 1116 nuntiat.
1007 1091 1034 1112 et
1048 1086 1132 1121 legem
1148 1087 1282 1114 sermonis
1296 1087 1470 1113 hortatricem
1485 1085 1574 1112 habet.

20 1163 23 1167 Ι
39 1123 198 1158 ὀνομάζεται
215 1125 318 1159 Κυρίου
333 1126 564 1161 παντοκράτορος,
577 1128 664 1154 καίτοι
681 1127 730 1163 τὴν
743 1128 822 1163 φύσιν
840 1129 982 1165 ἅνθρωπος
994 1131 1042 1164 ὢν,
1072 1133 1112 1158 ὅτι
1127 1132 1165 1168 τῷ
1182 1132 1242 1168 Θεῷ
1269 1132 1363 1159 δοκοῦν
1378 1131 1544 1166 ἀπαγγέλλει
1559 1130 1663 1164 σαφῶς,

910 1238 989 1265 Vens.
1006 1240 1033 1267 8.
1050 1238 1100 1266 Vos
1120 1244 1208 1265 autem
1228 1239 1381 1265 dcc/inustis
1399 1247 1413 1264 α
1430 1239 1488 1270 via,
1504 1244 1526 1265 et
1546 1239 1665 1272 inﬁrmos

874 1284 969 1318 fecistis
982 1284 1073 1311 multos
1090 1285 1116 1310 in
1132 1284 1201 1319 lege,
1217 1285 1370 1319 corrupistis
1385 1288 1569 1311 testamentum
1586 1284 1663 1317 Levi,

873 1331 936 1357 dicit
953 1329 1079 1356 Dominus
1093 1331 1268 1362 omnipotens.

908 1387 1003 1414 XXIII.
1026 1387 1209 1415 Laudatorum
1236 1389 1363 1423 probitati
1393 1388 1522 1415 inertium
1551 1388 1664 1415 crimina

879 1437 1006 1467 tauquam
1023 1433 1048 1459 in
1062 1433 1120 1460 acie
1132 1433 1242 1460 adversa
1256 1434 1362 1464 statuit,
1376 1433 1569 1467 melior-umque
1581 1440 1666 1468 oppo-

879 1479 977 1506 sitione
997 1479 1080 1505 malos
1100 1479 1231 1513 coarguit.
1250 1478 1325 1506 Sicut
1341 1479 1412 1506 enim
1433 1478 1475 1505 lux
1495 1479 1521 1505 in
1541 1479 1665 1506 tenebris

43 1519 150 1554 φαῦλον.
161 1521 267 1556 ’Ὠσπερ
283 1522 337 1557 γὰρ
350 1522 380 1548 τὸ
394 1523 451 1557 φῶς
463 1524 491 1549 ὲν
506 1523 594 1550 σκότει
608 1524 708 1558 φαίνει,
727 1525 826 1551 «τελεῖ-

882 1529 990 1559 appnrct
1014 1525 1114 1559 magis,
1139 1535 1147 1550 ι
1173 1529 1199 1551 et
1222 1525 1305 1550 virtus
1329 1525 1354 1550 iu
1377 1523 1535 1550 inﬁrmitate
1558 1524 1665 1557 perﬁci-

42 1574 86 1592 ται
108 1566 135 1593 δὲ
161 1568 190 1592 ὲν
210 1567 363 1599 ἀσθενείαις
389 1569 405 1603 ὴ
429 1568 559 1603 δύναμις·
577 1579 586 1595 ι
617 1569 687 1597 οὕτω
709 1571 757 1597 καὶ
777 1570 826 1605 τῆς

41 1611 142 1647 ἀρετῆς
164 1613 194 1638 τὸ
212 1613 310 1645 κάλλος
324 1614 524 1650 ἐκφανεστέραν
537 1615 592 1650 ἔχει
606 1615 654 1650 τὴν
671 1616 759 1642 είδὲαν
776 1616 825 1650 (I),

43 1659 66 1684 εί
79 1658 111 1694 δὴ
133 1659 298 1694 παρακέοιτὸ
316 1667 357 1698 τις
375 1660 511 1695 φαυλότης
530 1660 546 1695 ἢ
569 1661 701 1696 ἁμαρτία.
723 1661 827 1689 Οὐκοῦν

43 1705 184 1731 διεϐίωσαν
203 1705 252 1740 μέν
266 1714 338 1738 τινες
355 1707 574 1741 ίεροπρεπῶς,ὲν
585 1707 680 1743 εἰρήνῃ
696 1707 828 1734 κατευθύ-

43 1758 132 1781 νειντες
148 1750 261 1783 ἑαυτούς
277 1759 306 1777 τε
322 1753 368 1778 καὶ
383 1752 503 1787 ἑτέρους,
516 1753 562 1779 καὶ
579 1750 649 1788 ἦσαν
664 1753 733 1788 μετὰ
746 1753 827 1785 Θεοῦ,

43 1796 89 1822 καὶ
109 1796 226 1828 πολλοὺς
247 1797 418 1832 ἐπέστρεψαν
437 1798 490 1824 ἀπὸ
515 1798 631 1830 ἀδικίας.
653 1799 828 1835 Πειρορήκασι

13 1838 23 1862 η’
41 1842 94 1878 γὰρ
116 1844 146 1869 ὲν
168 1843 248 1879 χερσὶ
270 1843 380 1877 γνῶσιν,
405 1843 453 1870 καὶ
479 1843 604 1878 ἀκριϐεῖς
624 1845 751 1877 γεγόνασι
774 1844 829 1870 τῶν

43 1889 122 1915 ὑείων
138 1889 229 1924 νόμων
243 1885 418 1925 ἓρμηνευταί.
434 1890 466 1916 Θὶ
480 1890 508 1916 δὲ
519 1889 550 1925 δὴ
566 1891 624 1924 μετ’
638 1890 769 1922 ἐκείνους,
780 1891 828 1917 καὶ

43 1935 110 1971 προς
123 1934 171 1967 οὓς
192 1936 206 1962 ὁ
227 1935 303 1970 λόγος
315 1956 322 1967 ,
338 1936 528 1962 ἐκκεκλίκασιν
545 1937 575 1962 ὲκ
592 1936 640 1971 τῆς
656 1936 716 1963 ὀδοῦ
729 1956 735 1967 ,
756 1945 828 1972 παρ-

42 1980 155 2007 ώλισθον
170 1981 225 2016 γὰρ
235 1981 282 2007 τοῦ
296 1981 409 2014 εἰκότος,
421 1983 491 2016 σφᾶς
504 1990 533 2008 τε
548 1982 646 2014 αὐτοὺς
657 1982 704 2008 καὶ¹
713 1982 825 2017 ἐτέρους

41 2023 71 2050 οὐ
88 2024 209 2059 μετρίως
232 2024 398 2059 ἠδικήκασι,
422 2025 470 2052 καὶ
493 2026 607 2058 πολλοὺς
632 2026 784 2062 ἡπΟένησαν
801 2027 830 2053 ὲν

42 2069 126 2105 νόμῳ,
144 2070 299 2103 τουτέστιν,
315 2071 437 2103 ἀσθενεῖς
461 2072 509 2098 καὶ
525 2072 741 2107 ἁδρανεστάτους
764 2073 831 2099 ἀπο-

15 2136 24 2146 ,
42 2115 199 2142 τετελέκασι
215 2115 278 2151 περί
301 2124 333 2150 γε
351 2116 380 2143 τὸ
395 2117 450 2143 δεῖν
465 2117 573 2144 ἑλέσθαι
601 2117 675 2152 βιοῦν
697 2118 829 2152 ἐννόμως.

41 2161 74 2187 Εἰ
96 2161 153 2197 γὰρ
174 2161 227 2193 ἔξω
242 2161 289 2188 τοῦ
309 2161 460 2197 πρέποντος
485 2163 586 2197 οἴχεται
610 2162 641 2188 τὸ
664 2162 829 2198 ἡγούμενον,

880 1572 922 1594 tur
934 1567 956 1583 ιδ
973 1577 979 1594 :
1002 1577 1011 1593 ι
1032 1568 1067 1594 ita
1083 1568 1191 1595 virtutis
1207 1568 1355 1602 elegantia.
1371 1568 1393 1594 si
1412 1575 1462 1602 qua
1483 1568 1601 1602 nequitia
1620 1572 1667 1595 aut

880 1619 1017 1647 peceatum
1033 1612 1114 1640 fuerit
1127 1621 1141 1640 e
1158 1614 1266 1649 regione
1279 1614 1405 1641 collatum
1419 1634 1426 1646 ,
1441 1614 1607 1648 splendidior
1619 1621 1667 1648 ap-

880 1663 964 1692 paret.
979 1659 1068 1691 Quare
1083 1659 1190 1694 quidam
1200 1680 1207 1692 ,
1223 1665 1251 1686 ttt
1266 1659 1455 1687 sacerdotibus
1470 1660 1596 1686 decorum
1609 1664 1665 1693 est,

879 1705 962 1731 vitam
980 1704 1158 1735 transierunt,
1173 1705 1198 1731 in
1215 1712 1280 1739 pace
1293 1705 1453 1739 semetipsos
1469 1705 1590 1738 aliosque
1602 1705 1668 1731 diri-

881 1754 988 1785 gentes.
1006 1755 1033 1777 et
1049 1755 1125 1776 erant
1141 1759 1202 1778 cum
1222 1750 1291 1782 Deo,
1309 1755 1336 1778 et
1354 1751 1455 1778 mttltos
1474 1751 1508 1777 ab
1526 1751 1668 1785 iniquitate

881 1799 1081 1822 converterunt.
1093 1795 1236 1823 Portabant
1247 1796 1317 1822 enim
1332 1795 1473 1823 scientiam
1490 1796 1516 1822 in
1531 1796 1666 1827 manibus.

882 1841 1042 1875 divitiasque
1060 1842 1131 1876 leges
1149 1842 1265 1869 ﬁdeliter
1284 1842 1540 1877 interpretabantur.
1559 1841 1666 1868 Illorum

882 1891 970 1913 autem
986 1894 1168 1918 successores,
1183 1888 1214 1913 ad
1228 1895 1296 1922 quos
1310 1889 1392 1915 etiam
1409 1892 1450 1915 est
1465 1895 1565 1919 sermo,
1579 1889 1612 1914 de
1624 1888 1667 1914 via

883 1932 1063 1964 deﬂexerunt,
1080 1940 1111 1960 ac
1128 1933 1160 1960 de
1177 1940 1208 1959 eo
1224 1935 1292 1967 quod
1311 1939 1524 1970 consentaneum
1547 1939 1605 1960 erat
1622 1935 1669 1961 de-

883 1977 959 2011 lapsi,
974 1977 1008 2004 ibi
1024 1978 1174 2012 semetipsis
1188 1977 1301 2011 aliisque
1316 1987 1368 2006 non
1383 1979 1557 2006 mediocriter
1569 1986 1668 2006 nocue-

884 2028 958 2053 runt.
974 2028 1001 2050 et
1020 2031 1071 2049 non
1090 2030 1189 2057 paucos
1211 2023 1237 2048 in
1259 2023 1315 2057 lege
1338 2024 1522 2055 inlirmaruut,
1539 2025 1589 2051 hoc
1610 2028 1667 2055 est.

884 2068 1031 2096 imbecilles
1047 2074 1073 2096 et
1088 2068 1306 2103 languidissimos
1323 2070 1356 2096 ad
1374 2071 1455 2097 vitam
1478 2070 1581 2105 legibus
1601 2077 1668 2097 con-

885 2123 978 2143 sonam
1001 2115 1184 2142 reddiderunt.
1198 2114 1265 2142 Nam
1287 2115 1308 2142 si
1329 2116 1374 2150 qui
1396 2123 1515 2151 pnes-unt
1535 2125 1549 2143 a
1570 2116 1669 2144 decoro

885 2161 1057 2188 transversim
1072 2161 1185 2193 abeant,
1197 2160 1332 2194 quomodo
1347 2162 1475 2189 credibile
1488 2168 1529 2189 est
1547 2163 1591 2196 qui
1606 2162 1670 2189 sub-

43 2206 100 2238 πῶς
113 2205 149 2242 ἦν
162 2207 235 2239 εἰκὸς
251 2207 288 2243 μὴ
303 2207 363 2242 οὐχὶ
377 2207 464 2242 πάντη
477 2216 507 2234 τε
522 2208 569 2234 καὶ
585 2208 693 2240 πάντως
710 2217 827 2235 συναπο-

885 2212 958 2238 sunt.
969 2215 1020 2234 non
1039 2207 1126 2234 modis
1144 2207 1270 2235 omnibus
1285 2207 1364 2234 simul
1381 2207 1474 2240 ituros,
1490 2213 1517 2235 et
1533 2209 1577 2242 qui
1595 2212 1670 2235 sorte

43 2252 170 2288 φοιτῆσαι
185 2254 216 2280 τὸ
231 2254 360 2290 ὑπήκοον,
371 2253 419 2280 καὶ
433 2254 489 2285 τοῖς
504 2253 653 2289 προῦχουσι
671 2254 833 2288 συγκατολι-

44 2299 115 2326 σϐεῖν
129 2299 161 2326 τὸ
176 2300 205 2325 ἐν
221 2300 303 2335 μοίρᾳ
316 2301 349 2335 τῇ
365 2299 574 2335 καταδεεστέρᾳ,
589 2300 638 2326 καὶ
662 2299 700 2331 ὡς
721 2300 750 2326 ἐν
774 2308 834 2326 συν-

43 2346 99 2372 έσει
122 2345 380 2381 μειονεκτούμενονς
396 2346 501 2381 Ὥσπερ
522 2345 577 2381 γὰρ
595 2345 705 2380 ἕννομός
728 2354 758 2372 τε
786 2346 834 2373 καὶ

42 2392 114 2424 ὅσιος
131 2392 222 2427 ίερεὺς
239 2391 360 2427 μιμητὰς
375 2391 520 2427 ἐργάζεται
531 2391 585 2418 τῶν
603 2391 677 2418 ἰδίων
694 2391 832 2426 κατορθω-

44 2437 139 2472 μάτων
154 2438 219 2469 τοὺς
233 2437 285 2464 ὑπὸ
300 2438 379 2472 χεῖρα
400 2437 480 2469 λαούς
490 2445 496 2451 ·
508 2437 579 2463 οὕτω
595 2436 642 2463 καὶ
654 2436 685 2463 τὸ
699 2437 831 2463 ἐναντίον.

44 2484 72 2509 Ei
96 2483 153 2519 γὰρ
176 2483 254 2509 αὐτοὶ
278 2483 459 2517 διεφθάρκασι
475 2482 524 2518 τὴν
551 2482 671 2508 διάθεσιν
686 2481 733 2509 τοῦ
757 2483 834 2514 Λευὶ,

43 2528 100 2559 πῶς
115 2526 150 2564 ἦν
166 2528 241 2559 εἰκὸς
255 2527 319 2559 τοὺς
341 2529 405 2563 παρ’
419 2527 508 2554 αὐτῶν
523 2527 834 2563 μεμυσταγωγημένους

0 2590 10 2600 .
44 2574 142 2600 σετιτδν
157 2573 285 2609 ἡγεῖσθαι
298 2573 343 2600 τὸν
355 2573 436 2608 νόμον
447 2582 454 2606 ;

0 2738 20 2750 ι.

76 2631 132 2658 Kal,
164 2629 222 2665 ἐγὼ
252 2629 368 2656 δέδωκα
402 2628 479 2664 ὑμᾶς
507 2627 765 2663 ἐξουδενωμένους
791 2629 834 2660 εὶς

98 2719 118 2735 ¹¹
139 2719 221 2752 Prov,
235 2726 293 2750 xxI,
309 2717 353 2744 νο.
411 2718 432 2734 ¹¹
452 2717 546 2744 Matth.
564 2725 606 2750 κν,
623 2717 680 2744 6-9.

81 2810 118 2841 (Η
134 2809 284 2840 Λιιὺρτιυε,
302 2805 414 2833 ἔνδειαν.
438 2805 514 2832 Enn.

721 2717 742 2732 "
761 2716 835 2744 Deut.
853 2725 888 2750 Iv,
902 2717 927 2743 2.

885 2251 968 2288 840
983 2252 1125 2279 inferiores
1139 2256 1216 2284 sunt,
1228 2257 1256 2280 et
1270 2252 1446 2286 intelligentia
1463 2253 1550 2280 minus
1563 2253 1668 2286 valent,

886 2306 946 2324 cum
967 2299 1191 2326 eminentioribus
1211 2306 1262 2326 una
1283 2298 1422 2333 lapsuros?
1440 2298 1669 2331 Quemadmodum

886 2343 957 2369 enim
971 2345 1098 2371 sacerdos
1114 2344 1201 2379 legum
1217 2344 1365 2371 observans
1378 2348 1404 2370 et
1419 2347 1528 2370 sanctus
1544 2344 1670 2378 populum

887 2388 937 2416 sibi
959 2389 1109 2422 subjectum
1128 2398 1237 2418 suorum
1262 2395 1336 2418 recte
1354 2390 1485 2417 factorum
1507 2389 1670 2417 imitatorem

888 2432 969 2461 ellicit
981 2455 988 2467 ,
1002 2436 1039 2461 ita
1054 2439 1158 2462 contra.
1172 2436 1199 2462 Si
1216 2436 1286 2462 enim
1303 2435 1353 2470 ipsi
1367 2434 1578 2468 corrumpebant
1590 2438 1672 2460 testa-

889 2485 1007 2507 mentum
1027 2480 1103 2514 Levi,
1117 2481 1251 2516 quomodo
1269 2482 1302 2508 ab
1325 2481 1358 2508 iis
1379 2481 1405 2508 in
1428 2480 1512 2507 sacris
1533 2479 1672 2506 institutos

888 2526 973 2560 legem
991 2528 1169 2555 venerabilem
1187 2528 1283 2555 dueere.
1298 2532 1358 2555 erat
1371 2526 1532 2554 verisimile?

926 2626 1005 2654 Vens.
1020 2627 1045 2654 9.
1062 2626 1096 2654 Et
1111 2636 1156 2662 ego
1174 2628 1233 2654 dedi
1256 2636 1298 2654 ιιοι
1320 2626 1523 2661 contemptibile:
1541 2627 1568 2652 in
1585 2632 1674 2652 omnes

979 2717 1092 2744 Malacb.
1109 2725 1138 2749 Il,
1151 2716 1178 2743 7.
1235 2717 1256 2732 ⁸⁸
1274 2716 1294 2743 ιι
1308 2717 1368 2744 Cor.
1384 2725 1430 2749 xu,
1454 2716 1480 2742 9.
