1911 3053
76 167 138 195 9ὶ¹1

669 167 847 195 COMMENT.
869 166 901 192 IN
923 165 1052 194 LUCAM.

1654 152 1721 186 ’ῦίὲι

75 227 193 255 ἔστειλα
210 227 282 263 ὑμᾶς
299 227 382 262 χωρὶς
399 227 552 262 βαλαντίου,
569 227 616 254 καὶ
633 228 733 263 πήρας,
749 229 796 254 καὶ
811 229 873 254 ὑπο-

931 227 1053 254 lixerunt
1073 235 1079 253 :
1106 223 1183 252 nihil.
1209 233 1220 250 ι
1238 222 1347 251 Miserat
1362 223 1433 249 enim
1451 222 1581 249 Servator
1603 224 1722 247 sanctos-

75 271 227 308 δημάτων,
246 273 282 308 μή
303 281 375 304 τινος
391 273 577 308 ὐστερήσατε;
595 273 625 298 Οἱ
642 273 670 299 δὲ
685 270 778 299 εἶπον*
795 272 843 300 Οὔ.
861 283 869 298 ι

77 317 219 354 Πέπομφε
239 319 286 354 μὲν
299 319 354 354 γὰρ
370 319 383 345 ὁ
396 318 490 353 Σωτὴρ
503 318 566 349 τοὺς
578 318 673 352 ἁγίους
695 313 871 354 ἀποστόλουξ,

77 364 236 399 κηρύσσειν
259 365 349 395 αὐτοῖς
365 364 495 397 ἐπιτάξας
509 364 565 394 τοῖς
586 364 637 390 ἀνὰ
660 364 751 390 πᾶσαν
775 353 873 398 κώμην

76 418 113 436 τε
129 411 177 436 καὶ
192 410 268 436 πόλιν
284 410 314 436 τὸ
327 410 491 445 Εὑαγγέλιον
511 411 560 445 τῆς
577 409 714 444 βασιλείας
726 409 780 436 τῶν
794 410 874 444 οὐρα-

78 456 150 489 νῶν,
166 457 213 483 καὶ
236 456 400 492 Θεραπεύειν
418 457 508 483 πᾶσαν
528 457 604 482 νόσον
620 456 667 482 καὶ
683 457 772 482 πᾶσαν
788 456 874 490 μαλα-

80 503 151 529 κίαν
164 504 193 529 ὲν
205 503 243 538 τῷ
255 503 325 538 λαᾷν
338 503 464 530 ἐκέλευσε
476 503 504 529 δὲ
517 503 671 538 βαδίζοντας
687 502 800 538 μηδενὸς
816 502 875 529 ,τῶν

81 548 252 582 σωματικῶν
267 548 402 575 ποιεῖσθαι
422 548 551 583 φροντίδα
563 556 570 563 '
591 549 634 574 ἐπ’
647 548 721 583 αὐτῷ
740 549 768 574 δὲ
785 549 875 574 πᾶσαν

80 594 200 628 ἔχοντας
217 593 262 620 τοῦ
288 594 336 628 ζῇν
361 594 410 629 τὴν
435 594 530 621 ἐλπίδα
547 595 733 629 περινοστεῖν*
749 593 763 620 ὂ
783 594 814 630 δὴ
829 595 876 620 καὶ

76 641 274 676 πεπράχασιν.
288 641 369 668 Ἀλλὰ
381 641 437 673 νῦν,
455 641 547 675 φησὶν,
565 650 574 666 ι
585 640 614 667 ’0
628 640 697 676 ἔχων
723 640 873 676 βαλάντιον,

80 685 181 720 ἀράτω
198 685 244 712 καὶ
260 687 350 722 πήραν
373 686 481 721 ὁμοίως.
499 696 508 712 ›
532 686 586 712 Καὶ
599 686 626 712 τί
640 686 671 722 δὴ
693 685 771 713 τοῦτό
790 686 874 719 ἐστιν,

81 731 204 766 ἐροῦμεν
216 741 222 747 ·
238 732 426 767 ὲσχηματίσθη
447 732 496 767 μὲν
514 733 526 758 ὀ
543 732 621 767 λόγος
633 733 671 764 ὡς
687 733 754 767 πρὸς
765 732 874 764 αὐτοὺς,

82 776 183 810 βλέπει
209 776 236 803 δὲ
258 776 328 803 κατὰ
353 776 382 803 τὺ
405 776 504 812 ἀληθὲς
529 778 568 809 είς
583 777 613 803 τὸ
626 776 725 808 παντὸς
747 776 875 802 Ἰουδαίου

81 821 245 856 πρόσωπον.
271 822 367 853 Αὐτοῖς
387 822 441 857 γὰρ
467 822 565 856 μᾶλλον
579 822 732 856 διαλέγεται
747 821 874 857 Χριστός.

81 867 121 893 ΕΞ
133 875 177 898 τις
192 867 256 902 γὰρ,
274 867 366 901 φησὶν,
382 867 493 903 εὐπορεῖ
511 868 660 903 χρημάτων
675 868 745 894 κατὰ
763 867 810 903 τὴν
822 867 876 894 τῶν

924 272 1069 307 apostolos,
1086 271 1234 306 praedicare
1249 269 1380 296 mandans
1395 268 1421 295 in
1436 267 1508 295 omni
1526 275 1594 302 pago
1605 271 1631 293 et
1646 267 1712 293 urbe

925 318 1098 353 Evangelinm
1125 317 1200 352 regni
1224 317 1375 347 caelorum,
1397 321 1425 343 et
1453 321 1561 342 omnem
1587 313 1711 340 morbum

924 365 1134 399 I.Itigll0femt'[lte
1149 363 1174 390 in
1192 362 1288 397 populo
1302 369 1409 389 curare.
1436 359 1536 386 Euntes
1554 364 1642 386 autem
1655 358 1710 393 jus-

924 410 959 437 sit
969 409 1065 435 nullam
1078 416 1171 443 gerere
1183 407 1361 442 corporalium
1376 414 1467 433 rerum
1481 405 1711 437 sollicitudinem,

925 460 1006 489 atque
1023 454 1047 480 in
1062 462 1090 482 se
1105 461 1158 480 uno
1172 452 1288 487 reposita
1318 452 1406 480 victus
1424 459 1481 486 spe,
1499 451 1637 486 regionem
1651 459 1714 478 con-

924 508 1057 533 cursare;
1081 500 1151 534 quod
1171 504 1197 526 et
1213 507 1307 534 reapse
1332 499 1464 526 fecerunt.
1490 498 1543 525 Sed
1558 505 1627 524 nunc
1646 497 1683 524 ait
1703 506 1710 523 :

928 553 936 568 ι
954 543 1003 576 Qui
1021 543 1102 570 habet
1132 542 1282 574 sacculum,
1298 543 1374 570 tollat
1389 542 1513 569 similiter
1529 548 1555 568 et
1578 549 1680 576 peram.
1702 550 1710 566 ι

925 589 992 622 Quid
1014 593 1104 616 autem
1118 589 1168 616 hoc
1190 588 1233 617 sit.
1248 588 1377 615 dicemus.
1387 587 1488 615 Christi
1499 587 1608 622 quidem
1624 595 1713 614 sermo

925 635 1014 669 specie
1031 640 1106 662 tenus
1120 635 1151 661 ad
1168 634 1304 669 apostolos
1321 635 1359 666 lit,
1374 641 1469 667 reapse
1484 639 1574 660 autem
1598 633 1711 667 respicit

926 679 1139 714 uniuscujusque
1154 679 1240 706 Judaei
1254 686 1410 713 personam.
1424 677 1544 712 Namque
1561 678 1610 704 hos
1625 678 1713 712 potius

926 725 1072 759 alloquitur
1088 725 1222 752 Christus.
1241 725 1267 752 Si
1284 725 1360 760 quis,
1389 724 1486 759 inquit,
1508 723 1604 758 opibus
1627 723 1714 749 abun-

927 771 974 798 dat
994 772 1020 798 in
1037 771 1193 799 Iuda-orum
1213 772 1331 806 regione,
1355 771 1460 799 cunctis
1487 778 1577 797 secum
1606 769 1714 801 ablatis,

929 817 955 843 in
975 818 1056 852 pedes
1080 825 1109 845 sc
1120 818 1253 845 conferat.
1280 818 1308 844 Si
1333 818 1395 852 quis
1424 817 1506 848 item,
1534 816 1645 842 minime
1672 815 1714 842 his

929 863 1067 893 abundat.
1095 863 1141 890 sed
1171 863 1198 890 in
1223 871 1326 891 summa
1349 862 1460 897 penuria
1483 868 1582 889 terram
1601 861 1714 891 habitat.

86 912 229 939 Ἰουδαίων
244 912 351 947 χώραν,
370 912 477 939 ἅπαντα
500 913 679 947 συνενεγκὼν,
698 913 837 948 φευγέτω·
854 915 876 939 εἰ

931 909 973 936 hic
991 915 1097 943 quoque
1109 909 1216 941 vendat,
1234 909 1331 943 inquit,
1357 909 1442 942 ipsum
1463 907 1666 938 vestimentum,
1688 913 1715 932 et.

80 958 115 985 δέ
147 967 187 990 τις
211 959 313 985 τούτων
341 959 390 993 μὲν
413 959 462 985 οὐκ
488 959 608 993 εὐπορεῖ,
625 959 706 994 πενίᾳ
733 959 761 985 δὲ
789 958 876 990 συζῶν

81 1004 188 1040 ἐσχάτῃ
205 1005 253 1040 τὴν
269 1004 360 1039 χώραν
375 1005 454 1034 οίκεῖ,
470 1005 516 1030 καὶ
538 1002 614 1036 οὗτος
631 1005 698 1039 ὅπερ
714 1004 780 1039 ἔχει,
798 1005 876 1039 φησί,

83 1051 242 1086 πωλησάτω
264 1051 375 1085 ἄμφιον,
394 1051 441 1077 καὶ
456 1050 619 1084 ἀγορασάτω
645 1050 877 1086 μάχαιραν.¹Εστι

81 1096 143 1131 γὰρ
157 1096 248 1123 λοιπὸν
263 1096 347 1123 ἅπασι
362 1097 416 1127 τοῖς
430 1095 477 1131 τὴν
492 1095 583 1131 χώραν
600 1096 719 1122 οἰκοῦσιν
732 1097 746 1122 ὁ
757 1096 835 1130 λόγος
846 1097 876 1122 οὐ

83 1142 153 1178 περί
170 1151 203 1176 γε
215 1141 262 1168 τοῦ
277 1142 348 1177 ἐχειν
363 1151 389 1168 τι
403 1141 419 1176 ἧ
435 1142 482 1177 μὴ.
497 1142 566 1168 ἀλλὰ
577 1143 640 1177 περὶ
652 1141 736 1168 αὑτοῦ
750 1142 796 1168 τοῦ
808 1140 878 1168 εἶναι

84 1189 138 1215 καὶ
159 1189 220 1224 ζῇν.
249 1188 429 1223 Κατασκήψει
452 1188 506 1224 γὰρ
532 1189 572 1220 είς
601 1189 699 1220 αὐτοὺς
722 1189 736 1214 ὁ
763 1188 878 1223 πόλεμος

84 1235 233 1270 ἀφορήτοις
250 1235 358 1269 ὁρμαῖς,
371 1234 408 1266 ὡς
423 1234 498 1262 οὐδὲν
517 1234 634 1269 ἀρκέσαι
657 1234 725 1268 πρὸς
749 1233 875 1260 ἀντίστας

85 1287 141 1306 σιν.
167 1278 233 1305 Εἶτα
247 1279 295 1314 τὴν
308 1279 397 1305 αἰτίαν
412 1279 465 1304 τῶν
483 1278 611 1305 τοιούτων
628 1277 721 1304 κακῶν
736 1278 876 1312 ἀπαγγέλ-

84 1323 137 1355 λει,
155 1323 250 1358 λέγων,
272 1324 312 1350 ὄτι
335 1323 375 1349 δεῖ
401 1323 452 1358 μὲν
478 1323 569 1355 αὐτὸν,
586 1322 657 1349 κατὰ
679 1323 729 1354 τὰς
754 1322 875 1357 Γραφὰς,

87 1368 158 1403 μετᾶ
173 1368 227 1394 τῶν
239 1368 347 1402 ἀνόμων
360 1367 528 1402 λογισθῆναι,
543 1366 771 1402 συγκρέμάμενον
784 1367 877 1401 δηλον-

84 1414 127 1441 ότι
142 1414 199 1445 τοῖς
216 1412 446 1447 συσταυρωθεῐσιν
463 1412 536 1447 αὐτῷ
553 1412 673 1448 λῃσταῖς,
695 1412 742 1439 καὶ
759 1412 807 1447 τὴν
821 1414 876 1444 τοῖς

85 1459 200 1494 ἀνόμοις
215 1459 373 1494 πρέπουσαν
389 1458 574 1492 ὑπομείναντα
590 1457 681 1492 δίκην·
698 1458 772 1489 τέλος
784 1458 810 1484 δὲ
822 1458 876 1484 λοι-

86 1504 138 1530 πὸν
154 1504 193 1539 τῷ
212 1504 291 1539 μέχρι
305 1504 406 1530 τούτων
421 1503 507 1530 ἐλθεῖν
537 1503 551 1529 ὁ
566 1502 616 1538 τῆς
629 1504 784 1538 οἰκονομίας
795 1504 876 1539 λήψε-

84 1558 132 1577 ται
148 1550 236 1584 λόγος.
259 1550 354 1581 (Τέλος
370 1551 434 1585 γὰρ,
453 1550 545 1585 φησὶν,
560 1549 616 1584 ἔχει
634 1549 668 1576 τὰ
686 1551 748 1585 περὶ
770 1550 847 1585 ὲμοῦ,
863 1561 872 1576 ι

928 955 1044 989 gladium
1058 960 1141 982 eruat.
1157 954 1217 982 Jam
1237 956 1308 981 enim
1328 955 1397 988 apud
1414 954 1493 988 hujus
1525 953 1642 987 regionis
1673 953 1715 980 iu-

928 1001 1001 1028 colas
1013 1009 1066 1028 non
1079 1002 1168 1036 agitur
1181 1005 1270 1028 utrum
1285 997 1385 1035 aliquid
1402 1000 1530 1027 retentnri
1546 1000 1601 1026 sint
1615 1007 1712 1029 necne.

928 1048 974 1074 sed
988 1053 1081 1075 utrum
1095 1048 1206 1075 omnino
1219 1048 1328 1075 victuri.
1350 1046 1598 1074 lntolerabilienim
1610 1046 1713 1080 impetu

928 1094 1064 1122 incumbet
1080 1095 1106 1122 in
1121 1103 1167 1122 eos
1183 1094 1291 1127 bellum,
1303 1095 1366 1128 quin
1376 1093 1428 1121 ulla
1443 1084 1714 1120 resistendilacultas

928 1140 972 1167 sit.
991 1140 1091 1167 Deinde
1101 1140 1198 1167 horum
1215 1140 1345 1166 malorum
1358 1145 1466 1166 causam
1481 1139 1582 1173 aperit,
1598 1138 1691 1164 dicens
1706 1145 1713 1164 :

927 1189 1056 1219 oportere
1081 1193 1110 1213 se
1132 1186 1278 1213 scentulum
1308 1185 1464 1219 Scripturas
1488 1192 1550 1212 cum
1579 1183 1711 1219 improbis

928 1230 1069 1265 reputari,
1092 1234 1120 1257 et
1141 1230 1269 1264 suspendi
1295 1237 1348 1257 una
1375 1237 1436 1256 cum
1463 1228 1602 1256 crueiiixis
1622 1236 1714 1256 secum

930 1277 1091 1308 latronibus,
1112 1281 1140 1304 et
1155 1284 1203 1311 par
1221 1283 1280 1303 eum
1296 1275 1386 1310 impiis
1405 1275 1460 1310 pati
1484 1274 1657 1310 supplicium.
1674 1274 1713 1300 Ac

927 1328 986 1348 tnm-
1009 1324 1115 1350 demum
1136 1323 1177 1350 his
1200 1322 1328 1357 peractis,
1352 1327 1483 1356 susceptae
1508 1321 1705 1348 incarnationis

926 1376 1034 1394 cursum
1057 1367 1134 1395 linem
1163 1368 1327 1395 habiturum.
1351 1377 1360 1393 ‹
1384 1367 1488 1394 Etenim
1515 1374 1545 1393 ea
1562 1373 1621 1400 qua:
1646 1372 1708 1392 sunt

925 1414 957 1439 de
971 1421 1023 1445 me,
1041 1414 1120 1440 [ῑιιοιιι
1147 1414 1257 1446 habent,
1272 1423 1280 1439 ι
1293 1413 1318 1440 id
1332 1418 1373 1440 est
1387 1421 1446 1447 qua:
1460 1412 1540 1448 422
1557 1412 1582 1438 in
1603 1412 1660 1446 lege
1683 1420 1714 1438 ιω

927 1459 1065 1492 prophetis
1097 1464 1159 1486 sunt
1183 1460 1319 1494 deseripta
1339 1479 1346 1491 ,
1376 1460 1462 1486 donec
1484 1458 1608 1485 videlicet
1634 1465 1707 1484 mor-

928 1509 979 1531 tem
1011 1505 1037 1531 in
1066 1512 1149 1532 carne
1176 1506 1288 1540 patiar:
1317 1504 1538 1532 interfectorilms
1571 1508 1659 1530 autent
1683 1510 1713 1529 ea

928 1552 1085 1585 contingent
1100 1559 1159 1586 qum
1182 1552 1286 1586 jamdiu
1314 1558 1328 1578 a
1352 1551 1453 1578 sanctis
1478 1549 1617 1584 prophetis
1645 1557 1714 1582 pra:—

85 1597 149 1627 ἦτοι
179 1596 361 1631 γεγραμμένα
378 1597 407 1623 ὲν
422 1595 572 1630 νόμῳ-καὶ
597 1596 762 1631 προφήταις,
797 1597 876 1632 μέχρι

931 1598 1002 1625 dicta
1020 1597 1105 1625 fuere.

85 1643 207 1679 δηλονότι
222 1644 268 1670 τοῦ
285 1644 380 1671 παθεῖν
394 1643 439 1670 τὸν
452 1643 524 1671 κατὰ
540 1644 628 1678 σάρκα
644 1643 756 1670 θάνατον
769 1652 775 1659 υ
810 1645 978 1678 συμϐήσεται
1003 1645 1031 1672 δὲ
1052 1646 1110 1677 τοῖς
1129 1645 1316 1677 ἁπεκτονόσιν,
1339 1644 1356 1671 ἃ
1384 1644 1430 1670 καὶ
1445 1643 1528 1670 πάλαι
1554 1642 1715 1677 προείρηται

85 1691 131 1718 διὰ
146 1692 200 1718 τῶν
220 1692 304 1726 ἁγίων
321 1692 478 1728 προφητῶν.

125 1740 158 1764 οι
172 1737 206 1764 δὲ
216 1735 302 1764 εἷπον
312 1746 319 1754 ·
332 1738 429 1771 Κύριε,
445 1736 510 1763 ἰδοὺ
518 1736 661 1771 μάχαιραι
672 1734 729 1763 ὧδε
742 1736 806 1763 δύο.

122 1783 196 1818 (A‘f.
213 1783 275 1815 286,
291 1783 311 1809 B
323 1782 342 1810 Γ.
358 1782 410 1809 900
428 1783 464 1817 b)
497 1782 582 1808 Ταυτὶ
597 1782 645 1817 μὲν
660 1783 673 1808 ὁ
692 1782 794 1817 Κύριος
815 1783 879 1816 περὶ

86 1829 144 1856 τῶν
158 1828 372 1864 συμϐησομένων
386 1829 419 1863 τῇ
433 1827 565 1854 Ἰουδαίων
578 1826 655 1862 χώρᾳ
665 1827 879 1862 προκαταμεμή-

88 1883 182 1901 νυχεν.
197 1875 227 1901 Οἱ
239 1874 268 1901 δέ
283 1882 314 1907 γε
337 1874 455 1909 μαθηταὶ
468 1873 498 1900 οὐ
513 1873 631 1908 συνῆκαν
649 1872 702 1899 τῶν
727 1872 878 1907 εἰρημένων

87 1921 120 1947 τὸ
135 1915 372 1956 βάθοςεῷήοησαν
385 1921 412 1946 δὲ
429 1920 538 1956 μᾶλλον,
555 1919 596 1946 ὅτι
615 1919 658 1946 διὰ
676 1919 725 1955 τὴν
741 1919 878 1954 συμϐησο-

90 1967 177 2003 μένην
194 1966 286 2001 ἔφοδον
302 1966 374 2002 αὖτῴ
387 1967 462 2001 παρὰ
476 1965 523 1992 τοῦ
539 1966 668 2001 προδότου
683 1967 728 1992 καὶ
742 1965 796 1991 τῶν
816 1965 877 1991 συλ-

88 2013 250 2048 ληψομένων
266 2013 356 2045 αὐτὸν,
375 2012 515 2048 μαχαιρῶν
533 2010 601 2039 εἶναι
615 2012 707 2047 χρείαν
719 2011 876 2038 65626146-

91 2067 174 2085 σατο·
197 2058 323 2094 ταύτῃτοί
348 2066 443 2093 φασιν·
469 2068 477 2084 ι
490 2058 553 2084 ’ἰδοὺ
572 2058 704 2093 μάχαιραι
718 2054 767 2083 ὧδε
790 2056 846 2084 δύο.
863 2066 872 2082 ›

91 2105 147 2132 Καὶ
166 2105 270 2140 τίπρὸς
286 2105 385 2136 αὐτοὺς
403 2105 417 2130 ὁ
437 2105 548 2140 Σωτήρ;
568 2104 690 2130 (Ἱκανόν
708 2104 780 2129 ἐστι·
801 2113 809 2128 ι
830 2112 876 2137 μο-

90 2151 197 2186 νονουχὶ
211 2151 321 2186 διαγελᾷ
336 2151 384 2185 τὴν
401 2151 491 2185 φωνήν
503 2159 509 2165 ·
527 2148 556 2176 εὖ
580 2149 657 2181 εἰδὼς
677 2150 717 2176 ὅτι
734 2149 787 2176 τῶν
801 2150 876 2184 εἰρη-

93 2197 182 2231 μένων
194 2197 241 2232 τὴν
250 2196 363 2231 δύναμιν
374 2197 404 2222 οὺ
420 2196 554 2227 συνιέντες
565 2196 589 2221 oi
602 2195 721 2230 μαθηταὶ
736 2195 875 2230 ᾠήθησαν,

91 2242 129 2274 ὼς
144 2242 222 2277 ἔφην,
242 2242 383 2277 μαχαιρῶν
403 2240 471 2270 εἶναι
495 2241 588 2277 χρείαν
615 2242 654 2273 εἰς
673 2241 722 2276 τὴν
747 2241 877 2275 ἐσομένην

91 2289 184 2322 ἔφοδον
196 2289 256 2315 κατ’
269 2288 360 2314 αὐτοῦ.
373 2287 444 2322 Πρὸς
456 2287 547 2314 ἐκεῖνα
559 2287 647 2314 τοίνυν
664 2287 734 2322 ὁρῶν
746 2287 760 2313 ὁ
770 2287 875 2322 Σωτὴρ,

90 2334 108 2360 ἃ
122 2333 310 2368 συμϐήσεσθαι
324 2333 434 2367 ἔμελλον
447 2334 503 2364 τοῖς
519 2332 668 2364 Ἰουδαίοις,
680 2332 729 2367 τῆς
742 2332 781 2363 είς
796 2332 876 2358 αὑτὸν

90 2380 171 2406 ἕνεκα
188 2379 355 2411 δυσσεϐείας,
375 2378 487 2413 διαγελᾷ
503 2378 532 2404 τὸ
550 2378 603 2405 ὑπὸ
616 2379 672 2405 τῶν
697 2377 824 2412 μαθητῶν
839 2378 876 2404 εί-

92 2426 218 2462 ρημὲνον,
237 2426 276 2451 ὅτι
300 2425 384 2451 (Ἰδοὺ
409 2421 459 2451 ὧδέ
481 2425 533 2450 εἰσι
560 2423 693 2460 μάχαιραι
717 2423 781 2450 δύο·
799 2433 808 2449 υ
829 2423 876 2450 καί

91 2480 174 2507 φησιν
186 2479 192 2486 ·
214 2480 223 2496 ι
236 2471 340 2498 Ἱκανόν
354 2471 423 2498 ἐστι.
438 2480 447 2496 ι
466 2470 532 2501 Ναὶ,
550 2470 641 2504 φησὶν.
661 2470 805 2504 ἀρκέσουσι
831 2469 876 2495 δύο

90 2518 154 2553 ξίφη
179 2517 248 2552 πρὸς
274 2518 431 2544 ἀντίστασιν
454 2516 499 2543 τοῦ
517 2516 634 2551 πολέμου
663 2515 709 2542 τοῦ
734 2515 876 2551 μέλλοντος

89 2563 165 2598 ἥξειν
187 2563 245 2589 κατ’
261 2563 361 2596 αὐτῶν,
379 2563 446 2599 πρὸς
465 2562 495 2589 ὃν
511 2555 587 2588 οὐδέν
604 2562 637 2589 ἂν
652 2561 796 2597 ὠφέλησαν
816 2561 875 2588 οὐδὲ

92 2609 188 2635 πολλαὶ
202 2608 285 2642 ξιφῶν
299 2608 434 2643 χιλιάδεςί

127 2653 181 2680 Kal
194 2653 326 2685 ἐξελθὼν
336 2653 481 2688 ἐπορεύθη
497 2653 571 2680 κατὰ
585 2653 615 2680 τὸ
631 2652 696 2685 ἔθος
709 2653 751 2685 εἰς
763 2651 797 2678 τὸ
811 2652 879 2686 ὄρος

92 2699 152 2729 τῶν
175 2699 305 2727 Ἐλαιῶν.

130 2745 162 2779 (Δ
180 2745 198 2771 l'.
215 2745 266 2771 ΞΠ
286 2745 311 2779 b)
333 2744 377 2771 Ἐν
388 2744 478 2780 ἡμέρᾳ
497 2745 546 2779 μὲν
565 2745 578 2770 ὸ
591 2743 685 2778 Σωτὴρ
702 2743 750 2774 τὰς
763 2743 879 2777 ἒνῚερο-

96 2791 222 2826 σολύμοις
246 2792 360 2817 ἐποιεῖτο
382 2790 541 2825 διατριϐὰς,
571 2787 750 2824 ἐπιλαϐούσης
775 2788 804 2815 δὲ
828 2788 880 2822 τῆς

96 2836 225 2872 ἑσπέρας.
238 2836 265 2862 ἐν
283 2835 322 2870 τῷ
339 2835 396 2870 ὄρει
419 2835 472 2861 τῶν
494 2833 615 2866 Ἐλαιῶν,
633 2832 700 2868 ὁμοῦ
715 2834 770 2864 τοῖς
791 2833 879 2867 ἁγίοις

96 2882 221 2919 ηὐλίζετο
237 2881 379 2919 μαθηταῖς,
390 2882 429 2913 εἰς
438 2879 535 2917 χωρίον
550 2880 694 2915 λεγόμενον
704 2879 876 2915 Γεθσημανῇ

967 1737 998 1764 ν.
1009 1738 1052 1765 58.
1063 1739 1096 1765 At
1106 1738 1146 1765 illi
1157 1738 1279 1765 dixerunt
1289 1746 1298 1765 .'
1312 1738 1431 1770 Domine,
1441 1745 1498 1764 ecce
1506 1737 1557 1763 duo
1567 1736 1648 1771 gladii
1658 1735 1722 1761 Izic.’

967 1785 1028 1812 lltrc
1043 1784 1170 1811 Dominus
1183 1785 1215 1812 de
1226 1784 1364 1812 eventuris
1378 1783 1534 1811 Iudaeorum
1548 1781 1650 1817 regioni
1664 1788 1710 1816 ea-
1727 1776 1729 1780 ’

930 1830 1094 1858 Iatnitatibus
1109 1831 1315 1866 praenuntiavit.
1336 1829 1464 1864 Discipuli
1477 1833 1566 1855 tamen
1577 1828 1711 1854 dictorum

932 1875 1145 1910 profunditatem
1163 1883 1216 1902 non
1228 1875 1441 1907 intellexerunt;
1460 1875 1506 1902 sed
1522 1874 1714 1902 existimarunt

932 1923 1019 1956 potius
1035 1922 1085 1948 diei
1101 1923 1134 1948 ab
1150 1930 1182 1949 eo
1194 1926 1304 1956 propter
1321 1921 1519 1956 impendentem
1537 1921 1667 1947 adversus
1683 1927 1712 1945 ae

930 1967 1076 2001 proditoris
1085 1973 1111 1995 et
1121 1968 1268 1995 satellitum
1287 1966 1542 2002 incursum,gladiis
1557 1974 1624 2001 opus
1641 1974 1711 1992 esse.

930 2011 991 2039 ldco
1002 2013 1094 2041 dicunt
1109 2022 1115 2040 :
1136 2022 1144 2039 I
1159 2014 1228 2040 Ecce
1244 2014 1286 2040 hic
1296 2012 1377 2048 gladii
1395 2014 1456 2040 duo.
1481 2022 1489 2038 ι
1501 2012 1568 2045 Quid
1586 2020 1647 2038 vero
1661 2012 1713 2038 illis

930 2057 1078 2085 Servator?
1100 2069 1110 2084 ι
1126 2059 1197 2086 Satis
1220 2064 1278 2092 est,
1297 2069 1306 2085 ›
1331 2059 1439 2093 inquit;
1466 2059 1591 2085 deridens
1617 2065 1713 2093 prope—

931 2104 1038 2131 modum
1057 2105 1162 2132 illorum
1176 2107 1295 2138 dictum;
1317 2107 1378 2142 quia
1395 2107 1477 2141 probe
1489 2105 1590 2132 sciebat
1607 2105 1661 2130 vim
1678 2105 1714 2130 d:-

931 2155 1037 2176 ctorum
1058 2158 1111 2177 non
1141 2151 1306 2179 intellexisse
1326 2152 1484 2186 discipulos,
1501 2150 1546 2186 qui
1574 2150 1714 2178 existima-

931 2199 1036 2227 veraut,
1054 2200 1082 2221 ut
1099 2196 1164 2227 dixi,
1181 2204 1249 2230 opus
1261 2204 1320 2224 esse
1335 2198 1433 2231 gladiis
1447 2198 1480 2224 oh
1494 2197 1611 2223 futuram
1635 2196 1660 2223 in
1685 2205 1714 2222 se

932 2242 1146 2275 aggressionem.
1168 2241 1215 2268 llla
1241 2243 1323 2276 igitur
1350 2248 1476 2277 spectans
1492 2243 1637 2275 Servator,
1655 2249 1714 2277 qua:

929 2286 1029 2314 Jndazis
1043 2292 1171 2315 eventura
1191 2292 1281 2320 erant,
1307 2294 1417 2322 propter
1441 2289 1547 2315 illorum
1567 2294 1661 2316 contra
1684 2296 1714 2314 se

930 2333 1115 2367 impietatem,
1137 2333 1232 2360 irridet
1249 2333 1441 2368 discipulorum
1469 2335 1569 2362 dictum
1585 2354 1593 2366 ,
1616 2343 1627 2359 ι
1645 2334 1709 2361 Ecce

931 2378 974 2406 hic
991 2379 1071 2413 gladii
1087 2379 1156 2412 duo;
1178 2388 1186 2405 ι
1203 2379 1311 2413 aitque:
1328 2388 1337 2404 ‹
1351 2379 1422 2406 Satis
1439 2380 1466 2406 hi
1481 2385 1555 2406 sunt.
1572 2390 1580 2406 ι
1602 2380 1706 2414 Utique,

931 2424 1028 2458 inquit,
1045 2425 1097 2452 duo
1111 2425 1191 2459 gladii
1203 2424 1339 2452 sufﬁcient
1353 2425 1387 2451 ob
1405 2425 1593 2452 sustinendum
1610 2425 1700 2452 bellua

928 2468 1030 2497 Judaais
1048 2475 1289 2505 superventurum,
1302 2475 1396 2498 contra
1414 2471 1486 2504 quod
1500 2478 1534 2498 ne
1549 2471 1633 2498 multa
1649 2470 1709 2505 qui.

930 2515 989 2541 dem
1005 2515 1152 2550 gladiorum
1167 2516 1248 2542 millia
1265 2516 1404 2551 profutura
1424 2521 1499 2542 erant
1514 2517 1520 2542 !

964 2646 996 2674 V.
1015 2647 1060 2673 59.
1077 2647 1110 2674 Et
1123 2656 1239 2681 egressus
1255 2649 1307 2675 ibat
1324 2647 1466 2674 secundum
1491 2647 1703 2673 consuetudinem

927 2694 954 2720 in
966 2698 1078 2720 tuentem
1095 2694 1241 2721 Oliuarum.

969 2738 1068 2766 Diurno
1091 2739 1218 2767 Servator
1245 2744 1366 2774 tempore
1400 2739 1595 2774 Hierosolymis
1618 2746 1709 2765 versa

933 2785 1030 2817 batur;
1063 2786 1271 2819 superveniente
1297 2790 1386 2812 autem
1410 2793 1521 2820 vespere
1540 2785 1565 2811 in
1592 2790 1709 2812 mOlllt'tll

931 2830 1065 2857 Olivarum
1076 2838 1134 2856 cum
1148 2831 1248 2858 sanctis
1260 2831 1388 2865 apostolis
1399 2831 1552 2863 secedebat,
1569 2831 1602 2857 ad
1621 2831 1712 2857 Vill-Illi

931 2878 1026 2904 dictam
1043 2877 1228 2905 Gethscmani.
1253 2878 1298 2905 Sic
1310 2878 1382 2905 cnim
1410 2878 1509 2906 diserte
1537 2878 1574 2905 ait
1601 2877 1711 2912 sapien—
