1911 3053
74 145 133 174 Ml

663 143 1044 179 COMMENTJINIUCML

1656 149 1712 180 ΒΗ

77 204 123 239 μὴ
133 203 224 238 λόγοις
239 204 338 235 αὐτοὺς
351 203 480 240 ὠφελήσῃ
505 205 605 240 μόνοις,
620 206 780 242 παράδειξις
789 207 818 234 δὲ
830 215 864 233 κα

928 209 1000 243 plum
1011 209 1067 243 ipse
1077 210 1164 242 ﬁeret,
1186 209 1321 244 paululum
1331 215 1498 244 progressus.
1511 209 1537 236 in
1555 215 1640 243 genua
1650 216 1712 242 pro-

75 249 167 276 αὐτοῦ
196 250 240 276 τοῦ
266 250 430 285 πράγματος
455 251 565 286 εὑρεθῇ,
592 251 678 287 βραχὺ
702 252 870 287 προσελθὼν,

75 295 175 321 πεσὼν
192 296 239 322 ἐπὶ
253 295 329 329 γόνυ,
349 295 529 331 προσηύχετο.
546 297 600 323 Καὶ
622 297 648 323 τί
671 297 703 333 δή
729 305 794 324 ποτε
816 299 871 330 τοῖς

77 341 173 375 ἁγίοις
196 342 226 368 οὺ
253 341 402 377 συνηύχετο
430 343 576 377 μαθηταῖς.
598 342 666 370 ἀλλὰ
692 343 869 378 καταμόνας;

76 389 142 414 Ἵνα
157 389 288 423 μάθωμεν
302 389 384 424 ἡμεῖς
396 390 447 423 τῆς
459 389 629 425 ἀρεσκοὺσης
645 389 704 424 Θεῷ
717 389 872 425 προσευχῆς

73 433 126 459 ’τὸν
151 433 245 460 τύπον.
265 434 337 468 Ἔφη
349 434 403 469 γὰρ
426 434 555 470 ἑτέρωθι·
585 444 592 460 ι
607 435 642 463 Σὺ
654 435 692 467 δὲ,
708 435 773 462 ὅταν
788 443 872 469 προσ-

73 480 160 515 εύχῃ,
180 479 284 506 εἴσελθε
309 480 349 511 είς
367 479 397 506 τὺ
417 480 540 514 ταμιεῖόν
562 489 619 511 σου,
636 480 797 508 ἀπόκλεισον
823 480 871 516 τὴν

73 524 178 560 ούραν,
191 525 337 560 πρόσευξαι
350 525 388 560 τῷ
401 526 489 561 Πατρί
505 534 551 552 σου
571 526 610 561 τῷ
633 527 662 552 ἐν
678 526 718 562 τῷ
732 526 867 562 κρυφαίῳ·

73 571 129 597 καὶ
144 571 160 598 ὁ
174 571 268 606 Πατήρ
283 579 330 597 σου
343 572 357 597 ὀ
371 571 477 606 βλέπων
493 572 522 598 ὲν
538 571 577 606 τῷ
590 572 728 607 κρυφαίῳ,
738 571 871 598 ἀποδώσει

75 625 122 644 σοι
135 617 165 643 ὲν
177 617 215 652 τῷ
234 617 353 652 φανερῷ.
368 627 378 643 ι
397 617 539 653 Πανταχοῧ
555 617 609 653 γὰρ
623 618 778 654 εὑρήσομεν
788 626 872 644 κατα-

75 662 166 697 μόνας
184 663 330 698 εὐχόμενον
343 683 349 694 ,
367 663 409 689 ἵνα
427 663 473 689 καὶ
489 663 521 689 σὺ
538 662 636 699 μάθῃς,
656 664 696 690 ὅτι
713 663 870 699 σχολάζοντι

72 708 117 742 νῷ
134 708 183 735 καὶ
206 707 363 744 γαληνιώσῃ
383 708 482 744 καρδίᾳ
496 708 668 742 διαλέγεσθαι
685 709 737 745 χρὴ
763 708 802 744 τῷ
824 709 871 736 ἐπὶ

73 752 185 784 πάντας
198 752 267 787 Θεῷ.
283 753 338 779 Καὶ
355 754 386 779 οὐ
400 753 432 789 δή
450 762 502 780 που
522 753 588 788 φαίη
603 762 646 785 τις
667 753 711 786 ἂν,
726 753 795 789 εἴγε
808 754 871 781 νοῦν

71 798 146 832 ἔχοι,
164 799 204 824 ὅτι
228 799 279 833 τῆς
303 799 369 834 παρ’
384 798 478 833 ἑτέρου
504 794 596 834 χειρὸς
616 799 632 834 ἢ
654 800 818 835 ἐπικουρίας
841 802 870 827 ὲν

71 843 158 878 χρείᾳ
179 842 368 878 καθεστηκὼς,
385 844 503 870 ἐποιεῖτο
524 845 574 875 τὰς
597 844 685 875 λιτάς.
702 843 792 875 Αὐτὸς
815 845 870 881 γάρ

922 253 1014 281 cidens
1031 254 1130 281 oravit.
1140 254 1194 282 Cur
1203 261 1267 281 vero
1276 254 1347 282 haud
1355 262 1415 282 cum
1424 254 1524 281 sanctis
1532 253 1619 280 oravit
1628 254 1710 282 disci-

922 299 1004 332 pulis,
1015 299 1062 326 sed
1076 299 1206 327 solltatim
1215 300 1227 327 ἵ
1237 300 1272 328 Ut
1280 307 1329 328 nos
1336 300 1472 327 discamus
1482 304 1565 335 grata:
1577 299 1632 326 Deo
1644 307 1691 327 ora
1699 314 1709 321 -

923 343 1004 371 tionis
1017 349 1118 380 typum.
1136 345 1245 373 Dixerat
1260 346 1334 373 enim
1349 346 1416 373 alibi
1431 353 1440 374 :
1459 354 1470 372 ι
1491 345 1529 372 Tu
1544 350 1633 372 autem
1649 353 1709 373 cum

921 390 1054 422 oraveris,
1066 390 1135 417 intra
1145 391 1171 417 in
1184 391 1339 418 cubiculum
1349 395 1435 424 tuum,
1444 395 1471 418 et
1478 391 1569 418 clauso
1575 391 1655 423 ostio,
1662 399 1708 418 ora

922 435 1030 462 l‘atrem
1046 440 1120 462 tuum
1139 436 1165 462 in
1180 436 1353 469 abscondito;
1367 441 1394 464 et
1406 436 1486 463 Pater
1498 437 1624 471 lutts,qui
1639 437 1710 463 videt

923 482 948 508 in
964 482 1131 513 abscondito,
1143 482 1214 508 dahit
1229 483 1276 509 tilii
1290 483 1377 517 palam
1397 483 1418 509 ⁸.
1445 491 1455 508 ι
1474 482 1543 515 Quin
1562 487 1589 509 et
1606 481 1706 515 nhiqne

921 525 1118 560 comperiemus
1134 533 1195 552 eum
1211 526 1340 553 solitatim
1355 531 1497 559 orantem;
1512 530 1540 552 nt
1555 530 1582 552 tu
1594 532 1705 560 quoque

921 571 1007 598 discas
1025 575 1150 603 oportere
1160 578 1244 597 vacua
1257 575 1346 598 mente
1355 575 1381 596 et
1396 570 1540 604 tranquillo
1552 570 1633 597 corde
1646 577 1707 595 cum

921 623 1047 651 supremo
1056 616 1110 643 Deo
1119 616 1246 651 colloqui.
1257 615 1348 650 Neque
1358 624 1422 643 vero
1431 617 1572 650 quisquam
1581 620 1708 642 sensalus

921 662 992 689 dit-et
1004 668 1095 688 orasse
1103 660 1207 694 Iesum,
1223 662 1285 696 quia
1303 669 1382 688 manu
1398 661 1485 688 aliena
1499 661 1655 688 autauxilio
1667 661 1706 686 in-

921 708 1033 742 iligeret.
1055 707 1114 742 Ipse
1139 708 1211 742 enim
1226 712 1268 735 est
1285 715 1382 734 manus
1395 707 1544 734 fortissima
1570 707 1708 740 virtusque

922 753 1029 785 Patris;
1047 753 1093 781 sed
1111 759 1140 781 ut
1153 761 1200 788 per
1215 754 1272 781 haec
1296 761 1504 788 cognoscamus.
1525 752 1552 779 in
1578 751 1706 778 tentatio-

921 799 999 826 nibus
1017 807 1068 826 non
1085 800 1247 832 dormitare,
1271 801 1325 827 imo
1347 805 1412 827 tnnc
1440 799 1526 834 magis
1551 799 1704 826 Orationem

922 844 1071 872 intendere.
1102 845 1190 872 Stulta
1222 851 1312 873 tamen
1338 846 1453 873 audacia
1483 849 1525 872 est
1555 844 1706 871 certamina

72 889 153 915 ἐστιν
177 889 193 924 ἡ
219 888 437 924 πανσθενεστάτη
453 889 513 924 χεὶρ
539 889 586 916 καὶ
609 890 723 925 δύναμις
743 890 790 916 τοῦ
813 891 864 917 Πα-

920 897 1082 925 provocare;
1104 891 1234 918 modestia
1249 897 1339 919 autem
1365 892 1414 923 uti,
1440 891 1519 926 eique
1545 890 1705 925 patientiam

71 935 156 970 τρός·
184 934 243 961 ἀλλ’
259 935 303 960 ἵνα
321 935 401 969 ἡμεῖς
415 934 459 962 διὰ
475 935 576 961 τούτων
601 935 741 970 μάθωμεν,
766 936 803 972 μὴ
820 945 866 963 νυ-

73 980 188 1012 στάζειν
211 980 242 1006 ἑν
259 981 432 1015 πειρασμοῖς,
457 981 640 1007 συντείνεσθαι
661 981 689 1007 δὲ
711 981 810 1016 μᾶλλον
826 982 865 1013 είς

919 937 1165 972 admiscere,just:e
1176 937 1345 965 conﬁdentia:
1355 937 1472 965 alliciam
1484 945 1544 964 esse
1559 937 1611 963 aio.
1628 936 1706 962 Nunc

918 982 1050 1008 orationis
1064 989 1171 1017 quoque
1189 983 1298 1010 modum
1313 984 1466 1011 videamus.

73 1027 244 1062 προσευχάς.
254 1027 371 1062 ’Ᾱμαθὲς
384 1026 412 1053 δὲ
434 1026 505 1058 λίαν,
538 1028 584 1054 καὶ
605 1027 635 1054 τὸ
651 1027 704 1053 τῶν
736 1027 850 1061 ἀγώνων
879 1027 1150 1063 καταθρασύνεσθαι·
1179 1028 1218 1064 τῷ
1246 1029 1353 1064 μετρίᾳ
1373 1030 1400 1056 δὲ
1430 1029 1582 1064 φρονήματι
1607 1029 1705 1063 χρῆναί

73 1081 149 1108 φημι
173 1073 203 1099 τὸ
222 1073 353 1108 εὔτολμον
379 1073 426 1099 καὶ
446 1072 584 1106 τληπαθὲς
609 1071 904 1107 ἁναπλέκεινῖἰδοψεν
919 1072 948 1098 δὲ
964 1072 1011 1098 καὶ
1027 1072 1182 1108 προσευχῆς
1196 1072 1241 1099 τὸν
1255 1073 1366 1108 τρόπον.

113 1119 221 1154 Πάτερ,
231 1120 257 1146 εὶ
262 1119 379 1151 βούλει,
395 1118 558 1154 παρένεγκε
572 1118 605 1145 τὸ
622 1119 767 1153 ποτήριον
779 1119 866 1146 τοῦτο

73 1165 231 1200 ἀπ’ἐμοῦθ
251 1164 335 1198 πλὴν
350 1164 393 1199 μή
411 1164 443 1191 τὸ
460 1163 574 1199 θέλημά
586 1173 657 1199 μου,
667 1164 748 1191 ἀλλὰ
762 1164 794 1191 τὸ
809 1164 867 1191 σὸν

73 1212 221 1246 γενέσθω.

133 1258 156 1283 Α
173 1257 194 1284 ι.
210 1256 279 1288 288,
296 1255 316 1283 ιι
331 1255 350 1283 r.
365 1256 415 1284 sor
433 1256 459 1288 b,
475 1255 496 1282 ι)
510 1255 529 1283 r.
547 1256 597 1291 τε)
618 1257 700 1292 ὀρᾷς
713 1257 785 1287 ὅπως
803 1255 868 1291 μετ·

74 1302 224 1334 εὐλαϐείας
251 1301 504 1338 ἀνθρωποπρεποῢς
529 1302 647 1328 ἐποιεῖτο
673 1301 790 1336 Χριστὸς
818 1301 866 1328 τοῦ

75 1347 234 1384 πειρασμοῦ
250 1348 301 1383 τὴν
319 1347 500 1383 παραίτησιν;
527 1347 559 1373 Εἰ
584 1346 638 1382 γὰρ
665 1346 764 1382 βούλει,
787 1347 865 1382 φησὶ,

75 1393 242 1427 παρένεγκε.
259 1393 302 1424 Ὠς
321 1392 376 1427 γὰρ
401 1390 441 1423 εἷς
464 1391 595 1427 ὑπάρχων
623 1392 678 1418 τῶν
699 1391 758 1418 καθ’
782 1392 866 1426 ἡμᾶς,

74 1439 132 1470 τοῖς
146 1437 194 1465 τοῦ
209 1438 314 1473 Πατρὸς
330 1437 479 1473 θελήμασιν
491 1437 625 1472 ἀπονέμει
648 1437 701 1464 τῶν
716 1437 867 1472 ἐκϐησομέη

74 1493 129 1510 νων
152 1483 183 1510 τὸ
209 1484 312 1519 πέρα;”
330 1483 373 1509 ἵνα
390 1483 437 1510 καὶ
451 1483 531 1518 ἡμεῖς
544 1482 664 1517 αίτῶμεν
682 1483 775 1509 ἐκεῖνα
798 1491 866 1517 κρα-

955 1117 1046 1152 Pater,
1063 1119 1086 1146 si
1099 1120 1147 1152 vis,
1164 1119 1279 1154 transfer
1292 1128 1308 1146 α
1328 1127 1368 1147 me
1378 1120 1447 1147 Itum:
1460 1120 1578 1147 calicem,
1597 1120 1705 1147 Verum-

920 1169 1006 1192 tamen
1019 1172 1070 1192 non
1081 1173 1138 1192 mea
1156 1165 1276 1192 voluntas
1291 1165 1336 1192 sed
1357 1170 1402 1192 tua
1415 1166 1475 1200 ﬁat.

956 1253 1191 1296 Viden‘quomodg
1205 1261 1266 1281 cum
1283 1261 1314 1281 ea
1331 1261 1391 1288 quae
1405 1253 1485 1281 decet
1503 1254 1640 1281 hominem
1659 1262 1704 1282 re-

920 1300 1040 1327 verentia
1071 1299 1195 1326 Christus
1221 1300 1399 1327 tentationem
1420 1308 1435 1326 a
1463 1307 1492 1327 se
1521 1300 1704 1334 deprecatur?

921 1345 948 1372 Si
967 1347 1018 1378 vls,
1034 1346 1132 1378 inquit,
1150 1345 1275 1373 transfer.
1293 1345 1364 1372 Nam‘
1376 1346 1452 1380 quasi
1475 1353 1544 1373 unus
1556 1346 1589 1373 de
1611 1347 1702 1376 nohis.

919 1389 1009 1417 Patris
1041 1390 1172 1416 voluntati
1200 1389 1282 1417 futuri
1305 1391 1406 1417 exitmn
1431 1391 1575 1423 attrilinit;
1601 1396 1629 1417 ut
1653 1399 1703 1418 nos

920 1443 1027 1472 quoque
1049 1444 1080 1462 ea
1110 1435 1256 1470 impetrare
1284 1436 1462 1470 postulemus,
1485 1444 1544 1470 qua:
1566 1437 1626 1471 ipse
1645 1436 1700 1463 ani-

921 1482 1015 1509 mabus
1040 1481 1142 1509 nostris
1174 1481 1250 1508 utilia
1274 1488 1335 1509 esse
1360 1481 1477 1508 noverit.
1507 1481 1623 1515 lnsnper
1653 1480 1702 1508 Ju-

74 1531 144 1561 τεῖν,
163 1529 235 1564 ἅπερ
259 1529 292 1555 ἂν
307 1529 388 1560 αὐτὸς
406 1528 488 1563 εἰδείη
505 1528 680 1563 συμφέροντα
695 1529 754 1559 ταῖς
768 1527 864 1562 ἡμετέ-

919 1530 1036 1556 dazorum
1050 1535 1157 1563 quoque
1171 1528 1338 1562 impietatem
1353 1527 1392 1555 sic
1410 1532 1532 1555 accusat.
1548 1528 1628 1554 Certe
1645 1534 1698 1554 non

76 1584 140 1610 ραις
155 1575 265 1609 ψυχαῖς.
282 1575 353 1609 Πρὸς
375 1574 397 1601 δ’
412 1572 446 1601 αὖ
470 1574 584 1605 τούτοις,
602 1574 648 1600 καὶ
665 1573 715 1608 τῆς
732 1574 866 1600 Ἰουδαίων

73 1621 250 1655 ἀνοσιότητος
265 1620 295 1646 τί)
309 1621 403 1656 χρῆμα
424 1622 592 1655 κατηγορεῖ’
608 1617 642 1654 ἦν
666 1620 716 1655 μὲν
739 1619 792 1655 γὰρ
817 1619 866 1646 οὐκ

75 1665 226 1700 ἀϐούλητον
240 1665 314 1700 αὐτῷ
325 1665 357 1691 τὸ
373 1665 482 1696 παθεῖν,
497 1665 626 1700 φορτικόν
639 1673 671 1699 γε
691 1665 739 1700 μὲν
752 1665 864 1700 ἑτέρως,

74 1712 121 1738 διὰ
134 1719 166 1737 τε
178 1711 228 1746 τὴν
243 1711 351 1743 ἀδοξίαν
365 1711 412 1737 καὶ
425 1710 476 1744 τῆς
494 1710 626 1737 Ἰουδαίων
642 1711 805 1745 Συναγωγῆς
821 1710 866 1736 τὸν
882 1722 885 1725 «

73 1756 204 1791 ὀλεθρον·
224 1756 255 1782 οὐ
271 1756 326 1790 γὰρ
350 1755 383 1782 ἂν
405 1755 522 1791 ἠθέλησε
547 1755 722 1790 κυριοκτόνον
739 1755 866 1789 γενέσθαι

74 1802 124 1828 τὸν
145 1801 266 1836 Ἰσραὴλ.
287 1801 330 1827 ἵνα
353 1800 391 1835 μὴ
413 1801 515 1835 ταύτης
533 1801 615 1827 ἕνεκα
631 1801 680 1835 τῆς
702 1801 792 1832 αἰτίας
808 1802 866 1832 ταῖς

74 1847 206 1883 ἐσχάταις
220 1846 308 1878 δίκαις
321 1846 467 1881 ὑπενεχοῇ.
477 1846 586 1882 Ἐπειδὴ
595 1846 623 1872 δὲ
637 1847 687 1872 οὐκ
703 1844 737 1881 ἦν
749 1847 786 1881 μὴ
802 1847 866 1872 {mm

75 1893 175 1928 στῆναι
188 1893 219 1919 τὸ
236 1892 332 1925 πάθος,
350 1892 436 1918 εἵλετο
455 1892 531 1924 αὐτὸ,
553 1891 777 1923 συνευδοκοῦντος
792 1891 866 1926 αὐτῷ

73 1940 124 1968 τοῦ
139 1939 207 1967 Θεοῦ
225 1939 272 1966 καὶ
285 1938 391 1974 Πατρός
403 1946 411 1954 ⁸
430 1939 467 1970 ὡς
481 1936 551 1965 εῖναι
567 1939 616 1974 τῆς
629 1938 678 1973 μὲν
694 1938 866 1974 ἀνθρωπείας

75 1986 186 2020 φύσεως
212 1985 243 2012 τὺ
267 1986 306 2016 είς
331 1984 464 2020 θορύϐους
482 1983 608 2010 εὔκολον·
625 1985 674 2019 τῆς
687 1984 716 2011 δὲ
733 1984 819 2016 θείας,
833 1983 866 2010 τὸ

75 2033 120 2067 ἐφ’
136 2033 237 2059 ἅπασιν
251 2031 414 2067 ἄθραυστον.
424 2030 456 2057 Ἦ
473 2030 522 2065 μὲν
537 2030 591 2065 γὰρ
604 2029 652 2056 τοῦ
667 2029 782 2056 θανάτου
794 2037 865 2063 παρ-

75 2078 188 2104 εισδῦσα
206 2077 300 2112 μνήμη
315 2076 444 2112 ταράττει
469 2076 515 2102 τὸν
533 2075 636 2110 Ἰησοῦν
646 2083 654 2090 ο
671 2076 687 2111 ἡ
702 2075 730 2102 δὲ
744 2076 794 2110 τῆς
809 2074 866 2102 θεό-

76 2132 158 2159 τητος
171 2123 284 2158 δύναμις
296 2122 476 2158 κεκινημένον
487 2121 567 2154 εὐθὺς
579 2121 716 2157 χειροῦται
728 2121 758 2148 τὸ
770 2121 864 2153 πάθος,

77 2171 123 2198 καὶ
141 2170 314 2204 μεταμορφοῖ
331 2168 399 2203 προς
413 2168 569 2202 εὐτολμίαν.
592 2167 740 2202 Κεκίνηται
754 2166 807 2202 γὰρ
819 2167 866 2192 καὶ

76 2217 105 2241 ὲν
121 2214 229 2249 Χριστῷ
243 2213 279 2240 τὰ
293 2213 460 2249 ἀνθρώπινα,
475 2213 518 2239 διὰ
531 2212 578 2239 δύο
589 2211 722 2249 τρόπους·
738 2212 792 2238 ἔδει
809 2211 863 2247 γὰρ

76 2262 123 2288 καὶ
139 2260 183 2287 διὰ
197 2259 298 2286 τούτων
310 2259 402 2293 αὑτὸν,
421 2259 451 2285 οὐ
465 2258 574 2294 δοκήσει
587 2246 635 2284 ml.
651 2257 772 2293 ὑπονοίᾳ,
787 2266 865 2292 φυσι-

76 2306 130 2333 κῶ;
156 2305 184 2332 δὲ
202 2305 301 2340 μᾶλλον
325 2305 371 2331 καὶ
387 2304 494 2339 ἀληθῶς
513 2303 654 2338 ἄνθρωπον
682 2303 714 2329 ὲκ
737 2303 863 2336 γυναικὸς

75 2351 218 2385 γεγονότα,
238 2349 381 2384 φαίνεσθαι
403 2349 492 2376 πάντα
508 2349 626 2384 φέροντα
643 2348 678 2375 τὰ
694 2347 862 2382 ἀνθρώπινα,

76 2398 137 2431 δίχα
154 2396 237 2431 μόνης
252 2396 300 2430 τῆς
315 2394 462 2430 ἁμαρτίας.
476 2393 558 2425 Φόϐος
574 2394 602 2420 δὲ
617 2394 664 2420 καὶ
682 2393 776 2425 δειλία,
789 2393 862 2428 πάθη

78 2443 127 2478 μὲν
139 2443 166 2468 ἐν
182 2443 246 2477 ἡμῖν
260 2441 371 2476 φυσικὰ,
383 2441 413 2467 τό
425 2449 457 2474 γε
473 2441 525 2475 μὴν
536 2441 564 2466 ὲν
576 2439 723 2475 ἁμαρτίαις
733 2439 863 2473 τετάχθαι

75 2487 286 2522 δατ-πεφευγότα.
301 2487 360 2512 Ἔτι
379 2487 494 2512 ἐκινεῖτο
509 2486 537 2511 ὲν
553 2484 663 2520 Χριστῷ
679 2485 712 2510 τὰ
727 2483 862 2518 ἀνθρώπι-

77 2543 118 2562 να.
136 2534 185 2567 οὐχ
199 2533 241 2559 ἵνα
257 2532 400 2567 κινηθέντα
416 2531 593 2566 κρατύνηται,
607 2530 664 2557 ἀλλ’
681 2529 724 2556 ἵνα
735 2531 766 2564 τῇ
781 2529 862 2555 δυνά·

78 2589 123 2614 μ;ι
147 2579 194 2605 τοῦ
212 2579 299 2611 Λόγου
323 2577 513 2612 διακόπτηται,
532 2577 599 2611 πρὸς
617 2576 722 2610 ἀμείνω
741 2574 801 2601 τινὰ
816 2575 862 2600 καὶ

76 2625 214 2659 θειοτέραν
223 2624 391 2650 κατάστασιν
401 2621 690 2657 μεταστοιχείουμένης
698 2622 748 2656 τῆς
757 2621 862 2655 φύσεως

76 2672 104 2696 ἐν
123 2670 223 2705 πρώτῳ
239 2668 366 2704 Χρεστῷ’
390 2666 422 2703 ἦν
447 2667 499 2703 γὰρ
515 2667 585 2694 οὕτω
609 2668 655 2694 καὶ
679 2668 728 2701 οὐχ
751 2666 860 2702 ἑτέρως,

76 2716 122 2742 καὶ
142 2716 182 2745 είς
203 2715 274 2749 ἡμᾶς
291 2713 388 2745 αὐτοὺς
404 2713 449 2739 τὸν
466 2713 514 2748 τῆς
533 2712 630 2743 ἰάσεως
653 2711 777 2746 διαϐῆναι
801 2711 861 2746 τρό-

77 2770 135 2787 ποι.
154 2761 184 2786 Εἰ
199 2760 252 2794 γὰρ
267 2759 313 2786 καὶ
333 2759 372 2785 ἔτι
394 2758 508 2793 μάλιστα
523 2758 552 2783 1’;
566 2757 670 2792 πυίιτΐᾶν
697 2757 754 2790 οὗχὶ
774 2756 861 2789 πάντη

117 2847 126 2862 ⁸
146 2846 237 2873 Matth.
256 2855 292 2877 τι,
306 2847 331 2873 G.

917 1580 974 1602 erat
984 1575 1008 1601 ei
1019 1574 1199 1601 involuntaria
1215 1573 1306 1609 passio
1319 1582 1326 1606 ι
1339 1574 1483 1608 cteteroqni
1499 1574 1580 1600 etiam
1594 1573 1699 1606 gravis.

917 1625 1028 1655 propter
1049 1620 1236 1654 ignominiam,
1253 1624 1279 1646 et
1295 1624 1404 1654 propter
1417 1618 1537 1646 Judaicze
1551 1619 1701 1653 Synagogze

918 1666 1035 1692 ruinam.
1053 1665 1159 1699 Quippe
1187 1664 1318 1692 noluisset
1343 1664 1469 1691 lsraelem
1499 1664 1555 1691 ﬁeri
1585 1663 1700 1690 homici-

917 1712 978 1738 dam
1006 1711 1113 1738 Domini
1147 1712 1208 1743 sui,
1232 1718 1266 1738 ne
1290 1712 1324 1737 ob
1350 1711 1421 1738 hanc
1447 1718 1568 1741 causam,
1605 1717 1702 1745 supre-

918 1763 987 1782 mam
1007 1756 1136 1783 ultionem
1168 1756 1350 1790 experiretur.
1376 1756 1429 1782 Sed
1458 1757 1521 1790 quia
1538 1756 1695 1789 passionem

916 1800 997 1836 5.25
1011 1801 1067 1835 jam
1081 1801 1166 1827 vitare
1179 1808 1230 1827 non
1247 1800 1396 1835 oportebat,
1415 1800 1483 1826 hanc
1502 1800 1591 1827 subire
1607 1800 1701 1826 decre-

918 1852 965 1876 vit.
984 1846 1156 1880 conspirante
1174 1852 1265 1872 secum
1282 1845 1370 1872 Patris
1389 1844 1435 1872 Dei
1452 1845 1608 1872 voluntate:
1626 1845 1659 1871 ita
1673 1847 1701 1870 ut

917 1890 1041 1917 Itumame
1053 1890 1161 1924 quidem
1175 1895 1279 1917 natum
1296 1889 1387 1922 fuerit,
1401 1889 1611 1923 perturbationis
1624 1897 1700 1916 com-

917 1935 1016 1967 motio;
1038 1934 1135 1961 divina;
1165 1938 1265 1966 autem,
1288 1933 1387 1968 ultique
1413 1934 1577 1961 constantia.
1606 1933 1701 1961 Mortis

916 1980 1026 2015 quidem
1051 1986 1170 2014 praesens
1192 1979 1279 2014 imago
1296 1978 1387 2006 Jesum
1413 1979 1513 2011 turbat,
1528 1979 1576 2006 sed
1592 1978 1700 2006 deitatis

917 2026 1004 2052 virtus
1032 2030 1196 2053 commotam
1225 2025 1298 2052 illico
1323 2026 1400 2051 sedat
1423 2025 1589 2059 passionem,
1616 2030 1643 2051 et
1666 2023 1700 2051 ad

917 2072 1104 2099 conﬁdentiam
1124 2071 1262 2098 transfert.
1280 2070 1420 2098 Commota
1446 2070 1495 2097 fuit
1515 2078 1578 2105 pars
1598 2070 1698 2097 Christi

918 2118 1031 2144 humana
1049 2116 1118 2144 duas
1133 2117 1168 2144 ob
1189 2123 1295 2143 causas.
1317 2115 1464 2150 Oportebat
1485 2116 1557 2142 enim
1579 2123 1626 2150 per
1640 2116 1699 2143 hate

916 2170 1023 2197 quoque
1036 2167 1172 2195 constare,
1189 2168 1249 2188 eum
1267 2161 1337 2188 haud
1347 2165 1510 2195 apparenter
1521 2161 1561 2188 vel
1574 2161 1699 2195 opinabi-

878 2201 899 2231 Β
917 2209 986 2240 Ιίιιιτ,
1002 2209 1048 2235 sed
1063 2207 1222 2235 naturaliter
1237 2207 1326 2242 potius
1346 2214 1377 2233 ac
1395 2214 1457 2234 vere
1480 2211 1572 2233 natum
1590 2214 1624 2234 ex
1642 2215 1700 2234 mu-

917 2253 981 2281 liere
1009 2254 1156 2288 hominem,
1188 2254 1302 2280 humana
1335 2252 1424 2279 omnia
1447 2253 1562 2287 perpeti,
1588 2257 1700 2287 peccato

916 2303 1019 2326 tantum
1036 2304 1158 2334 excepto.
1181 2298 1274 2325 Timor
1289 2302 1378 2325 autem
1395 2304 1543 2332 pavorque,
1567 2303 1698 2324 connatu-

916 2345 984 2370 rales
997 2343 1073 2371 nobis
1087 2343 1226 2378 passiones
1249 2346 1322 2374 sunt,
1338 2349 1397 2376 qua:
1414 2346 1503 2368 tamen
1529 2343 1555 2368 in
1572 2347 1699 2374 peccato-

915 2397 972 2415 rnm
991 2389 1077 2416 classe
1094 2389 1222 2416 collocari
1247 2391 1396 2422 nequeunt.
1418 2387 1518 2414 Deinde
1535 2395 1599 2414 vero
1623 2395 1697 2414 rom-

915 2436 1092 2462 movebantur
1108 2435 1134 2462 in
1154 2435 1261 2463 Christo
1279 2434 1403 2461 humana:
1418 2433 1568 2468 passiones,
1592 2440 1644 2459 non
1669 2438 1697 2460 ut

914 2486 1055 2508 corumota:
1071 2481 1222 2514 vincerent,
1239 2481 1285 2508 sed
1300 2485 1329 2507 ut
1345 2488 1360 2507 a
1372 2480 1450 2508 Verbi
1464 2479 1582 2514 potentia
1599 2480 1697 2513 praeci-

913 2527 1059 2558 tlet‘cttlur;
1072 2527 1103 2553 ad
1119 2527 1256 2553 meliorem
1270 2526 1484 2559 divinioremque
1495 2529 1593 2552 statum
1607 2529 1696 2552 trans-

913 2573 965 2598 lata
991 2573 1107 2598 humana
1125 2577 1230 2603 natura,
1251 2572 1366 2606 primum
1393 2572 1418 2598 in
1444 2571 1564 2598 Christo.
1591 2570 1695 2597 Etenim

912 2618 951 2645 sic
971 2622 997 2643 ct
1022 2625 1073 2643 non
1094 2617 1174 2644 aliter
1198 2618 1231 2643 ad
1248 2625 1296 2644 nos
1326 2618 1399 2651 ipsos
1427 2624 1567 2652 permeare
1589 2620 1695 2650 poterat

913 2662 1022 2689 madelze
1045 2662 1123 2689 ratio.
1156 2662 1267 2690 Etiamsi
1295 2664 1367 2690 enim
1393 2664 1464 2697 quod
1491 2663 1602 2695 accidit,
1625 2664 1695 2690 haud

913 2715 1105 2743 usquequaque
1118 2708 1222 2734 libitum
1240 2709 1289 2743 ipsi
1306 2713 1381 2741 erat;
1400 2710 1573 2736 nihilominus
1586 2715 1695 2744 propter

914 2754 1090 2782 nnirersalem
1117 2754 1229 2781 salutent
1257 2762 1288 2781 ac
1316 2755 1410 2786 vitam,
1437 2755 1616 2782 voluntariam
1641 2755 1694 2784 sibi
