1911 3053
230 160 282 187 9'27

726 157 754 184 S.
776 156 911 185 CYRlLLI
934 151 1167 182 ALEXANDRINI
1185 149 1344 178 ARCHIEP.

1807 144 1855 172 928

232 218 391 244 rectionem.
417 216 478 243 Haec
511 215 634 243 videlicet
663 216 705 242 illa
734 220 776 242 est
804 216 864 242 data
896 213 1015 242 tenebris

1070 210 1197 246 σταυροῦ,
1212 209 1260 236 καὶ
1276 210 1326 244 τῆς
1345 209 1378 235 ἐκ
1405 207 1510 243 νεκρῶν
1532 206 1707 235 ἀναστᾶσεως
1717 213 1725 221 ·
1740 203 1818 238 αὕτη
1830 204 1855 230 δέ

231 268 364 297 potestas.
380 262 519 289 Tenebras
536 260 652 296 appellat
666 261 804 291 Satanam,
823 259 869 294 qui
886 266 938 285 una
953 265 1013 284 cum

230 307 331 333 .ludtm's
346 308 531 333 insnrrexerat
553 306 580 332 in
598 305 736 332 Christum
753 315 759 333 :
778 310 807 331 ut
826 305 869 332 hic
890 303 1014 339 passione

231 359 279 378 sua
297 354 425 379 mundum
441 354 570 384 salvaret,
587 351 664 378 tertia
682 352 724 378 die
741 356 904 385 resurgeret,
919 349 1015 376 mortis

232 397 336 423 calcata
363 397 503 431 potentia;
534 396 571 423 illi
600 400 688 423 autem
711 403 805 430 paruas
827 399 943 422 aeternas
968 395 1015 420 da-

233 447 291 469 rent
313 450 365 469 una
382 450 441 469 cum
458 443 604 477 proditore.
621 456 656 461 ——
673 442 747 468 llaud
764 441 843 475 igitur
860 440 1013 466 tarditatem

232 488 370 514 homicidii
383 488 503 521 incusat;
515 487 561 514 sed
576 488 710 522 signiﬁcat
733 493 901 520 nequaquam
917 489 1014 519 poten-

233 533 278 559 tia:
292 533 408 566 ipsorum
425 532 595 559 tribuendam
616 536 754 567 capturum
776 538 864 562 sttam,
888 529 933 557 sed
950 536 1014 563 pro-

231 580 298 612 pria:
314 579 454 610 voluntati,
468 585 520 613 qua
533 579 624 613 passio
638 585 684 612 per
698 585 726 604 se
748 575 926 604 involuntaria
945 575 1015 601 facta

232 630 273 652 est
292 625 438 652 secundum
456 625 614 651 (nconomize
634 623 764 650 rationem
780 621 948 652 voluntaria;
975 619 1013 647 idr

232 678 285 704 que
301 676 421 704 tempore
434 675 513 704 prout
523 670 600 696 libuit
612 669 798 696 conveniente.
810 667 877 697 Non,
892 666 1013 700 inquam,

231 721 342 743 accusat
361 716 430 748 illos,
444 715 514 749 quod
536 714 751 748 intempestivam
768 712 920 747 passionem
944 711 1013 737 haud

230 762 256 789 ei
282 761 434 793 intulerint,
455 760 503 787 sed
531 761 639 787 eosdem
662 759 752 793 potius
776 757 926 792 redarguit,
952 756 1014 791 quia

230 806 314 833 stulte
336 806 523 833 existimarent
544 813 574 832 se
597 805 682 831 invito
705 803 796 839 potiri.
813 803 898 835 Tunc,
916 802 1013 837 inquit,

231 859 275 878 me
295 859 346 878 non
367 851 499 883 tenuistis,
516 852 580 885 quia
606 850 698 884 nolui;
713 855 740 877 et
764 857 798 877 ne
819 856 890 876 nunc
906 849 1013 884 quidem

1067 257 1125 282 ἔστι
1140 255 1186 283 καὶ
1199 256 1215 290 ἠ
1229 255 1335 282 δοθεῖσα
1347 253 1455 287 ἐξουσία
1467 253 1506 288 τῷ
1522 252 1622 279 σκότει.
1638 251 1739 282 Σκότος
1755 249 1786 276 δὲ
1799 249 1855 275 ὀνο-

1069 301 1149 337 μάζει
1170 301 1216 327 τὺν
1240 300 1361 327 Σατανᾶν
1381 300 1438 330 τοῖς
1458 298 1596 329 Ἰουδαίοις
1614 296 1681 332 ὁμοῦ
1706 294 1856 327 κατεξανα-

1067 346 1163 381 στῆναι
1182 345 1301 381 Χριστοῦ
1311 353 1319 360 θ
1339 344 1372 371 ἵν’
1389 345 1402 370 ὁ
1417 344 1464 378 μὲν
1477 343 1552 379 σώσῃ
1567 342 1611 369 διὰ
1626 341 1672 369 τοῦ
1690 341 1791 367 παθεῖν
1811 339 1855 374 τὴν

1068 391 1114 417 ὑπ’
1129 390 1253 426 οὐρανὸν,
1267 389 1314 416 καὶ
1326 388 1447 424 ἁναδιὼῃ
1462 389 1623 424 τριήμερος,
1633 387 1664 414 τὸ
1675 386 1724 413 τοῦ
1740 385 1855 412 Θανάτου

1068 437 1193 472 πατήσας
1211 436 1321 471 κράτος,
1344 435 1368 462 οἱ
1387 434 1415 461 δὲ
1437 434 1515 469 δίκην
1534 433 1642 460 αἰώνιον
1658 433 1772 459 τίσωσιν
1789 431 1855 466 ὁμοῦ

1067 483 1106 518 τῷ
1128 483 1255 518 προδότῃ.
1269 497 1304 501 -
1316 481 1324 515 (
1335 482 1354 507 Α
1372 481 1391 507 1³.
1405 480 1458 508 294
1472 480 1504 515 b)
1521 479 1558 506 Οὺ
1585 480 1614 505 τὸ
1634 478 1731 514 βράδος
1747 475 1798 504 οῦν
1817 477 1857 503 αἱ-

1067 529 1158 554 τιᾶται
1178 527 1208 554 τὸ
1228 528 1296 563 πρὸς
1326 526 1500 562 μιαιφονίαν,
1518 524 1586 552 ἀλλὰ
1608 524 1745 550 δείκνυσιν
1761 523 1804 549 ὅτι
1826 522 1856 548 οὗ

1067 574 1115 609 τῆς
1132 573 1220 599 αὐτῶν
1237 573 1327 607 ἰσχύος
1343 572 1423 606 ἔργον
1435 572 1451 605 ὴ
1469 570 1610 605 σύλληψις,
1626 569 1694 596 ἀλλὰ
1708 569 1758 604 τῆς
1773 567 1855 595 αὑτοῦ

1069 619 1232 654 βουλήσεως,
1249 619 1280 644 τὺ
1303 617 1452 651 ἀϐούλητον
1473 616 1558 648 πάθος
1572 615 1754 650 οἰκονομικῶς
1778 622 1856 649 ποιη-

1069 664 1186 699 σαμένου
1204 664 1325 698 οελητδν,
1347 663 1394 689 καὶ
1414 662 1493 689 τοῦτο
1517 661 1606 697 καιρῷ
1630 660 1668 696 τῷ
1688 660 1855 696 προσήκοντι

1068 708 1302 743 παραδεξαμένου.
1319 708 1356 734 Οὐ
1370 709 1423 742 γὰρ
1443 707 1475 742 δὴ
1494 707 1614 734 αἰτιᾶται
1631 705 1741 736 αὐτοὺς,
1760 705 1802 730 δτι
1820 704 1855 739 μὴ

1069 754 1192 789 πρόωρον
1219 753 1293 788 αὐτῷ
1318 753 1349 780 τὸ
1378 752 1464 784 πάθος
1490 753 1640 786 ἐπήγαγον,
1659 750 1727 777 ἀλλὰ
1756 750 1855 785 μᾶλλον

1068 800 1174 835 ἐλέγχει
1189 800 1297 831 αὐτοὺς,
1310 799 1347 831 ὡς
1362 798 1505 833 οἰηθέντας
1523 797 1794 828 ἀσυνέτως,άκοντος
1810 795 1856 822 αὐ-

1067 845 1113 871 τοῦ
1125 844 1278 880 περιέσθαι.
1301 844 1368 870 Τότε
1388 844 1436 878 μὲν
1455 841 1501 869 οὖν
1520 842 1570 868 οὐκ
1596 839 1768 876 ἐκρατήσατέ
1793 848 1855 873 μου,

231 897 425 932 ρταξνοιοτειὶε,
448 897 499 924 nisi
515 904 566 931 ego
577 896 603 924 in
619 904 717 923 manus
733 901 837 923 teslras
858 899 952 930 sponte
969 901 1015 921 ve-

1070 889 1161 924 ιρησὶν,
1189 889 1218 916 οὐ
1236 889 1292 924 γὰρ
1312 888 1475 923 ἐϐουλόμην·
1498 887 1549 913 οὐκ
1572 885 1605 912 ἂν
1627 885 1655 912 δὲ
1681 884 1742 911 οὐδὲ
1760 884 1801 915 εἰς
1828 883 1858 909 τὸ

233 943 330 970 nirem.
346 943 529 975 Quamobrem
546 942 618 969 haud
631 941 806 969 Iudaicarum
823 941 919 967 virium
933 946 1015 974 opera

230 989 293 1022 fuit,
311 996 382 1015 mors
397 988 510 1015 Domino
528 987 601 1014 illata
619 996 626 1014 :
643 988 689 1015 sed
712 988 820 1014 illorum
838 986 946 1021 quidem
963 985 1015 1012 im-

232 1036 283 1070 piis
310 1036 440 1068 ansihns,
473 1035 570 1062 merito
595 1034 656 1069 quis
681 1035 781 1062 tribuet
815 1033 870 1061 tale
893 1032 1014 1064 facinus;

233 1081 373 1108 Servatori
390 1085 480 1108 autem
498 1080 609 1108 Christo
631 1081 748 1114 patiendi
766 1086 815 1116 pro
831 1079 956 1106 omnibus
971 1085 1014 1105 vo-

232 1127 382 1159 luntatem;
401 1131 429 1154 ut
455 1130 567 1154 cunctos
594 1126 719 1153 videlicet.
743 1125 885 1156 liberaret,
904 1128 932 1150 et
953 1131 1017 1158 pre-

233 1174 306 1200 tioso
321 1180 370 1200 suo
385 1172 515 1208 sanguine
532 1177 648 1207 emptos,
667 1170 741 1198 Patri
758 1171 811 1198 Deo
825 1172 1015 1205 prmsentaret.

268 1307 301 1334 ν.
313 1307 356 1335 57.
373 1306 455 1343 429
465 1306 496 1333 At
510 1305 556 1334 ille
574 1306 672 1341 negauit
694 1314 762 1338 eum,
776 1305 865 1331 dicens
882 1311 891 1330 :
910 1303 1016 1335 Mulier,

232 1360 284 1379 non
296 1352 353 1378 novi
369 1351 455 1378 illum.

269 1397 382 1431 Fragilis
397 1396 458 1428 fuit,
474 1401 554 1431 prout
571 1395 696 1423 Christus
726 1395 898 1430 Praedixerat,
925 1394 1019 1421 beatus

232 1441 338 1473 Petrus,
361 1441 518 1476 negavitqne
535 1440 713 1468 universalem
740 1440 912 1468 Servatorem
935 1439 1014 1466 Chri-

233 1492 320 1519 stum;
339 1494 423 1521 neque
439 1486 464 1513 id
480 1486 575 1517 semel,
598 1487 643 1512 sed
663 1490 713 1518 ter,
733 1485 877 1520 etquidem
893 1485 1013 1519 juratam

233 1533 295 1560 fecit
312 1533 489 1567 negationem.
502 1531 560 1558 «Ait.
571 1532 641 1558 enim
653 1531 793 1558 Matthmus
814 1531 1017 1565 cmpisseudele-

233 1579 297 1605 stari
313 1583 339 1605 et
351 1577 442 1612 iurare
463 1585 491 1604 se
500 1577 634 1604 hominem
644 1585 696 1603 non
712 1576 818 1603 novisse
828 1575 876 1602 ".9
892 1575 1016 1603 Nonnulli
1031 1566 1052 1594 C-

234 1623 326 1648 itieunt
340 1622 447 1656 jurasse
466 1621 637 1655 discipulum,
652 1621 722 1655 quod
750 1621 888 1656 ignoraret
917 1620 1016 1646 factum

235 1666 370 1693 hominem
386 1664 487 1693 Jesum.
502 1657 549 1692 Est
568 1666 617 1692 hoc
645 1670 734 1692 tamen
749 1665 916 1692 incredibile.
935 1663 1019 1697 Quid-

235 1716 262 1737 Ιιῖ
277 1711 348 1738 enim
366 1718 459 1738 revera
484 1711 574 1744 ipsum
600 1716 746 1746 negasset.
772 1711 794 1738 si
824 1709 1018 1737 incarnationis

236 1756 392 1790 mysterium
405 1756 604 1783 subvertisset?
615 1756 718 1791 Quippe
729 1756 832 1783 sciebat
841 1755 929 1782 simile
942 1755 1018 1782 nobis

236 1801 346 1831 lactant,
362 1801 388 1827 id
403 1804 442 1827 est
465 1801 612 1834 hominem,
630 1801 794 1836 unigenitum
813 1799 859 1827 Dei
886 1798 1016 1827 Verbum.

235 1847 355 1882 ﬁamque
368 1847 422 1881 jam
443 1847 584 1875 manifeste
612 1847 752 1874 cenfessus
773 1845 878 1873 fuerat:
898 1855 907 1871 ι
923 1845 962 1872 Tu
989 1853 1018 1873 es

232 1893 368 1924 Christus,
389 1892 472 1919 Filius
491 1893 535 1920 Dei
552 1894 603 1920 vivi
618 1893 648 1920 ίδ.
672 1902 681 1918 ι
699 1892 754 1919 Nec
774 1896 900 1927 tanquam
916 1893 949 1920 de
973 1899 1019 1920 no-

232 1939 285 1971 bis,
298 1938 394 1966 Filium
414 1940 500 1974 ipsum
515 1947 576 1967 esse
594 1939 638 1966 Dei
653 1938 801 1971 afﬁrmans,
829 1940 865 1966 ita
887 1938 1017 1974 loqueba.

236 1991 300 2017 tur;
317 1986 364 2012 sed
394 1986 500 2013 etiamsi
535 1984 711 2012 humanitatis
737 1991 862 2012 mensura
896 1992 1019 2019 compre-

233 2033 346 2059 hensum
358 2036 491 2063 cerneret,
501 2031 566 2058 illud
580 2031 650 2066 quod
661 2038 740 2065 supra
754 2038 848 2058 omnes
862 2039 904 2058 res
915 2036 1018 2058 creatas

233 2085 285 2109 est,
302 2082 329 2105 et
343 2087 374 2105 ex
391 2079 435 2106 Dei
450 2078 536 2104 Patris
548 2077 696 2104 substantia
709 2077 810 2104 effulsit
824 2077 1017 2109 Verbummon

234 2124 521 2159 dubitavitagnoscere
532 2127 559 2150 et
571 2122 692 2150 conﬁteri
710 2123 755 2150 Dei
771 2123 822 2150 vivi
835 2123 932 2150 Filium
948 2131 1018 2151 esse.

235 2170 325 2204 Neque
341 2178 405 2196 vero
416 2177 464 2197 nos
481 2170 594 2197 dicimus
610 2169 778 2205 negationem
801 2170 870 2197 hanc
883 2169 1018 2202 evenisse,

234 2223 266 2242 ne
280 2215 392 2242 mendax
402 2214 526 2242 Christus
543 2215 629 2248 ﬁeret,
644 2215 691 2242 sed
715 2215 852 2242 Christum
874 2215 963 2249 potius
978 2215 1015 2242 rei
1033 2231 1055 2258 υ

233 2261 329 2288 futurm
349 2260 498 2294 praescium,
514 2267 573 2286 eam
590 2260 719 2294 discipulo
748 2260 923 2287 nuntiavisse.
935 2260 1016 2288 Certe

230 2307 302 2342 quod
317 2314 348 2333 ex
366 2307 481 2333 humana
493 2306 611 2337 miseria,
631 2307 721 2339 utjam
735 2307 797 2336 dixi,
815 2307 840 2332 id
860 2306 959 2333 malum
971 2314 1016 2334 aes

232 2353 337 2384 ciderit,
369 2359 476 2385 sumque
505 2352 676 2379 conscienti-te
701 2352 838 2379 morsibus
868 2352 1014 2386 discipulus

233 2397 467 2427 condemnaretur,
492 2398 634 2424 subsecuta
672 2398 761 2425 statim
791 2399 964 2433 lamentatio,
989 2405 1016 2427 et

233 2442 397 2477 ptBttllt‘nﬁtB
411 2442 536 2478 lacrymae
544 2443 610 2470 satis
622 2443 753 2471 docebunt
763 2452 769 2470 :
778 2452 893 2479 namque
905 2453 915 2471 ι
928 2452 1019 2478 egres-

234 2496 294 2520 sus,
311 2489 406 2523 inquit,
419 2489 490 2516 foras
499 2488 570 2516 ﬂevit
585 2497 693 2522 amare;
705 2500 714 2515 ›
727 2491 888 2524 respiciente
898 2490 930 2517 ad
942 2491 1016 2517 illum

234 2534 352 2566 Christo,
366 2539 393 2561 et
405 2536 510 2569 prmvim
522 2536 676 2563 monitionis
689 2537 844 2563 memoriam
861 2536 1016 2563 refricante.

234 2579 358 2607 Jamvero
372 2588 528 2614 conversus,
546 2590 560 2608 a
574 2589 656 2616 scopo
677 2589 726 2608 suo
743 2590 794 2608 non
810 2582 908 2609 excidit
922 2591 929 2615 ;
942 2590 1018 2608 man-

236 2625 269 2650 ~~11
287 2625 356 2651 enim
370 2631 448 2660 prout
464 2627 563 2659 fuerat,
581 2627 666 2655 ﬁdelis
683 2627 840 2662 discipulus,
853 2627 956 2662 peccati
973 2635 1022 2655 ve-

238 2669 309 2697 niam
326 2671 447 2706 adeptus.

282 2847 302 2862 ¹²
318 2845 410 2874 Matth.
429 2855 500 2879 \H't,
517 2847 559 2874 τί.
601 2848 621 2863 ⁸⁵
640 2847 732 2875 Matth.
756 2856 808 2882 xw,
827 2848 868 2876 l6.

1067 935 1154 969 παρὸν
1165 934 1301 970 ἰσχύσατε,
1311 935 1334 960 ει
1348 933 1384 969 μὴ
1399 934 1459 964 ταῖς
1473 932 1620 967 ὑμετέραις
1636 931 1732 966 χερσὶν
1748 930 1855 956 Ιιοελον-

1065 979 1114 1014 τὴς
1138 978 1427 1013 ὑπενήνεγμαι.Ὦστε
1462 977 1493 1003 οὐ
1519 977 1570 1012 τῆς
1598 974 1733 1002 Ἰουδαίων
1757 973 1851 1012 ἰσχύος

1067 1024 1146 1060 ἔργον
1161 1022 1195 1060 ἦν
1213 1024 1244 1050 τὸ
1270 1024 1376 1058 θανάτῳ
1396 1023 1552 1060 περιϐαλεῖν
1571 1022 1616 1048 τὸν
1640 1020 1759 1057 Κύριον·
1785 1019 1855 1047 ἀλλὰ

1065 1071 1122 1101 τοῖς
1141 1069 1190 1105 μὲν
1205 1069 1316 1096 ἐκείνων
1329 1069 1448 1100 ἀνοσίοις
1465 1068 1636 1103 τολμήμασιν
1649 1065 1799 1102 ὲπιγράψοι
1816 1074 1857 1097 τις

1067 1116 1099 1143 ἂν
1114 1115 1144 1142 τὸ
1161 1116 1330 1151 ὲγχεῐρημα’
1353 1114 1393 1150 τῷ
1407 1115 1435 1142 δὲ
1457 1115 1564 1150 Σωτῆρι
1589 1114 1710 1150 Χριστῷ,
1728 1113 1760 1140 τδ
1783 1113 1859 1148 ὑπὲρ

1068 1161 1178 1189 πάντων
1195 1161 1322 1196 ἐθελῆσαι
1341 1161 1452 1188 παθεῖν·
1471 1160 1514 1187 ἵνα
1533 1160 1638 1192 πάντας
1657 1159 1792 1194 ἐξέληται,
1810 1159 1860 1186 καὶ

1067 1207 1205 1242 ἀγοράσας
1221 1206 1318 1241 αἵματι
1329 1205 1367 1240 τῷ
1391 1204 1458 1240 ἰδίῳ,
1477 1205 1650 1240 παραστήσει
1669 1203 1708 1240 τῷ
1727 1204 1786 1239 Θεῷ
1810 1204 1860 1230 καὶ

1069 1252 1167 1288 Πατρί.

1109 1298 1136 1323 '0
1150 1297 1183 1323 δὲ
1190 1298 1343 1332 ἠρνήσατο
1356 1297 1460 1328 αὐτὸν,
1473 1296 1570 1332 λέγων
1579 1305 1586 1313 ·
1603 1295 1707 1328 Γύναι,
1721 1295 1777 1322 οὐκ
1791 1293 1858 1322 οἴδα

1067 1342 1169 1370 αὐτόν.

1105 1389 1138 1422 (Α
1152 1388 1172 1415 f.
1192 1389 1254 1420 295,
1272 1389 1292 1416 (Ζ
1316 1388 1334 1415 f.
1359 1388 1422 1423 155)
1446 1387 1594 1423 Ἦσθένησε
1617 1387 1688 1415 κατὰ
1705 1387 1754 1423 τὴν
1770 1387 1858 1424 πρόρ-

1071 1436 1148 1470 ρησιν
1167 1435 1214 1461 τοῦ
1234 1434 1353 1470 Χριστοῦ
1373 1435 1387 1461 ὁ
1416 1434 1550 1470 μακάριος
1569 1434 1680 1469 Πέτρος,
1698 1433 1747 1460 καὶ
1772 1433 1858 1468 ἠρνή-

1071 1488 1136 1506 σατο
1148 1479 1192 1506 τὸν
1207 1480 1261 1505 τῶν
1273 1480 1341 1506 ὅλων
1356 1480 1471 1515 Σωτῆρα
1485 1480 1612 1515 Χριστδν,
1636 1479 1684 1506 καὶ
1704 1479 1754 1514 οὐχ
1771 1479 1858 1511 ἅπαξ,

1070 1525 1136 1552 ἀλλὰ
1152 1527 1220 1561 τρὶς,
1234 1526 1281 1552 καὶ
1294 1526 1431 1561 ἐνώμοτον
1445 1526 1592 1561 ἐποιήσατο
1603 1526 1651 1561 τὴν
1664 1526 1778 1561 ἄρνησιν
1787 1534 1794 1541 ·
1806 1525 1860 1560 ἔφη

1069 1571 1123 1606 γὰρ
1136 1572 1150 1597 ὁ
1165 1571 1313 1603 Ματθαῖος,
1331 1572 1371 1598 ὅτι
1386 1582 1394 1596 ι
1409 1572 1527 1606 Ἤρξατο
1539 1572 1800 1607 καταναθεματὶζειν
1813 1572 1861 1597 καὶ

1068 1617 1178 1651 ὀμνύειν
1190 1618 1230 1644 ὃτι
1243 1617 1300 1643 Οὐκ
1321 1615 1380 1643 οἶδα
1394 1617 1439 1643 τὸν
1454 1617 1606 1652 ἄνθρωπον.
1624 1626 1632 1642 ι
1651 1617 1730 1648 Τινὲς
1748 1617 1798 1651 μὲν
1813 1615 1860 1642 οὖν

1069 1671 1150 1697 φασιν
1163 1663 1337 1698 ὀμωμοκέναι
1355 1663 1399 1689 τὸν
1417 1663 1550 1698 μαθητὴν,
1566 1663 1623 1689 Οὐκ
1641 1661 1698 1689 οἶδα
1714 1662 1861 1698 ἄνθρωπον

1067 1708 1197 1742 γεγονότα
1221 1708 1265 1735 τὸν
1291 1709 1411 1743 Ἰησοῦν·
1435 1709 1513 1736 τοῦτο
1529 1709 1557 1735 δὲ
1574 1709 1705 1736 ἄπιστον.
1724 1709 1788 1740 Πῶς
1805 1709 1861 1744 γὰρ

1069 1754 1151 1780 αὐτὸν
1166 1754 1215 1780 οὐκ
1232 1755 1379 1790 ἠρνήσατο,
1398 1756 1448 1790 τῆς
1475 1755 1543 1790 μετὰ
1575 1755 1675 1790 σαρκδς
1702 1754 1861 1788 οἰκονομίας

1068 1800 1230 1836 ἀνατρέπων
1246 1801 1276 1827 τὺ
1295 1802 1445 1836 μυστήριον
1457 1810 1463 1834 ;
1480 1801 1538 1836 ᾔδει
1552 1801 1608 1836 γὰρ
1621 1800 1681 1827 καθ’
1693 1801 1769 1836 ἡμᾶς
1782 1809 1860 1834 γεγο-

1068 1847 1149 1878 νότα,
1166 1846 1303 1873 τουτέστιν
1323 1847 1480 1882 ἄνθρωπον,
1496 1846 1542 1874 τὸν
1561 1846 1693 1882 μονογενῆ
1719 1846 1766 1872 τοῦ
1791 1846 1858 1872 Θεοῦ

1067 1891 1168 1925 Λόγον·
1181 1893 1228 1918 καὶ
1238 1891 1302 1926 γοῦν
1317 1892 1492 1928 ὡμολόγησεν
1512 1892 1648 1928 ἐναργῶς,
1665 1892 1706 1918 δτι
1719 1901 1729 1916 ι
1748 1891 1786 1918 ΣΞ)
1801 1889 1827 1917 εἷ
1842 1892 1856 1918 ὁ

1068 1937 1206 1972 Χριστὺςὸ
1221 1938 1282 1969 Υἱὸς
1299 1937 1345 1965 τοῦ
1362 1938 1429 1965 Θεοῦ
1449 1938 1496 1964 τοῦ
1515 1937 1626 1969 ζῶντος.
1651 1947 1660 1964 ι
1677 1937 1733 1964 Καὶ
1750 1938 1800 1972 οὐχ
1822 1939 1857 1968 ὡς

1068 1983 1115 2009 ἕνα
1124 1983 1177 2009 τῶν
1193 1983 1254 2009 καθ’
1269 1984 1342 2018 ἡμᾶς
1355 1983 1419 2010 Υἱδν
1441 1983 1522 2010 αὐτὸν
1531 1981 1601 2010 εἶναι
1609 1983 1676 2010 Θεοῦ
1691 1983 1857 2010 διαὸεϐαιοὺη

1071 2038 1150 2064 μενος
1165 2029 1199 2056 τὰ
1216 2030 1305 2057 τοιάδε
1319 2030 1412 2065 φησιν,
1431 2030 1498 2057 ἀλλὰ
1515 2030 1604 2056 καίτοι
1621 2031 1677 2062 τοῖς
1688 2030 1739 2065 τῆς
1753 2030 1856 2064 ἀνθρω-

1070 2075 1185 2110 πότητος
1202 2075 1312 2111 μέτροις
1327 2075 1500 2110 ὲμὸεὸηκότα
1519 2075 1630 2111 θεωρῶν
1655 2076 1702 2102 τον
1729 2076 1856 2102 ἐπέκεινα

1070 2121 1170 2152 παντὸς
1198 2121 1311 2156 γενητοῦ
1325 2140 1332 2153 ,
1359 2121 1406 2147 καὶ
1434 2121 1467 2147 ὲκ
1481 2120 1529 2156 τῆς
1544 2120 1590 2148 τοῦ
1608 2120 1676 2147 θεοῦ
1692 2121 1740 2148 καὶ
1755 2121 1856 2158 Πατρδς

1069 2167 1161 2198 οὐσίας
1176 2167 1372 2202 ἀναλάμψαντα
1386 2167 1482 2201 Λόγον,
1500 2167 1550 2193 οὐκ
1560 2166 1678 2194 ἀπέσται
1695 2167 1744 2194 τοῦ
1761 2167 1856 2194 εἰδέναι

1070 2212 1117 2239 καὶ
1129 2213 1270 2248 ὁμολογεῖν
1286 2213 1324 2244 ὡς
1342 2212 1415 2239 ἔστιν
1431 2212 1512 2244 αὐτὸς
1521 2212 1585 2244 Υἱὸς
1599 2212 1667 2239 Θεοῦ
1684 2212 1732 2239 τοῦ
1749 2213 1854 2245 ζῶντος.

1069 2258 1124 2284 Καὶ
1134 2259 1164 2284 οὒ
1174 2258 1260 2294 δήπου
1271 2258 1361 2293 φαμὲν
1369 2258 1410 2284 ὅτι
1420 2258 1533 2292 γέγονεν
1546 2257 1673 2293 ἄρνησις,
1690 2258 1734 2284 ἴνα
1746 2259 1785 2294 μὴ
1793 2259 1854 2293 ψεύ-

1069 2312 1149 2338 σηται
1169 2303 1293 2338 Χριστὸς,
1309 2304 1366 2329 ἀλλ’
1379 2303 1419 2330 ὅτι
1439 2303 1468 2329 τὸ
1484 2302 1613 2338 ἐσόμενον
1632 2303 1682 2329 οὐκ
1704 2303 1855 2338 ἡγνοηχὼς,

1068 2349 1218 2384 ἀπήγγειλε
1237 2348 1275 2383 τῷ
1288 2348 1408 2384 μαθητῇ.
1430 2349 1490 2374 Ὅτι
1503 2349 1557 2383 γὰρ
1576 2349 1753 2384 ἀνθρωπίνης
1768 2358 1856 2384 μικρο-

1068 2394 1186 2429 ψυχίας,
1210 2395 1247 2426 ὡς
1271 2395 1355 2429 ἔφην,
1379 2394 1474 2428 γέγονε
1498 2395 1529 2421 τὸ
1553 2395 1647 2426 κακὸν,
1670 2396 1717 2421 καὶ
1741 2398 1797 2427 τοῖς
1813 2396 1856 2422 τοῦ

1070 2442 1221 2473 συνειδότος
1235 2442 1358 2477 ἐλέγχοις
1378 2443 1391 2468 ὁ
1411 2442 1535 2478 μαθητὴς
1553 2443 1742 2478 κατεκρίνετο,
1762 2443 1856 2474 διδάξει

1070 2488 1103 2515 ἆν
1118 2488 1198 2520 εὐθὺς
1212 2489 1259 2517 καὶ
1275 2488 1355 2519 αὐτος
1370 2489 1384 2514 ὸ
1397 2489 1504 2524 θρῆνος,
1515 2488 1562 2514 καὶ
1573 2488 1603 2514 τὺ
1618 2488 1664 2514 ἐπὶ
1674 2490 1707 2524 τῇ
1722 2489 1857 2522 μεταγνώ-

1071 2542 1111 2560 σει
1127 2533 1260 2569 δάκρυον’
1283 2543 1293 2559 ε
1318 2534 1450 2565 Ἐξελθὼν
1463 2535 1518 2568 γὰρ
1543 2534 1604 2566 ἔξω,
1625 2535 1719 2569 φησὶν,
1741 2534 1855 2561 ἕκλαυσε

1071 2581 1186 2615 πικρῶς,
1206 2589 1215 2606 ι
1234 2581 1451 2616 προσεσχηκότος
1465 2581 1539 2615 αὐτῷ
1550 2581 1596 2607 τοῦ
1611 2580 1742 2616 Χριστοῦ,
1756 2581 1802 2607 καὶ
1814 2579 1855 2605 τοῦ

1073 2627 1140 2661 πρὸς
1154 2626 1235 2652 αὑτὸν
1255 2626 1397 2660 γεγονότος
1411 2627 1490 2660 λόγου
1506 2627 1672 2658 καλέσαντος
1686 2627 1726 2658 εἰς
1740 2626 1856 2660 ἀνάμνη-

1074 2681 1125 2699 σιν.
1147 2672 1330 2707 Ἐπιστρέψας
1344 2672 1371 2698 δὲ
1384 2672 1415 2698 οὺ
1426 2672 1561 2708 διήμαρτε
1577 2671 1623 2698 τοῦ
1636 2672 1741 2699 σκοποῦ
1753 2679 1761 2685 ·
1783 2671 1856 2707 μεμέ-

1076 2726 1142 2751 νηκε
1165 2717 1218 2752 γὰρ
1234 2717 1301 2753 δτιερ
1315 2715 1358 2752 ἦν,
1376 2717 1486 2752 γνήσιος
1501 2717 1624 2752 μαθητὴς
1636 2738 1642 2749 ,
1663 2715 1856 2752 πεπλουτηκὼς

1077 2765 1125 2798 τῆς
1140 2762 1262 2797 ἀφέσεως
1273 2762 1319 2789 τοῦ
1336 2762 1577 2797 πλημμελήματος.
