1911 3053
38 154 99 184 929

87 213 258 244 Ἐνέπαιζον
267 214 356 246 αὐτῷ,
374 214 520 248 δέροντες.

81 259 114 294 (Β
131 259 150 286 ῖ.
167 257 260 289 ‘206,('.
279 258 297 286 Γ,
312 259 373 294 155)
392 259 495 294 Πρέποι
513 260 545 286 ἂν
560 260 647 286 είπεῖν
659 260 688 286 τὺ
704 268 834 296 προφητι-

47 318 54 332 ι
62 304 92 329 ὃν
110 305 200 331 ἐκεῖνο
211 313 218 319 ·
237 313 246 330 ι
270 304 382 339 Ἐξέστη
396 306 410 331 ὁ
418 305 531 340 οὐρανὸς
543 305 589 331 ἐπὶ
597 306 693 340 τούτῳ,
703 306 750 331 καὶ
759 305 835 341 ἔφρι-

44 350 91 386 ξ;ν
102 350 149 376 ἐπὶ
161 350 241 376 πλέον
258 350 370 385 σφόδρα,
386 349 460 384 λέγει
478 349 589 385 Κύριος.
607 360 617 376 ι
640 351 668 377 '0
683 351 733 386 γῆς
742 359 771 377 τε
788 351 835 377 καὶ¹

42 383 163 430 εὐρεινοῦ
180 395 292 430 Κύριος,
306 397 320 422 ὁ
339 395 392 422 τῶν
408 395 476 422 ὅλων
491 396 664 432 Δημιουργδς
680 397 726 422 καὶ
740 395 833 431 Τεχνί-

44 449 105 476 της,
130 442 144 468 ὁ
161 441 288 476 βασιλεὺς
314 441 367 467 τῶν
388 441 581 476 βασιλευόντων
601 442 647 468 καὶ
663 441 765 477 Κύριος
779 441 834 467 τῶν

41 487 231 521 κυριευόντων
245 507 252 518 ,
273 487 311 518 ὼς
333 485 373 519 εἷς
389 487 418 520 ἐξ
431 488 508 523 ἡμῶν
526 487 698 523 ὰτιμάζεται.
715 503 750 508 --
764 488 796 523 (Α
814 487 833 514 1³.

40 533 98 560 9.95
118 534 144 565 h,
161 533 181 560 C
197 533 216 560 f.
235 533 295 568 155)
316 533 415 560 Βαϐαίί
435 534 464 560 ’0
475 535 525 570 γῆς
543 535 588 560 καὶ
602 533 718 570 οὐρανοῦ
734 533 835 570 Κύριος

41 579 84 611 ὡς
98 576 139 610 εἷς
157 578 186 611 ἐξ
201 579 280 614 ἡμῶν
290 579 463 614 διακαρτερεῖ
474 580 655 615 τυπτόμενος,
674 580 721 606 καὶ
736 571 781 606 τὸν
804 580 836 606 ὲκ

41 624 101 650 ’τῶν
128 625 236 651 ἀσεϐῶν
261 625 391 660 ὑπομένει
407 625 522 658 γέλωτα,
547 625 631 652 τύπον
645 626 712 660 ἡμῖν
731 626 780 660 τῆς
797 626 836 657 εἰς

42 670 134 705 ἄκρον
155 669 329 702 ἀνεξικακίας
350 670 523 705 παρατιθείς·
542 671 556 697 ό
576 670 631 706 γὰρ
653 669 756 702 ἐτάζων
767 679 835 706 καρ-

41 716 116 748 δίας,
137 715 196 747 πῶς
211 715 243 742 ἂν
258 716 374 751 ἠγνόησε
389 717 429 747 τίς
443 717 515 743 ἐστιν
527 717 541 743 ὁ
558 716 659 747 παίσας
673 716 767 749 αὐτόν;

81 772 139 799 Kal
150 772 189 804 ὡς
203 771 319 806 ἐγένετο
342 772 608 807 ἠμέίαμσυνήχθη
623 771 656 799 τὸ
672 772 835 806 πρεσϐυτέ-

40 825 113 850 ρων
126 816 276 849 τοῦλαοῦ,
293 825 320 843 κ.
336 825 360 843 τ.
375 817 399 843 λ.

82 862 118 897 (Α
133 862 152 889 Ι“.
167 862 219 889 295
234 863 261 894 ι),
274 862 293 888 Β
307 862 325 889 f.
342 863 404 896 9.06,
419 863 439 891 C
453 863 471 891 l‘.
491 864 551 896 155,
568 863 588 890 D
606 863 624 890 Γ.
639 863 673 890 76
687 863 714 898 b)
727 863 836 899 Ἐπειδὴ

43 908 214 944 ἀνισχούσης
228 909 345 944 ἡμέρας,
358 910 388 935 τὸ
403 909 532 941 δυσσεϐὲς
546 909 635 936 αὐτῶν
651 910 837 944 συναγήγερτο

44 953 252 989 βουλευτήριον,
267 953 467 990 παρεκομίζετο
484 955 532 990 μὲν
555 956 594 986 είς
613 955 694 990 μέσον
709 954 836 989 sessum;

44 999 260 1034 ἐξυΰριζόμενος
275 1000 288 1025 ὁ
303 1000 442 1031 Μωῦσέως
459 1000 506 1026 καὶ
520 1000 668 1035 προφητῶν
683 1000 835 1035 Δεσπότηςο

43 1043 241 1071 διεπυνθάνετο
257 1044 285 1071 δὲ
296 1046 309 1071 ὁ
327 1045 457 1080 ὑϐριστὴς
482 1045 616 1078 Ἰουδαῖος,
632 1047 656 1072 εἰ
669 1046 749 1077 αὑτός
764 1047 836 1072 ἐστιν

45 1091 61 1116 é
76 1090 213 1125 Xptardg;
238 1090 305 1116 Ἀλλ’
321 1090 393 1117 εἴποι
405 1100 447 1123 τις
467 1091 499 1118 ἂν
519 1091 587 1126 πρὸς
603 1092 718 1123 αὐτούς·
739 1092 770 1118 Εἰ
787 1092 836 1126 μὲν

45 1136 157 1170 ἀγνοῶν
170 1138 284 1172 ἐρωτᾷς,
300 1137 358 1169 πῶς
371 1138 420 1164 οὐκ
435 1138 489 1164 ἔδει
504 1139 568 1174 πρὶν
585 1138 617 1165 ἂν
633 1139 720 1174 μάθῃς
734 1139 764 1165 τὸ
775 1139 838 1173 ἁλη-

47 1183 107 1215 θὲς,
127 1183 197 1209 κατὰ
211 1183 313 1218 μηδένα
328 1183 574 1219 λυπῆσαι.τρόπον,
592 1185 628 1220 μὴ
642 1184 697 1220 ἄρα
710 1194 768 1217 πως
778 1185 837 1220 Θεῷ

47 1229 286 1264 προσκρούσειας;
305 1230 334 1256 El
359 1230 388 1256 δὲ
413 1231 570 1266 ὑποπλάττῃ
587 1231 636 1266 τὴν
662 1231 782 1265 ἄγνοιαν,
807 1230 836 1259 εὖ

46 1274 130 1306 εἰδὼς
152 1275 233 1302 αὑτὸν
255 1274 320 1302 ὄντα
343 1276 473 1311 Χριστὸν,
503 1276 605 1312 ἀκούσῃ
625 1276 748 1311 λέγοντος
764 1277 836 1312 ἱεροῦ

47 1321 233 1356 Γράμματος·
259 1331 268 1347 ι
295 1321 361 1353 Θεὸς
381 1322 412 1354 οὺ
437 1323 644 1358 μυκτηρίζεται.
669 1333 678 1349 ι
698 1324 743 1350 Διὸ
763 1324 810 1350 καὶ
823 1325 837 1350 ό

47 1366 169 1401 Χριστὸς
198 1367 266 1402 πρὸς
282 1367 396 1399 αὐτούς’
415 1377 424 1393 ι
447 1367 510 1394 Ἐὰν
527 1368 590 1403 ὑμῖν
604 1369 688 1402 εῐπω,
709 1379 718 1395 ι
737 1371 784 1396 καὶ
804 1369 837 1396 τὰ

48 1412 116 1446 ἑξῆς
127 1420 133 1427 ’
147 1412 198 1438 ποῦ
207 1413 261 1448 γὰρ
272 1412 437 1445 ἀκούσαντες
452 1414 631 1442 ἐπιστεύσατε
643 1424 651 1448 ;
667 1415 718 1442 ποῦ
729 1415 758 1442 δὲ
768 1417 838 1451 ἐρω-

47 1457 170 1493 τώμενοι
185 1459 365 1494 σεσιγήκατε;
384 1459 417 1486 Τί
431 1460 469 1492 δὲ,
487 1460 548 1487 εἰπέ
567 1469 628 1496 μοι,
644 1461 838 1498 πολυπραγμο-

47 1504 118 1535 νεῖς,
134 1504 182 1531 καὶ
195 1504 258 1540 παρ’
273 1504 355 1531 αὑτοῦ
368 1505 512 1541 μανθάνειν
527 1506 622 1540 ἀξιοῖς,
633 1507 656 1533 εί
669 1507 749 1539 αὐτός
764 1508 838 1534 ἐστιν

629 155 807 184 COMMENT.
830 157 862 183 IN
884 155 1012 184 LUCAM.

848 221 872 247 Α

853 887 873 915 Β

48 1550 64 1575 ὸ
80 1549 210 1584 Χριστὸς,
229 1550 315 1577 καίτοι
339 1550 421 1585 μετδν
438 1551 556 1584 εὐκόλως
574 1552 627 1578 ἀπό
642 1561 672 1578 τε
685 1552 766 1587 νόμου
791 1553 837 1580 καὶ
851 1561 872 1589 c

48 1594 202 1629 προφητῶν
222 1594 270 1630 τὴν
286 1595 328 1621 ἐπ’
341 1595 415 1631 αὐτῷ
429 1595 530 1630 γνῶσιν
541 1596 627 1630 seu;
646 1597 713 1623 Ἀλλ’
729 1597 838 1623 ἄπιστοι

49 1639 277 1675 ὁμολογουμένως
298 1642 344 1667 καὶ
366 1641 490 1668 ἀσύνετοι
512 1642 668 1674 παντελῶς,
692 1643 758 1678 ὁμοῦ
783 1644 838 1675 τοῖς

51 1684 106 1711 ὑπὸ
122 1687 201 1721 χεῖρα
215 1685 299 1718 λαοῖς,
314 1688 337 1713 οἱ
351 1687 404 1713 τῶν
419 1687 552 1714 Ἰουδαίων
569 1687 733 1723 καθηγηταί.
765 1689 840 1724 Ἐρο-

51 1729 146 1762 μένοις
160 1731 250 1756 τοίνυν
265 1730 344 1765 εἴπερ
363 1731 436 1757 ἐστὶν
450 1731 557 1766 ἀληθῶς
577 1732 657 1764 αὐτὸς
675 1733 688 1759 ὁ
710 1733 838 1768 Χριστὸς,

50 1774 101 1801 καὶ
120 1774 187 1801 αὐτὸ
203 1774 235 1810 δὴ
257 1775 337 1802 τοῦτο
359 1775 456 1810 μαθεῖν
472 1775 625 1803 ἐθέλουσιν·
652 1786 661 1802 ι
683 1777 745 1804 Ἐὰν
758 1778 838 1810 εἴπω,

51 1820 147 1855 φησὶν,
167 1820 197 1846 οὺ
215 1820 252 1856 μὴ
269 1820 432 1856 πιστεύσητε
444 1830 450 1836 ·
472 1822 518 1847 καὶ
539 1821 586 1848 ἐὰν
608 1822 739 1858 ἐρωτήσω
757 1823 839 1858 ὑμᾶς,

50 1868 82 1895 σὺ
109 1867 148 1903 μὴ
174 1868 350 1904 ἀποκριθῆτε.
370 1877 379 1894 ι
399 1868 452 1894 Ποῦ
480 1868 624 1904 τοιγαροῦν
643 1869 786 1901 ἀκούοντες
809 1869 839 1896 οὐ

51 1912 272 1945 temo-redueat;
309 1913 363 1938 Ποῦ
392 1912 420 1939 δὲ
446 1913 622 1948 σεσιγήκασιν
652 1913 840 1949 ἐρωτώμενοι;

58 1957 193 1984 Ἀνελθὼν
201 1957 318 1993 Χριστὸς
334 1958 373 1989 εις
394 1958 574 1994 Ἰεροσόλυμα,
587 1955 665 1994 εὗρεν
679 1959 708 1985 ὲν
727 1958 766 1994 τῷ
773 1958 842 1994 ὶερῷ

51 2004 117 2036 τοὺς
132 2003 287 2033 πωλοῦντας
303 2003 438 2039 πρόϐατα,
454 2004 501 2030 καὶ
514 2004 588 2039 βόας,
602 2005 647 2032 καὶ
667 2004 840 2040 περιστερὰς,

53 2050 104 2076 καὶ
130 2050 193 2081 τοὺς
222 2049 406 2085 κερματιστὰς
432 2049 617 2086 καθημένους·
651 2051 697 2077 καὶ
716 2051 840 2086 ποιήσας,

53 2096 148 2130 φησιν,
165 2095 202 2127 ὡς
230 2095 391 2130 φραγέλλιον
405 2097 437 2121 ὲκ
454 2095 578 2130 σχοινίων
590 2117 597 2128 ,
614 2095 722 2128 ἐξέϐαλε
740 2097 843 2127 πάντας

53 2141 88 2166 ἐκ
107 2139 155 2166 τοῦ
181 2139 264 2174 ἱεροῦ,
290 2139 392 2174 λέγων·
422 2149 431 2165 t
449 2139 495 2175 Μὴ
519 2141 620 2166 ποιεῖτε
644 2141 690 2168 τὸν
708 2139 781 2168 οἷκον
796 2141 842 2168 τοῦ

55 2186 165 2221 Πατρός
181 2194 232 2220 μου
263 2183 335 2212 οἶκον
357 2186 500 2220 ἐμπορίου.
521 2194 529 2210 ι
551 2186 658 2222 Ἐπειδὴ
673 2187 761 2214 τοίνυν
777 2187 843 2214 ὠνό-

1621 160 1672 188 950

958 214 990 242 V.
1012 215 1056 242 63.
1076 214 1225 242 llludebant
1249 216 1284 248 ei,
1312 217 1447 244 ira-denm.

921 260 1002 288 Decet
1014 261 1200 296 propheticum
1219 261 1284 289 illud
1298 262 1388 290 dicere
1403 271 1409 289 :
1429 272 1439 288 ι
1454 263 1598 300 Obstupuit
1617 273 1673 294 cur

885 306 939 334 lum
957 314 1039 341 super
1054 307 1115 339 hoc,
1127 307 1336 343 perhorruitque
1347 309 1530 343 vehementer,
1543 310 1608 339 dicit
1621 312 1674 339 Do»

885 351 974 378 minus
992 352 1041 378 ¹¹.›
1057 350 1149 379 Terrae
1161 360 1193 379 ac
1206 353 1266 380 caeli
1287 353 1426 386 Dominus,
1445 362 1535 382 rerutn
1552 357 1673 383 omnium

884 395 999 424 Crealor
1007 401 1034 424 et
1047 397 1216 430 Fabricator,
1229 398 1284 426 Rex
1303 407 1396 434 regum
1411 406 1439 428 et
1451 401 1577 429 Dominus
1587 403 1674 429 domi-

885 442 1017 474 nantium,
1035 446 1162 476 tauquam
1177 451 1246 471 unus
1261 445 1295 471 de
1307 445 1384 472 nobis
1410 447 1571 474 contumelia
1588 447 1675 474 allici-

886 485 1080 521 tur.-Papze!
1110 486 1200 515 Terra:
1227 495 1258 515 ac
1284 489 1344 516 cceli
1369 490 1509 524 Dominus,
1546 497 1673 527 tanquam

885 539 956 560 unus
971 534 1004 560 de
1022 533 1100 561 nobis
1122 533 1260 561 verberari
1280 535 1393 570 patitur,
1412 541 1439 564 et
1472 537 1614 572 impiorum
1633 539 1671 565 ri-

887 585 946 604 sum
967 574 1100 612 ‘sustinet,
1124 580 1276 614 exemplum
1299 581 1382 616 530
1407 582 1483 610 nobis
1498 584 1602 611 eximite
1625 592 1673 619 pa-

888 623 988 651 tientia:
1001 624 1133 658 prmbeus.
1149 624 1214 651 Nam
1227 625 1272 659 qui
1286 626 1367 653 corda
1379 631 1524 660 scrutatur,
1537 629 1673 663 quomodo
1689 646 1692 649 -

887 669 1023 705 ignoraret
1035 671 1097 706 quis
1109 679 1139 699 se
1155 671 1332 706 percuteret?

926 768 958 797 ν.
973 769 1017 797 ῦϐ.
1034 769 1068 796 Et
1094 775 1120 797 ut
1136 770 1221 804 factus
1238 776 1276 798 est
1298 771 1363 804 dies,
1376 778 1548 799 tourenerunl
1561 773 1674 800 seniora

886 815 979 850 plebis,
993 823 1047 843 etc.

940 861 1088 896 Postquam
1124 862 1298 891 illucescente
1329 864 1396 896 die,
1426 864 1538 900 impium
1566 864 1673 892 illorum

888 912 1011 935 coactum
1041 908 1093 935 l'uit
1122 909 1279 941 concilium,
1295 910 1510 937 constituebatur
1534 910 1560 937 in
1586 910 1676 936 medio

888 954 980 988 inique
1011 954 1107 981 illusus
1128 954 1227 990 Moysis
1252 963 1284 982 ac
1311 958 1504 990 prophetarum
1527 955 1675 988 Dominus;

888 1001 1126 1035 interrogabatque
1153 1008 1213 1027 eum
1241 1001 1451 1028 contumeliosus
1468 1000 1586 1034 Jutlwus,
1610 1010 1673 1028 num

888 1046 945 1080 ipse
963 1051 1034 1073 esset
1050 1046 1194 1073 Christus?
1209 1045 1260 1073 Sed
1276 1047 1373 1073 merito
1386 1047 1483 1081 aliquis
1499 1047 1540 1074 his
1553 1047 1674 1074 diceret:

889 1091 917 1119 Si
935 1091 1064 1126 ignorans
1086 1092 1256 1126 interrogas,
1277 1092 1370 1126 quidni
1384 1093 1512 1126 oportuit,
1530 1098 1674 1127 antequam

887 1137 1029 1164 veritatem
1046 1131 1236 1170 cognoseeres,
1260 1136 1332 1163 nullo
1360 1138 1439 1164 modo
1456 1137 1532 1164 illum
1566 1145 1675 1170 vexare,

888 1190 922 1210 ne
944 1182 1014 1209 forte
1046 1181 1130 1209 Deum
1149 1181 1412 1216 oll'enderes?Quod
1443 1184 1465 1210 si
1495 1184 1675 1218 ignorantiam

887 1227 1008 1260 simulas,
1023 1235 1083 1254 cum
1104 1227 1203 1261 alioqui
1234 1228 1306 1254 scias
1336 1228 1409 1254 hunc
1435 1235 1496 1256 esse
1525 1228 1675 1262 Christum,

887 1273 980 1300 audies
997 1280 1104 1300 sacram
1127 1273 1291 1300 clamantem
1317 1272 1472 1300 Litteram:
1496 1283 1506 1299 ι
1528 1274 1600 1302 Deus
1620 1282 1675 1301 non

888 1318 1015 1345 irridetur
1029 1318 1061 1346 “.
1081 1327 1091 1344 ι
1109 1317 1288 1352 Quamobrem
1302 1318 1427 1346 Christus
1439 1327 1546 1354 quoque
1562 1321 1595 1347 ad
1605 1329 1654 1347 eos
1666 1329 1674 1347 :

891 1373 900 1390 ι
918 1362 946 1391 Si
962 1365 1038 1392 vobis
1054 1365 1180 1397 dixero.)
1197 1370 1262 1397 ete.,
1279 1362 1419 1400 ecquando
1429 1366 1501 1393 enim
1527 1367 1564 1393 rei
1578 1366 1677 1393 audita:

888 1410 1056 1438 credidistis?
1072 1412 1211 1445 ecquando
1238 1412 1321 1446 rogati
1349 1412 1481 1438 siluistis?
1495 1411 1549 1439 Cor
1571 1418 1675 1443 aut-nn,

888 1455 931 1483 dic
947 1456 1021 1488 mihi,
1037 1456 1142 1483 curiose
1155 1456 1222 1491 agis,
1238 1461 1319 1490 atque
1330 1457 1407 1484 abeo
1421 1457 1526 1484 discore
1544 1458 1594 1488 vis,
1611 1465 1677 1483 num

888 1501 922 1528 sil
939 1501 994 1536 ipse
1007 1501 1141 1533 Christus,
1158 1502 1313 1529 cmnxlacilc
1333 1502 1412 1529 liceat
1425 1508 1478 1529 lu-It
1494 1511 1526 1529 ex
1545 1503 1602 1538 lege
1620 1507 1677 1529 tum

889 1553 921 1574 ex
934 1546 1073 1581 prophetis
1086 1547 1209 1573 notitiam
1225 1547 1284 1581 ejus
1294 1554 1402 1574 sumere
1414 1547 1426 1574 ?
1440 1546 1492 1574 Sed
1515 1547 1586 1574 enim
1614 1554 1678 1573 vere

890 1592 1022 1619 increduli
1053 1596 1080 1619 et
1106 1592 1218 1619 omnino
1235 1592 1373 1624 vecordes,
1390 1600 1440 1619 una
1472 1600 1533 1619 cum
1558 1591 1676 1625 subjecta

889 1637 976 1672 plebe,
983 1637 1143 1665 ‘Judzeorum
1156 1638 1301 1672 principes.
1323 1637 1491 1673 Rogantibus
1504 1639 1594 1673 itaque
1612 1646 1675 1665 nmn

890 1683 947 1717 ipse
961 1688 1031 1711 esset
1044 1690 1136 1710 revera
1149 1682 1283 1715 Christus,
1295 1683 1375 1716 idque
1384 1683 1504 1718 apprime
1523 1683 1675 1710 volentibus

890 1730 980 1763 scire;
998 1738 1007 1755 ι
1026 1729 1055 1756 Si
1073 1729 1178 1761 dixero,
1190 1729 1285 1764 inquit,
1305 1737 1356 1757 non
1383 1729 1511 1761 creditis;
1528 1734 1556 1755 et
1582 1729 1604 1756 si
1632 1736 1680 1756 vos

890 1776 1105 1809 interrogavero,
1131 1783 1184 1802 non
1215 1775 1426 1810 respondebitis.
1462 1785 1471 1801 ι
1504 1775 1678 1808 Quandonam

889 1829 954 1857 ergo
982 1821 1132 1852 audientes,
1154 1829 1206 1848 non
1235 1820 1617 1853 crediderunt?Quandonani
1635 1821 1677 1846 in-

892 1865 1038 1900 terrogati,
1067 1864 1215 1892 siluerunt?
1237 1864 1373 1892 Reversus
1397 1863 1523 1892 Christus
1551 1864 1680 1891 Hieroso-

890 1910 972 1946 lyma,
993 1909 1093 1945 reperit
1117 1909 1144 1936 in
1165 1909 1264 1944 templo
1289 1909 1436 1936 vendentes
1463 1916 1527 1936 oves
1546 1914 1574 1936 et
1599 1910 1680 1935 boves

891 1960 971 1990 atque
985 1954 1134 1986 columbas,
1150 1954 1400 1989 nutmnulariosque
1425 1954 1550 1981 sedentes
1565 1962 1572 1981 :
1587 1953 1674 1981 fact0<

891 2008 953 2036 que,
968 2001 1066 2035 inquit,
1085 2000 1166 2027 veluti
1181 2000 1285 2034 ﬂagello
1299 2000 1331 2027 de
1345 1999 1483 2032 funiculis,
1498 2007 1592 2027 omnes
1612 2005 1677 2027 tem-

893 2047 934 2082 plo
950 2047 1052 2080 expulit
1067 2047 1181 2073 dicens:
1200 2055 1209 2072 ι
1228 2045 1316 2073 Nolite
1341 2046 1431 2073 facere
1457 2046 1563 2073 domum
1591 2045 1679 2072 Patris

892 2093 955 2124 mei,
979 2093 1087 2120 domum
1114 2091 1309 2126 negotiationis
1326 2091 1356 2118 ¹⁷.
1383 2101 1391 2117 ι
1413 2091 1545 2124 Quoniam
1571 2091 1677 2117 Patrem

893 2137 1042 2164 nominavit
1062 2137 1156 2168 Dt‘um,
1172 2144 1242 2171 aegre
1262 2136 1286 2162 id
1316 2135 1432 2169 ferentes
1457 2135 1503 2170 qui
1535 2137 1561 2162 in
1582 2136 1680 2169 templo

893 2183 1094 2216 sacriﬁcabant,
1110 2183 1325 2209 adversabantur
1338 2182 1463 2210 aientes:
1483 2192 1492 2208 ι
1513 2182 1539 2209 in
1560 2190 1612 2217 qna
1633 2189 1676 2216 po-

55 2232 126 2267 μαζε
148 2231 256 2266 Πατέρα
275 2231 320 2257 τὴν
345 2231 420 2262 Θεὸν,
439 2231 507 2266 πρὸς
528 2230 606 2257 τοῦτο
625 2231 802 2267 ἀσχάλλοντες
815 2233 837 2258 o!

894 2234 990 2257 testate
1003 2230 1060 2256 haec
1072 2228 1190 2255 facis“?
1203 2238 1213 2254 ι
1225 2228 1325 2256 Contra
1340 2228 1388 2255 hos
1402 2228 1543 2255 Christus:
1567 2237 1576 2254 ι
1591 2228 1678 2262 Bapti-

53 2278 105 2310 τὰς
120 2278 148 2303 ὲν
157 2277 194 2312 τῷ
204 2277 259 2312 ναῷ
273 2277 412 2308 τελοῦντες
427 2276 532 2309 θυσίας,
547 2276 690 2312 ἐπεπήδων
707 2277 841 2311 λέγοντες⁸

58 2334 67 2350 ι
83 2325 129 2350 Ἐν
139 2324 204 2359 ποίᾳ
212 2323 320 2358 ἐξουσίᾳ
329 2323 414 2350 ταῦτα
426 2323 528 2355 ποιεῖς;
544 2331 553 2347 ι
570 2323 625 2348 Καὶ
634 2322 701 2358 πρός
715 2331 744 2356 γε
757 2323 842 2348 ταῦτα

55 2369 173 2405 Χριστός
184 2376 190 2382 ·
208 2378 218 2394 ι
237 2368 273 2394 Τὸ
282 2368 423 2403 βάπτισμα
437 2362 570 2399 Ἰωάννου,
581 2367 664 2394 πόθεν
678 2365 711 2402 ἦν
723 2375 729 2399 ;
747 2377 755 2392 ι
771 2368 802 2394 0i
815 2368 843 2394 δὲ

55 2413 148 2442 εἷπον·
165 2423 174 2440 ι
193 2414 249 2441 Οὐκ
263 2413 382 2448 οἴδαμεν.
399 2422 409 2439 ι
427 2413 526 2448 Ἤρετο
541 2413 569 2440 δὲ
586 2413 632 2440 καὶ
651 2412 763 2448 ἑτέρωθί
780 2410 840 2445 που,

57 2461 158 2495 λέγων·
187 2469 197 2485 ι
218 2460 249 2487 Τί
266 2460 339 2486 δοκεῖ
366 2459 430 2495 ὑμῖν
449 2459 513 2495 περὶ
536 2458 583 2485 τοῦ
607 2458 746 2494 Χριστοῦ;
771 2459 844 2490 τίνος

56 2507 113 2537 υἱός
129 2507 222 2532 ὲστινι
238 2505 268 2531 οἱ
282 2504 311 2530 δὲ
325 2501 401 2530 εἶπον
414 2512 420 2520 ν
438 2503 491 2530 Τοῦ
509 2503 601 2530 Δαϐίδ.
618 2502 685 2530 Εἶτα
707 2503 775 2540 πρὸς
796 2504 844 2530 αὺ-

43 2543 119 2582 ’τοὺς
133 2552 148 2577 ὁ
163 2550 263 2585 Κύριος
276 2549 328 2585 ἔφη
338 2558 344 2565 ·
357 2549 418 2580 Πῶς
433 2547 479 2576 οὖν
499 2549 582 2576 Δαὸὶδ
598 2551 627 2576 ἐν
640 2549 775 2584 πνεύματι
786 2549 844 2575 Κύ-

59 2605 116 2632 ριον
134 2596 214 2621 αὐτὸν
233 2596 325 2628 uulsi;
344 2605 353 2620 ι
381 2595 436 2621 Καὶ
458 2594 525 2630 πρὸς
541 2595 619 2621 τοῦτο
636 2595 717 2621 πάλιν
733 2596 843 2629 σεσιγή-

57 2647 140 2669 κασι.“
157 2642 211 2667 Καὶ
228 2641 340 2676 ἑτέρωθι
363 2640 444 2667 πάλιν
468 2640 594 2675 εὑρήσεις
611 2639 844 2675 πολυπραγμονῶν

56 2689 90 2715 τὰ
103 2687 282 2722 παραπλήσια
293 2688 321 2712 ὲν
335 2688 390 2717 τοῖς
405 2685 487 2717 θείοις
502 2686 687 2721 Εὑαγγελίοις.
709 2686 757 2712 Διὰ
768 2685 846 2712 τοῦτο

56 2734 133 2761 οὐδὲν
156 2733 247 2764 αὐτοῖς
262 2732 448 2768 ὑποκρίνεται,
466 2731 572 2767 ἐλέγχει
585 2732 612 2758 δὲ
625 2731 755 2763 ἀπίστους
767 2731 846 2763 ὄντας

111 2822 134 2838 ¹⁵
147 2821 247 2849 Jcrem.
264 2831 293 2855 ιι,
307 2822 350 2850 ιτ.
389 2823 411 2838 ¹⁶
427 2821 514 2850 Galat.
527 2830 566 2856 Vl,
583 2822 609 2850 'l.

59 2865 124 2889 xxu,
143 2857 240 2885 42—46.

669 2821 690 2837 "’
705 2821 782 2849 Joan.
798 2829 828 2854 ll,
844 2820 873 2846 l5
894 2828 970 2855 Stqq.

894 2282 952 2302 sma
968 2274 1079 2302 Joannis
1101 2275 1171 2301 unde
1199 2274 1277 2301 erat?
1294 2283 1303 2299 ι
1324 2273 1455 2300 Dixerunt
1478 2273 1513 2300 illi
1533 2284 1538 2300 :
1557 2282 1566 2299 t
1584 2273 1679 2302 Nestl'

896 2329 954 2348 Inus
970 2321 1002 2348 ‘°.
1024 2331 1033 2347 ι
1053 2321 1127 2348 Alias
1142 2328 1249 2355 quoque
1277 2321 1474 2355 interrogavit:
1493 2329 1502 2345 ι
1520 2320 1588 2354 Quid
1605 2321 1681 2347 vobis

896 2367 1001 2394 videtur
1016 2368 1048 2394 de
1065 2367 1196 2394 Christo?
1217 2365 1298 2401 Cujus
1314 2366 1385 2393 [ilius
1407 2366 1464 2393 est?
1477 2366 1516 2392 illi
1535 2367 1680 2395 dixerunt:

897 2413 1015 2440 Davidis.
1031 2413 1133 2446 Quibus
1146 2412 1270 2440 Christus
1284 2422 1290 2439 :
1307 2413 1446 2445 Quomodo
1458 2411 1537 2448 43],
1555 2420 1618 2445 ergo
1631 2412 1683 2438 Da-

896 2459 940 2485 vid
959 2459 984 2485 in
1001 2459 1103 2494 Spiritu
1127 2460 1269 2486 Dominttm
1292 2459 1378 2493 ipsum
1395 2462 1473 2485 vocat
1483 2458 1528 2484 ὀἳ
1544 2467 1553 2484 ι
1573 2459 1612 2484 Ad
1626 2458 1681 2487 huic

896 2506 985 2533 denuo
1017 2507 1221 2533 obmutuerunt.
1253 2506 1312 2533 Alia
1339 2505 1414 2540 alibi,
1447 2505 1469 2532 si
1497 2505 1682 2538 vestigaveris.

896 2551 993 2579 similia
1023 2552 1047 2578 iu
1078 2553 1164 2579 sacris
1186 2552 1337 2586 Evangeliis
1352 2551 1511 2585 comperies.
1538 2550 1682 2584 Propterea

898 2597 964 2624 nihil
980 2597 1013 2624 iis
1037 2598 1191 2631 respondet,
1209 2598 1255 2625 sed
1285 2597 1437 2625 incredulos
1457 2602 1685 2628 contumacesth

898 2643 1032 2678 coarguit.
1044 2641 1288 2677 Oportebatenim,
1306 2643 1327 2670 si
1344 2648 1416 2671 certe
1429 2642 1586 2672 voluissent.
1604 2640 1683 2668 intel-

899 2689 981 2724 ligere
999 2688 1107 2715 Davidis
1130 2696 1237 2723 quoque
1248 2697 1308 2716 esse
1321 2689 1464 2716 Dominum
1476 2688 1514 2714 uti
1528 2688 1609 2714 Deum
1634 2686 1685 2714 Do-

899 2732 1020 2767 minique
1047 2739 1078 2760 ac
1102 2732 1148 2760 Dei
1180 2733 1269 2760 Patris
1297 2732 1395 2760 Filium
1418 2731 1684 2764 consubstantialem,

1029 2821 1050 2836 η
1062 2819 1127 2848 an.
1142 2828 1185 2853 xx,
1203 2820 1230 2849 ἢ,

1269 2821 1366 2848 "ibid.
1385 2820 1401 2848 ί
1416 2829 1493 2855 seqq.
1545 2822 1568 2837 "
1586 2820 1684 2850 Matth.
