1911 3053
76 153 130 184 ’953

658 156 836 186 COMMENT.
858 157 892 185 IN
913 158 1041 188 LUCAM.

1652 168 1704 196 954

74 216 104 242 τὺ
128 210 293 250 προσοισθὲν
313 215 461 251 δηνάριον;
479 216 522 248 Ὠς
542 215 570 243 δὲ
582 216 721 252 Καίσαρος
735 217 850 252 ἔφασκον

920 226 930 243 ι
945 218 1067 253 Reddite,
1081 219 1177 255 inquit,
1195 227 1256 255 quae
1268 225 1330 248 sunt
1347 221 1462 251 Caesaris
1475 223 1586 259 Ctesari,
1602 231 1629 254 et
1643 235 1704 263 qum

77 271 86 286 ι
109 259 249 294 Ἀπόδοτε,
268 261 345 296 φησὶ,
358 261 392 288 τὰ
406 261 548 297 Καίσαρος
562 262 694 298 Καίσαρι,
714 262 763 289 καὶ
772 262 805 289 τὰ
818 261 864 288 τοῦ

72 307 141 333 Θεοῦ
158 307 197 343 τῷ
212 306 283 342 Θεῷ.
296 316 305 333 ›
323 306 379 334 Ποῦ
393 308 540 343 τοιγαροῦν
557 307 697 335 κεκώλυκε
714 308 815 344 φόρους
827 308 865 334 δι-

73 352 148 379 δόναι
164 353 285 388 Καίσαρι
297 353 383 385 ;“Αλλ“
398 350 438 384 εἷς
448 351 482 388 ἧν
494 353 586 384 αὐτοῖς
601 355 615 380 ὁ
629 353 739 385 σκοπὸς,
756 354 786 380 τὸ
798 358 864 381 κατ-

72 397 188 430 αγαγεῖν
216 397 258 428 είς
289 397 403 424 θάνατον
423 397 470 424 τὸν
492 398 664 433 ἀναφέροντα
687 398 756 434 πρὸς
779 398 863 434 ζωήν.

70 441 147 477 Πλὴν
165 442 312 477 ἠλέγχοντο
328 443 375 470 καὶ
399 443 493 479 ὰνδρδς
511 443 703 480 εἱδωλολὰτρου
722 444 864 478 γεγονότες

68 487 289 523 ῦυσσεὸέστεροι.
307 488 337 515 '0
350 488 398 524 μὲν
412 489 468 524 γὰρ
485 489 600 521 Πιλᾶτος
614 490 714 522 παντὸς
737 490 862 525 αἰτιάμα-

67 542 115 565 τος
136 534 292 569 ἀπήλλαττε
317 535 363 561 τὸν
391 534 509 570 Ἰησοῦν·
527 536 574 562 καὶ
600 535 681 562 τοῦτο
704 536 754 571 οὐχ
777 536 860 568 ἅπαξ,

68 579 143 606 ἀλλὰ
154 580 224 615 τρίς.
243 580 274 606 Οί
291 580 320 606 δὲ
337 580 468 615 ἐπίσχυον
482 580 621 615 λέγοντες·
637 591 646 607 t
669 581 803 608 Ἀνασείει
815 583 859 609 τὸν

67 625 144 656 λαὸν,
163 635 172 651 ι
191 625 379 660 συκοφαντιῶν
405 627 502 662 ἐτέρας
523 627 697 661 συλλέγοντες
715 627 859 663 ἀφορμάς’

66 671 115 697 καὶ
130 669 171 697 ὅτι
187 671 235 706 μὲν
250 671 384 705 ἐδίδασκε,
400 673 479 706 φασὶ,
498 673 662 708 σεσιγήκασι
679 673 707 699 δὲ
719 674 768 708 τῆς
788 673 860 699 διδα-

68 717 185 748 σκαλίας
197 717 243 744 τὸν
259 718 371 752 τρόπον,
389 717 505 750 δεδιότες
517 719 555 754 μὴ
572 719 625 754 ἄρα
640 727 699 750 πως
719 720 766 746 καὶ
779 711 860 752 αὖτὸς

63 764 78 789 6
93 763 210 794 Πιλάτος
225 763 323 799 εὑρεθῇ
337 764 393 795 τοῖς
409 764 582 791 πιστεύουσιν
599 765 767 800 ἐναρίθμιος.
784 765 858 801 Πλὴν

63 807 155 833 ταῦτα
173 807 298 842 λέγουσιν
315 808 432 842 ἐπετίμα
449 809 575 840 Πιλᾶτος.
592 809 811 844 ἀπολογούμενος
828 819 857 836 τε

64 853 115 879 καὶ
127 853 235 887 λέγων’
257 863 266 879 ι
288 853 422 888 Οὐδεμίαν
444 854 535 881 αίτίαν
563 853 669 890 εὕρηκα
695 855 725 882 ὲν
744 855 828 890 αὐτῷ,
845 865 854 881 ι

65 899 161 925 καὶτὰ
175 898 247 934 ἑξῆς.

99 943 172 978 Αἶρε
182 946 300 978 τοῦτον,
321 946 481 972 ἀπόλυσον
490 945 524 972 δὲ
534 945 608 979 ἡμῖν
621 945 674 972 τὸν
689 946 855 980 Βαραϐϐᾶν.

100 991 132 1025 (C
155 991 173 1018 Ῑ.
194 991 257 1025 156)
283 990 336 1017 Τοῦ
365 991 470 1026 κρίνειν
497 991 627 1026 λαχόντος
652 991 857 1027 ὲλευθεροῦντος

63 1036 147 1063 αὑτὸν
170 1036 298 1069 θανάτου,
314 1036 404 1071 ψῆφον
426 1037 577 1071 ὑποστῆναι
603 1037 794 1072 παρακαλοῦσι
812 1038 856 1064 τὸν

62 1082 158 1117 πάσης
171 1082 310 1114 εὐσεϐείας
322 1082 482 1118 καθηγητὴν
499 1083 547 1110 καὶ
565 1083 736 1116 διδάσκαλον,
754 1083 797 1110 ῐνα
816 1083 856 1110 ἔτι

62 1128 270 1164 φορτικωτέραν
281 1128 449 1163 ὑπομείνωσι
473 1121 595 1155 κδλασιν.
615 1127 779 1163 ’Δνέκραγον
801 1128 856 1164 γὰρ

61 1173 225 1209 παμπληθεῖ
247 1173 385 1207 λέγοντες·
404 1181 414 1199 t
447 1171 513 1208 Αἶρε
536 1173 640 1206 τοῦτον,
667 1174 802 1200 ἀπόλυσον
826 1174 855 1200 δὲ

61 1220 130 1254 ἡμῖν
141 1219 188 1246 τὸν
208 1220 364 1255 Βαρασὸᾶν.
376 1229 385 1245 ι
411 1220 476 1247 Ὶδοὺ
496 1219 528 1255 δὴ
542 1219 636 1254 σαφῶς
650 1221 696 1247 τὸν
717 1220 795 1254 ἆγιον
808 1221 855 1247 καὶ

61 1264 166 1291 δίκαιον
182 1265 343 1300 ἠρνήσαντο,
360 1264 431 1291 καθά
446 1273 528 1299 φησιν
545 1265 560 1291 ό
584 1263 720 1300 μακάριος
740 1264 852 1300 Πέτρος,

61 1311 111 1337 καὶ
121 1312 255 1346 ᾐτήσαντο
265 1311 349 1346 ἄνδρα
360 1311 444 1345 φονέα
457 1309 619 1345 χαρισθῆναι
635 1310 737 1342 αὑτοῖς,
751 1310 793 1336 ἵνα
805 1311 854 1346 τῆς

61 1358 168 1384 ἐκείνου
188 1357 294 1393 μερίδος
310 1356 426 1384 ἔσωνται
440 1357 565 1383 κοινωνοί
578 1364 584 1370 ·
600 1355 614 1382 ὃ
634 1356 667 1392 δὴ
684 1356 731 1383 καὶ
753 1356 852 1392 συνέϐη

61 1403 161 1429 παθεῖν
174 1403 272 1434 αὐτούς
282 1412 288 1419 ·
300 1402 419 1429 δέδονται
431 1402 484 1437 γὰρ
497 1403 536 1433 εὶς
551 1402 660 1437 ὄλεθρον
674 1402 721 1429 καὶ
733 1403 850 1437 σφαγήν.

68 1446 266 1483 Ἐπεφώνησαν
283 1448 348 1483 γὰρ,
375 1449 453 1483 φησὶ,
469 1447 593 1482 λέγοντες
604 1455 610 1463 ’
629 1457 639 1473 ι
657 1445 722 1483 Αἶρε
733 1468 740 1479 ,
770 1445 829 1482 αἶρε
844 1466 851 1481 ,

62 1495 222 1530 σταύρωσον
244 1495 335 1522 αὐτόν.
356 1504 366 1520 ι
392 1494 502 1530 Ταύτην
516 1495 565 1530 τὴν
579 1494 691 1521 ἀνοσίαν
716 1495 853 1530 καταϐοὴν

918 269 980 291 sunt
996 264 1042 292 Dei
1057 266 1110 293 Deo
1123 267 1155 293 ".
1176 275 1185 292 ι
1202 266 1376 299 Quattdonam
1399 269 1489 304 itaqtte
1504 272 1641 305 prohibuit
1655 275 1703 302 tri-

917 309 980 336 buta
1003 310 1070 338 dare
1094 311 1213 339 Caesari?
1227 313 1278 341 Sed
1301 321 1395 348 reapse
1415 315 1512 343 unicus
1538 317 1591 345 illis
1606 326 1703 355 scopus

917 360 976 383 erat
1000 357 1062 384 vita:
1089 363 1226 386 auctorem
1253 360 1331 387 morti
1365 362 1481 389 tradere.
1512 362 1701 394 Verumtamen
1734 388 1744 392 ..

917 401 974 428 viro
990 409 1097 437 quoque
1117 400 1258 432 idololatra
1283 405 1490 441 irreligiosiores
1503 416 1700 444 apparuerunt.

915 445 981 473 Nam
995 447 1096 477 Pilatus
1106 450 1214 484 quidem
1231 451 1362 479 insontem
1379 460 1488 486 prorsus
1506 454 1596 482 Jesunt
1612 453 1702 484 decla-

917 492 1003 524 rabat.
1014 500 1101 528 neque
1113 495 1138 521 id
1151 495 1246 529 semel,
1258 497 1305 523 sed
1323 502 1372 525 ter.
1388 497 1427 525 llli
1445 505 1534 534 autem
1551 501 1701 530 invalesre-

914 539 978 566 bant
992 540 1114 568 dicentes
1129 549 1136 567 :
1157 550 1167 566 ι
1182 541 1309 575 Populum
1330 550 1480 572 commovet
1493 554 1500 578 ;
1520 556 1529 573 ι
1541 552 1621 582 atque
1634 548 1701 574 alias

913 584 1109 611 calumniarum
1137 592 1234 612 causas
1266 588 1603 626 congerebantznamque
1635 601 1696 620 eum

912 629 1008 656 docere
1035 629 1143 663 quidem
1171 630 1289 664 aiebant,
1315 633 1361 660 sed
1386 634 1419 660 de
1451 635 1577 662 doctrinae
1601 645 1700 672 genere

911 675 1036 709 silebant,
1048 680 1197 705 metuentes
1215 685 1248 705 ne
1264 678 1333 705 forte
1347 679 1404 713 ipse
1422 678 1524 707 Pilatus
1536 682 1568 708 de
1582 683 1697 709 creden-

911 721 977 748 tium
1005 729 1118 750 numero
1139 722 1225 750 ﬁeret.
1248 723 1305 750 Jam
1325 724 1382 752 haec
1400 725 1521 752 dicentes
1537 726 1699 762 objurgahat

910 767 1013 795 Pilatus
1029 772 1158 803 patronus
1180 769 1267 797 factus
1281 770 1446 806 dicensque:
1466 780 1475 797 ι
1487 770 1592 799 Nullam
1610 773 1699 800 inveni

909 813 935 840 in
953 821 986 841 eo
999 821 1119 848 causam,
1139 823 1149 840 ι
1168 819 1313 843 etctetera.

946 943 978 972 V.
999 945 1041 973 is.
1061 943 1131 973 Tolle
1150 946 1220 974 Itum:
1232 951 1256 974 et
1277 948 1381 974 dimitte
1402 948 1476 974 nobis
1497 943 1659 976 Bnrabbum.

943 990 1010 1018 Cum
1036 999 1097 1018 eum
1123 993 1206 1027 judex
1233 998 1318 1020 morte
1344 993 1506 1026 absolveret,
1534 997 1694 1022 sententiam

907 1037 1043 1070 postulant
1060 1037 1122 1064 ferri
1139 1038 1268 1064 adversus
1283 1038 1372 1065 omnis
1386 1039 1492 1072 pictatis
1503 1040 1598 1066 ducent
1613 1044 1695 1074 atque

907 1084 1077 1118 magistrum.
1102 1088 1132 1110 ut
1159 1084 1311 1118 graviorem
1348 1085 1452 1111 scilicet
1484 1085 1611 1120 perlaturi
1641 1087 1695 1112 sint
1722 1079 1724 1081 ’

906 1128 1085 1162 punitionettt.
1115 1126 1248 1155 Clamavit
1276 1129 1348 1155 enim
1365 1133 1418 1155 tota
1448 1129 1526 1156 simul
1553 1129 1696 1157 multitudo

906 1172 998 1199 dicens
1014 1180 1021 1198 :
1039 1180 1049 1196 ι
1065 1170 1139 1198 Tolle
1151 1171 1222 1198 hunc
1239 1176 1266 1198 et
1295 1172 1401 1200 dimitte
1414 1174 1492 1200 nobis
1507 1173 1667 1201 Barahbam.
1682 1183 1692 1200 ι

905 1216 944 1243 Eu
959 1214 1040 1253 433
1054 1216 1196 1243 manifeste
1212 1222 1334 1244 sanctum
1346 1218 1503 1253 justumque
1516 1225 1693 1255 negaverunt,

905 1263 975 1290 sicut
1000 1264 1038 1289 ait
1065 1264 1161 1290 beatus
1183 1261 1282 1290 Petrus
1298 1263 1331 1296 “,
1355 1269 1383 1291 et.
1410 1265 1497 1291 virum
1530 1266 1692 1293 homicidam

905 1308 1000 1336 donari
1030 1308 1080 1336 sibi
1112 1309 1274 1343 petiverunt,
1291 1314 1319 1335 ut
1344 1310 1401 1345 ejus
1423 1311 1489 1337 sorti
1507 1312 1689 1338 communit-th

906 1359 975 1383 rent.
1005 1354 1081 1386 Quod
1107 1362 1173 1383 sane
1199 1357 1233 1383 iis
1266 1356 1320 1390 pati
1354 1356 1474 1391 contigit.
1499 1356 1565 1383 Nam
1602 1357 1691 1384 traditi

905 1401 1014 1429 fuerunt
1035 1402 1118 1429 exitio
1133 1405 1161 1430 el
1187 1402 1263 1430 caedi.
1295 1402 1484 1429 Clamaverunt
1498 1402 1582 1435 enim,
1604 1403 1693 1437 inquit

904 1447 1078 1482 evangelista,
1089 1448 1222 1475 dicentes:
1236 1457 1245 1473 ι
1258 1447 1342 1480 Tolle,
1353 1447 1559 1482 tolle.cruciiige
1571 1449 1668 1474 eum".
1678 1457 1688 1474 ι

906 1494 941 1520 De
959 1494 1009 1520 hoc
1025 1494 1084 1528 ipso
1110 1493 1299 1528 expostulabat
1327 1494 1410 1528 impio
1428 1493 1547 1521 clamore
1563 1494 1691 1522 Dominus

60 1542 168 1568 αιτιᾶτο
181 1541 268 1575 λέγων
280 1541 293 1566 ὁ
307 1540 407 1576 Κύριος
421 1540 465 1567 διὰ
481 1540 573 1575 φωνῆς
594 1540 725 1575 Ἰερεμίου
737 1548 743 1555 ·
763 1550 771 1566 ι
797 1540 850 1574 Ἐγ·

905 1537 1027 1565 Ieremia:
1052 1545 1099 1566 ore
1124 1539 1238 1566 dicens:
1259 1548 1269 1564 ι
1297 1538 1432 1572 Dereliqui
1458 1539 1565 1566 domum
1591 1547 1688 1571 meatu.

61 1586 210 1614 κατέλιπον
236 1585 284 1613 τὸν
309 1584 382 1612 οἶκόν
409 1594 472 1621 μου,
489 1586 584 1621 ἀφῆκα
598 1586 648 1621 τὴν
668 1585 850 1621 κληρονομίαν

63 1642 126 1670 μου,
141 1632 245 1659 δέδωκα
260 1633 309 1668 τὴν
320 1631 502 1667 ἠγαπημένην
515 1632 604 1667 ψυχήν
623 1640 674 1667 μου
695 1633 735 1663 είς
756 1633 850 1667 χεῖρας

61 1678 168 1713 ἐχθρῶν
188 1678 288 1712 αὐτῆς
305 1677 423 1713 ἐγενήθη
439 1679 454 1712 ή
476 1677 643 1713 κληρονομία
661 1686 712 1712 μου
725 1677 786 1712 ἐμοὶ
812 1677 850 1708 ὡς

61 1725 130 1751 λέων
145 1725 174 1750 ὲν
186 1723 291 1758 δρυμῷ,
316 1723 417 1750 ἔδωκεν
443 1723 486 1749 ἐπ’
499 1723 550 1758 ἐμὲ
562 1724 612 1758 τὴν
639 1723 730 1758 φωνὴν
745 1723 830 1758 αὐτῆς
841 1731 847 1738 ·

60 1770 105 1796 διὰ
121 1769 199 1796 τοῦτο
216 1769 345 1804 ἐμίσησα.
367 1778 376 1794 ›
393 1783 427 1789 ——
441 1769 471 1803 (C
489 1768 509 1795 l'.
527 1768 577 1795 156
589 1770 615 1803 b)
632 1769 704 1803 Ἔφη
722 1777 771 1795 που
786 1769 849 1804 περὶ

59 1817 109 1850 τῆς
123 1815 177 1842 τῶν
202 1815 337 1841 Ἰουδαίων
361 1814 533 1849 ἀνοσιότητος
556 1815 569 1840 ὁ
593 1815 737 1849 προφήτης
768 1814 848 1849 Ὀσηὲ

61 1858 135 1897 lead.
155 1860 280 1896 Ἡσαΐας]
292 1869 298 1875 ·
317 1869 326 1885 t
343 1861 412 1887 Οὐαὶ
427 1860 529 1891 αὐτοῖς,
547 1860 586 1886 ὃτι
604 1860 782 1895 ἁπεπήδησαν
801 1861 849 1886 ἀπ’

59 1906 128 1942 ἐμοῦ
142 1906 148 1933 l
165 1906 280 1933 Δείλαιοί
295 1907 363 1933 εἰσιν
374 1907 415 1932 ὅτι
439 1906 579 1941 ὴσέὸησαν
592 1905 632 1936 εἰς
647 1905 707 1940 ἐμέ.
738 1905 808 1939 Ἐγὼ
820 1906 848 1932 δὲ

60 1953 260 1990 ὲλυτρωσὰμην
282 1953 390 1984 αὐτοὺς,
416 1952 493 1978 αὐτοὶ
522 1952 551 1978 δὲ
576 1951 763 1986 κατελάλησαν
787 1953 847 1978 κατ’

59 1999 127 2035 ἐμοῦ
144 1999 239 2034 ψευδῆ.
260 2008 269 2024 ι
288 1999 342 2025 Καὶ
358 1998 455 2025 πάλιν·
478 2007 486 2023 t
506 1998 657 2024 Πεσοῦντατ
676 1999 704 2024 ἐν
726 1997 848 2033 ῥομφαίᾳ

59 2046 84 2072 οἱ
95 2045 223 2081 ἄρχοντες
238 2044 327 2070 αὐτῶν
340 2043 572 2080 διὰνάπαιδευσίαν
583 2043 707 2078 γλώσσης
718 2043 816 2069 αὐτῶν.
835 2053 844 2069 ι

101 2102 127 2128 ’0
151 2101 185 2128 δὲ
204 2101 332 2134 Πιλᾶτος
355 2099 493 2134 ἐπέκρινε
519 2099 657 2135 γενέσθαι
681 2100 712 2127 τὸ
737 2101 846 2136 αἴτημα

57 2157 77 2174 α
82 2150 95 2176 ὑ
100 2147 167 2175 τῶν.

95 2193 126 2228 (Α
143 2192 161 2219 Γ.
173 2191 236 2224 298,
253 2191 273 2217 Β
290 2191 306 2217 I'.
325 2190 377 2218 209
393 2190 419 2222 ι),
436 2191 455 2218 C
472 2190 491 2218 Γ.
509 2190 559 2217 156
570 2190 608 2225 b).
628 2190 771 2225 Ἐπέκρινε
790 2190 845 2216 τοὶ-
860 2213 883 2242 D

59 2248 116 2269 νυν,
136 2237 229 2273 φησὶν,
250 2238 264 2263 ὁ
285 2236 399 2268 Πιλᾶτος
415 2236 543 2270 γενέσθαι
567 2236 597 2262 τὸ
623 2236 729 2270 αἴτημα
743 2236 844 2267 αὐτῶν,

58 2285 104 2311 καὶ
119 2284 197 2318 νίκην
221 2284 395 2318 νενικήκασιν
411 2282 521 2316 ὀλέθρου
539 2281 778 2317 μητέρα.Ἤνεγκε
797 2281 845 2316 μὲν

56 2329 102 2356 τὸν
129 2327 244 2363 σταυρὸν
260 2327 273 2353 ό
289 2327 384 2361 Σωτὴρ
409 2327 440 2352 ἐκ
463 2325 510 2352 τοῦ
537 2325 717 2361 πραιτωρίου,
735 2325 775 2351 ὅτι
798 2326 844 2352 καὶ

64 2371 187 2406 Ἀϐραὰμ
205 2369 289 2397 ἀνιὼν
306 2370 352 2396 ἐπὶ
364 2370 394 2396 τὸ
411 2369 591 2405 παραδειχθὲν
617 2368 692 2404 αὐτῷ
714 2369 786 2405 ὄρος,
802 2370 844 2396 ἵνα

57 2418 124 2453 θύσῃ
140 2417 186 2443 τδν
205 2417 308 2449 Ἰσαὰκ,
327 2415 395 2442 Θεοῦ
412 2415 540 2450 γενέσθαι
555 2415 585 2441 τὸ
600 2415 695 2450 χρῆμα
707 2416 843 2450 προστάτ-

57 2472 156 2495 τοντος,
170 2462 289 2489 ἐπετίθει
304 2461 343 2497 τῷ
356 2461 454 2497 παιδίῳ
465 2460 499 2487 τὰ
511 2460 576 2494 ξύλα
586 2468 592 2476 ”
606 2461 652 2487 καὶ
664 2459 697 2495 ἦν
708 2461 748 2491 εἰς
757 2461 841 2487 τύπον

58 2508 185 2545 Χριστοῦ,
201 2508 247 2535 τὸν
263 2507 359 2535 ἑαυτοῦ
381 2506 496 2542 σταυρὸν
510 2507 549 2538 εἰς
563 2505 654 2541 ὤμους
674 2505 790 2541 ἔχοντος.
805 2521 840 2526 -

58 2555 89 2585 (Β
105 2554 123 2580 f.
140 2553 192 2580 209
207 2553 236 2588 h)
251 2553 306 2579 Kal.
329 2552 424 2586 ἄγεται
443 2553 492 2599 μὲν
504 2553 518 2578 ὁ
531 2551 626 2587 Σωτὴρ
643 2551 688 2578 ἐπὶ
702 2551 732 2577 τὸ
747 2550 841 2582 πάθοςο

58 2601 155 2634 Σίμωνι
177 2599 216 2631 δὲ,
232 2599 308 2633 φησὶ,
331 2597 480 2633 Κυρηναίῳ
496 2598 628 2624 ἐπέθεσαν
655 2597 701 2624 τὸν
727 2597 844 2632 σταυρὸν

57 2643 269 2679 αὑτοῦ.’⁷Ετερος
283 2644 311 2670 δὲ
323 2644 377 2670 τῶν
391 2644 475 2677 ἁγίων
488 2643 688 2677 εὐαγγελιστῶν
702 2643 750 2669 καὶ
759 2643 839 2669 αὑτὸν

57 2692 107 2727 ἔφη
122 2691 168 2718 τὸν
189 2690 292 2725 Ἰησοῦν
308 2690 441 2725 βαστάσαι
454 2690 483 2716 τὸ
499 2689 585 2722 ξύλον.
595 2689 706 2724 Ἀληθὲς
725 2689 754 2716 δὲ
771 2689 840 2716 πάν-

57 2746 109 2769 τως
122 2737 168 2764 καὶ
184 2737 263 2763 τοῦτο
280 2737 392 2763 κακεῖνο
403 2745 409 2751 ·
435 2737 534 2771 ἤνεγκε
558 2735 606 2770 μὲν
630 2735 684 2770 γὰρ
698 2734 813 2770 σταυρὸν
828 2735 842 2761 ὁ

901 1584 988 1611 dimisi
1005 1584 1191 1611 haereditatem
1208 1591 1306 1616 meam,
1323 1584 1418 1611 tradidi
1434 1584 1557 1611 dilectam
1569 1585 1687 1612 animam

901 1638 986 1657 meam
1004 1630 1030 1657 in
1043 1637 1138 1656 tnanus
1164 1629 1335 1657 ittimicorum
1362 1629 1428 1661 eius.
1442 1629 1522 1656 Facta
1544 1636 1585 1657 est
1606 1631 1690 1657 haeres

900 1676 970 1704 ditas
990 1683 1048 1703 mea
1060 1676 1124 1703 ntihi
1140 1678 1267 1710 tanquam
1285 1676 1326 1703 leo
1350 1675 1376 1702 in
1393 1676 1471 1707 silva,
1492 1677 1575 1703 edidit
1591 1683 1685 1704 contra

900 1730 942 1749 me
954 1729 1046 1750 vocem
1063 1729 1138 1749 suam
1152 1729 1159 1754 ;
1175 1727 1316 1756 propterea
1333 1721 1396 1749 odio
1407 1722 1487 1748 habui
1503 1722 1537 1749 ιθ.
1556 1731 1565 1748 ι
1577 1722 1690 1750 —Dieit

900 1769 997 1796 alicubi
1014 1769 1046 1797 de
1066 1768 1219 1796 Judteorum
1248 1768 1384 1803 impietate
1414 1767 1499 1795 Oseas
1530 1769 1686 1803 propheta:

902 1825 911 1841 ι
932 1815 978 1843 Vae
998 1815 1060 1847 illis,
1072 1815 1135 1849 quia
1150 1819 1321 1842 recesserunt
1334 1822 1348 1841 a
1366 1822 1408 1841 me
1419 1815 1426 1842 i
1439 1814 1530 1842 Miseri
1542 1820 1613 1846 sunt.
1625 1816 1688 1850 quia

900 1861 925 1887 in
942 1868 985 1887 me
1012 1865 1203 1894 peccaverunt.
1231 1859 1287 1895 Ego
1303 1860 1410 1895 quidem
1434 1861 1598 1887 redemeram
1615 1860 1684 1890 illos.

898 1907 944 1932 sed
967 1906 1014 1938 ipsi
1046 1905 1176 1932 achrsus
1193 1912 1234 1931 me
1253 1906 1390 1932 mendacia
1406 1905 1488 1932 lucuti
1501 1911 1562 1931 sunt
1577 1905 1610 1931 ".
1625 1914 1634 1930 ν
1653 1906 1685 1932 Et

900 1959 992 1978 rursus
1010 1948 1160 1978 :t‘Cadcnt
1184 1950 1272 1986 gladio
1288 1951 1422 1985 principes
1445 1958 1549 1984 eorum,
1575 1955 1687 1986 propter

899 1997 1124 2031 ittdisciplinatatu
1143 1997 1259 2030 linguam
1279 2003 1354 2024 suam
1365 1996 1399 2023 ".
1413 2006 1422 2022 ι

943 2097 975 2125 V.
997 2097 1043 2124 Ἡ.
1073 2095 1105 2123 Et
1125 2096 1229 2124 Pilatus
1255 2097 1418 2131 adjudimut't
1443 2097 1503 2130 fieri
1533 2097 1682 2132 petitionem

896 2151 994 2171 eorum.

931 2188 1101 2221 Adjudicavit
1127 2194 1190 2222 ergo
1203 2186 1304 2214 Pilatus
1319 2187 1376 2214 ﬂeri
1401 2187 1556 2222 petitionem
1569 2191 1681 2222 eorum;

896 2238 977 2268 atque
995 2233 1031 2260 ita
1050 2237 1162 2259 matrem
1185 2231 1258 2258 exitii
1280 2231 1320 2258 stti
1349 2231 1490 2258 victoriam
1517 2233 1679 2261 retulerunt.-

895 2279 1026 2312 Bajnlavit
1042 2279 1123 2313 igitur
1132 2286 1164 2304 cx
1183 2276 1310 2312 prmtorio
1323 2277 1450 2304 Servatur
1470 2285 1576 2305 crucem
1594 2287 1602 2311 ;
1616 2286 1677 2305 nam

894 2328 921 2352 et
935 2324 1105 2352 Abrahamus
1122 2330 1236 2358 pergens
1256 2322 1289 2348 ad
1313 2322 1524 2350 demonstratum
1539 2323 1589 2350 sibi
1601 2332 1684 2352 mou-

895 2375 958 2402 tetu,
975 2374 1004 2397 ut
1024 2369 1145 2396 lsaaeum
1175 2367 1338 2400 immolaret,
1357 2368 1413 2401 Deo»
1425 2368 1463 2395 sic
1487 2368 1679 2407 ﬁerijuhente,

894 2416 1022 2451 imposuit
1039 2415 1076 2443 illi
1096 2416 1166 2450 ligna
1178 2416 1211 2447 ",
1235 2415 1338 2448 fuitque
1363 2413 1463 2442 Christi
1478 2421 1556 2450 typus
1569 2421 1679 2444 crucem

893 2469 970 2488 suam
985 2461 1105 2489 humeris
1125 2460 1430 2496 gestantist—Ducitur
1447 2467 1511 2495 ergo
1526 2460 1557 2487 ad
1576 2461 1680 2495 patiena

894 2507 955 2534 dum
994 2506 1134 2540 Christus;
1159 2506 1262 2534 Simoni
1295 2511 1396 2538 autem,
1424 2505 1522 2540 inquit,
1548 2505 1681 2541 Cyrenaeo

895 2560 1003 2580 crucem
1013 2553 1070 2587 ejus
1085 2554 1284 2587 imposuerunt.
1301 2553 1377 2579 Alius
1392 2559 1456 2579 vero
1476 2556 1585 2579 sanctus
1597 2559 1680 2578 evan:

893 2598 986 2633 gi-lista
1002 2598 1087 2632 ipsttm
1102 2605 1208 2632 quoque
1219 2598 1310 2625 Jesum
1325 2597 1500 2631 dixitlignum
1513 2594 1676 2631 gestasse".

895 2645 962 2671 Vere
983 2643 1092 2670 omnino
1125 2648 1268 2677 utrumque
1299 2651 1328 2671 se
1356 2643 1446 2671 habet.
1477 2641 1544 2669 Nam
1564 2642 1678 2678 gestavit

893 2696 986 2724 reapse
996 2695 1103 2716 crucem
1116 2688 1258 2722 Servator;
1275 2690 1321 2716 sed
1342 2690 1440 2721 medio,
1456 2694 1528 2723 puta,
1544 2689 1570 2715 in
1582 2688 1681 2716 itinere

892 2736 1073 2771 Cyrenensem
1100 2735 1243 2768 quemdam
1265 2734 1508 2769 apprehendentes,
1529 2734 1628 2769 lignum
1650 2734 1679 2760 in‘

92 2827 113 2844 "
128 2827 191 2854 Luc.
206 2835 251 2858 xx,
267 2826 362 2853 ‘22-‘25.
401 2827 424 2842 ’δ
439 2827 499 2853 Act.
517 2835 558 2857 ut.
578 2828 617 2855 l4.
657 2829 679 2845 "
692 2828 769 2856 Juan.
788 2836 845 2861 xta,

922 2828 945 2843 “
958 2827 1059 2855 Jerem.
1074 2834 1124 2859 xu,
1138 2826 1165 2860 7,
1181 2827 1207 2854 8.
1245 2827 1267 2843 “'
1285 2826 1352 2854 Osee
1365 2833 1418 2859 vti,
1432 2826 1475 2853 l5.
1513 2826 1536 2842 ⁸⁸
1551 2821 1674 2854 ἱὺίἃςιῦκ

58 2863 77 2877 ’⁶
94 2863 161 2892 Gen.
181 2869 247 2894 xxii,
264 2861 289 2889 6.
328 2862 351 2877 ¹⁰
363 2861 442 2890 Joan.
458 2862 572 2896 xtx,16.
