4108 6352
523 355 590 414 15
1003 351 1061 408 S.
1102 348 1293 408 JOAN.
1328 346 1531 405 ΡΑΡᾹΞ
1568 344 1636 403 Ill
1672 340 1885 402 EPIST.
1928 336 2020 396 AD
2058 324 2428 395 EPI'SCOPOS
2466 334 2844 394 GERMANIE
2882 332 2970 391 ET
3004 330 3303 392 GALLUE.
3716 326 3787 390 16

524 481 773 532 teststem
802 470 1083 543 pontiﬁcii,
1118 478 1208 524 aut
1225 469 1447 539 ligandi,
1479 475 1572 521 aut
1602 462 1843 521 solvendi
1872 465 1951 518 eis
1974 471 2102 513 nor-
2132 463 2187 519 Λ
2206 458 2427 517 dliliclle
2455 460 2638 528 fuerit,
2667 470 2761 514 aut
2788 469 3007 529 propter
3043 457 3338 513 instantem
3367 452 3743 509 necessitatem
3769 496 3786 524 ,

522 585 667 629 mam
699 567 941 635 tradidit,
998 567 1093 623 sed
1120 565 1415 622 successori
1460 579 1561 621 suo
1600 572 1785 621 sancto
1812 561 2097 631 Clementi,

521 664 610 734 qui
646 661 831 717 sedem
883 658 1230 730 apostolicam
1285 668 1403 728 post
1453 673 1573 713 eum
1601 699 1616 722 ,
1667 666 1722 712 et
1778 664 2096 726 potestatem

521 753 880 824 pontiﬁcalem
911 795 924 819 ,
969 751 1211 806 tradente
1239 750 1340 805 sibi
1372 753 1529 805 beato
1556 748 1734 814 Petro,
1760 758 1944 804 tenere
1976 763 2098 817 pro-

520 851 735 903 meruit.
766 845 931 900 Linus
958 859 1083 899 vero
1109 854 1159 899 et
1195 843 1380 899 Cletus
1405 843 1783 897 ministrabant
1808 843 2096 909 exteriora,

521 940 771 1008 princeps
799 944 977 992 autem
995 936 1359 1004 apostolorum
1388 933 1577 991 Petrus
1606 934 1772 990 verbo
1796 946 1849 989 et
1874 935 2099 990 orationi

521 1028 802 1084 insistebat
830 1047 843 1080 :
877 1044 993 1099 qua:
1017 1042 1123 1083 non
1148 1029 1441 1097 incongrue
1466 1026 1531 1081 ad
1553 1026 1898 1082 traditionem
1933 1026 2100 1097 Spiri-

520 1128 605 1175 tus
626 1121 801 1176 sancti
842 1135 937 1190 per
968 1135 1158 1175 manus
1188 1118 1582 1185 impositionem
1612 1119 1905 1189 pertinent.
1952 1120 2102 1176 Unde

520 1220 570 1265 et
592 1212 645 1265 in
669 1210 889 1265 Actibus
912 1210 1283 1279 apostolorum
1304 1200 1564 1276 Scriptum
1593 1210 1819 1265 habetur
1842 1210 1980 1272 (Act.
2002 1210 2099 1280 vr):

520 1298 639 1353 Non
666 1308 740 1354 est
769 1316 991 1370 wquum,
1038 1318 1130 1356 nos
1173 1300 1459 1369 relinquere
1483 1301 1689 1356 verbum
1744 1302 1860 1370 Dei,
1912 1315 1958 1360 et
2008 1310 2103 1361 mi—

520 1393 739 1447 nistrare
765 1395 971 1447 mensis.
1022 1393 1360 1464 Quapropter
1410 1396 1745 1465 septuaginta
1793 1398 1948 1453 electi
1977 1410 2103 1455 sunt

520 1482 790 1554 discipuli,
814 1484 904 1554 qui
933 1486 1200 1541 exteriora
1228 1496 1567 1555 peragerent,
1599 1486 1697 1557 ipsi
1728 1502 1856 1544 vero
1876 1492 2100 1559 apostoli

520 1576 681 1631 verbo
730 1585 785 1632 et
828 1576 1060 1632 orationi
1089 1577 1427 1644 insisterent;
1482 1578 1605 1633 inde
1645 1589 1701 1635 et
1730 1580 1782 1635 in
1811 1582 2103 1655 Evangelia

519 1668 813 1723 secundum
843 1667 1040 1723 Lucam
1072 1670 1332 1738 scriptmn
1362 1679 1446 1725 est
1475 1671 1547 1725 ita
1578 1687 1592 1724 :
1643 1670 1771 1727 Post
1802 1673 1910 1727 hwc
1934 1684 2102 1731 autem

519 1759 799 1831 designavit
823 1760 1069 1815 Dominus
1097 1771 1144 1816 et
1170 1763 1299 1816 alios
1337 1764 1659 1833 septuaginta
1686 1766 1815 1821 duos
1841 1809 1854 1833 ,
1890 1764 2105 1823 et'misit

2206 565 2297 611 aut
2326 565 2542 625 propter
2596 554 2803 611 itineris
2852 550 3260 621 longitudinem,
3316 562 3348 603 a
3396 546 3567 603 tribus
3604 555 3786 602 tamen

2205 646 2529 704 omnimodis
2556 663 2609 701 tn
2640 645 2871 714 idipsum
2893 643 3359 707 convenientibus,
3388 647 3444 695 et
3470 636 3785 695 absentibus

2203 756 2416 812 quoque
2466 740 2580 809 pari
2632 739 2793 794 modo
2833 737 3246 794 decernentibus
3276 777 3291 802 ,
3337 742 3394 789 et
3438 747 3534 803 per
3590 733 3791 802 scripta

2204 834 2687 901 consentientibus,
2722 843 2849 888 tunc
2878 831 3148 887 ordinatio
3175 828 3501 885 celebratur.
3540 824 3793 881 Firmitas

2204 944 2383 990 autem
2416 946 2601 987 eorum
2633 946 2751 1000 qua:
2776 938 3029 999 gerentur
3080 941 3173 996 per
3204 935 3636 992 unamquamque
3661 932 3791 989 pro-

2204 1028 2475 1094 vinciam,
2524 1024 2939 1095 metropolitano
2988 1020 3254 1075 tribuatur
3285 1019 3558 1087 episcopo.
3600 1011 3793 1069 Omnia

2204 1135 2415 1192 quoque
2444 1119 2684 1174 maxima
2733 1116 2961 1173 concilia
2993 1115 3284 1177 afﬁrmant,
3339 1126 3461 1168 cum
3510 1124 3619 1167 non
3667 1122 3789 1165 esse

2204 1212 2536 1283 episcotlum,
2561 1212 2650 1281 qui
2679 1210 2853 1265 minus
2871 1224 3030 1280 quam
3054 1222 3083 1261 a
3109 1206 3277 1261 tribus
3295 1200 3586 1273 episc0pis,
3609 1207 3794 1256 aucto-

2204 1306 2365 1360 ritate
2392 1304 2552 1359 etiam
2584 1301 2978 1373 metropolitani
3006 1341 3022 1366 ,
3069 1297 3231 1354 fuerit
3280 1296 3455 1350 factus
3483 1293 3791 1365 episcopus.

2205 1395 2441 1466 Ideoque
2498 1395 2620 1450 illos
2666 1409 2802 1466 quos
2854 1391 3269 1461 chorepiscopos
3298 1386 3523 1452 vocatis,
3556 1385 3681 1456 quia
3725 1383 3793 1440 ab

2207 1506 2314 1545 uno
2336 1491 2427 1562 (ut
2467 1488 2794 1557 audivimus)
2836 1488 2971 1541 liunt
3016 1485 3293 1555 episcopo,
3346 1482 3630 1551 episc0pos
3683 1492 3794 1535 non

2208 1601 2352 1653 esse,
2383 1600 2483 1640 nec
2531 1582 2733 1653 aliquid
2767 1581 2833 1636 de
2862 1578 3154 1651 pontificali
3189 1575 3463 1647 privilegio
3492 1588 3653 1645 agere
3696 1571 3793 1630 de-

2208 1677 2357 1745 bere,
2416 1676 2753 1747 perspicuum
2808 1684 2909 1729 e5t.
2972 1671 3233 1740 Quoniam
3262 1669 3307 1724 si
3338 1682 3533 1722 nomen
3561 1679 3669 1720 non
3692 1662 3795 1719 ha-

2210 1769 2360 1836 bent,
2410 1767 2681 1838 quomodo
2738 1764 2973 1821 ofﬁcium
3020 1769 3248 1834 possunt
3299 1759 3499 1815 habere
3528 1750 3796 1830 [facere]?

520 1852 635 1908 illos
664 1855 807 1908 binos
831 1866 948 1908 ante
977 1856 1162 1924 faciem
1192 1873 1337 1909 suam
1359 1858 1412 1911 in
1439 1874 1640 1912 omnem
1666 1862 1922 1916 civitatem
1952 1872 1998 1917 et
2022 1863 2104 1918 lo-
2134 1845 2184 1907 Β
2210 1864 2267 1920 Si
2316 1878 2445 1935 ergo
2492 1861 2731 1932 episcopi
2764 1875 2869 1915 non
2898 1868 3044 1926 sunt,
3092 1864 3147 1912 et
3191 1852 3489 1925 presbyteri
3545 1849 3795 1922 (quorum

519 1961 655 2011 cum,
706 1963 805 2016 quo
838 1956 944 2001 erat
975 1948 1082 2018 ipse
1123 1958 1383 2003 venturus.
1417 1948 1485 2002 Et
1514 1951 1710 2006 dicebat
1733 1952 1842 2007 illis
1870 1970 1889 2009 :
1920 1954 2107 2011 Messis

519 2038 721 2107 quidem
761 2038 944 2105 multa,
974 2042 1196 2111 operarii
1218 2050 1386 2096 autem
1416 2043 1589 2112 pauci.
1634 2044 1832 2115 Rogate
1866 2062 1988 2118 ergo
2013 2048 2107 2101 do-

523 2132 724 2184 minum
767 2132 964 2194 messis.
1016 2144 1073 2185 ut
1114 2136 1281 2188 mittat
1311 2138 1572 2207 operarios
1619 2139 1673 2191 in
1698 2155 1911 2194 messem
1936 2158 2105 2197 suam.

522 2221 622 2277 Ite.
655 2223 789 2278 Ecce
820 2242 911 2294 ego
947 2228 1093 2279 mitto
1119 2242 1204 2280 vos
1232 2228 1362 2281 sicut
1385 2244 1545 2299 agnos
1572 2229 1705 2285 inter
1728 2230 1900 2300 lupos.
1931 2232 2109 2287 Nolite

522 2326 727 2386 portare
752 2318 1032 2386 sacculum,
1081 2335 1242 2389 neque
1279 2336 1472 2387 peram,
1519 2338 1678 2391 neque
1726 2324 2109 2390 calceamenta;

520 2416 567 2460 et
618 2408 867 2461 neminem
914 2426 1003 2477 per
1055 2410 1191 2462 viam
1236 2410 1598 2466 salutaveritis.
1640 2411 1707 2466 In
1758 2430 2110 2484 quamcunque

523 2500 731 2554 domum
773 2501 1104 2567 intraveritis,
1148 2502 1369 2570 primum
1401 2503 1555 2557 dicite
1582 2520 1600 2558 :
1630 2504 1749 2559 Pax
1767 2505 1888 2559 huic
1909 2507 2107 2563 domui.

524 2587 591 2642 Et
620 2590 665 2642 si
690 2589 761 2642 ibi
790 2591 946 2659 fuerit
974 2591 1115 2658 ﬁlius
1147 2593 1307 2660 pacis,
1355 2594 1634 2662 requiescet
1661 2612 1810 2667 super
1831 2596 1976 2651 illum
2006 2615 2111 2667 pax

524 2690 724 2748 vestra;
752 2682 831 2736 sin
860 2694 1047 2748 autem,
1073 2684 1142 2736 ad
1166 2701 1251 2738 vos
1289 2696 1580 2742 revertetur.
1611 2686 1679 2742 In
1716 2691 1894 2744 eadem
1939 2700 2110 2745 autem

525 2775 680 2831 domo
702 2786 921 2843 manete,
950 2778 1151 2832 edentes
1175 2789 1223 2833 et
1250 2780 1468 2834 bibentes
1498 2798 1611 2849 qua:
1652 2784 1793 2853 apud
1831 2784 1948 2837 illos
1969 2795 2107 2838 sunt.

524 2863 726 2939 Dignus
747 2877 821 2923 est
848 2869 984 2922 enim
1010 2870 1272 2938 operarius
1295 2872 1663 2927 mercedesua.
1693 2872 1870 2928 Nolite
1894 2876 2112 2931 transire

526 2961 590 3015 de
618 2960 843 3015 domoin
861 2962 1089 3017 domum.
1121 2960 1188 3014 Et
1215 2963 1267 3016 in
1296 2980 1646 3035 quamcunque
1673 2967 1921 3021 civitatem
1948 2968 2110 3023 intra-

525 3052 720 3118 veritis,
743 3060 791 3107 et
818 3054 1127 3121 susceperint
1150 3069 1257 3120 vos,
1306 3057 1609 3110 manducate
1638 3074 1753 3127 qua:
1778 3070 2110 3130 apponuntur

527 3144 688 3210 vobis,
729 3154 776 3199 et
826 3154 998 3198 curate
1040 3144 1271 3213 inﬁrmos
1316 3148 1404 3213 qui
1444 3150 1499 3201 in
1540 3147 1633 3201 illa
1677 3158 1817 3215 sunt,
1869 3160 1917 3204 et
1959 3152 2112 3206 dicite

526 3236 631 3290 illis
656 3252 674 3290 :
700 3236 1144 3307 Appropinquabit
1161 3238 1214 3289 in
1240 3254 1326 3291 vos
1352 3254 1567 3308 regnum
1596 3238 1710 3295 Dei.
1737 3239 1802 3295 In
1824 3259 2110 3311 quamcun-
2141 3235 2188 3299 C

526 3344 624 3399 que
652 3336 821 3381 autem
850 3329 1106 3382 civitatem
1129 3330 1455 3396 intraveritis,
1490 3342 1536 3386 et
1569 3350 1670 3386 non
1700 3338 1981 3403 receperint
2003 3355 2111 3407 vos,

531 3433 772 3478 exeuntes
801 3423 855 3476 in
907 3422 1101 3494 plateas
1130 3425 1263 3495 ejus,
1295 3425 1450 3479 dicite
1477 3442 1496 3480 :
1542 3427 1712 3481 Etiam
1741 3431 1998 3500 pulverem
2028 3434 2117 3503 qui

527 3520 749 3576 adhwsit
768 3521 912 3576 nobis
937 3522 1001 3577 de
1021 3523 1220 3578 civitate
1246 3533 1433 3591 vestra,
1462 3526 1773 3595 extergimus
1806 3529 1860 3581 in
1880 3545 1987 3583 vos.
2010 3528 2118 3582 Ta-

530 3630 645 3668 men
665 3614 763 3669 hoc
790 3615 983 3678 scitote,
1013 3616 1131 3683 quia
1151 3617 1577 3686 appropinquabit
1600 3626 1813 3686 regnum
1840 3616 1956 3672 Dei.
1987 3617 2117 3675 Dico

527 3707 690 3771 vobis,
719 3708 841 3775 quia
868 3706 1110 3763 Sodomis
1137 3708 1190 3761 in
1220 3706 1315 3760 illa
1343 3707 1427 3760 die
1456 3708 1711 3762 remissius
1741 3710 1834 3762 erit
1855 3728 2008 3781 quant
2038 3712 2117 3765 illi

530 3799 722 3853 civitati
743 3799 1011 3870 (Luc.'x).
1042 3800 1109 3856 Et
1129 3804 1182 3855 in
1210 3800 1460 3856 Mattltaao
1479 3804 1803 3872 evangelista
1828 3814 1909 3858 est
1940 3823 1951 3859 :
1985 3804 2118 3859 Ecce

530 3908 625 3962 ego
645 3894 788 3947 mitto
810 3909 897 3948 vos
923 3894 1056 3947 sicut
1084 3909 1195 3949 oves
1220 3895 1273 3947 in
1302 3895 1467 3949 medio
1489 3894 1749 3965 luporum.
1793 3895 1970 3951 Estote
1997 3915 2116 3970 ergo

532 3985 808 4053 prudentes
830 3987 960 4041 sicut
987 3998 1242 4057 serpentes
1261 4028 1278 4056 ,
1319 3996 1366 4041 et
1395 3987 1650 4057 simplices
1687 3988 1818 4042 sicut
1847 3990 2110 4047 columbae.

531 4076 710 4132 Cavete
734 4087 904 4132 autem
931 4079 995 4132 ab
1024 4078 1333 4132 hominibus.
1363 4078 1591 4133 Tradent
1614 4081 1747 4134 enim
1773 4097 1860 4135 vos
1899 4083 1953 4135 in
1994 4099 2116 4138 con-

528 4168 681 4234 ciliis,
716 4179 764 4223 et
790 4170 844 4223 in
867 4169 1142 4242 sgnagogis
1171 4171 1277 4225 suis
1306 4171 1639 4243 ﬂagellabant
1666 4188 1783 4237 vos;
1804 4183 1852 4227 et
1882 4174 1950 4227 ad
1970 4191 2115 4247 reges

527 4270 574 4317 et
606 4262 849 4333 prtesides
875 4263 1137 4317 ducemini
1165 4272 1374 4334 propter
1404 4280 1504 4330 me,
1555 4265 1608 4318 in
1634 4266 1982 4320 testimonium
2008 4266 2116 4322 illis

526 4365 573 4409 et
602 4356 854 4427 gentibus.
899 4356 1029 4411 Cum
1065 4339 1259 4411 autem.
1285 4358 1494 4411 tradent
1536 4374 1655 4425 vos,
1710 4361 1868 4414 nolite
1893 4361 2116 4431 cogitare

525 4451 782 4518 quomodo
810 4459 897 4504 aut
917 4451 1043 4521 quid
1089 4452 1389 4521 loquamini.
1439 4450 1659 4505 Dabitur
1704 4454 1840 4507 enim
1882 4454 2020 4509 vobis
2059 4456 2115 4510 in

525 4542 617 4597 illa
643 4544 772 4599 hora
800 4546 924 4614 quid
956 4546 1254 4616 loquamini.
1281 4545 1403 4599 Non
1422 4547 1555 4600 enim
1576 4563 1661 4601 vos
1680 4548 1797 4602 estis
1820 4550 1908 4619 qui
1939 4550 2108 4621 loqui-

2212 1954 2385 2011 vicem
2410 1964 2620 2026 gerunt,
2654 1954 2778 2022 quia
2810 1951 2876 2005 ad
2904 1948 3204 2018 exemplum
3244 1955 3299 2003 et
3327 1946 3553 2000 formam
3583 1952 3799 2012 septua—

2210 2049 2354 2118 ginta
2385 2048 2512 2103 olim
2542 2045 2760 2114 ﬁebant)
2784 2058 2905 2100 esse
2926 2042 3251 2113 despiciunt,
3280 2038 3409 2111 quid
3432 2038 3634 2094 erunt?
3664 2036 3799 2093 Pro-

2211 2139 2355 2195 lecto
2376 2136 2518 2209 quod
2543 2136 2751 2191 ratione
2779 2143 2946 2199 caret,
2980 2143 3069 2187 aut
3098 2133 3251 2199 nihil,
3283 2138 3375 2186 aut
3404 2146 3594 2201 parum
3645 2144 3798 2201 pror-

2211 2248 2304 2288 sus
2334 2242 2436 2288 est.
2468 2230 2524 2286 Si
2550 2230 2668 2299 quis
2693 2228 2760 2283 de
2783 2228 2862 2282 bis
2884 2226 3131 2295 amplius,
3165 2236 3219 2281 et
3245 2224 3388 2296 quod
3411 2223 3527 2279 ﬁeri
3557 2237 3666 2277 non
3694 2221 3793 2278 de-

2213 2326 2394 2392 beant,
2428 2324 2659 2379 voluerit
2686 2321 2846 2385 scire,
2903 2320 3045 2390 legat
3070 2318 3443 2389 praedictorum
3474 2314 3797 2387 apostolico-

2212 2434 2331 2473 rum
2355 2416 2600 2490 (Damasi
2628 2416 2833 2471 scilicet
2860 2424 2913 2470 et
2936 2413 3167 2483 Leonis)
3194 2412 3428 2477 decreta,
3462 2421 3517 2467 et
3538 2411 3609 2467 ibi
3638 2423 3799 2480 repe-

2213 2511 2335 2567 riet.
2357 2510 2431 2566 De
2447 2509 2636 2579 quibus
2650 2507 2823 2578 aliqua
2838 2516 2891 2561 et
2908 2506 2992 2561 hic
3014 2506 3274 2571 inserere,
3291 2504 3509 2575 dignum
3529 2502 3799 2557 duximus.

2284 2602 2443 2659 lll.Si
2463 2599 3054 2663 Dominidesideramus
3079 2612 3200 2652 esse
3232 2595 3475 2665 discipuli
3499 2594 3601 2665 (a),
3634 2591 3801 2663 ipsius

2214 2694 2484 2749 imitemur
2524 2692 2745 2762 vestigia
2771 2732 2786 2758 ,
2842 2699 2901 2744 ut
2939 2689 3004 2744 de
3055 2688 3209 2744 nobis
3253 2686 3461 2743 dicatur
3493 2702 3506 2740 :
3536 2683 3650 2755 Ego
3688 2699 3802 2739 sum

2214 2796 2389 2857 pastor
2418 2787 2599 2851 bonus,
2648 2794 2695 2839 et
2724 2799 2943 2856 agnosco
2974 2797 3087 2836 oves
3115 2797 3274 2846 meas,
3307 2787 3354 2833 et
3382 2794 3505 2833 voco
3526 2794 3612 2831 eas
3638 2776 3802 2831 nomi.

2213 2883 2394 2947 natim,
2426 2890 2474 2935 et
2503 2888 2813 2950 cognoscunt
2852 2893 2933 2931 me
2970 2891 3117 2942 mete,
3165 2883 3220 2928 et
3250 2872 3451 2943 reliqua
3498 2868 3675 2941 (Joan.
3718 2867 3803 2941 Χ).

2214 2975 2283 3031 Et
2313 2974 2539 3039 iterum,
2599 2981 2853 3026 monente
2886 2969 3166 3024 dominica:
3208 2968 3354 3022 vocis
3400 2964 3645 3034 imperio,
3693 2974 3802 3032 quo

2214 3065 2556 3122 beatissimus
2583 3062 2856 3134 apostolus
2881 3061 3069 3116 Petrus
3101 3060 3236 3114 trina
3265 3056 3581 3129 repetitione
3610 3053 3800 3126 mysti-

2215 3176 2291 3217 cae
2320 3159 2611 3215 sanctionis
2635 3156 2887 3212 imbuitur
2919 3155 3098 3225 (Joan.
3124 3152 3269 3223 nlt.),
3301 3163 3360 3209 ut
3391 3151 3591 3207 Christi
3630 3165 3760 3207 oves
3784 3190 3801 3217 ,

2220 3254 2308 3323 qui
2336 3251 2608 3306 Christum
2663 3256 2829 3315 amat,
2881 3245 3167 3317 diligenter
3198 3253 3254 3300 et
3303 3259 3423 3299 cum
3458 3256 3646 3312 magna
3673 3255 3803 3300 cura

2221 3352 2427 3412 pascat,
2459 3341 2711 3411 quoniam
2756 3338 2925 3408 ipsius
2972 3346 3173 3393 sanetae
3198 3336 3340 3391 sedis
3372 3334 3483 3404 (cui
3516 3349 3609 3401 per
3638 3333 3804 3390 abun~

2220 3432 2453 3487 dantiam
2478 3431 2680 3485 divina
2708 3429 2893 3499 gratiae
2915 3426 3238 3499 praesumus)
3290 3425 3457 3496 ipsius
3512 3439 3698 3481 amore
3753 3432 3805 3480 et

2220 3524 2521 3579 reverentia
2549 3530 2910 3587 coarctamur,
2960 3528 3021 3574 ut
3050 3528 3213 3574 tantae
3242 3518 3658 3589 superstitionis,
3684 3532 3805 3589 qua:

2220 3616 2420 3671 nullius
2451 3615 2534 3687 (ut
2563 3629 2707 3683 stepe
2738 3613 2940 3668 dictum
2964 3613 3069 3681 est)
3094 3611 3317 3667 fulcitur
3340 3610 3681 3677 auctoritate,
3708 3624 3805 3680 pe-

2219 3708 2444 3763 riculum
2476 3709 2756 3779 (quantum
2795 3706 3109 3775 possumus)
3161 3704 3513 3770 declinemus,
3569 3720 3637 3759 ne
3662 3702 3805 3759 beati

2222 3800 2459 3871 magistri
2490 3802 2659 3856 nostri
2684 3799 2829 3855 Petri
2862 3800 3057 3854 summi
3081 3799 3308 3869 apostoli
3336 3797 3572 3863 dilectio,
3604 3811 3709 3867 qua
3746 3811 3806 3854 se

2221 3902 2513 3946 amatorem
2547 3890 2641 3945 Dei
2664 3904 2785 3945 esse
2824 3898 3049 3944 testatus
3091 3898 3195 3952 est,
3242 3902 3372 3943 vana
3407 3886 3706 3943 inveniatur
3753 3888 3805 3941 in

2221 3983 2375 4038 nobis
2421 4000 2432 4036 :
2490 3986 2740 4051 quoniam
2792 3982 2965 4036 omnis
2999 3980 3334 4053 negligenter
3389 3994 3614 4050 pascens
3648 3980 3806 4036 toties

2220 4075 2654 4131 commendatum
2697 4075 2798 4130 sibi
2841 4075 3172 4130 dominicum
3195 4089 3437 4145 gregem,
3473 4072 3809 4129 convincitur

2219 4184 2487 4225 summum
2530 4184 2638 4225 non
2687 4183 2869 4224 amare
2901 4177 3194 4238 pastorem,
3245 4181 3343 4222 nec
3389 4166 3506 4237 ejus
3563 4163 3704 4222 velle
3749 4178 3809 4221 so

2219 4267 2537 4338 discipulum
2569 4265 2706 4333 ﬁeri,
2731 4264 2885 4334 cujus
2905 4263 3151 4332 exempla
3180 4260 3400 4332 negligit
3424 4259 3642 4315 imitari.
3672 4257 3807 4314 Nam

2219 4360 2393 4432 gratia
2416 4372 2635 4428 prorsus
2665 4357 2836 4427 major
2853 4356 3169 4426 acquiritur,
3195 4355 3238 4409 si
3269 4354 3338 4409 de
3358 4353 3663 4409 commissis
3688 4352 3807 4408 ovi-

2218 4450 2321 4506 bus
2342 4450 2549 4505 lucrum
2579 4448 2769 4506 oﬂ‘erat
2796 4449 3016 4503 domino
3038 4445 3345 4502 sollicitudo
3374 4446 3624 4516 pastoris.
3673 4442 3807 4499 Nam

2219 4552 2275 4598 et
2300 4541 2516 4597 beatum
2564 4540 2753 4608 Jacob,
2804 4540 2896 4609 qui
2945 4553 3041 4608 pro
3080 4537 3335 4592 uxoribus
3383 4536 3473 4589 diu
3512 4535 3806 4603 servierat,

527 4637 690 4703 mini,
743 4639 832 4693 sed
858 4614 1069 4710 spiritus
1098 4636 1274 4692 Patris
1302 4639 1455 4692 vestri
1497 4640 1585 4708 qui
1615 4614 1840 4709 loquitur
1865 4641 1920 4695 in
1949 4614 2109 4697 vobis.
2140 4614 2193 4675 Ῑ)
2219 4634 2419 4691 dixisse
2447 4633 2793 4688 meminimus
2836 4628 3042 4699 (Cenes.
3078 4629 3227 4696 xui)
3258 4646 3270 4682 :
3326 4626 3517 4697 Viginti
3544 4625 3691 4681 annis
3730 4628 3809 4698 fui

527 4726 719 4783 Tradet
773 4737 940 4783 autem
986 4731 1143 4798 frater
1191 4729 1402 4799 fratrem
1454 4731 1507 4783 in
1557 4740 1817 4797 mortem,
1875 4740 1922 4785 et
1974 4744 2116 4803 pater

525 4819 715 4889 ﬁlium,
743 4832 790 4876 et
812 4822 1076 4890 insurgent
1104 4822 1202 4891 ﬁlii
1227 4822 1278 4876 in
1301 4833 1535 4891 parentes
1554 4866 1568 4889 ,
1609 4833 1654 4878 et
1680 4832 1842 4878 morte
1870 4840 1954 4879 eos
1999 4827 2113 4895 aﬁi-

522 4913 673 4969 cient.
726 4910 795 4965 Et
838 4915 980 4969 eritis
1007 4914 1122 4968 odio
1173 4914 1403 4969 omnibus
1433 4926 1639 4986 propter
1684 4933 1867 4972 nomen
1920 4904 2110 4975 meum.

526 5006 628 5073 Qui
674 5016 841 5061 autem
884 5009 1273 5077 perseveraverit
1302 5025 1457 5077 usque
1493 5011 1547 5064 in
1588 5011 1765 5080 ﬁnem,
1815 5012 1898 5066 hic
1938 5014 2113 5069 salvus

524 5100 622 5154 erit
650 5098 869 5172 (Matth.
905 5102 983 5172 x).
1009 5100 1203 5157 Linum
1226 5117 1453 5174 namque
1492 5114 1546 5159 et
1585 5104 1793 5161 Cletum
1825 5105 1955 5161 nihil
1980 5104 2119 5177 legi?

528 5200 615 5245 tur
646 5206 879 5262 unquam
920 5207 989 5248 ex
1018 5192 1307 5262 pontiﬁcali
1337 5195 1637 5251 ministerio
1665 5198 1840 5266 egisse
1868 5204 2109 5265 potesta-

519 5285 630 5341 tive
659 5301 673 5337 :
713 5285 809 5342 sed
834 5294 1090 5355 quantum
1119 5287 1196 5342 eis
1225 5302 1255 5341 a
1280 5287 1437 5343 beato
1471 5286 1637 5344 Petro
1663 5289 2071 5359 prtecipiebatur
2091 5330 2107 5357 ,

518 5387 732 5435 tantum
761 5379 1100 5457 solummodo
1129 5381 1373 5450 agebant.
1416 5380 1549 5436 Nam
1581 5391 1636 5438 et
1662 5383 1714 5436 in
1743 5396 1952 5437 canone
1977 5381 2110 5452 legi-

520 5477 609 5524 tttr
659 5470 875 5525 Nicaeae
910 5469 1154 5541 ,(Nicami
1201 5473 1405 5527 concilii
1453 5489 1564 5526 can.
1621 5472 1723 5542 4):
1777 5472 2099 5542 Episcopum

521 5575 756 5632 namque
784 5563 1039 5620 convenit
1084 5564 1321 5619 maxime
1362 5565 1572 5634 quidem
1622 5564 1690 5619 ab
1720 5563 1971 5620 omnibus
2014 5562 2105 5632 qui

517 5656 721 5712 suntin
750 5659 1025 5728 provincia
1052 5657 1319 5728 episcopis
1347 5659 1602 5713 ordinari.
1652 5658 1707 5713 Si
1750 5667 1933 5714 autem
1990 5658 2101 5712 boc‘

2222 4738 2427 4783 tecum:
2456 4744 2571 4782 oves
2601 4735 2704 4781 tute
2729 4733 2776 4780 et
2802 4739 2976 4794 capra:
3003 4722 3201 4777 steriles
3219 4737 3320 4774 non
3348 4720 3554 4788 fuerunt
3578 4736 3594 4771 :
3622 4720 3807 4775 arietes

2219 4820 2385 4891 gregis
2407 4820 2483 4874 tui
2506 4834 2609 4873 non
2628 4816 2846 4882 comedi,
2868 4830 2957 4870 nec
2977 4823 3183 4882 captum
3211 4828 3244 4864 a
3270 4811 3428 4864 bestia
3454 4811 3657 4865 ostendi
3672 4811 3763 4865 tibi
3784 4828 3805 4867 :

2219 4930 2311 4986 ego
2339 4914 2585 4967 damnum
2616 4926 2765 4966 omne
2792 4907 3155 4968 reddebam,et
3181 4903 3430 4972 quidquid
3476 4905 3610 4973 furto
3642 4905 3806 4974 perie-

2218 5018 2321 5072 rat,
2350 5023 2381 5060 a
2408 5022 2488 5060 me
2514 5006 2769 5077 exigebas.
2802 5002 2900 5056 Die
2926 5009 3175 5065 noctuque
3200 5004 3329 5052 testu
3360 4998 3548 5051 urebar
3575 5007 3622 5051 et
3645 4997 3761 5069 gelu
3785 5040 3803 5068 ,

2219 5103 2445 5173 fugiebat
2470 5116 2679 5155 somnus
2720 5097 2783 5151 ab
2829 5094 2989 5150 oculis
3016 5093 3162 5148 meis.
3217 5090 3273 5149 Si
3305 5091 3466 5162 igitur
3490 5089 3570 5145 sic
3599 5090 3806 5147 laborat

2214 5205 2270 5251 et
2294 5195 2510 5264 vigilat,
2562 5192 2649 5262 qui
2696 5190 2867 5260 pascit
2914 5203 3042 5245 oves
3088 5188 3292 5256 Laban,
3342 5192 3543 5255 quanto
3596 5183 3804 5254 labore,

2214 5288 2530 5357 quantisque
2560 5284 2756 5353 vigiliis
2784 5283 2945 5340 debet
2986 5283 3289 5347 intendere.
3339 5281 3432 5351 qui
3464 5278 3641 5351 pascit
3671 5292 3807 5335 oves

2214 5378 2348 5433 Dei?
2375 5376 2480 5433 Sed
2511 5376 2564 5430 in
2591 5374 2676 5430 his
2696 5374 2945 5430 omnibus
2975 5375 3091 5445 ipse
3136 5387 3234 5427 nos
3263 5374 3527 5435 instruat,
3583 5368 3676 5440 qui
3702 5382 3806 5439 pro

2213 5472 2324 5527 suis
2351 5470 2500 5526 dedit
2527 5469 2717 5525 ovibus
2741 5470 3000 5534 animam,
3031 5474 3084 5520 et
3114 5464 3329 5533 adjuvet
3355 5450 3494 5531 nos,
3530 5469 3587 5517 ut
3625 5460 3695 5517 de
3720 5459 3809 5516 bis

2215 5563 2304 5636 qui
2334 5562 2488 5618 nobis
2517 5562 2789 5617 commissi
2815 5570 2961 5626 sunt,
3004 5557 3232 5612 fructum
3265 5554 3808 5628 multiplicemlmul-

2218 5654 2468 5727 tiplicetJ,
2526 5669 2591 5710 ac
2622 5667 2925 5711 mensuram
2967 5649 3443 5720 superelﬂuentem
3490 5646 3559 5703 ad
3599 5655 3804 5703 aeterna

588 5830 667 5905 (a)
705 5832 916 5891 Damasi
946 5850 1096 5906 papa:
1126 5836 1352 5906 epistola
1379 5837 1431 5900 5,
1466 5836 1571 5893 into
1600 5838 1905 5907 impostoris
1933 5839 2242 5896 Mercatoris
2264 5837 2482 5907 ineptus
2506 5842 2685 5891 cento.
2718 5832 2877 5890 Lana.
