4108 6352
317 387 387 449 ιτ
714 422 717 425 .
1360 384 1420 442 S.
1459 382 1812 441 MABTJNUS
1850 380 2229 441 DUMIENSIS.
2276 385 2571 445 NOTITIA.
3520 393 3588 449 18

316 506 509 578 gaudia
566 513 846 576 reportare
900 501 1166 559 concedat
1217 519 1229 555 :

320 598 461 654 Petri
488 595 854 666 apostolorum
905 595 1162 667 principis
1204 608 1355 650 amor
1403 594 1687 661 accendat,
1743 603 1798 646 ut
1846 594 1897 647 in

317 689 449 748 ovili
478 690 664 759 ipsius,
692 689 777 744 cui
796 703 983 744 omnes
1009 698 1274 744 creaturae
1297 695 1422 742 sunt
1451 686 1681 752 traditm,
1712 700 1901 742 omnes

322 782 499 837 taliter
525 791 791 847 errantes,
816 789 870 835 et
902 780 1085 836 illicita
1111 790 1271 851 atque
1292 778 1559 850 prohibita
1582 793 1903 850 praesumen-

323 883 425 942 tes,
458 874 659 930 sanctis
688 874 886 930 vestris
911 874 1100 929 studiis
1136 890 1357 945 summo
1387 874 1751 945 redintegrare
1779 890 1901 931 cum

319 966 587 1023 desiderio
610 966 892 1033 festinetis,
923 967 1154 1036 qualiter
1182 966 1377 1023 animae
1421 968 1663 1039 pretioso
1708 968 1903 1025 Christi

320 1058 579 1128 sanguine
634 1058 960 1129 redemptae,
1020 1074 1206 1115 eorum
1260 1074 1366 1114 non
1414 1062 1705 1129 depereant
1747 1059 1899 1116 dece‘

320 1154 522 1223 ptione.
556 1152 741 1207 Restat
762 1153 946 1219 etiam,
970 1153 1112 1219 quod
1137 1168 1232 1221 per
1253 1153 1445 1208 ostium
1484 1153 1538 1207 bi
1569 1167 1901 1223 nequaquam

321 1245 709 1311 subintraruut,
738 1247 860 1315 quia
892 1261 997 1299 non
1039 1244 1310 1301 habebant
1362 1246 1557 1301 ostium
1613 1260 1709 1316 per
1759 1245 1903 1315 quod

323 1338 726 1409 ingrederentur
769 1353 783 1391 :
832 1338 959 1407 quia
1015 1338 1097 1407 (ut
1140 1337 1342 1393 dictum
1397 1336 1501 1407 est)
1554 1338 1599 1393 si
1641 1352 1740 1393 nec
1792 1337 1903 1407 epi-

320 1432 470 1502 scopi
506 1440 629 1485 sunt
654 1473 668 1495 ,
702 1437 756 1484 et
806 1429 1079 1500 plusquam
1114 1430 1412 1503 presbyteri
1450 1444 1572 1487 esse
1624 1431 1898 1498 ambiunt,

320 1537 416 1595 per
440 1522 579 1592 quod
597 1520 789 1575 ostium
803 1520 1107 1577 intrabunt?
1127 1537 1247 1577 cum
1261 1523 1312 1577 hi
1336 1532 1540 1578 tantum
1558 1523 1663 1579 duo
1689 1524 1905 1580 ordines

322 1612 375 1668 in
404 1612 630 1669 ecclesia
647 1613 1263 1683 legantur,necamplius
1279 1613 1345 1669 ad
1371 1615 1640 1684 pastorale
1669 1615 1904 1671 officium

322 1707 531 1778 aliquod
554 1714 701 1777 patet
724 1708 949 1772 ostium,
978 1722 1072 1776 per
1100 1709 1240 1777 quod
1260 1715 1443 1779 pastor
1472 1709 1654 1764 intret.
1687 1709 1905 1777 Audite,

320 1799 530 1866 fratres,
580 1816 685 1855 non
733 1815 861 1864 me,
915 1802 1011 1855 sed
1064 1803 1233 1870 ipsam
1291 1799 1580 1856 Veritatem
1637 1801 1904 1857 dicentem

320 1888 500 1964 (Joan.
533 1890 589 1961 ι)
626 1910 638 1944 :
675 1892 776 1957 Qui
798 1908 901 1946 non
936 1893 1092 1947 intrat
1130 1909 1220 1963 per
1252 1893 1438 1947 ostium
1462 1894 1517 1947 in
1558 1894 1689 1950 ovile
1713 1897 1901 1964 ovium,
1933 1885 1984 1949 B

318 1986 408 2041 sed
437 1985 668 2039 ascendit
692 1984 919 2050 aliunde,
954 1986 1042 2040 ille
1063 1985 1149 2054 fur
1196 1995 1268 2040 est
1297 1995 1345 2040 et
1374 1987 1507 2041 latro
1527 2029 1542 2051 ,
1593 1998 1647 2042 et
1676 1988 1902 2059 reliqua.

318 2074 451 2132 Cum
473 2074 633 2130 etiam
656 2076 900 2146 egregius
923 2076 1241 2146 prmdicator
1264 2078 1410 2132 dicat
1438 2097 1449 2130 :
1477 2076 1903 2134 Fundamentum

320 2166 466 2221 aliud
493 2182 637 2222 nemo
666 2176 827 2238 potest
874 2184 1060 2240 ponere
1085 2176 1269 2238 prwter
1295 2169 1349 2222 id
1373 2170 1511 2239 quod
1540 2172 1764 2239 positum
1788 2181 1861 2227 est
1885 2188 1904 2225 :

318 2258 377 2332 (Ι
406 2258 525 2314 Cor.
556 2260 634 2331 ni)
670 2279 683 2313 :
715 2260 972 2331 praedicta
1016 2262 1123 2317 duo
1170 2262 1510 2319 fundamenta
1566 2265 1616 2318 in
1665 2265 1906 2321 Ecclesia

321 2353 686 2409 tantummodo
714 2353 888 2422 posita
915 2353 1280 2420 inveniantur,
1310 2354 1567 2426 quidquid
1592 2357 1820 2426 amplius
1848 2359 1900 2413 in

319 2446 402 2501 his
416 2447 646 2517 positum
667 2446 959 2513 invenitur,
983 2456 1127 2502 stare
1144 2448 1453 2503 nullatenus
1468 2450 1684 2517 poterit.
1704 2448 1767 2502 Et
1781 2449 1903 2505 ideo

318 2553 437 2594 cum
454 2538 704 2593 omnibus
718 2539 831 2593 suis
854 2536 1234 2605 fundamentis,
1249 2538 1555 2593 actionibus
1581 2550 1741 2608 atque
1760 2539 1905 2595 radi-

316 2629 466 2687 cibus
492 2638 551 2685 ut
573 2629 849 2695 evellatur,
876 2644 1097 2685 necesse
1114 2638 1217 2696 est,
1238 2629 1310 2685 ita
1336 2639 1395 2685 ut
1414 2629 1644 2700 amplius
1667 2646 1766 2685 nec
1784 2632 1905 2700 pul-

316 2723 503 2791 lulare,
519 2738 619 2779 nec
638 2724 942 2794 germinare
956 2723 1151 2781 valeat.
1169 2722 1284 2778 Non
1308 2739 1437 2794 ergo
1469 2736 1713 2794 generet,
1731 2735 1785 2780 et
1799 2739 1905 2780 non

318 2814 657 2880 faciatvobis,
691 2814 907 2882 fratres,
930 2817 1086 2871 toties
1110 2816 1334 2885 repetita
1360 2816 1561 2872 locutio
1582 2816 1857 2874 fastidium
1885 2836 1899 2873 :

317 2908 440 2978 quia
461 2922 669 2963 summa
684 2909 979 2963 necessitas
991 2918 1072 2963 est
1086 2908 1283 2976 saepius
1302 2907 1570 2978 prohiberi
1585 2910 1726 2979 quod
1747 2911 1904 2966 toties

318 2998 503 3056 illicite
533 3008 821 3069 usurpatur
866 3017 878 3052 :
931 3009 987 3056 et
1039 3000 1291 3070 quoniam
1322 3001 1518 3056 veritas
1547 3002 1745 3072 saepius
1772 3018 1906 3059 exa-

318 3091 501 3162 gitata,
548 3090 721 3161 magis
772 3090 1103 3161 splendescit
1132 3092 1184 3145 in
1238 3092 1443 3159 lucem;
1476 3102 1531 3148 et
1574 3094 1715 3164 quod
1747 3096 1907 3151 toties

319 3181 615 3252 repetendo
650 3182 990 3250 admouetur,
1045 3183 1223 3238 minus
1254 3192 1565 3253 usurpatur.
1620 3191 1796 3256 Super
1822 3185 1906 3241 bis

319 3275 468 3330 enim
497 3274 663 3330 multa
681 3274 793 3344 jam
825 3276 892 3329 ab
918 3276 1352 3331 antecessoribus
1368 3277 1565 3331 nostris
1587 3277 1727 3332 dicta
1756 3290 1904 3345 sunt;

1290 508 1577 572 tantusque
1623 516 1719 558 vos
1763 500 1907 556 beati
1934 500 1987 560 A
2012 516 2119 557 non
2149 501 2227 558 eis
2254 502 2458 570 favere,
2508 503 2943 573 decertaveritis;
2993 514 3046 563 et
3071 507 3142 563 ita
3172 505 3224 562 in
3246 507 3589 577 postmodqu

2002 594 2070 650 de
2099 596 2189 651 tali
2229 612 2287 652 re
2315 598 2534 667 querela
2564 599 2801 655 cessabit
2835 617 2850 654 :
2891 600 3016 670 quia
3042 601 3382 657 contumeliae
3411 599 3590 657 studio

2003 687 2063 743 ﬁt
2104 686 2439 762 [appetitor],
2486 690 2741 761 quidquid
2788 691 3130 747 interdictum
3177 694 3338 748 toties
3365 708 3593 763 usurpa-

2004 788 2107 833 tur.
2132 779 2321 835 Omnia
2354 782 2469 837 haec
2495 782 2808 848 decretalia,
2831 792 2886 838 et
2908 794 3221 839 cunctorum
3246 785 3592 840 decessorum

2004 880 2246 926 nostrum
2271 873 2579 940 constituta,
2623 888 2741 944 quae
2796 875 2864 931 de
2891 875 3274 931 ecclesiasticis
3313 876 3593 933 ordinibus

2004 970 2060 1017 et
2086 964 2711 1039 canonumpromulgata
2739 976 2867 1021 sunt
2895 967 3229 1037 disciplinis,
3259 967 3327 1021 ita
3356 968 3507 1023 vobis
3539 978 3595 1024 et

2004 1055 2254 1110 omnibus
2280 1056 2572 1126 episcopis,
2604 1071 2667 1112 ac
2691 1058 2899 1114 cunctis
2938 1059 3269 1129 generaliter
3297 1060 3607 1140 sacerdoti-7

2006 1148 2105 1204 bus
2130 1149 2390 1204 custodiri
2420 1149 2620 1205 debere
2670 1151 2986 1207 mandamus
3011 1194 3028 1221 ,
3084 1161 3145 1207 ut
3200 1153 3245 1207 si
3267 1154 3388 1224 quis
3420 1156 3470 1210 in
3502 1152 3596 1209 illa

2005 1241 2354 1306 commiserit,
2381 1242 2589 1296 veniam
2619 1241 2721 1297 sibi
2762 1243 3012 1315 deinceps
3041 1243 3260 1299 noverit
3285 1244 3537 1314 denegari
3570 1260 3587 1299 :

2006 1333 2256 1402 quoniam
2289 1342 2597 1390 occurreret
2624 1335 2822 1391 veritas
2850 1376 2866 1403 ,
2919 1336 2967 1391 si
2998 1320 3228 1391 falsitas
3255 1336 3590 1406 displiceret.

2008 1422 2075 1476 Et
2098 1424 2290 1478 merito
2322 1438 2438 1492 nos,
2468 1426 2558 1495 qui
2590 1440 2798 1479 summa
2820 1425 3067 1483 ecclesia:
3108 1437 3294 1483 tenere
3330 1426 3598 1483 debemus

2009 1514 2405 1585 gubernacula,
2458 1530 2616 1571 causa
2662 1518 2919 1586 respicit;
2971 1519 3015 1572 si
3054 1518 3272 1572 silentio
3321 1518 3599 1573 faveamus

2008 1606 2179 1661 errori
2207 1606 2308 1679 (a).
2343 1608 2472 1663 Data
2520 1624 2607 1664 xiv
2645 1608 2912 1664 Kalendas
2949 1608 3213 1680 Augusti,
3242 1608 3453 1664 Iustino
3482 1606 3596 1681 [Ju-

2010 1702 2278 1777 stiniano]
2330 1713 2485 1761 sexto
2542 1714 2598 1760 et
2651 1705 2877 1762 Narsete
2922 1706 3057 1761 viris
3101 1705 3417 1762 clarissimis
3462 1718 3599 1761 con-

2011 1794 2213 1850 sulibus
2241 1791 2335 1866 (b).

2277 1887 2611 1943 EPISTOLA
2650 1888 2933 1946 JOANNIS
2973 1889 3179 1946 PAPE
3216 1889 3285 1946 Ill
3312 1932 3329 1957 ,

2332 1998 2399 2035 AD
2428 1996 2673 2039 EBALDUM
2708 1999 2915 2039 νιΕΝΝλΕ
2938 1998 3276 2041 ΔΝΊΊΘΤΙΤΙΙ.

2434 2091 2833 2145 OBSERVATIO
2872 2095 3137 2147 LABB/EI.

2069 2178 2286 2247 Joannes
2309 2179 2515 2247 a_I_ios_co
2540 2180 2824 2247 monachus
2840 2180 2948 2247 ord.
2972 2180 3365 2247 _Caalestinorum
3386 2221 3407 2247 ,ν
3444 2184 3608 2234 editor

2009 2237 2325 2306 gibliothegge
2340 2240 2878 2306 Floriacensisccenobii
2896 2243 2956 2306 Ο,
2971 2243 3050 2306 B.,
3066 2243 3283 2306 vulgavit
3307 2237 3602 2306 perbrevem

2008 2301 2207 2368 Joannis
2230 2301 2309 2368 l_lI_
2323 2315 2460 2365 papae
2480 2303 2735 2364 epistolam
2756 2304 2816 2352 ad
2842 2301 3295 2356 EdaldumViénnas
3305 2301 3603 2368 antistitem,

2008 2376 2120 2427 quae
2144 2365 2214 2412 sic
2235 2365 2386 2414 habet
2409 2379 2421 2413 :

2082 2447 2318 2503 Joannes
2388 2450 2672 2518 episc0pus
2727 2448 2933 2505 Edaldo
2993 2450 3325 2521 Viennensi,
3394 2452 3609 2508 archie-

2012 2540 2253 2610 piscopo.

2089 2634 2163 2689 De
2191 2632 2390 2687 officiis
2420 2634 2727 2701 missarum,
2757 2635 2826 2691 de
2866 2636 3063 2706 quibus
3099 2638 3152 2693 in
3190 2638 3385 2694 litteris
3414 2639 3612 2695 vestris

2014 2724 2340 2794 requisistis,
2366 2723 2506 2779 sciat
2533 2723 2781 2780 Charitas
2811 2736 2991 2781 vestra
3021 2727 3143 2796 quia
3178 2729 3326 2784 varie
3348 2727 3490 2798 apud
3527 2728 3612 2783 di-

2014 2830 2198 2870 versas
2232 2815 2502 2870 Ecclesias
2532 2817 2695 2882 fiant;
2741 2817 2895 2873 aliter
2939 2818 3081 2873 enim
3111 2819 3475 2874 Alexandrina
3507 2819 3609 2876 Ec-

2014 2910 2177 2965 clesia
2208 2949 2223 2973 ,
2274 2906 2432 2962 aliter
2488 2908 2974 2981 Hierosolymitana
3009 2951 3023 2975 ,
3076 2910 3236 2965 aliter
3292 2909 3606 2981 Ephesina,

2014 3001 2170 3055 aliter
2222 3000 2461 3054 Romana
2524 3000 2651 3055 facit
2708 3019 2719 3052 :
2776 3000 2925 3069 cujus
2982 3016 3186 3057 morem
3263 3011 3318 3056 et
3384 3002 3609 3058 institua

2017 3096 2175 3151 debet
2203 3110 2423 3150 servare
2455 3094 2700 3150 Ecclesia
2724 3104 2832 3160 tua,
2865 3110 2984 3164 quae
3008 3095 3410 3150 fundamentum
3434 3095 3613 3151 sancti

2016 3190 2228 3244 habitus
2248 3188 2315 3244 ab
2340 3188 2427 3242 illa
2457 3188 2704 3257 sumpsit.
2758 3186 3091 3242 Venerabiiis
3144 3187 3288 3255 pallii
3332 3202 3485 3241 usum
3517 3200 3610 3253 per

1964 3348 1965 3351 η
2015 3290 2255 3335 sanctum
2284 3281 2659 3349 presbyterum
2680 3288 2916 3333 vestrum
2936 3278 3170 3333 Felicem
3201 3276 3295 3332 tibi
3318 3276 3611 3331 destinavi-

320 3384 347 3423 a
377 3369 571 3441 quibus
601 3371 725 3439 ipsi,
751 3373 891 3427 sicut
926 3385 1068 3427 nunc
1098 3387 1127 3426 a
1159 3372 1337 3437 nobis,
1390 3370 1463 3426 ita
1494 3371 1621 3426 olim
1663 3372 1733 3427 ab
1778 3373 1909 3442 ipsis
1934 3383 1981 3446 ο
2017 3389 2133 3428 mus
2164 3373 2406 3427 nolentes
2440 3381 2489 3426 te
2513 3370 2709 3441 privari
2750 3371 2970 3441 antiquo
2992 3371 3131 3426 beati
3157 3371 3299 3426 Petri
3332 3385 3556 3425 munere
3586 3387 3606 3425 :

319 3462 556 3519 damnati
586 3472 642 3519 et
682 3464 938 3534 prohibiti
970 3474 1113 3519 sunt.
1164 3463 1288 3520 Ideo
1329 3463 1528 3534 saepius
1577 3474 1904 3535 repetentes,

318 3572 507 3615 omnes
544 3572 844 3623 monemus,
895 3568 952 3613 ut
984 3560 1221 3614 vitentur
1253 3557 1581 3628 hujusmodi,
1637 3567 1692 3613 et
1728 3574 1757 3613 a
1782 3559 1901 3615 tali-

319 3650 420 3707 bus
445 3664 506 3707 se
532 3650 858 3717 abstineant,
890 3650 979 3720 qui
1002 3650 1275 3705 noluerint
1301 3665 1404 3704 una
1431 3665 1549 3705 cum
1574 3650 1654 3705 eis
1677 3664 1707 3703 a
1735 3665 1908 3706 sacer-

319 3741 489 3799 dotali
543 3742 877 3812 ministerio,
936 3750 994 3797 ut
1045 3743 1298 3808 rebelles,
1350 3744 1464 3798 ﬁeri
1515 3744 1696 3799 alieni.
1753 3746 1907 3812 Quod

319 3833 536 3891 demum
574 3834 803 3905 probare
834 3835 1150 3903 poterimus,
1201 3835 1248 3889 si
1298 3836 1431 3891 tales
1483 3837 1803 3907 exstirpare,
1855 3845 1910 3893 et

400 3950 478 4019 (a)
495 3948 761 4005 Hactenus
785 3963 853 4004 ex
880 3947 1085 4003 laciniis
1106 3947 1294 4004 lsidori
1318 3948 1420 4003 sub
1450 3964 1674 4018 persona
1702 3951 1917 4006 Damasi

324 4019 707 4077 delitescentis.
736 4019 894 4075 [ΑΕΒ.

2018 3466 2178 3522 simul
2210 3466 2481 3520 mittentes
2509 3464 2577 3519 de
2606 3462 2812 3531 capillis
2842 3462 3014 3517 sancti
3049 3462 3220 3526 Pauli,
3246 3473 3305 3517 ut
3327 3472 3473 3519 esset
3504 3462 3611 3518 Ec-

2015 3564 2192 3619 clesiae
2219 3572 2408 3616 vestrae
2441 3558 2580 3613 illius
2611 3557 2996 3612 intercessione
3029 3555 3300 3620 solatium,
3336 3569 3432 3623 per
3460 3552 3613 3625 cujus

2016 3654 2334 3724 discipulum
2384 3651 2619 3720 suscepit
2649 3647 2877 3719 primum
2918 3648 3188 3718 religionis
3221 3648 3503 3702 honorem.
3538 3645 3608 3701 Et

2014 3749 2119 3803 alia
2132 3764 2284 3801 manu
2304 3764 2321 3799 :
2342 3743 2649 3800 Benedictio
2672 3742 3034 3814 apostolorum
3059 3755 3154 3797 vos
3173 3741 3240 3799 ab
3257 3741 3428 3797 imbre
3451 3741 3614 3796 mali-ﬁ

2018 3857 2240 3913 gnorum
2270 3837 2543 3895 defendat.

2102 3955 2178 4025 (b)
2204 3954 2357 4009 Falsa
2385 3951 2664 4008 consulum
2693 3958 2837 4006 nota.
2870 3947 3031 4005 Lana.

330 4096 3613 4160 ea

1598 4212 1768 4256 ANNO
1816 4212 2044 4256 DOMINI
2100 4210 2348 4254 υιιχιι.

407 4332 612 4543 S.
710 4334 2062 4550 MARTINUS
2144 4325 3532 4543 DUMIENSIS

1117 4625 1824 4731 EPISCOPUS
1896 4616 2838 4727 BBACABENSIS.

1435 4771 1754 4848 (Galland.
1796 4769 2096 4830 Biblioth.
2138 4773 2287 4827 tom.
2330 4763 2503 4842 XII).

514 4956 1311 5071 norma
1395 4955 1637 5066 nn
1717 4944 2447 5067 samera
2526 4891 3412 5055 manuum

1252 5137 1839 5227 EPISCOPO
1917 5127 2691 5217 BRACARENSI.

391 5321 435 5378 Ι.
482 5319 623 5377 lnter
644 5333 741 5375 eos
767 5319 909 5375 viros
949 5318 1188 5373 eruditos
1216 5319 1303 5387 qui
1334 5320 1503 5371 sancti
1536 5318 1745 5371 Martini
1781 5319 1907 5370 Bra-
1936 5319 1985 5375 Ι)
2011 5315 2247 5371 ciensem
2270 5328 2299 5366 a
2329 5311 2603 5382 provincia
2634 5309 2923 5380 Hispanica
2951 5308 3005 5363 in
3026 5321 3132 5378 qua
3153 5306 3320 5379 degit.
3355 5304 3609 5361 Dumien-

325 5414 562 5469 carensis
587 5413 824 5482 episcopi
869 5422 1016 5479 gesta
1048 5410 1238 5464 litteris
1271 5410 1572 5476 tradidere,
1620 5410 1689 5465 cl.
1726 5408 1911 5465 Mabil-

328 5506 503 5560 Ionius
527 5505 765 5559 eminere
785 5503 937 5559 nobis
966 5502 1211 5566 videtur;
1240 5516 1302 5556 ex
1327 5517 1432 5570 quo
1457 5503 1677 5571 proinde
1703 5502 1913 5557 caeteris

327 5601 635 5655 summatim
679 5614 777 5670 pro
807 5597 1039 5653 instituti
1078 5597 1246 5650 nostri
1296 5595 1503 5651 ratione
1545 5596 1796 5650 nonnulla
1830 5595 1915 5650 hic

327 5690 679 5747 describenda
750 5692 1072 5747 eensuluius.
1141 5689 1207 5744 Et
1274 5690 1500 5758 primum
1567 5689 1779 5757 quidem
1835 5689 1915 5743 in-

328 5782 440 5850 quit
460 5782 539 5853 (a)
566 5780 1355 5839 :iMartinumaliiPannonium
1381 5796 1407 5833 a
1432 5780 1618 5849 patria,
1647 5778 1734 5833 alii
1754 5779 1916 5835 Galli-

399 5902 473 5961 (τι)
510 5900 705 5957 Mabill.
740 5904 857 5957 Act.
902 5900 1001 5959 SS.
1034 5898 1161 5954 0rd.
1196 5898 1324 5953 Ben.
1356 5911 1482 5951 saec.
1527 5912 1575 5957 i.
1608 5896 1730 5951 ΞΗ.

2017 5420 2129 5460 sem
2154 5413 2207 5459 et
2235 5404 2615 5459 Bracareosem
2657 5403 2746 5457 alii
2775 5417 2805 5457 a
2846 5401 3066 5457 sedibus
3096 5398 3291 5467 quibus
3319 5399 3607 5468 episcopus

2019 5494 2266 5567 prmfuit,
2310 5495 2776 5567 cognominarunt.
2815 5514 2834 5545 ι
2867 5494 2945 5549 Ex
2975 5492 3058 5547 bis
3105 5505 3268 5561 porro
3314 5492 3415 5546 viri
3466 5489 3612 5546 docti

2020 5592 2197 5647 verbis
2227 5589 2383 5645 nobis
2425 5590 2726 5659 succurrit,
2758 5586 2899 5653 quod
2929 5586 2983 5641 in
3013 5585 3242 5641 Barouio
3283 5596 3466 5641 nostro
3496 5582 3606 5639 Ta-

2021 5697 2206 5754 mayus
2236 5682 2442 5736 notavit
2470 5682 2573 5754 (b);
2594 5674 2775 5751 ipsum
2807 5692 3000 5748 nempe
3030 5692 3117 5733 res
3148 5677 3463 5745 Hispanicas
3487 5675 3610 5731 obi-

2022 5788 2101 5832 ter
2157 5783 2509 5842 tractantem,
2559 5775 2628 5830 de
2674 5773 2831 5831 unico
2876 5772 3103 5828 Martino
3151 5778 3260 5826 tres
3296 5769 3561 5826 conﬂasse
3593 5806 3613 5840 ,

2099 5890 2174 5960 (b)
2215 5891 2434 5961 Tamay.
2467 5892 2684 5961 Martyr.
2714 5890 2861 5963 Hisp.
2897 5898 3024 5947 tom.
3050 5880 3277 5958 ll,'pag.
3308 5886 3430 5941 506.
