4108 6352
459 416 525 498 19
1192 464 1193 467 ~
1686 424 1745 482 s.
1785 414 2073 480 MARTth
2111 396 2481 470 DUMIENSIS
3665 384 3745 462 ad

456 553 831 613 GalliCiensetn
858 544 1081 615 sciliCct,
1108 538 1486 603 BraCarensem
1504 538 1559 597 et
1580 532 1920 597 Dnmiensem
1944 531 2043 603 (α).
2076 516 2131 586 Α
2153 536 2433 583 εῑτυκιεεθ.
2472 546 2492 579 ι
2529 520 2845 595 Huiusmodi
2874 518 3053 579 autem‘
3084 518 3469 578 monasterium
3514 520 3580 579 ei
3610 504 3741 579 eo'ne

456 645 657 704 Verum
687 645 731 700 si
773 656 966 698 censor
995 641 1093 695 iste
1124 637 1390 713 Hispanus
1416 640 1476 690 ea
1510 632 1748 689 novisset
1788 643 1909 699 quae
1933 642 2047 679 ma-

454 754 592 812 gnus
622 736 906 793 Annalium
939 725 1425 788 ecclesiasticarum
1468 730 1662 797 parens
1690 722 1757 779 de
1798 721 1912 776 suis
1940 718 2045 773 illis

456 824 821 889 natationibus
864 828 918 882 in
962 822 1194 881 Tabulas
1242 820 1635 879 eCclcsiasticas
1674 814 2047 887 praemonitum

456 925 719 980 lectorem
762 920 971 986 voluit,
1016 916 1243 971 furta's'se
1292 914 1449 983 paulo
1518 911 1697 965 mitius
1750 908 1871 963 eum
1932 907 2047 959 viro

394 1084 397 1085 ν
458 1020 698 1075 maxime
724 1017 939 1084 egisset.
969 1012 1060 1067 Sic
1087 1000 1252 1080 igitur
1283 1002 1371 1062 ille
1400 1006 1473 1077 (ἐν)
1502 1024 1513 1058 2
1548 1000 1569 1057 ι’
1604 998 1755 1072 Quod
1788 1013 1967 1055 autem
1996 992 2048 1052 in

457 1109 661 1166 nostris
709 1108 847 1161 notis
876 1098 945 1160 ad
984 1102 1284 1158 Romanum
1336 1094 1767 1169 Martyrologium
1800 1096 2047 1163 negatum

459 1207 566 1269 est,
600 1198 820 1254 Lucium
853 1211 971 1251 esse
1002 1188 1219 1264 passum
1248 1190 1350 1245 sub
1379 1188 1689 1252 Volusiano,
1734 1201 1797 1241 ex
1829 1184 2045 1239 Annali-

460 1292 563 1350 bus
583 1307 819 1348 errorem
838 1290 1043 1361 corrige
1068 1305 1082 1341 :
1104 1280 1287 1356 sicque
1308 1298 1541 1353 semper,
1569 1280 1689 1335 cum
1719 1278 1918 1334 videris
1939 1276 2049 1333 dis-

462 1399 687 1454 crepare
726 1384 793 1439 ab
824 1382 1011 1437 iisdem
1036 1382 1178 1435 notis
1204 1378 1461 1441 Annales,
1490 1372 1583 1431 eas
1605 1366 1669 1430 ex
1696 1372 1780 1426 his
1802 1368 2049 1426 emenda.

462 1474 747 1547 Nunquam
779 1474 1036 1529 hactenus
1067 1472 1381 1527 c‘onéessum
1407 1468 1583 1530 doleo,
1618 1474 1673 1520 ut
1702 1456 1917 1519 easdem
1944 1461 2055 1516 sin-

464 1568 619 1643 gulas
666 1564 1129 1636 recognoscerem.
1176 1583 1193 1614 ι
1227 1550 1339 1614 Hac
1391 1560 1552 1629 igitur
1598 1556 1832 1627 generali
1869 1553 2048 1625 regula

465 1642 727 1729 adhibita,
760 1678 917 1732 quam
939 1662 1162 1729 ipsemet
1193 1642 1533 1712 Notatio’num
1582 1662 1764 1706 auctor
1803 1647 2052 1720 praescri—

466 1756 596 1830 psit.
618 1772 677 1812 se
707 1757 881 1826 ipsum
902 1755 1014 1825 jam
1032 1742 1233 1809 dudum
1254 1749 1592 1812 emendasse,
1617 1760 1790 1814 neque
1818 1736 2054 1813 Tamayo

469 1850 725 1925 παιδευτῇ
778 1864 912 1919 opus
938 1847 1201 1925 habuisse
1247 1843 1611 1913 intelligimus.
1646 1838 1875 1925 Agnovit
1915 1835 2056 1890 enim

468 1945 645 2001 fuisse
666 1958 826 1998 unum
841 1922 1193 2010 eutiidemqiie
1210 1938 1489 1993 Martinam
1510 1916 1850 1987 Dutniensem
1863 1939 1918 1985 et
1932 1929 2060 1982 Bra-

468 2050 772 2100 carcnsem,
801 2022 861 2089 ui
885 2018 954 2089 ἐξ
984 2020 1276 2087 Annalibus
1305 2035 1639 2095 compertum
1664 2023 1920 2078 habemus
1948 2017 2054 2087 (c);

469 2125 561 2197 qui
618 2126 868 2180 nimirum
934 2124 1163 2193 primum
1222 2118 1382 2174 fuerit
1443 2113 1750 2171 monasterii
1807 2114 2060 2167 Dumten-

468 2217 544 2293 sis
573 2221 877 2289 episcopus,
909 2216 1104 2272 deinde
1149 2224 1400 2283 tanquam
1444 2198 1891 2279 metropolitanus
1924 2219 2058 2259 con-

469 2296 592 2373 cilio
620 2310 932 2366 Bracarcnsi
967 2324 1006 2363 ιι
1036 2305 1372 2379 praesederit.
1405 2303 1558 2370 Quod
1589 2302 1633 2355 si
1674 2297 1869 2354 alicubi
1896 2298 2058 2351 etiam

469 2402 840 2460 Galliciensem
866 2404 1177 2472 episcopum
1202 2407 1323 2469 post
1345 2395 1658 2467 Gregorium
1686 2388 2058 2445 Turonensem

470 2493 552 2567 (ά)
582 2495 848 2564 appellat,
878 2490 1266 2549 existimandus
1296 2496 1582 2559 propterea
1610 2500 1734 2540 eum
1780 2482 1860 2537 sic
1891 2480 2062 2536 nomi-

468 2601 647 2650 nasse,
677 2585 818 2657 quod
852 2587 1075 2639 Bracara
1114 2598 1217 2653 qua
1251 2582 1303 2636 in
1336 2580 1467 2635 urbe
1494 2578 1746 2643 sedebat,
1796 2574 2062 2631 Gallaecitn

468 2676 782 2747 metropolis
812 2676 999 2731 ordine
1028 2673 1370 2729 censebatur.

539 2768 605 2826 ll.
641 2767 835 2825 Verum
868 2768 950 2823 his
980 2768 1181 2830 missis,
1232 2776 1291 2821 ut
1312 2765 1377 2819 ad
1400 2779 1461 2820 ea
1494 2758 1713 2833 propius
1745 2760 2063 2816 accedamus

474 2872 591 2934 quae
634 2872 759 2917 sunt
796 2861 999 2929 reliqua
1049 2860 1116 2915 de
1168 2858 1397 2930 praesule
1426 2854 1614 2911 nustro
1660 2852 1957 2909 enarranda
1983 2892 1998 2917 ,
2032 2866 2063 2906 e

470 2956 743 3015 Pannonii
776 2954 1048 3024 digressus
1077 2953 1198 3019 ille,
1232 2952 1287 3005 in
1325 2944 1600 3004 Orientem
1634 2959 1741 2999 tum
1787 2940 2063 3014 religionis

475 3059 583 3104 tum
633 3047 932 3103 litterarum
984 3043 1363 3102 discendarum
1411 3041 1585 3113 gratia
1628 3038 1896 3109 profectus
1940 3043 2057 3102 est;

473 3140 613 3195 unde
646 3150 829 3210 postea
857 3138 1026 3194 redux
1054 3138 1107 3192 in
1132 3134 1439 3192 Gallzeciam
1466 3135 1723 3202 pervenit,
1753 3142 1810 3186 ut
1839 3146 1903 3186 ex
1930 3129 2063 3185 Gre-

477 3235 626 3306 gorio
655 3233 956 3289 Turonensi
990 3231 1061 3303 (e)
1091 3241 1145 3287 et
1176 3227 1379 3284 Isidoro
1420 3227 1721 3296 Hispalensi
1754 3228 1772 3282 (
1786 3230 1814 3295 f
1828 3227 1847 3295 )
1879 3224 2060 3281 erudi-

2151 618 2257 674 cilui
2286 619 2540 673 Lucensis
2561 634 2577 672 ι
2600 617 2817 673 decreto
2834 617 2885 671 in
2912 616 3095 671 sedem
3119 610 3476 685 episcopalem
3500 627 3741 671 erectum

2152 711 2507 778 comperimus
2547 708 2624 777 (i)
2656 708 2703 764 ei
2726 725 2810 775 ;ue
2841 708 3041 779 familia
3080 709 3258 778 regia,
3301 708 3415 761 sive
3456 717 3513 761 ut
3543 709 3595 761 in
3628 707 3745 763 aliis

2153 802 2580 873 exemplaribus,
2617 801 2817 870 familia
2860 816 3121 856 servorum
3152 792 3241 855 seat
3287 801 3564 856 attributa.
3615 800 3745 869 Quae

2156 903 2335 949 tamen
2367 893 2630 964 posterior
2661 892 2816 948 lectio
2864 892 2943 947 sic
2984 890 3323 946 reformanda
3365 891 3581 948 videtur
3626 909 3746 949 cum

2156 984 2452 1053 Harduino,
2481 993 2538 1039 ttt
2569 984 2773 1054 legatur
2803 982 3029 1037 Familia
3053 983 3339 1040 Sueuorum
3368 1000 3465 1053 pro
3493 964 3750 1041 seruorum

2157 1079 2392 1147 vulgata.
2444 1077 2695 1131 Testatur
2722 1076 2983 1146 siquidem
3031 1076 3268 1131 Isidorus
3298 1077 3427 1149 (j),
3469 1073 3750 1133 Martinam

2158 1186 2279 1227 cum
2309 1172 2362 1226 in
2391 1170 2697 1225 Gallmciam
2724 1170 3076 1238 pervenisset.
3107 1190 3122 1220 ι
3158 1171 3434 1225 conversis
3462 1171 3528 1225 ab
3559 1161 3751 1227 Ariana

2158 1263 2435 1333 impietate
2464 1261 2529 1316 ad
2580 1262 2736 1317 (idem
2768 1260 3086 1316 catholicam
3134 1263 3434 1317 Suevorum
3479 1252 3688 1332 populis
3729 1284 3747 1316 ι

2160 1371 2282 1411 cum
2338 1353 2701 1410 'l'heodemiro
2751 1367 2941 1408 eorum
2989 1369 3149 1425 rege,
3189 1371 3206 1405 t
3244 1357 3480 1425 regulam
3530 1348 3657 1412 fidei
3701 1366 3755 1412 et

2160 1455 2363 1503 sancta:
2393 1447 2666 1516 religionis
2695 1444 3061 1508 constituisse,
3093 1446 3349 1501 ecclesias
3378 1442 3750 1515 coniirmaSse,

2162 1540 2486 1595 monasteria
2517 1536 2844 1602 condidisse,
2880 1548 2987 1593 etc.
3026 1556 3044 1590 ι
3081 1540 3419 1608 Quapropter
3450 1537 3756 1594 Dumiensis

2163 1630 2393 1686 emnohii
2439 1630 2507 1684 ab
2531 1640 2596 1683 eo
2626 1631 2921 1684 constructi
2954 1631 3157 1699 primus
3188 1630 3352 1685 abbas
3382 1641 3435 1686 et
3472 1620 3755 1700 episcopus

2164 1720 2420 1787 ell‘ectus,
2450 1722 2550 1777 sibi
2585 1722 2869 1793 assignatas
2905 1722 3144 1777 Familia:
3170 1726 3324 1793 regia:
3365 1725 3480 1780 sive
3513 1723 3758 1781 Familia:

2167 1813 2456 1870 Sueuorum
2506 1816 2742 1883 regimen
2773 1814 3068 1883 sumpsisse
3092 1814 3354 1870 dicendus
3384 1807 3613 1872 videtui'.
3648 1800 3760 1873 ile-

2092 1894 2142 1981 ἢ
2167 1921 2284 1961 rum
2311 1907 2415 1961 alio
2438 1919 2601 1961 sensu
2623 1907 2812 1978 synodi
2842 1907 3101 1962 Lucensis
3123 1909 3306 1972 verba,
3334 1906 3559 1967 Familia
3589 1904 3759 1968 seruo-

2163 2012 2280 2049 rum
2324 2012 2442 2064 εει,
2491 1996 2875 2063 interpretatur
2907 1995 3122 2051 Garsias
3153 1996 3360 2069 Luaysa
3413 1999 3525 2073 (It),
3557 1993 3634 2057 sic
3678 2004 3761 2058 in.

2163 2089 2354 2161 quiens
2384 2106 2399 2145 :
2438 2107 2458 2141 ι
2495 2090 2817 2144 Attribuitur
2864 2092 2910 2145 ei
2945 2100 3149 2146 tantum
3183 2090 3411 2148 Familia
3439 2094 3611 2167 regia,
3660 2086 3761 2154 hoc

2163 2184 2533 2253 eSt,'regimen
2559 2191 2863 2238 sanctorum
2898 2183 3279 2239 monachorum
3306 2204 3319 2251 ;
3354 2202 3473 2240 nam
3505 2178 3604 2256 ipsi
3634 2188 3761 2247 sunt

2165 2272 2234 2332 ex
2262 2278 2405 2343 regia
2444 2274 2683 2341 familia;
2718 2283 2772 2330 et
2800 2275 2929 2330 alibi
2970 2276 3165 2331 dicitur
3196 2276 3425 2332 Familia
3468 2274 3757 2351 servorum,

2165 2368 2256 2440 qui
2302 2368 2517 2423 Christo
2564 2368 2670 2436 regi
2715 2374 2927 2421 Summo
2968 2368 3165 2433 dicati,
3218 2369 3452 2425 studium
3498 2360 3661 2429 omne
3703 2362 3761 2428 in

2165 2462 2311 2516 cultu
2360 2460 2635 2526 religionis
2678 2467 2733 2515 et
2787 2460 2998 2529 pietatis
3053 2462 3339 2516 collocant.
3392 2463 3548 2518 »ϐιη-
3598 2462 3761 2533 porro

2165 2568 2273 2608 non
2322 2554 2611 2608 edissermt
2684 2553 2947 2621 interpres
3000 2569 3279 2608 numerum
3337 2555 3484 2609 illunt
3541 2554 3630 2611 rex
3701 2555 3753 2613 in

2166 2647 2358 2717 synodi
2401 2654 2654 2700 contextu
2697 2644 2937 2699 additum
2971 2647 3146 2702 verbis
3188 2647 3281 2711 iis,
3316 2640 3545 2703 Familia
3584 2658 3760 2705 servo-

2166 2740 2321 2793 rum?
2350 2738 2712 2792 Existimarim
2753 2737 2998 2807 equidem
3042 2752 3136 2807 pro
3166 2754 3255 2793 sea:
3296 2737 3429 2810 (VI)
3461 2734 3761 2798 rescriben-

2167 2831 2292 2887 dum
2322 2830 2559 2885 undecim
2580 2829 2717 2899 (Xl)
2746 2841 2801 2883 ut
2827 2830 3148 2900 intelligatur
3179 2830 3399 2885 Christi:
3413 2847 3513 2901 qua
3542 2824 3761 2902 quidem

2165 2924 2500 2984 restitutione
2527 2924 2791 2989 admissa,
2818 2925 2981 2993 proba
3012 2924 3178 2979 videri
3209 2930 3370 2994 queat
3397 2920 3603 2981 (ἔπεῖὼ
3632 2940 3758 2983 sen-

2167 3021 2351 3085 tentia,
2381 3026 2437 3073 ut
2462 3018 2651 3089 synodi
2668 3018 2815 3074 locus
2838 3012 3128 3089 accipiatui
3156 3018 3468 3076 de‘Familia
3498 3016 3760 3078 seruorum

2168 3111 2375 3167 Christi.

2244 3205 2329 3260 Ill.
2375 3204 2656 3275 Uteunque
2682 3214 2861 3259 autem
2893 3219 2980 3259 res
3022 3218 3080 3259 se
3109 3200 3333 3271 habeat,
3365 3194 3621 3260 Martinus
3651 3206 3763 3275 epi—

477 3343 624 3394 mur;
656 3342 882 3397 quorum
910 3328 1055 3397 prior
1085 3323 1338 3380 disertius
1369 3321 1483 3376 lane
1513 3321 1672 3375 habet
1700 3339 1712 3375 :
1752 3339 1771 3372 ι
1809 3319 2062 3373 Martinus

2168 3296 2367 3367 scopali
2396 3298 2707 3351 charactere
2737 3294 3050 3366 insignitus,
3098 3308 3386 3367 antequam
3418 3285 3600 3353 seden‘t
3634 3299 3763 3353 Bra-

480 3419 816 3477 Galliciensis
845 3421 1126 3489 episcopus
1161 3415 1447 3472 Pannoniae
1474 3424 1623 3468 ortus
1652 3413 1767 3478 fuit,
1794 3420 1847 3466 et
1872 3411 2065 3465 exinde

478 3506 545 3568 ad
575 3511 837 3566 visitanda
867 3510 980 3565 loca
1030 3516 1212 3563 sancta
1255 3508 1306 3561 in
1338 3508 1611 3561 Orientem
1648 3517 1961 3573 pr0perans,
2014 3503 2065 3556 in

480 3614 684 3660 tantum
707 3619 765 3659 se
790 3602 979 3659 litteris
1011 3602 1220 3668 imbuit,
1243 3613 1298 3655 ut
1326 3600 1461 3654 nulli
1482 3600 1777 3654 secundum
1796 3598 1906 3651 suis
1935 3600 2066 3650 tem-

480 3696 698 3767 peribus
724 3696 1027 3751 haberetur.
1062 3693 1271 3749 Exinde
1302 3692 1581 3746 Galliciam
1610 3690 1777 3755 venit,
1815 3689 1903 3743 ubi
1946 3703 2065 3742 cum

478 3786 625 3843 beati
675 3782 885 3841 Martini
916 3786 1153 3855 reliquia:
1184 3792 1561 3854 portarentur,
1606 3781 1888 3851 episcopus
1919 3778 2067 3833 ordi-

479 3890 662 3937 natur.
693 3899 713 3932 ι
744 3880 1016 3935 Posterior
1042 3894 1170 3933 vero
1196 3896 1208 3931 :
1244 3877 1522 3942 Martinus,
1553 3876 1742 3946 inquit,
1768 3874 2069 3930 Dumiensis

482 3973 793 4029 monasterii
812 3971 1180 4026 sanctissimus
1205 3968 1468 4039 pontifex,
1496 3984 1562 4025 ex
1578 3969 1811 4024 Orientis
1835 3969 2070 4036 partibus

482 4064 762 4143 navigans,
796 4064 845 4117 in
877 4062 1187 4137 Gallaeciam.
1212 4063 1377 4117 venit.
1420 4081 1437 4113 ι
1466 4061 1653 4143 Porro.
1678 4070 1736 4114 ut
1776 4060 1945 4114 sancti
1977 4075 2071 4114 an-

487 4142 669 4213 tistitis
695 4156 1025 4227 Hispalensis
1071 4136 1270 4226 verba,
1319 4156 1511 4225 quibus
1561 4136 1673 4209 Iuni
1702 4154 1822 4223 hic,
1869 4164 1975 4207 tum
2019 4156 2069 4208 in

487 4249 753 4306 Chronico
799 4253 1093 4305 Suevorum
1141 4249 1241 4303 sub
1273 4248 1431 4302 linem
1478 4246 1595 4317 (g),
1629 4245 1911 4300 Martinam
1960 4244 2068 4299 Du-

487 4341 709 4397 miensis
739 4342 1051 4396 monasterii
1097 4340 1401 4410 pontiﬁcem
1443 4346 1500 4395 et
1541 4340 1849 4408 epismpum
1881 4350 2071 4403 vocat,

484 4432 589 4488 rite
630 4430 1025 4502 percipiantur,
1074 4424 1604 4487 animadvertendum
1653 4422 1935 4500 praesulem
1980 4443 2075 4495 noe

491 4534 657 4580 stram
687 4522 754 4579 de
784 4532 889 4595 quo
916 4522 1205 4594 loquimur,
1236 4522 1530 4578 aediﬁcasse
1561 4524 1615 4578 in
1647 4523 1837 4577 Dumio
1857 4561 1872 4587 ,
1906 4519 2072 4577 nobili

492 4616 912 4672 Tarraconensis
962 4616 1230 4685 Hispaniae
1259 4616 1494 4689 oppido,
1543 4616 1629 4670 vix
1661 4630 1766 4670 uno
1798 4611 2010 4667 milliari
2044 4626 2073 4664 a

2169 3398 2445 3450 carensem
2473 3392 2812 3456 obtinuisset,
2837 3390 3067 3446 concilio
3100 3391 3409 3447 Bracarcnsi
3443 3407 3457 3446 ι
3488 3386 3759 3462 subserip-

2168 3496 2312 3544 serat
2340 3486 2447 3558 (ι),
2490 3485 2632 3555 quod
2679 3484 2818 3539 male
2859 3483 2911 3537 iu
2942 3480 3098 3538 editis
3129 3484 3315 3539 ordine
3342 3500 3375 3539 ll
3410 3474 3755 3551 inscribitur;

2170 3578 2434 3646 adeoque,
2463 3586 2521 3632 ut
2547 3584 2695 3631 recte
2720 3576 2893 3644 arguit
2924 3568 3259 3630 Mabillonius
3289 3575 3413 3647 (m)«
3453 3577 3494 3631 si
3530 3568 3646 3631 acia
3674 3591 3764 3647 sy-

2172 3670 2297 3725 nodi
2329 3671 2623 3726 Lucensist
2650 3668 2996 3723 conferantur
3021 3684 3140 3725 cum
3173 3671 3379 3741 synodo
3410 3670 3719 3726 Bracarensi
3750 3686 3767 3724 ι

2174 3781 2314 3820 anno
2340 3767 2374 3823 5
2403 3766 2546 3835 regis
2576 3760 2918 3820 Theodemiri
2947 3765 3062 3821 sive
3092 3766 3293 3821 Christi
3324 3765 3427 3821 563
3454 3766 3651 3835 habita,
3684 3769 3771 3823 cui

2172 3856 2431 3916 Martinus
2470 3860 2582 3931 jam
2629 3860 2913 3930 episcOpu‘s
2949 3841 3250 3916 Dumiensis
3289 3861 3642 3931 subscripsit;
3683 3859 3767 3915 fa-

2174 3953 2276 4009 cile
2326 3954 2689 4025 intelligemus
2737 3953 3024 4009 concilium
3076 3954 3399 4008 Bracarense
3446 3970 3463 4007 1
3503 3946 3769 4022 posterius

2175 4061 2295 4102 esse
2318 4046 2545 4101 Lucensi
2568 4047 2749 4100 itidem
2776 4062 2811 4112 ι,
2842 4047 2892 4100 in
2917 4062 3021 4113 quo
3048 4046 3267 4100 Martino
3290 4047 3470 4101 abbati
3493 4042 3765 4107 DuritieIISi

2174 4132 2493 4207 episcopalis
2520 4128 2751 4207 dignitas
2781 4126 2835 4193 ei
2866 4122 2997 4191 ditio
3029 4126 3284 4192 concesSa
3315 4150 3415 4193 est.
3453 4158 3472 4192 ι
3506 4116 3765 4210 ὕαίηεθρε

2174 4250 2302 4290 vero
2332 4220 2683 4303 metropolitte
2712 4232 3028 4288 Bracarcnsi
3060 4233 3310 4288 Lucretio
3340 4233 3621 4289 decedenti
3665 4236 3774 4288 suf-

2175 4328 2345 4384 fectus
2372 4327 2680 4395 perhibetur
2707 4327 2930 4381 antistes
2962 4333 3143 4397 noster
3174 4326 3478 4381 Datnlensis
3504 4345 3514 4379 :
3543 4328 3651 4395 quo
3673 4342 3773 4382 au-

2177 4404 2283 4475 tem
2316 4408 2457 4473 anno
2479 4462 2491 4480 ,
2540 4418 2681 4473 haud
2709 4417 2841 4473 satis
2874 4402 3059 4487 liquet.
3094 4402 3241 4471 Hane
3271 4426 3420 4472 certe
3467 4399 3661 4471 novam’
3688 4418 3774 4471 (Ιί-

2176 4514 2430 4583 gnitatem
2494 4510 2694 4566 dudum
2756 4502 3080 4566 cottsecnttis
3146 4504 3311 4564 fuisse
3377 4488 3771 4565 exisiiin‘an'dns

2178 4620 2318 4659 anno
2339 4606 2463 4673 572,
2490 4620 2598 4676 quo
2623 4604 2831 4673 prefuit
2853 4604 3083 4660 concilio
3108 4603 3420 4658 Bracarcnsi
3442 4618 3479 4655 ιι
3500 4602 3641 4672 quod
3662 4618 3777 4671 per-

490 4710 719 4765 Bracara
748 4708 1008 4773 distante,
1041 4708 1249 4763 illustre
1290 4704 1594 4764 coenobium
1636 4706 1868 4762 instituti
1908 4704 2074 4759 Bene-
2103 4694 2159 4758 D
2180 4710 2361 4770 peram
2390 4699 2441 4753 in
2489 4697 2727 4753 editione
2757 4693 3039 4751 Labbeana
3068 4695 3262 4749 dicitur
3290 4710 3346 4748 Ill
3393 4694 3499 4765 (η).
3533 4694 3775 4764 Denique

494 4804 701 4870 dictini,
734 4813 791 4858 ut
810 4804 1094 4859 concilium
1125 4803 1444 4859 Toletanum
1470 4819 1523 4868 x,
1550 4788 1692 4856 anno
1719 4800 1821 4853 656
1845 4798 2077 4855 celebra-

495 4906 630 4966 tum,
662 4896 904 4967 perbibet
932 4897 1079 4952 hisce
1106 4896 1286 4951 verbis
1316 4896 1396 4966 (It)
1428 4912 1441 4950 :
1471 4914 1490 4947 ‹
1522 4894 1761 4949 Dclatum
1784 4903 1865 4949 est
1891 4892 1956 4947 ad
1982 4878 2077 4947 nos

495 4990 551 5045 in
582 4976 845 5046 conventu
874 4990 1043 5044 sancti
1073 4989 1381 5043 Concilii....
1416 4984 1792 5043 testamentum
1830 4986 2080 5057 gloriosa:

496 5081 773 5137 memoria:
811 5083 981 5137 sancti
1040 5081 1248 5136 Martini
1292 5081 1535 5136 ecclesiae
1578 5080 1921 5136 Bracarcnsis
1968 5080 2081 5150 epi-

496 5174 669 5245 scopi,
701 5175 875 5245 quiet
913 5175 1199 5230 Dumiense
1228 5158 1611 5230 monasterium
1646 5168 1795 5228 iisus
1840 5182 1923 5228 est
1952 5186 2086 5228 con-

497 5351 883 5478 xaﬁahﬁl‘aron.
931 5352 1109 5409 Notat.
1155 5352 1210 5408 in
1258 5348 1481 5423 Martyr.
1520 5351 1677 5407 Rom.
1725 5351 1791 5407 ad
1838 5351 1985 5407 diem
2031 5367 2086 5409 ιι

573 5494 651 5565 (ὁ)
696 5495 793 5562 ld.,
820 5495 885 5550 ad
915 5510 1039 5551 ann.
1070 5492 1208 5565 257,
1239 5491 1380 5565 ἥδη
1574 5563 1589 5565 _
1668 5564 1673 5565 γ
1722 5548 1733 5565 ἑ

573 5560 647 5705 ξε)
690 5560 787 5649 ltl.,
820 5567 883 5620 ad
927 5582 1054 5622 ann.
1092 5560 1288 5648 ,ὅϐθίς
1322 5560 1389 5646 112
1417 5571 1470 5643 et
1496 5561 1623 5633 572,
1653 5564 1681 5635 §
1713 5562 1799 5619 10.

602 5637 659 5705 d)
690 5638 847 5705 (ιι-ες.
878 5638 1007 5691 Tur.
1040 5636 1178 5691 Hist.
1210 5633 1403 5691 Franc.
1436 5634 1527 5689 lib.
1560 5650 1591 5687 v
1628 5649 1749 5705 cap.
1778 5634 1799 5688 Ξ

602 5632 659 5719 εἰ)
690 5638 1007 5719 Greg._Tur.
1040 5636 1178 5691 Hist.
1210 5632 1403 5691 Franc.
1436 5633 1527 5689 lib.
1560 5650 1591 5687 v
1628 5632 1749 5705 cap.
1778 5632 1866 5690 58.

495 5841 499 5849 ,
576 5708 673 5849 ξφ)
700 5708 1026 5847 ΙξὶὰΪιῖῗέὲρ.
1079 5777 1173 5834 lib.
1215 5778 1281 5835 de
1310 5777 1424 5835 vn.
1451 5776 1652 5834 illustr.
1696 5792 1819 5849 cap.
1850 5777 1919 5832 as
1958 5778 2089 5835 edit.

504 5846 721 5905 Breul.:
764 5852 867 5905 aL.
895 5847 985 5901 2'2.

579 5919 656 5995 (g)
695 5908 771 5979 id.
804 5908 1003 5978 Chron.
1034 5908 1197 5979 Suev.
1228 5935 1349 5995 pag.
1373 5908 1476 5979 404
1516 5920 1644 5980 edit.
1684 5922 1852 5983 Paris.
1888 5920 2044 5981 1601.

2182 4802 2302 4861 post
2331 4791 2556 4859 plurima
2588 4789 2839 4843 virtutum
2868 4787 3093 4856 insignia
3126 4786 3318 4853 quibus
3354 4785 3445 4838 Dei
3480 4786 3769 4842 Ecelesiam

2182 4876 2490 4948 illustravit,
2525 4882 2577 4936 in
2609 4880 2776 4936 etelos
2802 4876 3067 4947 migravit.
3103 4876 3228 4944 Ejus
3259 4874 3458 4928 obitum
3485 4876 3775 4946 Gregorius
3808 4906 3811 4907 ν

2184 4962 2512 5031 Turonensis
2534 4989 2676 5030 anno
2698 4972 2732 5029 5
2753 4956 3155 5049 Cbildebcrtill
3177 4960 3457 5055 eonsign'at
3479 4952 3590 5055 (ay;
3616 4969 3776 5023 adeo-

2184 5080 2290 5136 que
2337 5080 2643 5134 supremum
2692 5063 2833 5117 diem
2877 5044 3136 5116 clauserit
3186 5042 3532 5115 beatissimus
3582 5059 3773 5129 praesul

2190 5172 2331 5216 anno
2361 5158 2464 5213 580
2484 5200 2499 5218 .
2529 5159 2585 5213 in
2611 5171 2768 5225 quem
2796 5155 2948 5225 juxta
2985 5154 3408 5211 communiorem
3457 5155 3776 5211 sententiam

2192 5354 2592 5481 “(ﬁgwit
2622 5363 2753 5408 tom.
2788 5351 2898 5421 vn,
2931 5369 3051 5426 pag.
3077 5353 3205 5423 tea,
3234 5368 3286 5422 c,
3316 5334 3565 5411 editionis
3592 5355 3778 5427 prima;

2294 5498 2342 5569 ε)
2384 5495 2588 5569 βοηοίι.
2619 5506 2748 5553 tom.
2782 5498 2889 5566 vn,
2918 5512 3039 5569 pag.
3075 5496 3200 5563 557,
3228 5512 3280 5553 ε.

2286 5568 2351 5693 ii)
2394 5568 2541 5650 Ιεγιίίι.τ
2574 5569 2675 5624 loc.
2706 5570 2797 5625 cit.
2922 5568 2931 5569 7
3002 5568 3007 5569 “
3093 5637 3103 5649 θ
3242 5622 3245 5623 ν

2322 5644 2337 5693 l
2378 5639 2588 5693 Conetl.
2622 5649 2754 5693 tom.
2782 5640 2887 5693 Nl.
2920 5654 3041 5693 naa.
3071 5636 3199 5693 570.
3226 5651 3245 5693 ε

2321 5636 2343 5721 ξ
2378 5639 2588 5721 (_I_o_n_eil.
2622 5640 2887 5721 tomzjl-l,
2920 5654 3041 5709 pag.
3071 5636 3199 5707 570,
3226 5651 3278 5697 ο,

2267 5710 2349 5779 (ι)
2390 5710 2547 5780 lbid.,
2590 5726 2709 5781 pag.
2744 5710 2867 5771 525,
2898 5725 2947 5764 c.

2267 5781 2364 5863 (at)
2391 5782 2626 5863 μαυίιιε
2658 5779 2924 5863 βδεῖ-246,
2956 5780 2984 5851 §
3019 5780 3105 5834 ll.

2265 5850 2348 5919 (ἠ)
2386 5850 2546 5923 Greg.
2579 5850 2708 5908 Tur.
2744 5852 2836 5906 lib.
2867 5868 2896 5901 v
2924 5850 3177 5923 cappss
3203 5862 3260 5909 et
3287 5853 3378 5917 58.

2264 5923 2340 5999 (ο)
2372 5924 2577 5994 Conpil.
2610 5933 2649 5980 t.
2674 5938 2751 5993 v1,
2779 5939 2834 5998 ρ,
2868 5922 2974 5980 575
2993 5922 3200 5996 et581,
3230 5925 3287 5985 (ι.
