4108 6352
488 263 562 325 98
1665 260 1723 316 S.
1759 257 2043 316 MARTINI
2085 255 2174 314 DU
2188 255 2457 314 MIENSIS
3698 267 3772 322 ει

488 380 701 454 poculis
727 379 966 449 inhiare,
994 394 1165 452 eaque
1199 386 1252 435 te
1280 377 1535 434 ardenter
1572 375 1766 446 quibus
1796 371 2016 428 moralis
2049 380 2074 406 ει
2103 377 2151 436 Α
2181 371 2412 436 videtur,
2462 387 2566 428 non
2595 373 2856 430 continuo
2895 373 3090 430 falsum
3119 380 3221 430 est.
3271 373 3479 433 Crebro
3507 379 3771 452 siquidem

487 475 732 532 scientiae
757 473 912 528 rivuli
943 482 1191 538 manant,
1221 470 1416 526 ﬂuenta
1453 471 1747 539 requirere.
1789 465 1854 518 Et
1879 463 1948 517 ob
1980 462 2082 516 hoc

491 567 850 624 humilitatem
883 580 1057 621 meam
1088 566 1192 620 tuis
1225 564 1424 635 saepius
1453 561 1649 616 litmris
1691 557 1981 622 admones,
2027 565 2083 609 ut

491 659 799 730 Dignationi
828 666 932 713 tua:
951 657 1155 717 ,crehro
1184 654 1386 725 aliquid
1415 669 1510 723 per
1528 651 1809 722 epistolam
1839 646 2082 702 scribens

488 761 587 809 aut
612 752 1001 809 consolationis
1037 747 1546 805 autexh'ortationis
1577 743 1821 812 alicujus,
1856 751 1911 796 et
1951 755 2082 811 qua-

489 847 778 917 liacunque
798 845 907 900 sint
931 844 1070 900 dicta
1093 843 1312 898 olferam
1332 839 1382 894 δ.
1416 838 1521 894 Sed
1554 836 1805 907 quamvis
1823 833 1928 890 hoc
1947 849 1976 888 a
1999 848 2085 888 me

494 939 676 1009 exigat
719 937 987 993 laudabile
1035 946 1140 990 tute
1190 934 1402 1005 pietatis
1439 930 1697 994 studium,
1729 929 1867 984 scito
1904 937 2085 982 tamen

491 1030 766 1085 tenuitatis
789 1043 924 1084 mea:
951 1028 1270 1083 insolentem
1302 1023 1558 1078 continuo
1587 1036 1618 1075 a
1657 1023 1832 1076 cautis
1862 1018 2086 1090 impingi

491 1121 892 1192 propterviam,
943 1120 989 1174 si
1032 1117 1223 1186 regalis
1271 1113 1586 1170 reverentia:
1641 1112 1954 1182 gravitatem
1996 1119 2087 1166 aut

488 1216 726 1270 assiduis
772 1222 862 1268 aut
907 1212 1124 1280 vilibus,
1175 1220 1233 1264 ut
1282 1209 1430 1274 libet,
1464 1207 1620 1264 dictis
1666 1207 1972 1278 adjungam.
2023 1205 2088 1260 Et

489 1307 616 1363 ideo
641 1324 709 1363 ne
738 1318 828 1361 aut
854 1321 952 1376 ego
985 1304 1196 1360 licentia
1229 1304 1330 1372 piae
1380 1301 1707 1357 invitationis
1728 1301 1980 1354 abuterer
2009 1298 2088 1353 lo-

488 1403 726 1471 quendo,
753 1409 844 1455 aut
867 1409 1047 1454 vestro
1090 1397 1260 1468 magis
1291 1395 1562 1451 desiderio
1592 1394 1912 1449 obsisterent
1960 1393 2088 1447 reti-

492 1495 686 1562 cendo,
721 1495 956 1551 libellum
977 1494 1119 1549 hunc
1148 1492 1292 1548 nulla
1317 1490 1706 1562 sophismatnm
1732 1490 2088 1545 ostentatione

492 1586 744 1656 politum,
770 1588 864 1644 sed
899 1587 1117 1657 planitie
1151 1601 1300 1654 purae
1340 1583 1704 1655 simplicitatis
1750 1593 2082 1652 excerptum,

483 1678 773 1748 capacibus
806 1679 1037 1733 ﬁdenter
1067 1677 1287 1732 auribus
1316 1676 1486 1731 obtuli
1531 1675 1887 1731 recitandum.
1917 1673 2084 1742 Quem

2185 465 2373 521 faciem
2397 466 2658 521 mendacii
2692 467 2888 522 veritas
2923 468 3136 522 retinet.
3191 465 3395 524 Crebro
3433 471 3771 532 mendacium

2185 559 2366 628 specie
2388 558 2627 613 veritatis
2649 559 2931 613 occulitur.
2956 559 3086 614 Nam
3102 559 3239 614 sicut
3257 560 3545 630 aliquando
3567 566 3771 625 tristem

2184 653 2411 707 frontem
2461 654 2699 721 amicus,
2733 664 2787 708 et
2826 653 3074 708 blandam
3117 654 3363 710 adulator
3394 659 3660 727 ostendit;
3695 663 3772 718 sic

2187 745 2648 800 verisimilitudine
2678 746 2949 801 coloratnr
2979 745 3179 800 veritas
3209 755 3263 801 et
3310 756 3366 802 ut
3403 748 3553 804 fallat
3577 750 3658 806 vel
3685 766 3772 806 su-

2187 837 2396 908 brepat,
2429 837 2717 892 coloratur.
2753 838 2810 893 Si
2857 838 3095 908 prudens
3125 854 3243 894 esse
3291 843 3476 912 cupis,
3532 844 3583 899 in
3632 844 3772 902 Iutu-

2188 946 2342 996 rum,
2376 943 2716 1002 prospectum
2761 933 3010 998 intende;
3045 941 3099 988 et
3153 950 3269 1004 quae
3309 947 3531 1004 possunt
3559 940 3773 996 contin-

2186 1039 2337 1095 gere,
2368 1027 2548 1080 animo
2578 1038 2668 1080 tuo
2704 1038 2893 1081 cuncta
2925 1042 3181 1096 propone.
3226 1028 3369 1084 Nihil
3422 1031 3512 1085 tibi
3541 1032 3774 1089 subitum

2189 1119 2278 1184 sit,
2308 1120 2401 1175 sed
2435 1136 2529 1190 per
2557 1121 2726 1175 otium
2749 1129 2872 1175 ante
2897 1121 3220 1190 conspicies.
3257 1123 3386 1177 Nam
3421 1125 3511 1193 qui
3543 1126 3774 1193 prudens

2189 1221 2290 1274 est,
2344 1228 2449 1267 non
2479 1212 2649 1267 dicit:
2684 1213 2796 1267 Non
2849 1213 3030 1283 putavi
3077 1215 3290 1284 quidem
3340 1215 3440 1270 hoc
3469 1216 3621 1283 ﬁeri;
3655 1221 3775 1289 quia

2191 1323 2296 1361 non
2343 1307 2584 1375 dubitat,
2637 1308 2732 1362 sed
2775 1320 3078 1378 exspectat;
3135 1325 3232 1365 nec
3289 1312 3627 1381 suspicatur,
3682 1314 3776 1369 sed

2189 1409 2361 1455 cavet.
2388 1399 2764 1472 Cujuscunque
2794 1401 2917 1456 facti
2947 1417 3166 1456 causam
3202 1403 3413 1472 require
3441 1422 3452 1457 :
3477 1421 3598 1460 cum
3633 1406 3776 1461 initia

2193 1494 2480 1558 inveneris,
2533 1495 2710 1549 exitus
2760 1496 3037 1565 cogitabis.
3094 1495 3240 1550 Scito
3283 1507 3334 1551 te
3369 1499 3417 1551 in
3462 1499 3775 1568 quibusdam

2191 1587 2388 1642 debere
2421 1601 2790 1657 perseverare,
2823 1588 2947 1657 quia
2975 1589 3216 1657 coepisti:
3247 1588 3490 1657 quzedam
3521 1605 3648 1644 vero
3682 1605 3780 1647 nec

2193 1679 2452 1749 incipere,
2491 1681 2541 1734 in
2571 1680 2762 1747 quibus
2786 1694 3133 1750 perseverare
3171 1681 3243 1735 sit
3267 1680 3504 1734 noxium.
3538 1681 3779 1739 Prudens

487 1786 596 1827 non
622 1781 813 1827 vestra:
843 1771 1148 1841 specialiter
1170 1771 1389 1826 instituo
1420 1772 1692 1840 potestati,
1719 1770 1804 1824 cui
1825 1769 2085 1824 naturalis
2115 1758 2164 1820 Β
2193 1773 2375 1828 fallere
2400 1789 2504 1828 non
2531 1773 2662 1838 vu'lt,
2692 1772 2799 1825 falli
2832 1788 2935 1825 non
2966 1781 3161 1841 potest.
3196 1772 3329 1826 Boni
3356 1781 3438 1827 est
3471 1772 3593 1848 vjri,
3616 1773 3778 1828 etiam

492 1866 771 1935 sapientia:
819 1866 1083 1935 sagacitas
1138 1875 1334 1935 praesto
1383 1864 1607 1930 e5t,sed
1639 1863 1958 1934 generaliter
2001 1861 2082 1917 his

489 1957 813 2028 conscripsi,
837 1972 972 2027 quos
1002 1957 1314 2012 ministeriis
1362 1959 1463 2010 tuis
1503 1965 1746 2012 astantes
1792 1955 1905 2009 haec
1955 1969 2080 2010 con-

488 2051 632 2106 venit
667 2052 867 2122 legere,
916 2051 1216 2120 intelligere
1243 2059 1296 2104 et
1329 2059 1532 2104 tenere.
1565 2051 1778 2104 'l‘itulus
1807 2057 1984 2103 autem
2016 2049 2083 2102 li-

485 2142 616 2198 belli
646 2150 729 2197 est
757 2160 769 2194 :
800 2139 1055 2196 Formula
1097 2142 1212 2196 vitta
1262 2141 1489 2194 honesta:
1514 2157 1531 2206 ;
1574 2155 1732 2208 quem
1765 2141 1964 2194 idcirco
1993 2139 2084 2193 tali

488 2233 632 2287 volui
667 2231 926 2288 vocabulo
976 2233 1327 2302 superscribi,
1373 2234 1496 2301 quia
1549 2247 1652 2286 non
1703 2231 1788 2285 illa
1838 2232 2000 2285 ardua
2030 2240 2087 2284 et

486 2323 746 2394 perlecta,
794 2340 969 2396 quaea
1024 2327 1204 2394 paucis
1247 2334 1301 2380 et
1331 2324 1659 2395 peregregiis
1712 2323 1943 2378 Deicolis
1991 2339 2084 2393 pa-

485 2427 719 2484 trautur,
752 2418 1019 2486 instituit;
1053 2419 1148 2474 sed
1174 2434 1236 2474 ea
1291 2421 1460 2487 magis
1498 2428 1826 2484 commonet,
1876 2431 1994 2486 qua:
2033 2425 2088 2472 et

486 2511 604 2566 sine
661 2511 962 2566 divinarum
1025 2512 1426 2581 Scripturarum
1477 2510 1798 2582 praeceptis,
1855 2509 2085 2564 naturali

490 2611 696 2659 tantum
753 2603 998 2659 humana:
1057 2604 1426 2676 intelligentia
1476 2605 1593 2675 lege
1653 2604 1812 2658 etiam
1858 2619 1886 2656 a
1938 2603 2086 2657 laicis

489 2705 638 2751 recte
669 2695 1004 2762 honesteque
1038 2697 1341 2752 viventibus
1382 2695 1595 2750 valeant
1635 2694 1936 2765 adimpleri.

561 2788 800 2856 Quatuor
848 2791 1104 2845 virtutum
1151 2791 1360 2860 species
1427 2790 1718 2844 multorum
1768 2789 2086 2859 sapientium

490 2881 770 2936 sententiis
825 2881 1062 2936 deﬁnitae
1117 2891 1261 2948 sunt,
1320 2881 1514 2950 quibus
1561 2882 1770 2935 animus
1826 2881 2089 2936 humanus

490 2975 740 3044 componi
770 2975 836 3029 ad
869 2975 1203 3030 honestatem
1250 2975 1375 3030 vitae
1424 2975 1616 3046 possit.
1663 2975 1861 3029 Harum
1920 2976 2088 3046 prima

481 3076 578 3136 est
599 3067 915 3144 prudentia;
941 3069 1177 3122 secunda
1224 3067 1670 3137 magnanimitas;
1703 3069 1879 3130 tertia,
1914 3053 2085 3122 conti-

491 3161 704 3227 nentia;
739 3162 1196 3232 quarta,justitia.
1232 3161 1470 3232 Singulae
1505 3161 1596 3214 tibi
1631 3162 1680 3214 in
1727 3161 1921 3215 ofticiis
1969 3176 2088 3229 qua:
2114 3151 2163 3214 C

497 3255 744 3320 subsunt,
773 3267 996 3309 annexa:
1023 3263 1171 3321 sunt,
1201 3268 1265 3310 ac
1290 3254 1428 3309 bene
1465 3263 1729 3308 moratum
1766 3255 1938 3307 virum
1973 3253 2088 3307 elli-

491 3348 660 3402 ciunt.

1012 3419 1240 3477 CAPUT
1280 3418 1560 3476 PRIMUM.

1075 3556 1151 3610 De
1191 3557 1489 3629 prudentia.

567 3691 822 3762 Quisquis
862 3691 1206 3760 prudentiam
1263 3690 1416 3759 sequi
1473 3687 1774 3751 desideras,
1824 3695 1950 3741 tunc
1997 3700 2090 3754 per

497 3785 763 3840 rationem
797 3793 943 3840 recte
971 3786 1138 3848 vives,
1173 3784 1218 3837 si
1274 3782 1453 3836 omnia
1511 3782 1656 3850 prius
1706 3781 1982 3835 existimes
2038 3790 2093 3836 et

493 3889 809 3944 perpenses,
841 3884 895 3930 et
921 3876 1233 3947 dignitatem
1261 3874 1428 3929 rebus
1450 3889 1555 3928 non
1579 3889 1647 3928 ex
1677 3873 1928 3941 opinione
1952 3875 2091 3927 mul-

494 3978 693 4033 torum,
725 3969 819 4025 sed
851 3983 916 4024 ex
939 3985 1124 4024 earum
1162 3977 1352 4023 natura
1406 3968 1721 4023 constituas.
1773 3967 1902 4021 Nam
1956 3969 2093 4024 scire

495 4061 661 4116 debes
708 4061 831 4129 quia
865 4071 990 4115 sunt
1032 4076 1151 4130 quae
1201 4060 1484 4114 videantur
1534 4074 1654 4114 esse
1703 4059 1842 4113 bona
1892 4067 1946 4113 et
1986 4075 2091 4114 non

493 4162 640 4219 sunt,
671 4161 725 4207 et
747 4161 873 4206 sunt
892 4167 1014 4222 qua:
1041 4152 1324 4207 videantur
1370 4167 1477 4206 non
1522 4151 1658 4207 bona
1691 4165 1811 4207 esse
1854 4163 1908 4206 et
1946 4161 2090 4208 sunt.

497 4242 842 4312 Qumcunque
899 4251 1077 4297 autem
1124 4258 1190 4297 ex
1249 4242 1411 4297 rebus
1461 4243 1783 4297 transitoriis
1825 4243 2092 4313 possides,

495 4349 604 4388 non
634 4334 869 4397 mireris,
903 4347 1000 4388 nec
1053 4348 1302 4403 magnum
1333 4333 1612 4389 existimes
1641 4335 1782 4404 quod
1831 4335 2094 4391 caducum

497 4438 610 4493 est;
643 4443 740 4482 nec
769 4426 907 4496 apud
931 4437 980 4480 te
1012 4443 1132 4498 quae
1158 4427 1325 4483 habes
1353 4437 1602 4498 tanquam
1631 4429 1803 4484 aliena
1828 4431 2091 4498 servabis,

497 4523 591 4636 sed
628 4537 726 4627 pro
754 4531 804 4576 te
829 4531 1082 4636 ta'nquam
1131 4533 1233 4636 tu:
1257 4523 1537 4636 dispepses
1565 4527 1833 4630 et.utaris.
1867 4527 1924 4583 Si
1965 4543 2090 4597 pru-
2118 4539 2174 4600 1)

491 4616 728 4670 dentiam
752 4616 1112 4686 amplecteris,
1146 4616 1344 4688 ubique
1374 4617 1514 4672 idem
1565 4619 1704 4682 eris;
1737 4629 1791 4673 et
1818 4629 1976 4690 prout
2007 4636 2094 4676 re-

494 4723 613 4762 rum
640 4722 704 4762 ac
734 4715 1035 4777 temporum
1066 4709 1296 4764 varietas
1324 4709 1507 4778 exigit,
1535 4709 1604 4763 ita
1629 4719 1678 4763 te
1714 4712 2091 4766 accommodes

501 4802 762 4870 tempori;
815 4817 916 4857 nec
965 4810 1018 4858 te
1066 4803 1119 4858 in
1171 4803 1438 4872 aliquibus
1495 4813 1703 4872 mutes,
1765 4803 1859 4858 sed
1912 4807 2090 4874 potius

496 4901 648 4963 aptes
675 4911 686 4945 :
713 4893 853 4948 sicut
880 4907 1072 4948 manus
1096 4893 1425 4964 quaeeadem
1470 4901 1574 4959 est,
1605 4904 1660 4947 et
1705 4909 1827 4948 cum
1880 4895 1932 4949 in
1976 4896 2089 4965 pal-

495 4999 641 5041 mam
669 4985 989 5051 extenditur,
1014 4993 1071 5040 et
1098 4999 1217 5040 cum
1249 4984 1301 5038 in
1335 4999 1567 5054 pugnum
1597 4985 1930 5055 astringitur.
1957 4986 2089 5040 Pru-

495 5075 675 5130 dentis
703 5075 975 5146 proprium
1025 5083 1109 5131 est
1141 5075 1448 5130 examinare
1477 5075 1719 5142 consilia,
1761 5087 1815 5130 et
1847 5091 1951 5130 non
1980 5075 2088 5131 cito

495 5164 641 5222 facili
667 5167 980 5222 credulitate
1001 5167 1067 5221 ad
1102 5167 1231 5222 falsa
1284 5167 1509 5236 prolabi.
1545 5167 1618 5221 De
1639 5166 1815 5222 dubiis
1845 5181 1952 5221 non
1988 5167 2084 5222 de-

497 5259 677 5324 ﬁnias,
708 5259 801 5313 sed
832 5273 1144 5327 suapensam
1171 5269 1355 5314 teneas
1383 5259 1722 5313 sententiam.
1755 5257 1898 5312 Nihil
1931 5258 2084 5312 inex-

498 5359 712 5421 pertum
766 5348 1023 5417 afﬁrmes,
1049 5351 1174 5420 quia
1221 5365 1326 5405 non
1374 5364 1536 5404 omne
1585 5349 1878 5403 verisimile
1905 5349 2083 5404 statim

496 5457 684 5498 verum
714 5449 825 5507 est;
857 5441 994 5496 sicut
1020 5449 1075 5497 et
1098 5441 1294 5512 saepius
1323 5441 1464 5512 quod
1497 5442 1722 5509 primum
1772 5439 2085 5497 incredibile

573 5649 601 5678 ι
636 5639 726 5696 Sic
769 5655 834 5696 ex
873 5640 1108 5698 editione
1171 5640 1350 5696 Vineti
1389 5639 1620 5695 Pictavis
1672 5639 1886 5709 vulgata
1944 5655 2085 5698 anno

501 5709 642 5768 1544
665 5711 943 5778 Baluzius;
975 5722 1132 5768 antea
1156 5711 1414 5768 mendose
1444 5710 1722 5779 legebatur
1745 5711 1998 5766 mortalis.
2014 5718 2085 5753 '-—

500 5783 686 5838 Editor
715 5781 1094 5849 Bacherianus,
1124 5783 1215 5854 qui
1241 5797 1306 5837 ex
1334 5779 1520 5836 eadem
1545 5781 1802 5846 editione,
1830 5795 1952 5836 mox
1986 5785 2085 5838 tuis

2193 1867 2246 1920 in
2288 1877 2462 1922 morte
2520 1867 2786 1921 neminem
2838 1865 3042 1920 fallere.
3095 1865 3385 1934 Opiniones
3434 1874 3536 1919 tuae
3579 1865 3779 1934 judicia

2191 1963 2319 2018 sint.
2347 1962 2717 2033 Cogitationes
2763 1975 2922 2030 vagas
2963 1969 3015 2015 et
3044 1960 3278 2024 inutiles,
3312 1968 3364 2013 et
3386 1960 3528 2014 velut
3570 1961 3779 2014 somnio

2190 2062 2418 2126 similes,
2453 2076 2560 2116 non
2612 2061 2874 2130 recipies;
2908 2059 3101 2130 quibus
3132 2059 3175 2113 si
3207 2060 3416 2115 animus
3449 2068 3565 2114 titus
3597 2075 3656 2115 se
3681 2061 3778 2117 eb-

2191 2156 2500 2222 Iectaverit,
2543 2171 2662 2211 cum
2695 2156 2872 2209 omnia
2927 2155 3280 2224 disposueris,
3337 2156 3502 2210 tristis
3533 2171 3776 2212 remane-

2190 2251 2272 2306 bis
2303 2268 2314 2302 :
2347 2249 2440 2304 sed
2476 2249 2733 2317 cogitatio
2762 2257 2847 2302 tua
2877 2249 3104 2314 stabilis,
3133 2257 3183 2302 et
3215 2255 3360 2302 certa
3402 2247 3504 2312 sit;
3538 2247 3651 2301 sive
3681 2249 3775 2302 de-

2192 2341 2411 2408 liberet,
2461 2341 2574 2396 sive
2621 2351 2845 2410 quazrat,
2881 2341 2996 2395 sive
3027 2340 3442 2410 contempletur,
3476 2355 3581 2396 non
3630 2356 3778 2396 rece-

2191 2434 2283 2488 dat
2314 2446 2343 2484 a
2375 2449 2525 2488 vero.
2558 2434 2749 2488 Sermo
2781 2448 2995 2502 quoque
3027 2443 3148 2486 tuus
3171 2448 3275 2486 non
3325 2433 3396 2486 sit
3441 2432 3636 2498 inanis,
3681 2431 3777 2487 sed

2191 2537 2282 2582 aut
2308 2527 2549 2592 suadeat,
2599 2536 2688 2581 aut
2720 2536 2954 2593 moneat,
2985 2535 3075 2580 aut
3115 2525 3442 2591 consoletur,
3475 2537 3564 2580 aut
3593 2526 3779 2596 praeci-

2192 2623 2322 2691 piat.
2353 2621 2528 2675 Lauda
2563 2636 2744 2691 parce,
2796 2621 3035 2690 vitupera
3082 2621 3318 2689 parcius.
3360 2619 3490 2674 Nam
3533 2619 3778 2673 similiter

2193 2712 2631 2782 reprehensibilis
2682 2722 2764 2766 est
2806 2712 2968 2765 nimia
3015 2710 3284 2777 laudatio,
3331 2721 3389 2765 ut
3432 2711 3778 2765 immoderata

2193 2805 2533 2876 vituperatio.
2584 2805 2675 2858 Illa
2729 2805 2992 2873 siquidem
3043 2804 3374 2869 adulatione,
3408 2804 3506 2857 ista
3538 2802 3781 2871 maligni-

2192 2905 2300 2953 tate
2331 2907 2579 2967 suspecta
2619 2906 2722 2951 est.
2757 2896 3145 2951 Testimonium
3172 2896 3406 2960 veritati,
3447 2911 3552 2950 non
3591 2895 3782 2950 amici-

2196 2990 2283 3044 tia:
2340 2989 2553 3043 reddes.
2604 2988 2735 3042 Cum
2794 2988 3226 3043 consideratione
3271 2988 3517 3057 promitte
3571 2986 3781 3056 plenius

2194 3096 2310 3151 qua:
2341 3080 2654 3148 promiseris
2682 3090 2895 3148 praesta.
2930 3079 2985 3134 Si
3028 3080 3260 3150 prudens
3295 3086 3375 3133 est
3403 3078 3608 3132 animus
3641 3087 3782 3148 tuus,

2198 3173 2369 3228 tribus
2417 3173 2743 3240 temporibus
2791 3173 3154 3243 dispensetur.
3213 3173 3500 3227 Przesentia
3551 3172 3779 3238 ordina,

2195 3267 2370 3322 futura
2402 3266 2656 3334 praevide,
2684 3267 2952 3336 praeterita
2982 3267 3285 3322 recordare.
3329 3266 3458 3320 Nam
3499 3267 3586 3336 qui
3619 3267 3690 3320 nil
3720 3268 3785 3323 de

2195 3361 2468 3430 praeterito
2511 3362 2732 3431 cogitat,
2786 3363 2958 3430 perdit
3002 3365 3161 3416 vitam
3188 3403 3201 3425 ,
3250 3361 3341 3429 qui
3380 3361 3451 3415 nil
3497 3360 3563 3416 de
3609 3360 3786 3418 futuro

2193 3454 2624 3524 praemeditatur,
2655 3457 2706 3510 in
2747 3457 2923 3510 omnia
2967 3457 3210 3510 incautus
3258 3455 3466 3511 incidit.
3508 3455 3784 3525 Proponas

2197 3548 2249 3601 in
2273 3551 2452 3602 animo
2484 3558 2577 3603 tuo
2612 3551 2786 3603 futura
2841 3548 2979 3601 mala
3025 3559 3077 3602 et
3103 3548 3239 3603 bona
3272 3558 3328 3602 ut
3378 3549 3465 3602 illa
3520 3549 3786 3603 susdnere

2194 3640 2372 3706 possis
2399 3649 2454 3694 et
2483 3641 2582 3694 ista
2615 3640 2900 3695 moderari.
2934 3640 3043 3694 Non
3076 3656 3289 3709 semper
3335 3639 3386 3693 in
3417 3649 3538 3694 actu
3568 3641 3662 3703 sis,
3695 3639 3788 3695 sed

2195 3731 2460 3788 interdum
2511 3735 2692 3788 animo
2724 3744 2812 3788 tuo
2855 3735 3091 3804 requiem
3123 3735 3284 3788 dato:
3340 3744 3393 3789 ct
3436 3736 3647 3804 requies
3675 3735 3787 3804 ipsa

2196 3826 2351 3895 plena
2383 3826 2746 3895 sitsapientia:
2796 3826 3007 3891 studiis,
3037 3835 3090 3880 et
3135 3826 3544 3895 cogitationibus
3595 3825 3786 3880 bonis:

2198 3933 2318 3970 nam
2354 3917 2586 3985 prudens
2634 3933 2904 3987 nunquam
2956 3918 3068 3972 otio
3109 3927 3330 3971 marcet.
3391 3917 3560 3972 Ilabet
3612 3929 3787 3973 autem

2197 4009 2478 4078 aliquando
2535 4009 2815 4063 remissum
2871 4008 3142 4072 animum,
3195 4023 3464 4078 nunquam
3530 4009 3786 4063 solutum.

2199 4103 2480 4156 Accelerat
2512 4102 2682 4167 tarda,
2719 4101 2969 4171 perplexa
2994 4100 3230 4170 expedit,
3264 4101 3397 4155 dura
3429 4101 3621 4164 mollit,
3649 4117 3789 4156 exte~

2198 4203 2325 4264 quat
2351 4194 2536 4248 ardua.
2571 4195 2683 4249 Scit
2712 4194 2853 4249 enim
2877 4194 3000 4263 quid
3031 4209 3134 4264 qua
3173 4195 3260 4248 via
3309 4193 3523 4264 aggredi
3555 4193 3785 4249 debeat:

2198 4300 2252 4344 et
2280 4289 2532 4345 distincte
2574 4301 2764 4344 cuncta
2802 4289 2965 4345 videt.
3018 4288 3313 4344 Consilium
3357 4288 3671 4356 peritorum,
3723 4302 3789 4342 ex

2199 4383 2397 4452 apertis
2443 4381 2670 4436 obscura
2731 4382 2982 4450 aestimat,
3044 4398 3106 4436 ex
3159 4380 3394 4450 parvulis
3445 4392 3663 4448 magna,
3723 4395 3788 4434 ex

2202 4475 2462 4544 proximis
2512 4485 2738 4540 remota,
2773 4490 2836 4529 ex
2889 4474 3126 4543 partibus
3167 4481 3299 4527 tota.
3333 4471 3448 4526 Non
3479 4480 3532 4525 te
3580 4480 3789 4526 moveat

3111 4565 3205 4622 sed
3234 4565 3360 4635 quid
3405 4563 3568 4628 dicat,
3606 4561 3787 4616 inten-

2196 4661 2330 4715 dito.
2364 4660 2471 4714 Nec
2494 4675 2653 4730 quam
2687 4660 2891 4725 multis,
2923 4659 3013 4712 sed
3038 4658 3284 4728 qualibus
3317 4657 3559 4727 placeat,
3590 4656 3784 4725 cogita.

2195 4751 2252 4806 Id
2275 4766 2459 4820 quaere
2489 4753 2628 4822 quod
2663 4753 2904 4807 invenire
2933 4753 3127 4821 possis.
3152 4751 3206 4806 Id
3247 4751 3424 4817 disce,
3457 4749 3599 4820 quod
3635 4758 3789 4819 potes

2193 4847 2354 4904 scire.
2388 4845 2443 4900 ld
2471 4854 2595 4914 opta
2619 4889 2632 4911 ,
2667 4844 2808 4913 quod
2849 4844 3020 4913 optari
3049 4858 3228 4898 coram
3262 4843 3418 4899 bonis
3449 4851 3647 4912 potest.
3680 4841 3788 4898 Nec

2194 4938 2369 4993 altiori
2395 4949 2446 4993 te
2488 4939 2565 4992 rei
2597 4939 2859 5005 imponas,
2890 4938 2940 4990 in
2977 4951 3076 5011 qua
3110 4937 3202 4991 tibi
3232 4937 3393 4991 stanti
3428 4935 3784 5001 tremendum,

2196 5029 2504 5084 ascendenti
2535 5029 2831 5084 cadendum
2863 5027 2952 5082 sit.
2983 5027 3215 5082 Consilia
3256 5027 3349 5082 tibi
3381 5028 3657 5082 salutifera
3688 5027 3786 5081 ad-

2199 5137 2352 5177 voca.
2379 5122 2510 5176 Cum
2537 5122 2630 5176 tibi
2662 5121 2848 5174 alludit
2869 5121 2991 5175 vita:
3023 5122 3370 5190 prosperitas,
3405 5132 3530 5177 tunc
3555 5132 3605 5177 te
3645 5123 3788 5177 velut

2201 5213 2254 5267 in
2295 5214 2499 5268 lubrico
2538 5212 2798 5268 retinebis
2823 5229 2885 5267 ac
2913 5215 3096 5279 sistes,
3128 5229 3224 5271 nec
3251 5215 3344 5269 tibi
3373 5213 3523 5269 dabis
3555 5214 3787 5283 impetus

2197 5305 2424 5370 liberos,
2488 5305 2582 5359 sed
2642 5305 3039 5374 circumspicies
3099 5321 3206 5376 quo
3257 5305 3490 5361 eundum
3548 5306 3646 5370 sit,
3701 5306 3786 5361 vel

2194 5412 2488 5470 quousque.

2194 5646 2401 5718 addidit
2430 5655 2554 5703 ante
2584 5647 2672 5703 illa
2703 5650 2885 5718 εωρίω
2911 5645 3104 5718 litteris.

2267 5717 2291 5758 δ
2333 5718 2421 5775 Sic
2452 5720 2591 5775 idem
2627 5716 2889 5784 rescribit,
2926 5716 3012 5770 ubi
3041 5724 3195 5772 antea
3235 5727 3349 5775 erat
3375 5718 3589 5787 afferam
3622 5720 3783 5773 dictu.
