4108 6352
251 307 318 372 25
1034 305 1450 368 OPU-SCULUM
1491 306 1773 366 PRIMUM.
1817 301 2152 366 FORMULA
2192 310 2538 372 HONESTE
2577 315 2785 374 VITE.
3461 319 3532 385 20

885 426 1108 484 CAPUT
1149 427 1212 483 ll.

774 539 852 593 De
892 540 1327 611 magnanimitate.

323 655 737 728 Magnanimitas
763 669 914 721 vero,
946 670 1065 723 qua:
1122 665 1178 710 et
1223 654 1480 710 fortitudo
1529 655 1746 723 dicitur,
1797 653 1844 710 si

256 751 388 810 insit
414 751 598 806 animo
629 757 742 815 tuo,
791 764 911 804 cum
943 764 1134 820 magna
1167 750 1356 805 ﬁducia
1388 749 1536 805 vives
1564 748 1729 816 liber,
1759 748 1843 802 in-

254 844 515 916 trepidus,
545 841 743 898 alacer.
785 840 959 913 Magni
1004 840 1167 895 animi
1225 841 1459 896 hominis
1504 840 1703 895 bonum
1761 847 1847 895 est

253 951 362 992 non
391 935 672 1000 vacillare,
700 943 948 990 constare
978 933 1104 998 sibi,
1137 942 1189 988 et
1212 933 1372 988 ﬁnem
1405 933 1527 988 vita:
1549 931 1846 1002 intrepidus

251 1036 587 1097 exspectare.
613 1025 697 1080 Nil
720 1025 863 1080 aliud
895 1040 1143 1096 magnum
1175 1025 1226 1079 in
1250 1025 1412 1080 rebus
1443 1023 1710 1091 humanis,
1746 1022 1846 1078 nisi

253 1122 466 1178 animus
509 1135 700 1190 magna
735 1119 1063 1190 despiciens.
1117 1119 1172 1175 Si
1230 1117 1604 1189 magnanimus
1657 1117 1842 1181 fueris,

256 1227 526 1282 nunquam
549 1211 812 1282 iudicabis
835 1211 930 1266 tibi
953 1212 1332 1267 contumeliam
1366 1212 1501 1266 ﬁeri.
1529 1211 1603 1265 De
1631 1211 1847 1266 inimico

255 1304 404 1360 dices
430 1321 444 1358 :
471 1305 589 1360 Non
617 1306 803 1360 nocuit
826 1305 976 1372 mihi,
1000 1306 1092 1360 sed
1115 1305 1354 1360 animum
1379 1304 1607 1360 nocendi
1632 1303 1844 1368 habuit;

256 1406 312 1452 et
338 1412 455 1451 cum
489 1397 636 1452 illum
668 1397 719 1452 in
763 1407 1026 1466 potestate
1057 1405 1146 1451 tua
1176 1397 1397 1462 videris,
1430 1396 1717 1452 vindictam
1745 1412 1846 1466 pu-

255 1491 415 1558 tabis,
450 1490 726 1546 vindicare
778 1492 1034 1561 potuisse.
1070 1491 1218 1548 Scito
1271 1491 1414 1546 enim
1466 1491 1746 1546 honestum
1797 1498 1851 1546 et

259 1598 509 1650 magnum
560 1596 728 1652 genus
777 1581 1026 1636 vindictae
1074 1596 1195 1638 esse
1242 1583 1538 1653 ignoscere.
1573 1581 1847 1636 Neminem

257 1691 479 1732 susurro
507 1683 747 1745 appetas,
800 1676 1071 1730 neminem
1117 1675 1406 1742 suﬂ‘odias,
1459 1677 1630 1744 palam
1662 1689 1847 1745 aggre-

253 1769 409 1826 dere.
465 1768 581 1823 Non
628 1783 807 1837 geres,
861 1767 1166 1822 conﬂictum
1222 1768 1323 1822 nisi
1379 1768 1676 1834 indixeris;
1723 1782 1844 1822 nam

253 1862 468 1919 fraudes
491 1871 545 1917 et
569 1861 678 1916 doli
708 1861 1030 1916 imbecillum
1057 1861 1270 1917 decent.
1302 1860 1424 1915 Eris
1450 1859 1844 1931 magnanimus,

252 1957 300 2013 si
331 1956 564 2026 pericula
588 1971 687 2011 nec
715 1965 956 2025 appetas,
989 1965 1044 2010 ut
1074 1956 1415 2022 temerarius,
1447 1969 1544 2011 nec
1565 1954 1845 2023 formides,

253 2063 313 2107 ut
336 2050 585 2114 timidus;
623 2066 744 2106 nam
779 2049 853 2105 nil
885 2049 1127 2104 timidum
1176 2050 1299 2104 facit
1335 2049 1593 2113 animum,
1637 2048 1736 2103 nisi
1765 2064 1847 2104 re-

255 2143 638 2214 prehensibilis
665 2144 788 2199 vitae
817 2143 1169 2198 conscientia.
1205 2143 1448 2198 Mensura
1476 2157 1605 2213 ergo
1633 2156 1851 2213 magna-

253 2237 518 2294 nimitatis
543 2246 644 2306 est,
679 2253 777 2295 nec
827 2239 1075 2294 timidum
1121 2254 1241 2296 esse
1272 2238 1564 2305 hominem,
1612 2253 1712 2294 nec
1754 2253 1851 2291 au-

252 2331 462 2388 dacem.

875 2422 1099 2481 CAPUT
1137 2423 1224 2480 lﬂ.

829 2536 908 2593 De
946 2537 1279 2592 continentia.

330 2648 731 2705 Continentiam
762 2663 893 2704 vero
915 2649 959 2702 si
984 2648 1182 2719 diligis,
1222 2647 1549 2703 circumcide
1581 2646 1852 2717 superﬂua

253 2752 315 2800 et
362 2742 417 2798 in
467 2750 671 2797 arctum
724 2741 990 2797 desideria
1042 2750 1126 2796 tua
1178 2741 1506 2810 constringe.
1556 2739 1852 2795 Considera

255 2842 458 2900 tecum,
517 2841 774 2902 quantum
833 2841 1019 2887 natura
1074 2842 1278 2902 poscat,
1338 2841 1394 2887 et
1440 2847 1546 2886 non
1596 2841 1848 2902 quantum

255 2926 528 2996 cupiditas
576 2934 820 2996 echtat.
875 2925 931 2980 Si
984 2927 1269 2981 continens
1319 2926 1524 2993 fueris,
1571 2942 1636 2982 eo
1683 2942 1851 2997 usque

258 3021 569 3091 pervenies,
621 3029 678 3075 ut
708 3029 760 3075 te
809 3021 927 3090 ipso
965 3030 1254 3076 contentus
1311 3021 1404 3076 sis.
1454 3021 1590 3076 Nam
1620 3021 1709 3092 qui
1749 3021 1850 3077 sibi

255 3114 368 3184 ipsi
397 3115 530 3169 satis
555 3122 660 3183 est,
689 3128 811 3168 cum
837 3113 1036 3170 divitiis
1085 3126 1240 3171 natus
1265 3125 1368 3170 est.
1403 3115 1622 3185 lmpone
1649 3132 1850 3172 concu-

1865 423 2120 484 Ariliter
2175 428 2411 497 eﬂ‘usus,
2470 433 2514 486 si
2581 434 2914 493 muliebriter
2975 436 3190 494 fractus.
3264 439 3530 502 0dibilem

1946 532 2158 588 quoque
2187 519 2458 578 hominem
2500 523 2630 579 facit
2658 526 2818 594 risus,
2851 537 2942 583 aut
2985 530 3268 600 superbus,
3295 542 3388 588 aut
3415 535 3533 590 cla-

1943 623 2034 662 rus
2057 609 2156 682 [An
2181 614 2426 686 elatusil,
2457 626 2550 670 aut
2573 616 2836 686 malignus
2867 627 2920 673 et
2943 618 3196 688 furtivus,
3225 633 3314 676 aut
3343 622 3534 683 alienis

1946 701 2100 757 malis
2130 715 2402 761 evocatus.
2435 706 2490 762 Si
2522 723 2650 780 ergo
2683 709 2826 778 ipsos
2866 710 3019 781 jocos
3043 714 3234 784 exigis,
3280 714 3383 770 hoc
3406 731 3529 788 quo-

1944 809 2047 865 que
2072 795 2329 869 dignitate
2355 802 2630 872 sapientiae
2661 820 2807 875 gere,
2849 814 2905 859 ut
2945 814 2996 860 te
3027 821 3124 860 nec
3155 818 3376 879 gravent
3413 820 3537 867 tan-

1945 906 2105 961 quam
2146 907 2432 963 aSperum,
2486 910 2584 950 nec
2634 904 2978 950 contemnant
3032 907 3280 968 tanquam
3335 902 3517 960 vilem.

1945 985 2060 1040 Non
2085 987 2186 1040 erit
2213 987 2304 1040 tibi
2335 988 2662 1054 scurrilitas,
2707 991 2799 1045 sed
2844 1001 2992 1060 grata
3044 991 3335 1048 urbanitas.
3379 993 3532 1051 Sales

1948 1081 2026 1134 tui
2058 1081 2162 1134 sint
2187 1081 2300 1134 sine
2329 1080 2510 1145 dente,
2546 1083 2654 1151 joci
2697 1084 2816 1138 sine
2857 1085 3081 1154 vilitate,
3116 1086 3256 1140 risus
3302 1085 3418 1142 sine
3447 1102 3536 1141 caa-

1948 1170 2164 1238 chinno,
2199 1187 2306 1226 vox
2354 1173 2470 1228 sine
2501 1173 2772 1243 clamore,
2817 1175 3062 1230 incessus
3105 1177 3221 1232 sine
3261 1178 3532 1233 tumultu:

1949 1262 2100 1331 quies
2129 1263 2244 1333 tibi,
2280 1277 2384 1318 non
2416 1263 2622 1320 desidia
2666 1265 2798 1331 erit;
2831 1275 2883 1320 et
2912 1281 3032 1321 cum
3067 1267 3134 1321 ab
3165 1267 3283 1322 aliis
3314 1268 3534 1338 luditur,

1950 1362 2005 1407 tu
2035 1354 2204 1410 sancti
2232 1356 2429 1426 aliquid
2462 1356 2780 1427 honestique
2821 1359 3096 1414 tractabis.
3145 1358 3202 1415 Si
3242 1361 3526 1417 continens

1951 1462 2030 1513 es,
2062 1449 2400 1505 adulationes
2441 1452 2620 1505 evita:
2655 1452 2832 1522 sitque
2862 1453 2951 1507 tibi
2988 1465 3093 1508 tam
3139 1455 3288 1509 triste
3320 1456 3530 1513 laudari

1949 1555 1978 1594 a
2008 1542 2271 1610 turpibus,
2306 1558 2461 1613 quam
2495 1544 2540 1598 si
2573 1544 2803 1600 lauderis
2846 1545 2917 1600 ob
2946 1547 3136 1616 turpia.
3164 1546 3361 1603 Laetior
3388 1558 3535 1618 esto,

1951 1634 2162 1703 quoties
2195 1634 2447 1703 diSpliccs
2477 1636 2650 1701 malis,
2687 1645 2740 1692 et
2778 1636 3042 1692 malorum
3088 1638 3154 1693 de
3186 1648 3236 1693 te
3262 1638 3536 1695 existima-

1952 1725 2125 1780 tiones
2158 1727 2343 1794 malas,
2370 1743 2551 1782 veram
2600 1729 2669 1781 tui
2713 1728 3073 1784 laudationem
3119 1730 3343 1786 ascribe.
3391 1731 3537 1786 Diffi-

1874 1808 1924 1871 B
1951 1817 2211 1874 cillimum
2244 1821 2589 1876 continentim
2628 1837 2762 1891 opus
2795 1832 2906 1888 est,
2941 1825 3333 1880 assentationes
3360 1825 3541 1882 adula:

1955 1910 2098 1968 tione
2128 1913 2409 1982 repellere,
2435 1928 2660 1982 quarum
2693 1929 2972 1970 sermones
3002 1917 3237 1971 animum
3268 1918 3540 1987 voluptate

1955 2004 2253 2059 resolvunt.
2340 2005 2550 2060 Nullius
2609 2023 2701 2076 per
2768 2010 3184 2066 assentationem
3249 2011 3540 2068 amicitiam

1953 2100 2231 2164 merearis,
2267 2115 2364 2154 nec
2402 2100 2467 2153 ad
2504 2110 2644 2154 tuam
2693 2102 3100 2169 promerendam
3139 2119 3233 2172 per
3264 2102 3399 2160 hanc
3430 2105 3541 2159 adi-

1953 2199 2061 2244 tum
2084 2191 2311 2260 pandas.
2349 2192 2460 2246 Non
2510 2193 2618 2246 eris
2667 2191 2859 2259 audax,
2909 2208 3009 2248 nec
3059 2209 3354 2266 arrogans:
3407 2197 3537 2251 sub-

1953 2286 2134 2339 mittcs
2158 2294 2231 2350 te,
2261 2301 2365 2340 non
2399 2286 2683 2357 projicies;
2730 2288 2994 2356 gravitate
3022 2297 3255 2357 servata,
3288 2288 3543 2345 admone-

1953 2374 2097 2431 beris
2129 2376 2382 2443 libenter,
2415 2388 2466 2432 et
2495 2378 2908 2445 reprehenderis
2938 2382 3221 2450 patienter.
3265 2380 3321 2435 Si
3351 2382 3544 2436 merito

1954 2467 2258 2538 objurgabit
2281 2468 2474 2536 aliquis
2502 2508 2518 2534 ,
2570 2469 2707 2524 scito
2747 2470 2867 2539 quia
2896 2467 3127 2539 profuit;
3161 2469 3206 2525 si
3238 2469 3544 2540 immerito,

1954 2558 2089 2611 scito
2114 2557 2238 2628 quia
2271 2559 2526 2628 prodesse
2566 2560 2750 2615 voluit.
2787 2561 2902 2617 Non
2951 2563 3166 2628 acerba,
3218 2563 3311 2618 sed
3355 2564 3544 2620 blanda

1955 2649 2163 2705 timebis
2196 2651 2376 2709 verba.
2452 2653 2581 2708 Esto
2628 2654 2880 2708 vitiorum
2920 2655 3076 2725 fugax
3121 2656 3269 2726 ipse;
3317 2657 3544 2715 aliorum

1955 2757 2082 2798 vero
2115 2757 2290 2812 neque
2312 2744 2554 2799 curiosus
2586 2754 2876 2814 scrutator,
2908 2762 3083 2817 neque
3110 2747 3336 2803 acerbus
3367 2764 3546 2819 repre-

1962 2836 2189 2899 hensor,
2244 2836 2336 2891 sed
2385 2837 2502 2892 sine
2550 2838 2968 2907 exprobratione
3008 2848 3308 2910 correptor,
3365 2841 3436 2896 ita
3486 2852 3546 2898 ut

1958 2927 2379 2983 admonitionem
2433 2929 2705 2985 hilaritate
2743 2932 3062 3002 praevenias,
3108 2940 3163 2987 et
3191 2933 3360 2988 errori
3392 2932 3546 2991 facile

1958 3020 2168 3074 veniam
2211 3022 2354 3075 dato.
2391 3021 2498 3076 Nec
2537 3024 2762 3077 extollas
2805 3038 3148 3095 quemquam,
3188 3040 3362 3094 neque
3411 3027 3548 3097 deji-

1955 3115 2085 3169 cias.
2136 3113 2432 3169 Dicentium
2486 3125 2605 3170 esto
2659 3115 2850 3172 tacitus
2906 3116 3153 3186 auditor,
3213 3118 3541 3174 audientium

251 3207 535 3279 piscentite
564 3218 668 3262 tua:
697 3207 905 3263 frenum
933 3217 987 3263 et
1015 3208 1231 3263 modum
1257 3252 1271 3275 ,
1304 3209 1590 3278 omniaque
1633 3209 1847 3264 blandi-
1876 3197 1924 3260 C
1956 3219 2237 3278 promptus
2271 3219 2536 3279 receptor.
2565 3211 2877 3282 Requirenti
2909 3213 3062 3269 facile
3103 3215 3386 3284 responde,
3417 3232 3546 3272 con-

252 3310 442 3358 menta
487 3316 606 3370 qua:
680 3302 946 3357 occultam
999 3302 1328 3371 voluptatem
1377 3306 1611 3367 trahunt,
1661 3302 1844 3371 rejice.

252 3391 373 3448 Ede
403 3393 533 3447 citra
561 3393 902 3460 cruditatem,
927 3393 1048 3449 bibe
1071 3394 1204 3448 citra
1235 3393 1573 3450 ebrietatem.
1606 3395 1848 3449 Observa

251 3499 328 3540 ne
357 3484 410 3538 in
444 3482 693 3539 convivio
742 3495 832 3540 aut
878 3487 929 3539 in
983 3486 1220 3556 qualibet
1268 3486 1390 3542 vita:
1442 3488 1846 3554 communitate,

247 3592 390 3647 quos
446 3592 553 3632 non
605 3577 917 3644 imitaberis,
967 3577 1222 3634 damnare
1257 3579 1509 3634 videaris.
1559 3579 1664 3634 Nec
1715 3595 1849 3649 prte-

249 3670 508 3728 sentibus
537 3671 751 3726 deliciis
798 3671 1110 3737 inhaerebis,
1149 3687 1249 3727 nec
1279 3673 1612 3729 desiderabis
1655 3674 1850 3729 absen-

253 3775 360 3820 tes.
401 3765 584 3820 Victus
608 3766 698 3820 tibi
732 3780 800 3820 ex
834 3765 976 3821 facili
1010 3766 1101 3831 sit,
1132 3781 1230 3821 nec
1260 3768 1326 3821 ad
1365 3769 1726 3837 voluptatem,
1754 3768 1850 3824 sed

250 3855 326 3910 ad
355 3855 534 3910 cibum
559 3858 777 3911 accede.
810 3854 1052 3910 Palatum
1088 3866 1234 3911 tuum
1283 3857 1450 3913 fames
1480 3859 1698 3924 excitet,
1743 3877 1848 3915 non

251 3961 494 4017 sapores.
526 3947 798 4004 Desideria
832 3958 918 4003 tua
965 3964 1129 4019 parvo
1173 3950 1404 4017 redime,
1438 3953 1564 4022 quia
1597 3952 1698 4008 hoc
1732 3964 1849 4011 tan-

252 4049 372 4095 tum
432 4055 619 4094 curare
667 4041 854 4108 debes,
905 4051 960 4095 ut
1010 4042 1256 4096 desinant
1302 4061 1316 4096 :
1367 4051 1528 4114 atque
1578 4048 1726 4116 quasi
1783 4049 1850 4102 ad

251 4131 535 4200 exemplar
563 4133 893 4201 compositus
923 4132 1181 4198 divinum,
1242 4149 1272 4189 a
1323 4149 1548 4204 corpore
1593 4138 1660 4192 ad
1700 4140 1851 4208 spiri-

256 4234 398 4290 tum,
427 4232 680 4293 quantum
742 4234 913 4293 potes,
961 4233 1013 4280 te
1061 4224 1249 4281 festina
1281 4227 1558 4284 reducere.
1591 4230 1649 4285 Si
1681 4233 1852 4286 conti-

255 4315 460 4370 nentia:
489 4317 693 4383 studes,
743 4316 920 4370 habita
971 4330 1075 4372 non
1106 4331 1338 4380 amoene.
1384 4321 1476 4374 sed
1520 4321 1847 4379 salubriter:

255 4421 360 4462 nec
388 4406 663 4462 dominum
692 4425 812 4466 esse
844 4413 977 4468 velis
1025 4424 1210 4470 notum
1237 4432 1266 4470 a
1293 4417 1477 4485 domo,
1509 4419 1602 4474 sed
1632 4420 1850 4475 domum

255 4514 287 4552 a
311 4498 558 4554 domino.
591 4500 708 4555 Non
739 4502 832 4556 tibi
861 4505 1097 4560 ascribas
1120 4505 1262 4576 quod
1288 4521 1395 4562 non
1425 4508 1553 4574 eris,
1587 4525 1685 4564 nec
1711 4511 1851 4581 quod

1959 3301 2216 3354 temnenti
2248 3301 2400 3355 facile
2431 3301 2609 3448 Ὡς
2646 3318 2712 3357 ne
2753 3305 2804 3357 in
2832 3305 3005 3374 jurgia
3037 3309 3545 3381 exsecrationesque

1959 3391 2227 3446 discedas.
2262 3391 2318 3446 Si
2350 3406 2446 3446 con
2568 3409 2630 3447 ns
2676 3408 2755 3448 es.
2801 3396 2961 3448 animi
3006 3399 3078 3448 tui
3129 3407 3304 3448 motus
3348 3414 3542 3448 corrm-

1958 3391 2227 3446 discedas.
2262 3391 2318 3446 Si
2350 3391 2630 3448 conMns
2676 3408 2755 3458 es,
2801 3396 2961 3450 animi
3006 3399 3078 3450 tui
3129 3407 3304 3473 motus
3348 3414 3542 3471 corpo-

1956 3485 2137 3552 risque
2163 3485 2411 3549 observa,
2439 3499 2503 3538 ne
2532 3484 2766 3539 indecori
2807 3486 2929 3540 sint.
2977 3487 3083 3541 Nec
3124 3488 3243 3543 illos
3273 3490 3393 3545 ideo
3416 3506 3543 3547 con-

1955 3584 2162 3632 temnas
2191 3576 2312 3646 quia
2347 3576 2540 3640 latent;
2579 3591 2698 3629 nam
2741 3576 2814 3630 nil
2848 3575 3047 3644 diﬂ'ert,
3083 3579 3126 3633 si
3157 3594 3312 3634 nemo
3343 3581 3542 3650 videat,

1952 3683 2072 3724 cum
2106 3676 2159 3722 tn
2190 3668 2306 3736 ipse
2355 3667 2475 3721 illos
2529 3665 2731 3721 rideas.
2782 3665 2995 3722 Mobilis
3045 3679 3182 3736 esui,
3215 3686 3317 3724 non
3374 3671 3543 3740 levis;

1954 3771 2229 3826 constans,
2257 3775 2361 3814 non
2388 3760 2655 3828 pertinax.
2685 3758 2921 3829 Alicujus
2945 3761 3024 3815 rei
3043 3761 3320 3817 scientiam
3349 3763 3548 3822 habere

1957 3864 2008 3910 te
2039 3867 2138 3907 nec
2164 3853 2402 3923 ignotum
2431 3850 2524 3916 sit,
2559 3865 2657 3905 nec
2680 3851 2988 3905 molestum.
3036 3850 3234 3907 Omnes
3268 3852 3360 3906 tibi
3391 3869 3546 3923 pares

1957 3947 2119 4003 facies
2149 3966 2160 4000 :
2205 3948 2297 4002 sed
2349 3945 2633 4001 inferiores
2677 3946 3040 4017 superbiendo
3071 3962 3178 4001 non
3207 3955 3544 4004 contemncs.

1958 4039 2298 4110 Superiores,
2333 4046 2478 4095 recte
2499 4039 2754 4104 vivendo,
2793 4054 2900 4095 non
2930 4048 3159 4095 metuas.
3189 4039 3244 4094 In
3275 4041 3547 4097 reddenda

1954 4131 2316 4196 ofﬁciositate,
2347 4145 2520 4200 neque
2570 4131 2862 4200 negligens,
2919 4146 3092 4202 neque
3142 4141 3360 4188 exactor
3389 4148 3548 4204 appa-

1955 4241 2097 4281 reas.
2128 4225 2350 4279 Cunctis
2383 4235 2500 4278 esto
2529 4225 2811 4295 benignus,
2840 4227 3040 4280 nemini
3067 4225 3316 4293 blandus,
3359 4230 3542 4297 paucis

1955 4317 2255 4386 familiaris,
2281 4317 2530 4373 omnibus
2580 4333 2783 4388 aquas.
2837 4317 3089 4375 Severior
3131 4328 3247 4374 esto
3273 4321 3324 4375 in
3347 4321 3548 4391 judicio

1959 4425 2115 4480 quam
2147 4424 2418 4473 sermone,
2453 4408 2560 4462 vita
2593 4423 2751 4478 quam
2791 4409 2972 4464 vultu:
3018 4409 3194 4466 cultor
3225 4411 3546 4482 clementiae,

1959 4506 2256 4561 detestator
2283 4503 2524 4567 saevitiae,
2556 4503 2712 4558 bonae
2743 4503 2922 4569 famae,
2969 4517 3142 4572 neque
3189 4513 3291 4560 tuae
3319 4506 3549 4562 semina-

256 4606 354 4658 es;
386 4603 486 4647 nec
512 4594 688 4662 majus
718 4610 875 4664 quam
917 4613 974 4653 es
1017 4598 1189 4653 videri
1217 4600 1372 4655 velis.
1403 4601 1514 4655 Hoc
1554 4603 1730 4674 majus
1757 4605 1854 4658 οι)-
1882 4590 1938 4650 D
1961 4608 2064 4664 tor,
2099 4612 2274 4670 neque
2315 4598 2506 4654 alienae
2537 4597 2772 4652 invidus.
2819 4597 3165 4661 Rumoribus,
3209 4598 3546 4675 criminibus,

255 4699 437 4752 serva,
462 4701 530 4741 ne
561 4701 846 4758 paupertas
875 4690 965 4745 tibi
991 4692 1264 4747 immunda
1286 4695 1376 4758 sit,
1399 4709 1497 4750 nec
1519 4697 1850 4765 parcimonia

256 4777 498 4844 sordida,
532 4793 631 4834 nec
674 4779 986 4850 simplicitas
1035 4784 1300 4855 neglecta,
1353 4801 1451 4840 nec
1497 4787 1688 4843 lenitas
1738 4789 1852 4844 lan-

258 4869 456 4941 guida;
511 4873 634 4926 etsi
669 4872 762 4928 tibi
793 4889 880 4929 res
927 4876 1134 4947 exiguae
1181 4888 1323 4944 sunt,
1379 4893 1484 4933 non
1517 4889 1694 4936 tamen
1742 4881 1853 4937 sint

256 4971 521 5033 angustae.
574 4963 683 5020 Nec
730 4974 816 5019 tua
863 4965 1059 5022 deﬂeas
1089 5012 1103 5034 ,
1159 4985 1256 5025 nec
1293 4969 1464 5025 aliena
1513 4972 1747 5027 mireris.
1791 4972 1849 5028 Si

264 5056 654 5113 continentiam
684 5059 863 5130 diligis
884 5101 898 5126 ,
931 5061 1100 5130 turpia
1133 5061 1301 5132 fugito
1331 5072 1454 5118 ante
1494 5080 1650 5127 quam
1693 5080 1850 5121 acce-

261 5148 421 5215 dant;
450 5164 550 5205 nec
578 5166 902 5219 quemquam
933 5152 1091 5207 alium
1135 5155 1405 5209 vereberis
1436 5157 1557 5225 plus
1586 5172 1742 5226 quam
1775 5166 1850 5213 te.

264 5241 454 5294 Omnia
487 5241 780 5297 tolerabilia
811 5254 1008 5313 praeter
1036 5247 1420 5314 turpitudinem
1450 5249 1628 5304 crede.
1661 5251 1706 5305 A
1731 5264 1852 5304 ver-

263 5332 342 5388 bis
373 5349 588 5405 quoque
617 5338 864 5408 turpibus
893 5338 1181 5403 abstineto,
1211 5341 1335 5409 quia
1365 5355 1549 5397 eorum
1583 5342 1851 5398 licentiam

263 5421 680 5493 imprudentiam
708 5428 897 5483 nutrit.
950 5429 1239 5485 Sermones
1294 5431 1450 5486 utiles
1500 5433 1668 5502 magis
1689 5448 1848 5502 quam

265 5509 468 5570 facetos
495 5527 550 5571 et
580 5519 838 5574 amabiles
883 5534 1036 5587 ama,
1070 5528 1247 5575 rectos
1287 5520 1462 5590 potius
1504 5538 1660 5592 quam
1694 5538 1849 5578 ooseo

266 5608 584 5664 cundantes;
609 5610 862 5666 Miscebis
894 5612 1159 5668 interdum
1190 5613 1347 5669 seriis
1374 5614 1557 5679 jocos,
1594 5613 1688 5668 sed
1718 5621 1852 5668 tem-

267 5711 499 5768 peratos,
530 5710 584 5757 et
607 5702 722 5757 sine
752 5703 1076 5760 detrimento
1107 5704 1381 5776 dignitatis
1405 5719 1467 5758 ac
1494 5705 1849 5760 verecnndim.

267 5797 394 5855 Nam
423 5797 869 5868 reprehensibilis
894 5799 1034 5855 risus
1071 5810 1172 5869 est,
1204 5801 1248 5856 si
1278 5799 1617 5870 immodicus,
1650 5801 1693 5856 si
1723 5816 1854 5871 pue-

1961 4693 2358 4763 suspieionibus
2407 4691 2625 4746 minime
2670 4690 2920 4746 credulus
2971 4691 3054 4746 vel
3108 4692 3392 4763 malignus,
3449 4694 3547 4750 sed

1961 4787 2143 4857 potius
2173 4784 2258 4839 bis
2287 4784 2375 4854 qui
2400 4797 2495 4851 per
2522 4781 2756 4851 speciem
2789 4780 3142 4850 simplicitatis
3163 4783 3228 4836 ad
3251 4785 3549 4840 nocendum

1960 4877 2230 4947 aliquibus
2251 4876 2569 4944 subrepunt,
2595 4871 3048 4942 oppositissimus.
3077 4873 3156 4928 Ad
3186 4874 3318 4928 iram
3343 4876 3548 4948 tardus,

1961 4971 2027 5026 ad
2081 4966 2508 5024 misericordiam
2561 4980 2780 5035 pronus,
2834 4965 2886 5020 in
2933 4964 3179 5020 adversis
3229 4968 3437 5034 firmus,
3497 4970 3549 5026 in

1962 5061 2238 5133 prosperis
2294 5067 2483 5114 cautus
2537 5067 2591 5114 et
2641 5057 2896 5114 humilis:
2937 5060 3235 5116 occultator
3277 5063 3551 5130 virtutum,

1962 5155 2100 5209 sicut
2128 5153 2218 5208 alii
2249 5151 2521 5206 vitiorum.
2555 5151 2713 5205 Venae
2749 5151 2933 5220 gloriae
2982 5162 3341 5223 contemptor,
3375 5165 3429 5210 et
3460 5157 3552 5212 bo-

1961 5262 2156 5302 norum
2208 5245 2400 5315 quibus
2449 5243 2708 5312 praeditus
2746 5259 2827 5310 es,
2879 5259 2984 5299 non
3041 5246 3268 5301 acerbus
3314 5260 3552 5306 exactor.

1927 5392 1930 5396 .
1959 5341 2174 5396 Nullius
2198 5337 2611 5408 imprudentiam
2636 5336 2924 5407 despicias.
2958 5335 3083 5392 Rari
3120 5339 3385 5393 sermonis
3417 5340 3553 5411 ipse.

1962 5437 2056 5490 sed
2099 5433 2430 5503 loquentium
2480 5431 2708 5499 patiens.
2755 5429 3014 5496 Severus,
3057 5443 3161 5484 non
3209 5446 3419 5498 saevus;
3461 5435 3554 5490 sed

1964 5528 2185 5582 hilarem
2205 5540 2312 5580 non
2343 5538 2656 5593 aspernens.
2682 5523 2973 5591 Sapientia:
2998 5523 3226 5592 cupidus
3247 5535 3299 5580 et
3326 5527 3513 5582 docilis
3538 5544 3552 5583 :

1964 5636 2085 5691 qua:
2117 5617 2277 5683 neSti,
2307 5617 2424 5672 sine
2453 5617 2758 5686 arrogantia
2788 5614 3082 5684 postulanti
3105 5615 3411 5686 imparties;
3437 5635 3554 5684 qum

1929 5755 1931 5758 .
1968 5712 2167 5775 neseis,
2197 5711 2314 5766 sine
2354 5707 2714 5764 occultatione
2745 5704 3060 5775 ignorantiae
3095 5707 3186 5762 tibi
3221 5710 3428 5777 postulo
3457 5709 3552 5758 im-

1961 5804 2169 5872 partiri.
2203 5801 2319 5857 Non
2348 5797 2690 5855 conturbabit
2709 5797 2922 5866 sapiens
2952 5812 3132 5854 mores
3163 5797 3421 5867 publicos,
3457 5811 3551 5852 net
