4108 6352
588 294 669 377 ἓν
1142 315 1206 376 s.
1242 292 1537 376 uariauit
1572 291 1937 378 sanasse
1973 288 2212 375 oru’sc.
2256 286 2297 376 ἡ
2345 302 2669 383 ronuuts
2712 296 3059 391 Hostem
3088 333 3305 394 VITE.
3808 312 3878 401 es

594 414 855 527 mutilat
878 428 1017 527 in
1043 426 1166 486 vita:
1193 416 1432 487 swine
1461 430 1763 487 convertet.
1794 424 2023 486 Iustitia:
2062 432 2182 487 post
2287 449 2418 507 ergo
2449 442 2685 498 maculas
2714 442 2993 513 prudentia
3026 442 3413 508 immensurata
3444 454 3723 523 perducet.
3754 459 3879 527 Qui-

595 523 714 582 ηε
740 522 913 581 Viftus"
932 512 1033 581 est

1208 592 1438 652 CAPUT
1478 593 1569 650 IV.

1220 702 1299 765 De
1328 708 1556 780 iustitia.

663 806 799 898 Quid
826 820 908 884 est
934 806 1163 898 iustitia,
1208 824 1323 895 nisi
1364 832 1568 879 naturae
1596 806 1755 879 tacita
1783 820 2092 892 conventio,
2135 806 2189 878 in

592 918 917 992 adiutorium
972 920 1262 975 multorum
1310 914 1560 971 inventa?
1588 913 1802 970 Jostitia
1848 928 1955 970 non
2005 922 2189 969 nostra

589 1013 925 1079 constitutio,
979 1011 1073 1069 sed
1104 1009 1288 1065 divina
1336 1008 1417 1063 lex
1467 1015 1567 1074 est,
1598 1005 1866 1061 vinculum
1918 1006 2189 1062 societatis

589 1088 861 1175 immanis.
893 1102 947 1158 In
982 1105 1079 1157 hac
1103 1117 1208 1156 non
1236 1106 1319 1155 est
1341 1097 1482 1169 quod
1510 1097 1838 1153 aestimemus
1864 1090 1988 1166 quid
2021 1111 2185 1167 expe-

590 1190 702 1257 diat
737 1218 750 1254 :
784 1196 1007 1266 expedit
1036 1180 1149 1261 tibi,
1184 1186 1439 1264 quidquid
1473 1192 1562 1247 illa
1595 1185 1899 1246 dictaverit.
1931 1188 2189 1259 Quisquis

588 1304 722 1362 ergo
752 1282 890 1345 lianc
935 1285 1131 1342 sectari
1191 1283 1490 1350 desideras,
1547 1270 1713 1337 Deum
1773 1282 1898 1337 time
1942 1280 2090 1351 prius
2134 1291 2190 1336 et

587 1376 734 1451 ama,
780 1368 840 1437 ut
866 1376 1063 1435 ameris
1094 1393 1123 1433 a
1155 1372 1287 1434 Deo.
1321 1374 1581 1433 Amabilis
1609 1378 1717 1432 eris
1752 1364 1885 1444 Deo,
1924 1362 1969 1433 si
2003 1376 2056 1431 in
2088 1375 2191 1431 hoc

584 1462 739 1533 illum
770 1468 1087 1551 imitaberis,
1132 1480 1192 1527 ut
1221 1464 1356 1545 velis
1384 1466 1635 1526 omnibus
1661 1470 1941 1540 prodesse,
1976 1480 2030 1526 et
2059 1470 2188 1524 nulli

583 1581 803 1625 nocere.
838 1556 904 1622 Et
930 1550 1058 1621 tunc
1077 1572 1133 1621 te
1151 1552 1355 1637 justum
1388 1550 1555 1619 virum
1579 1563 1932 1634 appellabunt
1959 1579 2172 1632 omnes,

585 1652 904 1732 sequentur,
940 1644 1343 1729 venerabantur,
1363 1667 1418 1714 et
1455 1650 1698 1730 diligent.
1727 1658 1911 1714 Justus
1941 1659 2087 1715 enim
2132 1668 2190 1715 ut

585 1742 663 1813 sis
688 1795 705 1823 ,
724 1770 829 1811 non
862 1754 1036 1810 solum
1067 1768 1171 1808 non
1196 1750 1434 1820 nocebis,
1468 1752 1564 1808 sed
1594 1752 1755 1809 etiam
1784 1763 2040 1809 nocentes
2063 1768 2187 1822 pro-

583 1846 833 1904 hibebis:
862 1862 985 1902 nam
1012 1836 1082 1923 nil
1108 1860 1328 1911 nocere,
1380 1859 1485 1899 non
1514 1854 1597 1898 est
1636 1838 1871 1913 iustitia,

581 1930 764 1997 tientia
791 1936 950 1994 alieni
979 1947 1082 1995 est.
1114 1936 1196 2015 Ab
1225 1935 1305 1990 his
1331 1950 1460 2006 ergo
1497 1935 1690 2005 incipe,
1733 1945 1790 1990 ut
1817 1951 1921 1991 non
1945 1936 2177 2001 auferas,

580 2041 641 2085 ut
666 2020 733 2086 ad
764 2030 965 2101 majora
997 2028 1331 2100 proveharis,
1359 2038 1411 2082 et
1440 2028 1557 2083 aliis
1578 2026 1754 2083 ablata
1772 2030 2044 2085 restituas.
2075 2027 2181 2082 Ra-

578 2106 762 2197 ptores
786 2116 1002 2194 quoque
1030 2123 1172 2192 ipsos
1210 2139 1278 2178 ne
1313 2121 1434 2177 aliis
1462 2120 1681 2177 timendi
1714 2122 1842 2190 sint,
1888 2122 2085 2194 castiga
2125 2130 2184 2178 et

577 2214 794 2271 cohibe.
847 2212 922 2270 Ex
969 2215 1113 2271 nulla
1155 2211 1306 2270 vocis
1359 2214 1705 2287 ambiguitate
1756 2217 2177 2272 controversiam

574 2292 781 2375 nectes,
812 2306 905 2364 sed
934 2307 1096 2362 animi
1123 2306 1435 2377 qualitatem
1468 2306 1764 2375 speculare.
1794 2304 1934 2360 Nihil
1966 2306 2061 2362 tibi
2086 2305 2173 2363 in-

578 2388 751 2466 tersit,
780 2412 845 2452 an
870 2397 1074 2467 firmes,
1106 2412 1173 2452 an
1191 2396 1342 2467 jures
1365 2405 1413 2451 ³.
1448 2396 1523 2451 De
1548 2395 1651 2451 fide
1672 2406 1728 2452 et
1753 2395 2010 2470 religione
2038 2398 2178 2453 svias

572 2494 684 2571 agi,
718 2480 1015 2563 ubicunque
1044 2491 1111 2548 de
1143 2493 1368 2547 veritate
1409 2488 1666 2545 tractatur
1696 2508 1710 2545 :
1745 2507 1867 2546 nam
1895 2492 1939 2546 si
1973 2480 2171 2561 jureju-

576 2589 749 2646 rando
778 2589 917 2646 Deus
960 2590 1261 2653 invocetur,
1290 2598 1347 2644 et
1402 2601 1510 2642 non
1550 2589 1821 2644 invocanti
1872 2576 2021 2645 testis
2069 2603 2171 2661 est,

583 2696 743 2738 amen
784 2697 890 2737 non
925 2674 1156 2755 transies
1187 2682 1496 2747 veritatem,
1556 2668 1625 2737 ne
1660 2680 1884 2751 justitiae
1930 2691 2174 2739 transeas

575 2760 769 2844 legem.
813 2773 965 2843 Quod
1014 2773 1059 2829 si
1112 2764 1403 2845 aliquando
1431 2774 1721 2829 coarcteris
1751 2775 1825 2829 uti
1870 2774 2170 2839 mendacio,

584 2875 737 2921 utere
785 2882 888 2921 non
948 2866 1013 2937 ad
1078 2865 1228 2937 falsi,
1287 2850 1385 2924 sed
1426 2866 1492 2921 ad
1532 2866 1641 2922 veri
1673 2867 1970 2922 custodiam
2018 2865 2079 2934 l’;
2119 2877 2174 2923 et

576 2959 623 3035 si
650 2958 934 3029 contigerit
978 2948 1290 3015 fidelitatem
1321 2957 1602 3015 mendacio
1638 2958 1851 3024 redimi,
1886 2973 1990 3012 non
2024 2975 2173 3015 men-

575 3048 753 3117 tieris,
800 3049 895 3106 sed
953 3052 1128 3119 potius
1176 3048 1569 3107 excusaberis:
1626 3046 1752 3118 quia
1804 3048 1890 3104 ubi
1946 3047 2175 3105 honesta

573 3154 733 3196 causa
765 3149 870 3206 est,
915 3141 1092 3210 justus
1142 3151 1347 3197 secreta
1376 3155 1483 3195 non
1522 3139 1721 3211 prodit,
1775 3141 1996 3197 tacenda
2026 3144 2170 3197 enim

572 3236 731 3319 tacet,
755 3230 1020 3313 loquenda
1051 3222 1323 3300 loquitur:
1355 3241 1516 3302 atque
1521 3231 1854 3319 maperta,
1888 3242 1944 3288 et
1971 3247 2166 3289 secura

572 3236 731 3298 tacet,
755 3233 1020 3313 loquenda
1051 3233 1323 3300 loquitur:
1355 3241 1516 3302 atque
1516 3233 1854 3397 Ἥρθηα,
1888 3242 1944 3288 et
1971 3247 2158 3289 secura

572 3322 943 3395 tranquillitas,
976 3320 1031 3377 ut
1059 3322 1183 3399 dum
1218 3322 1306 3377 alii
1330 3323 1515 3378 vincan
1717 3323 1895 3389 malis,
1929 3324 2158 3381 vincan-

566 3400 660 3470 tur
687 3412 754 3469 ab
778 3415 870 3469 illo
896 3414 1054 3468 mala.
1081 3410 1205 3469 Haec
1230 3429 1359 3484 ergo
1381 3415 1424 3469 si
1447 3417 1662 3471 studere
1684 3417 1979 3484 curaveris,
2014 3416 2171 3474 laetus

570 3518 627 3566 et
651 3492 947 3579 intrepidus
974 3522 1159 3563 cursus
1184 3509 1258 3563 tui
1289 3508 1448 3564 linem
1477 3509 1844 3579 exspectabis,
1875 3511 2173 3581 prospicies

572 3590 693 3660 haec
722 3601 893 3658 tristia
925 3599 1082 3671 hujus
1106 3600 1289 3655 mundi
1327 3598 1534 3670 hilaris,
1579 3600 1904 3658 tumultuosa
1932 3604 2169 3672 quietus,

572 3706 811 3753 extrema
843 3709 1087 3751 securus.
1360 3762 1363 3767 ἡ

1212 3783 1438 3842 CAPUT
1479 3783 1543 3839 V.

785 3896 863 3954 De
901 3914 1145 3953 mensura
1182 3907 1232 3952 et
1268 3898 1620 3953 moderatione
1659 3900 1969 3968 prudentior.

647 4012 747 4070 His
771 4025 904 4086 ergo
944 4010 1368 4067 institutionibus
1395 4010 1718 4079 observatis,
1750 4021 1978 4083 quatuor
2004 4013 2174 4071 virtu-

568 4116 691 4167 tum
720 4107 931 4180 species
952 4103 1254 4177 perfectum
1277 4114 1330 4160 te
1350 4103 1548 4159 facient
1568 4104 1762 4171 virum,
1790 4104 1837 4160 si
1865 4120 2173 4163 mensuram

571 4189 920 4261 rectitudinis
964 4202 1147 4254 earum
1196 4211 1353 4268 aquo
1402 4196 1617 4253 vivendi
1686 4198 1792 4254 fine
1846 4200 2171 4256 servaveris.

575 4295 710 4354 Nam
742 4294 787 4351 si
839 4292 1119 4364 prudentia
1148 4290 1407 4346 terminos
1450 4303 1581 4346 suos
1607 4290 1853 4358 excedat,
1882 4292 2075 4348 callida
2118 4300 2175 4350 et

573 4390 768 4463 pavida
797 4386 1158 4454 commiseris,
1198 4384 1551 4454 investigator
1592 4384 1890 4455 latentium,
1933 4395 1989 4441 et
2016 4401 2173 4442 scru-

573 4489 721 4537 sator
747 4480 1205 4553 qualiumcunque
1235 4489 1494 4533 noxarum
1522 4478 1849 4543 ostenderis,
1898 4478 2175 4536 notaberis

572 4573 814 4641 timidus,
839 4572 1116 4643 speciosus
1143 4570 1315 4643 "orte,
1343 4568 1718 4641 suspiciosus],
1737 4578 1997 4637 attentus,
2029 4585 2175 4627 sem-

2292 544 2502 601 cuuque
2524 532 2574 587 in
2607 534 2694 590 illa
2733 537 2993 594 medioeri
3024 541 3175 598 lance
3215 542 3476 613 persistit,
3506 562 3606 603 nec
3632 549 3875 605 obtusum

2293 623 2345 681 in
2375 626 2652 696 sealiquid
2683 628 2894 699 habeat,
2928 648 3026 689 nec
3056 644 3352 692 versutum.

2902 747 3130 805 CAPUT
3171 750 3260 807 Vl.

2687 846 2766 915 De
2802 860 3119 917 moderanda
3160 858 3483 933 fortitudine.

2362 969 2767 1045 Magnanimitas
2794 984 2970 1030 autem
3012 976 3057 1031 si
3082 991 3141 1056 se
3169 988 3320 1034 extra
3348 964 3565 1059 modum
3597 997 3752 1039 suum
3781 1002 3885 1042 ex-

2293 1060 2467 1133 tollat,
2514 1063 2675 1120 faciet
2702 1065 2872 1147 virum
2929 1068 3215 1135 minacem,
3270 1069 3530 1140 inﬂatum,
3586 1076 3879 1148 turbidum,

2292 1159 2584 1230 inquietum
2619 1176 2633 1239 ;
2666 1172 2721 1217 et
2751 1162 3184 1242 irrquascunque
3222 1150 3563 1224 extollenti‘as
3611 1170 3879 1226 dictorum

2291 1263 2662 1322 actorumque,
2694 1254 2932 1325 neglecta
2974 1255 3279 1325 honestate,
3322 1257 3611 1328 festiuum;
3644 1262 3732 1331 qui
3766 1280 3883 1319 mo-

2290 1344 2488 1399 mentis
2516 1345 2766 1400 omnibus
2813 1348 3097 1417 supercilia
3146 1334 3451 1420 subrigens,
3484 1361 3537 1407 et
3593 1342 3885 1411 bestiarios

2291 1437 2665 1519 etiamquieta
2693 1438 2930 1505 excitat,
2961 1440 3124 1496 alium
3169 1441 3315 1521 ferit,
3360 1443 3521 1499 alium
3554 1446 3718 1515 fugat.
3771 1448 3881 1504 Sed

2291 1531 2538 1599 quamvis
2566 1530 2739 1585 audax
2787 1531 2860 1587 sit
2886 1531 3245 1602 impugnator,
3300 1542 3475 1590 tamen
3522 1538 3685 1592 multa
3728 1520 3882 1596 extra

2289 1640 2351 1701 se
2381 1623 2617 1703 valentia
2644 1623 2785 1680 ferre
2807 1638 2913 1680 non
2939 1627 3155 1697 poterit.
3182 1626 3289 1683 Sed
3319 1638 3409 1682 aut
3437 1630 3689 1685 miserum
3716 1648 3883 1703 appe-

2293 1718 2355 1772 tit
2384 1714 2565 1782 finem,
2592 1725 2685 1771 aut
2713 1732 3071 1774 aerumnosam
3093 1720 3177 1774 sui
3200 1706 3513 1777 memoriam
3535 1706 3879 1796 derelinquit.

1901 1843 1993 1899 sed
2025 1844 2177 1899 absti.

2292 1810 2697 1891 Mensurabergo
2725 1812 3184 1883 magnanimitatis
3210 1823 3314 1881 est,
3358 1829 3458 1872 nec
3486 1815 3730 1873 timidum
3757 1833 3885 1876 esse

2288 1903 2584 1970 hominem,
2618 1919 2719 1960 nec
2753 1905 3032 1961 audacem.

2888 2016 3117 2073 CAPUT
3155 2017 3269 2074 Vll.

2751 2129 2833 2184 De
2868 2132 3021 2186 modo
3062 2134 3427 2202 temper-antire.

2353 2240 2693 2299 Cbntinent‘ia
2735 2241 2930 2299 deinde
2980 2240 3067 2300 his
3106 2246 3350 2300 terminis
3393 2246 3650 2315 astringat
3684 2264 3698 2302 :
3738 2250 3873 2307 eave

2283 2352 2350 2391 ne
2388 2348 2583 2405 parcus
2611 2335 2706 2412 sis,
2734 2350 2801 2390 ne
2829 2336 3073 2406 speciose
3099 2347 3153 2392 et
3193 2336 3379 2394 timide
3409 2354 3623 2396 manum
3653 2330 3876 2398 contra-

2281 2428 2398 2511 has.
2428 2428 2507 2483 Ne
2534 2428 2587 2481 iu
2616 2428 2850 2483 minimis
2873 2424 3084 2500 quoque
3110 2432 3385 2501 speculum
3417 2448 3603 2503 ponas.
3635 2434 3766 2491 Nam
3795 2447 3876 2492 ta-

2280 2524 2347 2578 lis
2376 2535 2429 2578 et
2468 2533 2575 2577 tam
2626 2523 2945 2579 circumcisa
2974 2525 3093 2580 vilis
3122 2525 3396 2595 putabitur
3425 2527 3727 2599 integritas.
3764 2530 3879 2585 Hae

2278 2628 2410 2685 ergo
2441 2616 2829 2671 mediocritatis
2871 2616 3012 2673 linea
3041 2620 3423 2676 continentiam
3451 2622 3785 2687 observabis,
3817 2635 3877 2680 ut

2278 2722 2380 2763 nec
2406 2708 2663 2779 voluptati
2689 2708 2923 2775 deditus,
2975 2711 3229 2783 prodigus
3270 2722 3327 2770 et
3367 2714 3679 2772 luxuriosus
3708 2731 3879 2788 appa-

2278 2815 2403 2856 reas
2431 2815 2530 2856 nec
2556 2815 2718 2856 avara
2744 2804 3035 2859 tenacitate
3078 2803 3329 2860 sordidus
3354 2816 3445 2861 aut
3470 2809 3736 2865 obscurus
3775 2825 3875 2866 ex-

2278 2893 2466 2949 sistas.

2871 2990 3100 3050 CAPUT
3141 2993 3277 3052 VIII.

2592 3104 2830 3170 Qualiter
2865 3107 2932 3159 sit
2970 3109 3294 3162 moderanda
3322 3109 3553 3180 justitia.

2348 3210 2559 3275 Iustitia
2592 3228 2869 3288 postremo
2901 3220 2968 3275 eo
2994 3216 3381 3277 mediocritatis
3408 3222 3502 3279 tibi
3548 3223 3735 3281 itinere
3785 3218 3873 3283 re-

2279 3313 2449 3383 genda
2473 3321 2573 3377 est,
2605 3320 2663 3367 ut
2688 3328 2786 3369 nec
2814 3311 2974 3369 ductu
3001 3312 3197 3383 jngiter
3224 3312 3329 3387 [Αι.
3364 3315 3612 3389 turpiter]
3645 3318 3747 3373 levi
3771 3318 3875 3374 itit-

2280 3414 2477 3461 motam
2508 3412 2722 3475 semper
2771 3404 2935 3462 animi
2994 3408 3257 3464 rationem
3308 3406 3629 3481 negligentia
3682 3408 3873 3469 Subse-

2278 3508 2494 3568 quatur.
2524 3497 2658 3553 Dum
2711 3513 2884 3569 neque
2931 3490 2998 3553 de
3030 3500 3256 3572 magnis,
3304 3514 3477 3571 neque
3522 3501 3590 3557 de
3638 3503 3875 3560 minin‘ris

2278 3592 2575 3647 errantium
2610 3589 2754 3647 vitiis
2799 3592 3105 3662 corrigendi
3148 3607 3332 3649 curam
3362 3594 3525 3664 geris,
3553 3594 3647 3651 sed
3696 3610 3876 3666 neque

2279 3680 2553 3738 licentiam
2583 3681 2859 3750 peécan'di,
2903 3690 2994 3737 aut
3038 3681 3382 3739 illudentibus
3411 3682 3504 3739 tibi
3534 3680 3747 3753 blande,
3780 3690 3877 3743 aut

2280 3774 2635 3832 illudentibus
2667 3783 2915 3845 proterve
2947 3776 3232 3846 permittis,
3265 3790 3437 3847 neque
3486 3793 3670 3834 rursus
3701 3781 3870 3835 nimia

2276 3868 2549 3940 rigiditate
2591 3878 2644 3924 et
2674 3870 2983 3937 aSperitate,
3017 3868 3088 3923 nil
3120 3868 3289 3924 venite
3318 3878 3409 3925 aut
3438 3869 3748 3941 benignitati
3782 3886 3870 3928 re-

2276 3975 2521 4025 servans,
2549 3961 2800 4016 humana:
2829 3959 3071 4016 societati
3100 3959 3264 4015 durus
3300 3968 3579 4030 apparens.
3630 3962 3709 4017 Ita
3739 3977 3873 4034 ergo

2272 4054 2497 4128 justitia:
2528 4054 2709 4126 regula
2738 4054 2968 4111 tenenda
3001 4065 3108 4123 est,
3156 4065 3211 4109 ut
3240 4056 3540 4110 reverentia
3571 4055 3871 4127 disciplina:

2277 4148 2393 4217 ejus
2416 4156 2589 4219 neQue
2619 4147 2783 4201 nimia
2824 4145 3161 4218 negligentiae
3191 4147 3574 4203 communitate
3611 4147 3868 4218 despecta

2277 4239 2523 4309 vilescat,
2554 4254 2730 4311 neque
2752 4238 3008 4295 severiori
3048 4240 3330 4297 atrocitate
3360 4241 3613 4297 diuturna
3637 4245 3870 4314 gratiam

2279 4328 2529 4389 humana’:
2555 4329 2900 4388 amabilitatis‘
2934 4331 3161 4386 amittat.

2730 4444 3007 4501 Conclusio
3029 4443 3424 4516 promissorum.

2347 4564 2405 4623 Si
2434 4567 2553 4633 quis
2580 4579 2707 4634 ergo
2733 4563 2897 4620 vitam
2925 4577 3077 4619 suam
3110 4562 3177 4617 ad
3205 4561 3489 4617 utilitatem
3518 4575 3625 4617 non
3654 4570 3865 4621 tantum

571 4681 672 4739 per
699 4663 900 4736 aliquid
928 4677 1196 4734 quaerens,
1228 4672 1443 4732 semper
1472 4661 1673 4732 aliquid
1709 4662 1927 4729 timens,
1957 4674 2174 4732 semper
2200 4674 2258 4736 D
2280 4667 2476 4728 pariat,
2507 4656 2603 4711 sed
2633 4654 2926 4710 multorum
2956 4651 3355 4722 inculpabiliter
3378 4666 3705 4722 componere
3726 4653 3873 4710 desi-

572 4758 778 4831 aliquid
798 4755 1071 4821 dubitans,
1102 4765 1159 4811 et
1183 4754 1559 4811 subtilissimas
1581 4754 1919 4823 suspiciones
1949 4768 2075 4810 suas
2105 4755 2174 4810 ad

575 4853 743 4910 animi
771 4851 845 4907 tui
863 4848 1347 4922 apprehensionem
1370 4846 1658 4919 impingas.
1686 4847 2070 4903 Monstraberis
2092 4847 2174 4901 di-

575 4944 688 5016 gito
715 4942 911 4998 astutia
941 4941 1152 5011 plenus,
1175 4937 1497 5010 versipellis,
1524 4948 1582 4994 et
1602 4938 1965 5009 simplicitatis
1996 4939 2174 4995 inimi-

574 5047 697 5099 cus,
746 5030 1250 5101 contemplatorqne
1293 5029 1594 5100 culparum,
1652 5039 1710 5084 et
1758 5039 2029 5099 postremo
2066 5046 2174 5087 uno

576 5126 797 5185 nomine
838 5124 1123 5182 vocaberis
1169 5137 1201 5178 ι
1255 5123 1487 5189 cunctis,
1539 5122 1713 5180 malus
1743 5123 1927 5180 homo.
1961 5124 2019 5179 In
2073 5124 2170 5180 has

653 5272 680 5298 ι
718 5260 885 5316 Caute
910 5257 1028 5331 lege
1058 5277 1074 5314 ε
1106 5275 1226 5316 nam
1259 5259 1485 5316 multum
1526 5259 1752 5316 interest
1780 5258 1919 5316 inter
1964 5258 2171 5330 simpli-

579 5346 696 5389 cem
722 5330 1081 5388 assertionem
1112 5332 1167 5387 et
1204 5331 1592 5402 jurameutum.
1626 5331 1692 5385 Et
1721 5331 1822 5386 hoc
1867 5346 2000 5386 sane
2034 5344 2171 5402 opus

577 5412 665 5461 est
694 5403 965 5473 religionis
997 5421 1011 5457 :
1044 5403 1172 5459 illud
1219 5418 1346 5458 non.
1379 5402 1586 5458 Forsan
1614 5402 1964 5473 hyperbolice
1989 5403 2064 5458 ita
2093 5405 2170 5459 lo-

579 5486 735 5547 cutus
760 5482 861 5538 est,
883 5476 1025 5547 quod
1056 5475 1147 5541 vir,
1168 5478 1365 5547 probus
1401 5474 1895 5547 atqueperfectus,
1926 5474 2022 5529 Est
2065 5484 2168 5539 est,

580 5544 696 5602 Non
728 5560 854 5611 non,
886 5542 985 5615 nisi
1013 5542 1193 5615 major,
1211 5545 1353 5601 adsit
1381 5542 2012 5615 necessitas,7conteutus
2050 5559 2170 5601 esse

580 5618 763 5693 debet,
796 5628 851 5672 ut
887 5613 1135 5693 Christus
1168 5618 1351 5673 monet
1378 5615 1437 5672 in
1465 5614 1777 5687 Evangelio.

656 5687 684 5727 δ
719 5691 888 5746 Caute
917 5688 1020 5745 ista
1052 5691 1170 5760 lege
1200 5705 1213 5743 :
1266 5700 1392 5747 nam
1439 5695 1651 5747 eertum
1690 5699 1797 5758 est,
1829 5687 2170 5747 mendacium

2278 4753 2452 4817 derat,
2479 4749 2617 4804 hanc
2638 4748 3009 4817 praedictarum
3033 4746 3290 4801 virtutum
3308 4743 3587 4801 formulam
3609 4761 3709 4817 pro
3735 4764 3872 4818 qua-

2278 4844 2517 4899 litatibus
2539 4851 2865 4910 temporum,
2884 4841 3145 4903 locorum,
3174 4853 3526 4908 personarum
3557 4847 3720 4909 atque
3740 4854 3870 4896 cau-

2276 4949 2457 4990 sarum
2485 4939 2740 5001 sequatur
2765 4946 2781 4984 :
2813 4942 2879 4984 eo
2910 4928 3295 4984 mediocritatis
3321 4927 3600 4996 insistens,
3634 4944 3742 4999 quo
3764 4945 3862 4999 per

2277 5028 2501 5097 abrupta
2529 5023 2846 5079 altrinsecus
2880 5020 3190 5090 praecipitia,
3225 5029 3318 5076 aut
3343 5029 3587 5076 ruentem
3618 5022 3865 5091 corporis

2276 5120 2478 5177 devitet
2508 5117 2795 5181 insaniam,
2826 5119 2921 5168 aut
2944 5112 3269 5187 efﬁcientem
3293 5110 3480 5184 puniat
3522 5114 3787 5185 ignaviain
3820 5125 3867 5169 ε.

2272 5257 2618 5329 quantumvis
2658 5248 2983 5329 officiosum,
3014 5268 3285 5329 nunquam
3318 5268 3438 5329 esse
3468 5252 3694 5329 licitum.
3730 5253 3867 5329 Vide

2274 5325 2333 5389 S.
2364 5330 2625 5387 Thomam
2672 5327 2730 5381 2.
2768 5327 2824 5382 2.
2857 5335 3050 5397 quiest.
3086 5328 3335 5397 ll0.art.
3366 5325 3421 5382 ὅ.
3450 5335 3507 5380 et
3533 5325 3741 5380 Sixtum
3782 5326 3870 5382 Se-

2275 5416 2497 5459 nensem
2530 5403 2622 5455 lib.
2654 5416 2705 5466 v,
2742 5396 2887 5454 Bibl.
2914 5404 3102 5454 aunot.
3138 5396 3260 5450 107.

2348 5484 2370 5512 ο
2416 5474 2469 5528 In
2506 5488 2606 5527 ms.
2631 5473 2822 5527 Cocice
2847 5472 2927 5524 his
2946 5468 3122 5521 verbis
3148 5466 3348 5523 desinit
3373 5467 3472 5523 hoc
3501 5468 3821 5537 Opuscu'um
3846 5483 3861 5520 :

2278 5545 2381 5601 Aut
2410 5546 2726 5615 deﬁcientem
2759 5548 3049 5595 contemnat
3078 5540 3346 5607 invidiam,
3380 5546 3437 5596 ut
3467 5538 3719 5597 obServat
3745 5539 3863 5594 lau-

2277 5620 2435 5675 datus
2467 5618 2645 5673 editor
2673 5615 3057 5671 Bucherlanus.
