4108 6352
570 341 636 407 3|
1847 364 2134 421 MARTINI

2240 366 2541 427 JMIENSIS
3792 398 3866 457 δε

572 460 748 524 Homo
784 481 901 524 sum
938 487 951 524 :
982 473 1252 541 quomodo
1291 474 1542 531 devitabo
1591 478 1945 535 secundarum
1984 497 2162 538 rerum
2191 486 2241 545 Α
2269 483 2412 539 facit.
2443 486 2630 543 Merito
2653 488 2919 559 damnari,
2954 510 3108 565 [)(Blla
3133 507 3245 559 est:
3273 501 3546 564 damnatio
3567 508 3861 589 immerita,

575 559 865 589 ἐ-ι-ιῖιιζιιηιθ
888 562 941 589 οε
968 562 1273 589 l..l:..:a-a--..
1306 566 1585 589 :--.-____!_
1652 586 1755 589 ,μέμ
1798 572 1943 589 ηυγ-,ι
2024 574 2055 589 ιο
2282 577 2295 589 ι
2505 579 2537 589 Δ.
2769 583 2781 589 -
2882 586 2892 589 -

575 559 865 616 invidiam?
888 562 942 618 Si
968 562 1276 621 felicitatem
1300 566 1610 637 jactaveris,
1643 586 1763 624 cum
1794 572 1976 629 multis
2004 574 2157 629 dives

570 653 700 710 eris.
732 654 1010 722 Quomodo
1052 660 1253 727 Optime
1303 663 1593 731 potentiam
1627 666 1853 720 tuebor?
1892 667 2156 738 lmputen-

572 746 650 801 tia
679 748 997 804 occasionis.
1032 750 1230 808 Locum
1287 762 1431 809 tenet
1489 757 1811 812 innocentia:
1860 761 2159 828 proximum

570 837 856 895 confessio.
894 840 990 896 Ubi
1015 843 1301 911 confessio,
1348 847 1418 902 ibi
1454 850 1725 905 remissio.
1759 851 1855 907 Ira:
1900 856 2160 911 severitas

570 931 625 987 in
658 932 788 987 vitio
816 942 924 989 est.
967 934 1096 991 Boni
1125 936 1321 1007 judicis
1342 950 1423 995 est
1450 941 1785 1011 dispensare,
1818 961 1925 1000 non
1953 956 2157 1003 tantum

568 1023 696 1095 quid
721 1024 1080 1082 damnandum
1121 1030 1211 1097 sit,
1243 1032 1338 1086 sed
1369 1044 1651 1103 quatenus.
1686 1036 1965 1093 Proximus
2004 1038 2157 1109 justi-

571 1117 658 1171 tia:
688 1117 900 1185 modus,
935 1119 1220 1176 severitas.

550 1304 553 1309 .
642 1250 704 1305 V.
745 1251 1139 1320 Quietissimam
1180 1258 1341 1319 vitam
1375 1270 1595 1331 agerent
1626 1263 1870 1320 homines
1896 1265 1947 1320 in
1977 1266 2154 1336 terris,

564 1342 612 1398 si
642 1342 757 1399 haec
784 1344 891 1401 duo
920 1348 1080 1403 verba
1111 1364 1141 1403 a
1173 1360 1359 1405 natura
1391 1354 1631 1408 omnium
1664 1370 1843 1411 rerum
1881 1358 2152 1430 tollerent,

566 1452 746 1493 meum
784 1448 838 1494 et
878 1449 1050 1496 tuum.
1096 1440 1197 1510 Qui
1247 1454 1613 1514 paupertatem
1663 1447 1845 1516 timet,
1888 1451 2158 1506 timendus

564 1538 670 1586 est.
704 1530 858 1588 Vires
891 1542 1007 1589 tuas
1037 1535 1195 1590 amici
1230 1539 1401 1606 magis
1432 1540 1668 1595 sentiant
1696 1540 1969 1597 beneficiis
1997 1559 2154 1614 quam

564 1628 807 1701 injuriis.
852 1632 1086 1689 Pecunia
1120 1650 1223 1690 non
1271 1637 1430 1692 satiat
1467 1640 1783 1705 avaritiam,
1819 1640 1912 1696 sed
1960 1641 2152 1696 irritat.

564 1722 739 1780 Homo
765 1740 978 1797 semper
1010 1729 1253 1799 indigens
1285 1732 1507 1801 pecunia
1529 1775 1544 1799 ,
1574 1732 1675 1788 scit
1716 1749 1838 1790 cum
1882 1735 1999 1805 ejus
2042 1750 2155 1790 mo-

562 1814 710 1871 ribus
740 1818 1051 1873 convenire.
1110 1819 1237 1873 Mihi
1276 1820 1474 1887 crede,
1508 1837 1614 1878 non
1664 1832 1814 1893 potes
1850 1824 1997 1880 dives
2036 1842 2155 1884 esse

556 1915 612 1963 et
658 1907 803 1964 felix.
854 1911 1088 1966 Auribus
1140 1913 1477 1984 frequentius
1531 1930 1689 1984 quam
1748 1916 1926 1988 lingua
1978 1929 2151 1977 utere.

554 1996 823 2069 Quidquid
853 2001 1095 2056 dicturus
1125 2017 1213 2073 es,
1244 2012 1369 2058 ante
1407 2020 1569 2075 quam
1613 2006 1733 2061 aliis
1759 2048 1773 2073 ,
1805 2008 2007 2065 dixeris
2040 2012 2152 2067 tibi.

552 2088 695 2145 Nihil
750 2091 975 2149 interest
1023 2094 1163 2150 inter
1209 2096 1411 2151 iratum
1466 2106 1521 2152 et
1569 2097 1852 2168 insanum,
1887 2101 1987 2157 nisi
2018 2117 2157 2158 unus

491 2228 504 2239 .
550 2183 667 2240 dies
697 2200 713 2238 :
744 2186 880 2242 alter
916 2202 1023 2243 non
1068 2203 1286 2259 semper
1329 2190 1613 2258 irascitur,
1648 2193 1787 2249 alter
1816 2208 2035 2264 semper
2075 2196 2157 2251 in-

548 2277 708 2333 sanit.
740 2276 1026 2334 Facillime
1071 2282 1241 2335 bonus
1291 2281 1455 2337 fueris
1482 2323 1496 2346 ,
1541 2284 1587 2337 si
1628 2298 1690 2338 ea
1742 2286 1995 2340 vitaveris
2036 2302 2156 2356 qua

556 2368 972 2439 vituperaveris.
1005 2371 1140 2427 Cum
1192 2374 1401 2431 alienos
1441 2376 1718 2448 timueris,
1752 2388 1804 2435 te
1843 2381 2015 2450 ipsum
2059 2397 2154 2438 ve-

480 2474 483 2477 ‘
547 2476 703 2519 rere:
736 2478 859 2519 nam
912 2480 1060 2533 saepe
1100 2466 1220 2522 sine
1258 2468 1382 2523 aliis
1412 2484 1534 2525 esse
1563 2480 1750 2541 potes,
1799 2472 1914 2528 sine
1946 2482 1995 2527 te
2018 2490 2155 2530 nun-

544 2570 729 2627 quam.
786 2558 845 2615 Si
901 2557 1041 2616 bene
1095 2570 1147 2617 te
1196 2562 1562 2632 instruxeris,
1623 2570 1819 2635 pudeat
1876 2567 2153 2623 deteriora

545 2645 748 2706 facere.
779 2650 932 2720 Quod
966 2657 1298 2722 persuaseris
1337 2658 1443 2712 erit
1470 2658 1816 2728 diuturnum,
1854 2663 1998 2733 quod
2027 2679 2153 2719 coe-

558 2741 708 2811 geris
746 2745 851 2799 erit
901 2745 952 2799 in
1003 2748 1309 2803 occasione.
1367 2750 1539 2806 Alteri
1590 2767 1804 2823 semper
1851 2755 2149 2825 ignoscito,

546 2833 641 2890 tibi
691 2835 794 2905 ipsi
841 2853 1136 2908 nunquam.
1189 2839 1419 2896 Tantum
1471 2843 1537 2898 ad
1588 2844 1836 2901 virtutem
1884 2848 2148 2922 adjicies,

541 2935 799 2998 quantum
822 2944 888 2984 ex
916 2929 1193 3000 voluptate
1215 2932 1563 2990 abstraxeris.
1590 2937 1821 2992 Stultum
1852 2949 1931 2993 est
1957 2953 2148 2996 somno

541 3020 830 3092 dejectari,
860 3031 916 3078 et
955 3026 1109 3093 quasi
1145 3036 1374 3082 mortem
1408 3029 1605 3084 moliri.
1646 3030 1809 3087 Bonis
1841 3044 2024 3099 nocet,
2057 3035 2146 3104 qui

482 3136 487 3139 ι
544 3111 699 3169 malis
723 3115 912 3183 parcit.
946 3115 1091 3171 Multi
1134 3133 1257 3173 cum
1301 3118 1417 3174 aliis
1449 3122 1814 3188 maledicunt,
1861 3126 1963 3180 sibi
2009 3127 2144 3197 ipsis

539 3204 840 3260 convicium
896 3203 1117 3263 faciunt.
1163 3208 1304 3265 Nihil
1351 3214 1559 3283 turpius
1604 3230 1765 3284 quam
1819 3216 1909 3287 qui
1952 3218 2138 3289 objicit

539 3294 741 3363 alteri;
808 3298 911 3360 sibi
966 3301 1349 3372 objiciendum.
1413 3304 1480 3360 Ut
1536 3307 1812 3365 licentiosa
1869 3315 2131 3383 mancipia

539 3387 735 3457 animi,
770 3388 994 3462 imperio
1026 3410 1150 3466 rege
1181 3397 1415 3471 linguam
1436 3442 1453 3467 ,
1498 3401 1811 3474 libidinem,
1845 3418 2126 3478 ventrem;

537 3481 992 3557 cupiditatemque
1018 3493 1314 3561 comprime
1350 3512 1362 3546 :
1397 3496 1440 3550 si
1482 3511 1589 3551 non
1628 3509 1818 3568 potes,
1852 3502 2126 3570 paululum

536 3573 767 3631 remitte.
810 3576 965 3650 Saepe
994 3595 1055 3636 ea
1086 3598 1207 3653 quae
1237 3587 1416 3641 sanari
1448 3589 1660 3645 ratione
1695 3606 1798 3645 non
1844 3602 2121 3661 poterant,

534 3676 721 3725 sanata
751 3677 876 3726 sunt
902 3680 1166 3745 tempore.
1208 3676 1308 3744 Qui
1353 3688 1573 3749 propter
1604 3685 1844 3751 pecuniae
1886 3701 2122 3744 amorem

533 3768 588 3818 et
616 3760 894 3819 libidinum
922 3767 1167 3835 moritur,
1199 3770 1436 3826 ostendit
1464 3786 1523 3828 se
1551 3788 1818 3846 nunquam
1850 3779 1932 3834 sui
1961 3794 2120 3837 causa

533 3853 763 3913 vixisse.
793 3858 990 3929 Turpia
1022 3877 1091 3917 ne
1120 3862 1349 3929 dixeris,
1377 3866 1633 3935 paulatim
1662 3868 1803 3924 enim
1834 3872 2004 3942 pudor
2028 3890 2125 3945 per

534 3946 699 4003 verba
724 3946 1026 4007 discutitur.
1058 3951 1149 4008 Sic
1195 3954 1408 4024 habita,
1434 3967 1495 4012 ut
1533 3960 1706 4027 potius
1750 3961 1995 4021 laudetur
2030 3967 2123 4023 do-

534 4038 711 4095 minus
740 4055 899 4111 quam
946 4043 1176 4100 domus:
1209 4051 1681 4108 consuetudinaria
1728 4070 1814 4112 res
1842 4067 1925 4113 est
1968 4060 2122 4117 inno-

533 4130 728 4188 centia.
773 4132 891 4190 Non
920 4134 1220 4205 damnatio,
1272 4140 1366 4197 sed
1409 4155 1570 4199 causa
1614 4143 1884 4203 hominem
1916 4158 2122 4221 turpem

531 4314 2583 4364 -——————_________________.______

2264 577 2567 635 damnantis
2593 590 2677 636 est
2702 583 3000 641 calamitas.

2336 670 2422 726 Vl.
2466 673 2521 728 Si
2555 673 2754 745 aliquid
2789 680 3109 749 cogitaveris
3132 724 3147 749 ,
3179 684 3287 741 cito
3315 692 3594 760 apparebit
3635 711 3864 759 conver-

2264 763 2528 820 santibus.
2575 765 2751 823 Videri
2802 768 2879 825 vis
2920 771 2988 827 ab
3035 775 3336 831 omnibus?
3384 796 3652 852 nunquam
3700 789 3861 849 bona

2263 854 2561 914 honestatis
2599 861 2870 917 simulatio
2912 864 3063 936 longa
3095 878 3193 923 est.
3227 871 3377 939 Quod
3403 875 3472 931 de
3501 878 3687 935 alienis
3719 893 3864 943 trae-

2263 953 2376 1013 tas,
2425 962 2492 1003 ex
2549 950 2653 1005 tuis
2676 951 2914 1021 ljudices.
2974 955 3120 1013 Multi
3166 971 3290 1017 sunt
3347 965 3645 1039 obligandi,
3699 977 3863 1045 pauci

2260 1037 2596 1106 offendendi;
2628 1057 2749 1097 nam
2802 1048 3062 1103 memoria
3106 1037 3489 1113 beneficiorum
3518 1037 3713 1119 facilis.
3742 1078 3857 1138 est,

2240 1128 2575 1209 ‘injuriarum
2602 1141 2779 1189 tenax.
2809 1136 3178 1209 Objurgationi
3200 1157 3413 1215 semper
3433 1148 3634 1221 aliquid
3660 1128 3861 1215 blande

2260 1223 2534 1291 admisce;
2570 1226 2781 1284 facilius
2824 1232 2966 1287 enim
3013 1245 3297 1303 penetrant
3344 1242 3506 1297 verba
3553 1262 3673 1316 qua:
3704 1252 3859 1309 molli

2262 1317 2466 1374 vadunt
2494 1322 2629 1389 ‘via,
2674 1339 2831 1393 quam
2873 1340 3095 1397 aspera;
3148 1346 3305 1387 nemo
3348 1336 3489 1392 enim
3539 1355 3597 1396 se
3637 1356 3849 1415 mutat,

2259 1412 2384 1483 quia
2433 1416 2624 1470 mutari
2681 1430 2740 1470 se
2784 1417 3057 1489 desperet.
3101 1421 3320 1489 Quoties
3374 1429 3617 1487 scribens
3649 1412 3853 1506 aliquid

2260 1502 2501 1559 dicturus
2526 1520 2614 1572 es,
2648 1508 2783 1563 scito
2814 1525 3023 1566 morum
3055 1522 3266 1571 tuorum
3303 1530 3355 1573 te
3393 1520 3698 1583 hominibus
3723 1502 3857 1586 .chi-

2261 1596 2585 1667 r0graphum
2618 1598 2768 1655 dare.
2814 1601 2914 1670 Qui
2947 1607 3000 1659 in
3042 1620 3226 1664 servos
3255 1608 3502 1668 irascitur
3527 1626 3578 1673 et
3619 1621 3855 1681 crudelis

2260 1696 2343 1744 est
2367 1731 2382 1753 ,
2415 1692 2544 1747 satis
2588 1693 2820 1748 ostendit
2860 1704 3178 1764 potestatem
3223 1701 3484 1760 adversus
3515 1708 3721 1767 alienos
3748 1714 3855 1773 sibi

2260 1779 2515 1838 defuisse.
2541 1784 2641 1850 Qui
2671 1786 2844 1841 nescit
2872 1796 3077 1855 tacere,
3110 1794 3281 1849 nescit
3310 1796 3472 1866 loqui.
3509 1799 3740 1859 Facilius
3768 1814 3854 1864 est
3886 1830 3893 1837 τ

2184 1883 2233 1943 Β
2262 1874 2479 1942 pauperi
2525 1884 2890 1946 contemptum
2932 1878 3166 1952 effugere
3192 1901 3351 1955 quam
3388 1886 3538 1945 diviti
3571 1892 3849 1953 invidiam.

2200 2002 2211 2017 .
2262 1960 2440 2019 Bonus
2468 1965 2659 2021 fruitur
2688 1967 2829 2024 bona
2863 1972 3209 2029 conscientia.
3242 1975 3393 2033 Malis
3431 1979 3736 2041 hominibus
3770 1997 3852 2044 tu-

2265 2058 2527 2115 tissimum
2568 2073 2651 2117 est
2679 2063 2788 2119 cito
2824 2065 3027 2136 fugere.
3071 2068 3224 2125 Nulla
3257 2074 3447 2142 pusilla
3478 2078 3700 2147 domus,
3728 2099 3850 2155 qua:

2268 2152 2466 2207 multos
2495 2154 2697 2211 amicos
2736 2157 2897 2225 capit.
2941 2159 3089 2215 Scire
3131 2165 3203 2217 uti
3249 2175 3578 2239 paupertate,
3616 2152 3848 2234 maxima

2257 2239 2504 2299 felicitas.
2546 2246 2701 2301 Acuit
2753 2249 3018 2319 intentio,
3062 2252 3253 2325 frangit
3293 2259 3528 2316 animum
3574 2267 3844 2327 remissio.

2260 2336 2541 2407 Nunquam
2573 2342 2986 2419 scelusscelere
3032 2351 3348 2409 vincendum
3394 2367 3495 2413 est.
3547 2360 3723 2418 Bonus
3762 2366 3846 2421 vir

2257 2439 2341 2484 est
2370 2432 2456 2498 qui
2486 2446 2552 2487 eo
2583 2434 2838 2502 perduxit
2876 2438 3071 2496 affectu
3111 2445 3345 2500 animum
3367 2488 3382 2513 ,
3414 2458 3469 2503 ut
3500 2466 3606 2508 non
3640 2463 3844 2515 tantum
3872 2462 3873 2467 ‘

2258 2536 2479 2591 peccare
2509 2540 2614 2581 non
2637 2526 2793 2599 velit,
2821 2531 2915 2586 sed
2942 2532 3102 2589 etiam
3126 2550 3231 2591 non
3261 2542 3448 2608 possit.
3480 2544 3843 2617 Regnantibns

2255 2616 2408 2687 pejus
2439 2619 2603 2675 multo
2635 2622 2927 2691 periculum
2968 2643 3128 2697 quam
3172 2629 3254 2686 his
3283 2635 3371 2703 qui
3407 2616 3749 2711 judicantur;
3784 2644 3843 2703 hi

2253 2707 2395 2762 enim
2426 2709 2665 2779 singulos
2704 2715 2921 2783 timent,
2964 2718 3041 2773 illi
3073 2722 3370 2779 universos.
3413 2730 3658 2802 Nunquid
3686 2707 3841 2795 fortis

2254 2796 2444 2855 fortem
2477 2817 2537 2858 se
2562 2804 2900 2879 gloriabitur,
2932 2825 3090 2880 quem
3116 2818 3359 2885 corporis
3385 2796 3649 2889 aegritudo
3677 2825 3843 2886 efficit

2251 2895 2563 2952 infirmum?
2594 2899 2845 2973 Nunquid
2876 2905 3027 2962 dives
3058 2909 3110 2963 in
3136 2912 3327 2979 opibus
3358 2917 3471 2971 suis
3498 2920 3839 2991 gloriabitur,

2250 2989 2401 3057 cujus
2429 3004 2579 3059 spem
2608 2991 2694 3047 fur
2724 2996 2807 3051 vel
2839 3006 3094 3067 tyrannus
3123 3003 3367 3074 abrupit?
3394 3008 3641 3082 Nunquid
3674 2989 3836 3072 nobis

2250 3078 2368 3135 litas
2414 3081 2727 3152 gloriabitur
2775 3087 3003 3157 affecta,
3065 3108 3444 3168 nonnunquam
3495 3078 3728 3175 indignis
3781 3119 3839 3167 et

2249 3171 2643 3231 miserabilibus
2690 3180 2964 3236 serviens?
2998 3182 3249 3242 Diabolus
3293 3191 3582 3261 aliquando
3612 3171 3685 3253 'se
3721 3198 3844 3270 glo-

2166 3265 2211 3328 C
2241 3265 2477 3321 riabatur
2521 3268 2919 3328 interfectorem
2970 3285 3072 3329 tua:
3112 3279 3528 3354 misericordiae,
3575 3265 3839 3347 nunc—in-

2238 3358 2565 3425 tergemiscit
2609 3361 2788 3419 socios
2828 3373 2934 3419 tute
2976 3366 3341 3427 beatitudinis.
3398 3374 3672 3447 Fugienda
3709 3392 3837 3442 sunt

2235 3452 2484 3507 omnibus
2513 3453 2686 3510 modis
2716 3465 2772 3511 et
2801 3458 3159 3517 abscindenda
3194 3465 3300 3535 igni
3331 3482 3395 3523 ac
3425 3467 3595 3539 ferro,
3616 3483 3838 3545 totoque

2232 3547 2457 3603 artificio
2496 3551 2792 3620 separanda
2814 3594 2829 3619 ,
2863 3553 3088 3625 languor
3118 3573 3148 3612 a
3178 3574 3436 3632 corpore,
3466 3566 3733 3636 imperitia
3760 3569 3837 3626 ab

2232 3640 2443 3708 animo,
2478 3642 2683 3698 luxuria
2716 3659 2745 3699 a
2778 3656 2987 3715 mente,
3018 3664 3049 3703 a
3094 3652 3311 3709 civitate
3352 3656 3575 3725 seditio,
3607 3675 3638 3716 a
3667 3662 3836 3721 domo

2230 3732 2497 3789 discordia
2524 3778 2539 3803 ,
2567 3752 2598 3792 a
2627 3740 2836 3796 cunctis
2866 3742 3027 3797 rebus
3061 3744 3494 3815 intemperantia.
3529 3753 3676 3809 Dixit
3707 3758 3833 3825 qui-

2227 3824 2350 3881 dam
2378 3869 2392 3894 ,
2427 3831 2719 3887 amicorum
2752 3837 2931 3891 omnia
2970 3852 3092 3893 esse
3129 3844 3466 3909 communia,
3501 3857 3555 3901 et
3593 3848 3832 3908 amicum

2225 3933 2284 3973 se
2306 3918 2479 3987 ipsum
2511 3937 2631 3979 esse
2673 3919 2921 3983 alterum.
2959 3929 3197 3986 Duorum
3248 3942 3547 4004 temporum
3593 3943 3833 4001 maxime

2225 4011 2524 4070 habendam
2567 4033 2782 4084 curam,
2812 4033 2866 4076 et
2915 4037 3101 4077 eorum
3145 4040 3264 4093 quae
3306 4031 3478 4083 acturi
3507 4044 3693 4087 sumus
3721 4074 3737 4099 ,
3764 4041 3823 4091 et

2226 4118 2414 4161 eorum
2457 4123 2576 4178 quae
2616 4111 2900 4181 gessimus.
2954 4115 3083 4171 Post
3115 4116 3284 4174 Deum
3329 4122 3610 4179 veritatem
3640 4125 3828 4183 colen-

2225 4196 2380 4267 dam,
2411 4215 2530 4269 quae
2561 4202 2673 4257 sola
2702 4202 2950 4261 homines
2976 4207 3082 4263 diis
3110 4210 3383 4279 proximos
3412 4213 3556 4271 facit.

2582 4353 3816 4389 -——__._____._______

1575 4448 1779 4554 ΟΡ
1803 4450 2289 4566 USCUL
2315 4459 2537 4572 UM
2574 4463 2803 4575 ΙΙΙ.

672 4657 1051 4773 PRO
1127 4660 2378 4793 BEPELLENDA
2457 4683 3557 4822 JAGTANTIA
3591 4710 3677 4819 ³.

599 4844 639 4900 Ῑ·
680 4844 843 4902 “ulla
879 4858 1010 4977 funt
1056 4851 1308 4908 Vitiorum
1362 4869 1555 4925 genera
1582 4899 1597 4925 ,
1644 4862 1836 4930 quibus
1881 4865 2117 4928 humana
2146 4878 2199 4937 ι)
2224 4875 2559 4944 sordidatur,
2614 4882 2990 4955 turpiloquiis,
3026 4889 3271 4950 ludibriis
3296 4935 3312 4960 ,
3359 4902 3781 4962 scurrilitatihus
3806 4951 3821 4977 ,

599 4939 787 4977 ιαίιίιαα
820 4941 871 4977 in
899 4950 1103 4977 ρειαί-ι..
1157 4956 1206 4977 Δ.
1236 4963 1462 4977 ...ηε-...η
1497 4951 1807 4977 ....1..-..ξι.---
1842 4975 1862 4977 _
1886 4975 1897 4977 _
1957 4976 1965 4977 ,
2276 4967 2287 4977 .
2332 4967 2346 4977 .
2664 4972 2683 4977 _
2784 4975 2793 4977 -

527 4939 788 5012 fragilitas
819 4940 1125 5013 infestatur,
1157 4956 1209 5003 et
1234 4963 1463 5019 quorum
1497 4951 1811 5012 vulneribus
1840 4975 1976 5027 pene
2002 4977 2119 5018 om-

526 5047 622 5089 nes
667 5034 912 5091 homines
957 5038 1283 5096 sanciantur.
1332 5044 1499 5116 Nam,
1542 5055 1600 5101 ut
1635 5047 1808 5104 dicam
1852 5065 2020 5121 pauca
2050 5054 2119 5111 de

527 5125 707 5181 multis
746 5127 867 5183 aliis
911 5132 1041 5199 :qui
1085 5134 1153 5188 ab
1198 5134 1474 5193 iracundia
1525 5140 1794 5211 vincitur,
1841 5144 2117 5215 caedibus,

527 5218 860 5291 homicidiis,
891 5225 1114 5283 clamori
1158 5244 1219 5282 ac
1260 5230 1507 5289 seditioni
1539 5237 1794 5295 deservit.
1841 5242 1989 5297 Alius
2028 5245 2121 5314 qui

525 5312 755 5369 avaritia
802 5314 1125 5388 impellitur,
1180 5322 1665 5395 inhumanitatem,
1722 5312 2115 5406 rapacitatem,

522 5401 657 5461 falsa
688 5408 1023 5479 testimonia,
1051 5413 1338 5473 violentias
1358 5460 1371 5483 ,
1408 5420 1664 5491 perjuria,
1691 5401 1829 5479 furta
1850 5401 2118 5496 ,menda;

525 5495 668 5553 cium
714 5508 770 5555 et
809 5500 1172 5564 fraudationes
1225 5521 1463 5565 exercet.
1499 5513 1649 5568 Alius
1689 5516 1778 5586 qui
1818 5495 1856 5571 a7
1893 5518 2113 5577 libidine

597 5628 791 5717 ξυξῐαξο
818 5641 873 5689 et
896 5648 1342 5717 quaegequuntur
1356 5644 1626 5717 ppuscula
1649 5645 1882 5716 quinque
1912 5649 2113 5717 primus

524 5699 691 5778 gidit
739 5699 975 5778 Joannes
1024 5699 1294 5778 Tamayus
1351 5699 1568 5767 Sa'lazar
1612 5699 1681 5768 in.
1711 5699 2112 5778 suoﬂlllartirc—l'.

524 5726 691 5757 eumn
739 5726 975 5761 Joannes
1038 5726 1190 5763 Iama
1231 5727 1294 5766 us
1351 5726 1568 5767 barazar
1612 5730 1664 5768 ιιι
1711 5730 1811 5771 suo
1852 5726 2112 5778 Martirol.

524 5769 839 5859 ρξερηιοῳ.
896 5774 938 5830 ll
963 5821 978 5845 ,
1012 5792 1131 5859 pag.
1171 5726 1463 5859 3yt715f2_8.
1514 5782 1747 5859 Quorum
1794 5791 1893 5843 tria
1942 5793 2118 5859 priora

529 5842 811 5915 descripsit
852 5861 886 5903 e
925 5842 1238 5917 pervetusto
1282 5851 1483 5911 Codice
1512 5842 1619 5912 ms.
1666 5842 2117 5925 bibliothecas-vl):

2222 4967 2505 5026 adulteriis
2561 4972 3096 5043 et,fornicationibus
3145 4990 3467 5046 succumbit.
3522 4993 3674 5051 Alius
3728 4967 3822 5070 qui

2221 5061 2360 5132 gulae
2386 5063 2622 5133 ingluvie
2649 5078 2948 5139 superatur,
2980 5079 3467 5139 comessationibus
3500 5130 3516 5155 ,
3555 5061 3822 5161 crapulae,

2222 5154 2469 5211 ebrietati
2499 5157 2754 5214 deservit.
2783 5160 2852 5217 Et
2896 5172 2953 5218 ut
2984 5181 3090 5225 non
3122 5172 3287 5227 multa
3313 5154 3628 5247 prosequar,
3651 5154 3817 5253 quae;

2224 5261 2433 5319 cunque
2465 5264 2768 5310 memorare
2795 5257 3109 5333 perlongum
3143 5276 3256 5333 est,
3287 5283 3407 5325 cum
3436 5272 3676 5344 singulos
3720 5280 3823 5335 ho-

2231 5341 2401 5395 mines
2430 5352 2642 5401 constet
2681 5364 2693 5400 :
2728 5363 2865 5406 unus
2896 5352 3037 5410 inter
3066 5357 3181 5413 haec
3208 5361 3390 5416 omnia
3433 5341 3654 5423 morbus
3698 5386 3781 5426 est
3802 5414 3821 5441 ,

2224 5432 2315 5501 qui
2356 5434 2681 5496 conditionis
2715 5456 2829 5499 suae
2860 5459 2965 5502 non
3018 5450 3324 5522 singillatim
3375 5457 3670 5527 quosdam,
3722 5432 3820 5520 sed

2223 5530 2584 5598 congregatim
2628 5544 2853 5594 cunctos
2894 5539 3133 5609 addicit;
3180 5553 3234 5599 et
3272 5560 3391 5601 cum
3442 5559 3636 5605 caetera
3686 5554 3818 5612 vitia

2224 5657 3014 5760 Ξξτεξὲξέιὲἕοεγεετῐιςιξᾳιιε
3040 5691 3171 5734 vero
3201 5679 3309 5736 duo
3342 5683 3481 5740 unde
3506 5685 3821 5760 desumpse-
3845 5687 3851 5693 ’

2226 5729 2296 5828 Si}
2311 5748 2608 5828 ,Aex'presse
2625 5729 2737 5820 ⁸ηἱιη
2770 5729 2971 5828 indicat
2994 5788 3011 5814 ,
3039 5729 3165 5818 quae
3190 5729 3821 5828 dmeH'éYeBIieTif'EK-j

2226 5800 2345 5860 dice
2370 5800 2461 5863 ille
2484 5807 2730 5869 hausisse
2755 5812 2989 5871 videtur.
