4108 6352
330 326 401 385 33
1150 327 1565 387 OPUSCULUM
1604 325 1692 383 lll.
1731 321 1866 381 PRO
1909 319 2361 388 REPELLENDA
2398 332 2802 398 JACTANTIA.
3523 353 3595 413 δι

330 444 690 517 particulatim
716 445 817 501 sibi
844 445 1117 503 vindicent
1145 463 1280 519 quos
1311 448 1571 517 vicerint,
1596 448 1703 503 hoc
1743 458 1907 501 unum
1933 438 1989 499 Δ
2011 444 2079 502 de
2116 462 2176 504 se
2213 450 2312 507 sibi
2349 452 2451 510 hoc
2478 458 2619 528 quod
2664 476 2845 519 verum
2893 472 2975 520 est
3003 466 3320 536 conﬁtetur,
3361 471 3588 543 gloriam

328 555 435 595 non
466 539 568 594 nisi
600 539 847 595 omnibus
885 539 1147 597 dominari
1177 551 1483 598 contentum
1511 550 1614 598 est.
1646 540 1700 595 Id
1732 550 1909 597 autem

327 642 412 688 est
440 630 601 708 iuang
626 631 798 687 laudis
824 633 1080 700 studium,
1104 635 1244 706 quod
1266 635 1420 692 Greci
1463 636 1747 703 κενοδοξία,
1770 636 1911 691 Lati-

328 724 382 780 ni
412 741 594 779 vanam
620 726 837 796 gloriam
886 741 978 784 seu
1001 730 1312 799 jactantiam
1337 738 1550 785 vocant.
1573 729 1724 796 Quod
1755 731 1910 799 quale

326 818 393 872 sit
421 816 640 883 malum,
663 827 717 873 et
741 820 1008 889 quomodo
1029 823 1306 877 universos
1331 822 1801 887 vulneret,dicam.

400 908 463 964 ll.
516 908 648 963 Cum
700 910 753 965 in
805 912 1052 967 omnibus
1100 913 1254 984 hujus
1298 916 1421 969 vita:
1469 914 1684 983 studiis,
1734 916 1912 986 aliqua

327 1001 473 1071 plus,
522 1003 701 1072 aliqua
745 1004 927 1059 minus
974 1004 1205 1062 humano
1244 1009 1433 1078 generi
1460 1008 1730 1078 placeant,
1776 1009 1909 1065 nihil

322 1094 495 1164 magis
516 1095 884 1152 delectabiiius
922 1098 988 1153 ab
1036 1101 1184 1154 omni
1219 1101 1435 1157 homine
1476 1117 1632 1171 quam
1676 1101 1907 1157 studium

322 1185 571 1242 humana:
601 1188 776 1245 laudis
822 1191 1107 1261 appetitur.
1151 1192 1219 1247 Et
1262 1192 1380 1248 alia
1407 1192 1619 1264 quidem
1666 1195 1909 1263 quamvis

320 1277 695 1334 ardentissima
747 1282 1394 1361 cupiditatisambitione
1443 1295 1566 1341 sunt
1613 1287 1904 1356 acquisita;

321 1378 499 1426 tamen
542 1380 821 1441 postquam
864 1372 1045 1430 haberi
1096 1379 1389 1446 cmperint,
1442 1378 1559 1445 ipso
1600 1381 1908 1447 quotidiana

318 1462 400 1517 sui
431 1478 560 1532 usu,
588 1475 833 1531 quamvis
855 1482 1046 1538 magna
1071 1472 1178 1523 sint
1208 1513 1222 1536 ,
1254 1475 1510 1527 conlinuo
1539 1472 1903 1531 fastidiuntur.

318 1564 389 1612 At
417 1572 544 1613 vero
572 1558 731 1615 inane
755 1559 857 1615 hoc
882 1577 1026 1616 vane
1047 1562 1226 1632 gloria:
1254 1563 1581 1621 desiderium
1614 1576 1763 1624 tanto
1791 1584 1908 1625 am-

319 1649 460 1716 plius
490 1649 769 1718 quasritur,
798 1661 997 1719 quanto
1024 1654 1255 1721 amplius
1284 1655 1555 1712 inventum
1585 1668 1670 1714 est
1702 1678 1714 1712 :
1752 1662 1821 1715 ita
1849 1671 1906 1716 ut

315 1739 448 1796 nihil
474 1756 537 1795 ex
564 1741 709 1795 omni
739 1756 899 1811 opere
930 1744 1049 1812 plus
1081 1744 1241 1801 homo
1268 1749 1446 1818 cupiat
1474 1765 1631 1819 quam
1663 1750 1899 1817 laudari;

2013 553 2161 597 suam
2191 559 2259 600 ex
2291 545 2466 606 aliena
2494 554 2748 624 opinione
2772 560 3090 631 suspendit;
3134 573 3189 621 et
3222 580 3345 622 cum
3388 566 3588 627 dicitur

2012 632 2228 735 beatus,
2266 643 2606 716 magnilicus,
2636 644 2851 720 'potens,
2874 669 2979 710 non
3026 672 3146 724 quia
3179 659 3250 714 ita
3293 669 3377 717 est
3403 661 3473 719 de
3498 677 3592 735 se,

2012 726 2104 781 sed
2134 730 2255 797 quia
2288 734 2357 788 ita
2377 736 2588 805 dicitur,
2612 744 2799 799 credit.
2833 745 2946 803 Hoc
2974 749 3115 803 enim
3146 758 3228 807 est
3253 726 3589 813 mortiferum

2011 818 2141 875 illud
2165 824 2351 922 vitium
2382 829 2450 886 de
2476 847 2581 902 quo
2609 833 2860 894 Dominus
2896 839 2950 895 in
2982 840 3273 915 Evangelia
3304 847 3375 903 ita
3409 848 3588 922 loqui-

2012 920 2099 968 tur
2125 914 2189 969 ad
2219 917 2434 974 Iudaeos
2467 939 2480 976 :
2517 925 2822 995 Quomodo,
2854 931 3056 1001 inquit,
3098 914 3184 991 vos
3222 941 3431 1009 potestis
3472 914 3588 999 cre-

2011 1005 2157 1074 dere,
2186 1012 2274 1074 qui
2301 1013 2518 1082 gloriam
2542 1018 2604 1071 ab
2629 1020 2838 1076 invicem
2869 1026 3129 1097 accipitis,
3167 1005 3459 1102 et'gloriam
3477 1048 3591 1105 qua!

2011 1112 2042 1150 α
2079 1102 2187 1155 solo
2219 1102 2325 1157 Deo
2355 1115 2428 1159 est
2456 1125 2560 1163 non
2602 1114 2833 1182 quwritis
2864 1116 3041 1188 (Joan.
3072 1136 3123 1185 ν,
3155 1121 3309 1193 ΗΠ
3344 1102 3591 1186 Ostendit

2011 1193 2173 1290 enim
2194 1193 2482 1290 Dominus,
2514 1203 2638 1270 quia
2666 1208 2907 1279 quisquis
2935 1212 3002 1268 ab
3034 1213 3338 1273 hominibus
3367 1218 3589 1290 gloriam

2010 1285 2222 1374 quaerit,
2254 1301 2283 1342 a
2305 1288 2416 1344 Deo
2442 1307 2548 1347 non
2578 1294 2737 1352 habet
2762 1301 2900 1370 quod
2925 1312 3216 1374 exspectet.
3242 1285 3393 1365 Unde
3421 1311 3586 1369 etiam

2008 1371 2139 1429 illud
2176 1376 2242 1432 de
2282 1378 2572 1451 hypocritis
2610 1371 3368 1463 eleemosynam—facientibus
3406 1402 3587 1460 dicit:

2014 1468 2140 1523 Ideo
2166 1471 2261 1526 hoc
2282 1476 2479 1544 faciunt
2498 1520 2512 1545 ,
2543 1490 2598 1533 ut
2621 1485 2975 1554 gloriﬁcentur
2994 1489 3056 1544 ab
3088 1490 3590 1554 hominibus.'Ameu

2009 1563 2125 1618 dico
2151 1567 2319 1633 vobis,
2343 1572 2463 1637 quia
2490 1586 2782 1643 receperunt
2824 1583 3102 1638 mercedem
3141 1600 3289 1640 suam
3320 1588 3339 1659 (
3365 1587 3588 1660 Matth.,

2008 1670 2096 1724 vi,
2128 1656 2236 1727 2);
2290 1659 2340 1714 id
2386 1671 2498 1730 est,
2548 1663 2760 1722 laudem
2823 1669 3108 1729 humanam
3157 1656 3495 1737 solummodo
3529 1656 3588 1739 in

2012 1751 2286 1815 praesenti.
2310 1750 2505 1808 Paulus
2524 1771 2738 1828 quoque
2778 1761 3069 1832 Apostolus
3089 1782 3188 1823 nos
3209 1780 3391 1828 monet
3415 1789 3429 1827 :
3472 1773 3588 1829 No-

313 1844 413 1887 nec
437 1822 578 1885 aliud
606 1831 803 1903 aliquid
827 1834 1028 1903 gratius
1060 1836 1157 1892 sibi
1190 1838 1465 1895 existimet
1510 1842 1658 1897 reddi
1686 1888 1701 1912 ,
1734 1859 1890 1914 quam
1930 1827 1977 1887 Β
2002 1838 2116 1938 (ηε,
2168 1840 2514 1938 inquiuﬁeri
2542 1822 2724 1903 inullis
2759 1822 2939 1924 θιδνὶω
2978 1822 3431 1931 συρίάὶ(

311 1923 357 1978 si
384 1924 506 1994 quis
537 1924 684 1979 illum
715 1928 865 1994 quasi
911 1928 1197 1997 gloriosum
1238 1932 1396 1988 fuerit
1433 1934 1743 1991 admiratus.
1789 1938 1899 1996 Hoc

310 2032 440 2089 ergo
469 2034 655 2090 reges,
681 2020 781 2076 hoc
801 2021 1043 2091 judices,
1074 2024 1175 2081 hoc
1198 2028 1418 2093 urbani,
1444 2029 1545 2083 hoc
1568 2033 1772 2099 rustici,
1798 2033 1899 2090 hoc

310 2113 448 2181 viri,
484 2115 583 2170 hoc
635 2116 879 2185 feminae,
928 2122 1113 2189 pueri,
1161 2122 1558 2191 adolescentes,
1586 2127 1811 2196 juvenes
1841 2144 1898 2195 ei

309 2220 471 2262 senes
501 2207 601 2263 hoc
645 2210 905 2267 ambiunt.
937 2214 1140 2269 Omnes
1171 2216 1371 2272 laudari
1402 2218 1621 2284 volunt,
1653 2221 1897 2290 quamvis

310 2297 447 2354 false
493 2299 795 2357 laudentur.
828 2303 960 2360 Nam
990 2306 1138 2375 pueri
1170 2309 1566 2373 adulescentum
1605 2313 1703 2367 sibi
1750 2314 1896 2384 iuge-

307 2390 457 2447 nium
487 2392 791 2459 vindicant,
825 2398 1191 2457 adolescentes
1231 2402 1483 2471 jnvenum
1518 2406 1568 2459 in
1598 2421 1657 2461 se
1689 2405 1901 2463 fortitu-

305 2482 483 2538 dinem
515 2497 875 2558 menttuntur,
898 2490 1121 2557 juvenes
1178 2508 1364 2549 sonum
1409 2497 1510 2552 sibi
1556 2498 1894 2565 prudentiam

304 2577 576 2632 ascribunt
617 2597 629 2632 :
674 2595 868 2648 senes,
914 2586 1035 2651 quia
1088 2586 1308 2641 ulterius
1353 2588 1430 2642 ire
1479 2604 1584 2644 non
1634 2602 1893 2661 possunt,

304 2668 591 2725 redeuntes
629 2680 777 2727 retro
797 2714 812 2737 ,
844 2675 1066 2743 gloriam
1094 2676 1197 2732 sibi
1227 2679 1444 2750 exigunt
1471 2680 1539 2736 de
1570 2686 1852 2741 transactis
1878 2703 1892 2753 ;

302 2760 531 2829 feminae,
562 2766 809 2835 quamvis
838 2782 967 2822 sexu
996 2785 1099 2824 non
1133 2784 1354 2840 possunt
1375 2815 1390 2839 ,
1417 2775 1596 2829 animo
1624 2791 1683 2833 se
1714 2788 1891 2834 tamen

303 2854 570 2910 virilitatis
610 2858 910 2926 extollunt;
963 2862 1148 2917 rustici
1183 2863 1414 2919 urbanos
1459 2867 1628 2924 videri
1670 2885 1726 2925 se
1771 2887 1893 2941 ges-

304 2949 476 3016 tiunt;
511 2950 718 3020 judices
765 2954 866 3007 hoc
905 2954 1003 3008 sibi
1034 2966 1277 3025 quaerunt
1307 2957 1540 3028 deferri,
1568 2964 1708 3031 quod
1747 2965 1894 3036 regi-

298 3044 396 3099 bus
422 3061 437 3111 ;
469 3060 621 3114 reges
643 3045 743 3101 hoc
769 3060 827 3102 se
853 3057 1121 3104 somniant
1144 3065 1317 3118 posse,
1348 3053 1487 3122 quod
1518 3054 1684 3113 Deus.
1716 3058 1892 3129 Atque

300 3135 371 3190 ita
416 3137 540 3192 dum
590 3136 781 3208 singuli
812 3155 871 3195 se
915 3142 1032 3210 plus
1080 3143 1266 3198 volunt
1308 3145 1476 3202 videri
1524 3163 1680 3219 quam
1726 3160 1889 3223 sunt,

2004 1928 2219 1986 lnanem
2242 1934 2519 2003 appellans
2539 1940 2759 2009 gloriam
2776 1958 2934 2013 quam
2958 1945 3163 2003 fenerat
3182 1928 3425 2011 mendice
3440 1928 3587 2015 men-

1952 2058 1959 2062 η
2003 2020 2177 2077 dicus.
2210 2024 2427 2082 inanem
2458 2027 2644 2085 dicens
2687 2041 2741 2088 et
2788 2048 3009 2092 vacuam
3035 2052 3139 2108 qua
3189 2041 3235 2097 si
3290 2043 3416 2114 quid
3457 2043 3586 2105 boni

2003 2114 2200 2184 agitur,
2244 2116 2370 2172 dum
2414 2120 2515 2175 sibi
2565 2120 2726 2178 homo
2780 2126 2998 2198 tribuit,
3055 2132 3292 2188 omnium
3341 2133 3584 2193 laborum

2002 2205 2206 2263 fructus
2234 2220 2474 2267 evacuat.

2074 2298 2162 2353 Iv.
2204 2300 2315 2357 Nec
2363 2304 2535 2359 solum
2594 2308 2785 2364 merita
2843 2311 3098 2369 virtutum
3155 2300 3432 2387 excludit,
3486 2320 3583 2380 sed

2000 2393 2161 2449 etiam
2191 2411 2315 2451 reus
2345 2397 2572 2455 efficitur
2598 2404 2786 2460 :eterui
2825 2407 3073 2476 supplicii
3102 2425 3117 2462 :
3149 2412 3271 2481 quia
3311 2414 3582 2485 opus_bo-

2001 2501 2127 2540 num
2158 2488 2297 2556 quod
2328 2489 2551 2546 obtentu
2576 2493 2815 2561 jubentis
2842 2496 2935 2554 Dei
2964 2497 3147 2557 debuit
3186 2505 3455 2573 exerceri,
3486 2520 3582 2563 ac-

1998 2578 2271 2647 quirendae
2298 2582 2468 2640 laudis
2492 2587 2660 2657 gratia
2684 2599 3016 2647 exerceatur.
3031 2592 3183 2649 Tolle
3204 2594 3431 2665 favores,
3458 2597 3583 2660 tollc

1964 2671 2376 2732 admirationes
2417 2678 2696 2749 humanas,
2722 2697 2915 2752 paucos
2966 2686 3204 2743 invenies
3246 2689 3338 2759 qui
3381 2690 3581 2762 aliquid

1998 2766 2123 2821 boni
2174 2778 2265 2823 aut
2304 2784 2489 2827 amore
2517 2772 2642 2839 Dei,
2666 2783 2757 2830 aut
2785 2776 2861 2849 (si
2888 2776 2975 2834 hie
3012 2793 3119 2835 non
3160 2780 3355 2850 fuerit)
3384 2782 3580 2841 timore

1998 2858 2293 2926 perﬁciant.
2330 2861 2485 2920 Unde
2517 2879 2622 2920 non
2655 2866 2822 2923 levior
2850 2883 2950 2925 nos
2994 2871 3151 2941 culpa
3188 2874 3579 2943 commaculet.

1996 2955 2119 3023 quia
2151 2956 2393 3014 homines
2419 2958 2562 3025 Deo,
2594 2969 2650 3017 et
2675 2962 2897 3032 gloriam
2933 2964 3217 3020 humanam
3246 2967 3434 3037 gloriae
3461 2982 3577 3026 cut-

1995 3043 2117 3100 lesti
2168 3050 2546 3118 pratponimus.
2592 3054 2795 3109 Acutus
2848 3055 3008 3112 nimis
3060 3057 3146 3112 hic
3192 3058 3441 3115 elationis
3493 3068 3577 3123 est

1995 3139 2257 3196 morbus:
2307 3159 2374 3199 ex
2426 3152 2653 3216 utraque
2701 3156 2853 3217 parte
2893 3149 3196 3220 pestiferat,
3230 3166 3292 3207 ac
3328 3151 3575 3211 incautos

298 3229 522 3301 gloriam
556 3230 725 3285 laudis
754 3248 875 3302 qum
903 3234 1003 3289 soli
1041 3233 1154 3289 Deo
1184 3237 1445 3293 veraciter
1466 3239 1691 3296 debetur
1720 3243 1887 3301 hosti-

1994 3233 2287 3288 exulcerat.
2320 3234 2449 3290 Nam
2478 3237 2569 3292 alii
2598 3237 2735 3306 sibi,
2768 3240 2891 3311 quia
2937 3240 3062 3297 boni
3089 3252 3257 3310 sunt;
3299 3244 3421 3313 alii,
3450 3245 3575 3317 quia

298 3321 420 3393 [iter
445 3322 737 3391 deprtedati
769 3333 912 3379 sunt.
944 3325 1006 3380 Et
1036 3327 1175 3396 quod
1204 3327 1270 3382 ad
1293 3343 1562 3385 summum
1593 3333 1747 3389 nefas
1772 3350 1892 3405 per-

296 3414 467 3478 tinet,
502 3415 625 3469 hinc
657 3415 785 3470 illud
827 3417 1163 3485 sacrilegium
1207 3419 1450 3476 exoritur
1476 3422 1848 3492 blasphemum
1872 3470 1890 3496 ,

295 3513 358 3560 ut
378 3507 501 3577 quia
544 3515 715 3562 totum
752 3507 897 3578 quod
949 3508 1120 3564 laudis
1165 3519 1246 3566 est
1288 3511 1449 3567 homo
1479 3513 1702 3585 diripit,
1756 3516 1889 3575 nihil

299 3598 441 3653 aliud
472 3599 583 3655 Deo
612 3600 717 3656 nisi
748 3600 858 3654 sola
894 3600 1209 3670 vituperatio
1255 3605 1596 3674 relinquitur.
1646 3609 1889 3667 Excessit

299 3707 579 3748 mensuras
605 3708 730 3749 suas
759 3710 926 3765 genus
960 3695 1247 3751 humanum
1274 3738 1289 3762 ,
1343 3698 1467 3753 dum
1502 3703 1769 3758 neminem
1802 3707 1885 3760 in-

298 3791 484 3845 venias
508 3792 597 3863 qui
630 3806 735 3847 non
766 3794 839 3847 ita
870 3791 1056 3847 mirari
1084 3808 1144 3847 se
1172 3793 1300 3847 velit
1329 3803 1384 3847 ut
1410 3795 1570 3852 Deus.
1602 3799 1728 3864 Quis
1759 3816 1887 3874 ergo

298 3882 488 3937 modus
535 3892 711 3953 potest
754 3899 875 3942 esse
920 3885 1112 3940 talibus
1144 3928 1157 3951 ,
1202 3902 1229 3941 τι
1274 3890 1467 3956 quibus
1496 3903 1548 3948 et
1579 3893 1771 3949 C(Blllm
1801 3904 1888 3951 est

296 3973 668 4043 pignoratum,
717 3978 781 4032 ad
827 3979 980 4047 cujus
1025 3982 1357 4041 altitudinem
1409 3986 1509 4041 nisi
1557 3986 1676 4057 quis
1727 3986 1887 4043 fuerit

296 4061 543 4130 humilis,
576 4081 682 4122 non
709 4070 960 4141 attingit?

367 4156 454 4211 Ill.
499 4158 591 4215 His
613 4170 790 4217 autem
816 4165 1053 4233 aquibus
1076 4168 1125 4222 id
1151 4170 1288 4239 quod
1312 4187 1598 4242 supernum
1630 4182 1710 4228 est
1732 4188 1885 4229 usur-

294 4258 474 4319 patur,
507 4261 565 4307 ut
596 4253 724 4308 mihi
756 4255 984 4323 videtur,
1018 4260 1150 4314 nihil
1180 4262 1320 4317 aliud
1353 4276 1589 4321 remanet
1618 4280 1776 4335 quam
1801 4266 1886 4320 in-

295 4339 529 4397 fernum.
588 4343 701 4399 Non
762 4347 905 4402 enim
962 4349 1162 4407 habent
1208 4369 1315 4423 quo
1373 4358 1707 4424 ascendant;
1760 4358 1882 4429 quia

291 4448 508 4506 semper
546 4439 913 4509 ascendendo,
950 4444 1049 4499 hoc
1078 4446 1180 4501 illis
1211 4456 1411 4504 tantum
1441 4463 1712 4520 superest,
1740 4455 1880 4523 quod

291 4526 643 4586 descendant.
674 4532 875 4589 Omnes
901 4534 1041 4589 enim
1064 4538 1128 4592 ad
1158 4540 1381 4608 gloriam
1409 4583 1423 4605 ,
1455 4558 1551 4599 nec
1580 4554 1753 4601 tamen
1775 4562 1878 4601 una

1995 3323 2119 3377 mali
2144 3335 2301 3390 sunt,
2332 3326 2651 3394 gloriantur.
2682 3330 2784 3386 Sed
2833 3333 2901 3390 de
2946 3334 3102 3391 bonis
3136 3337 3291 3393 elatis
3329 3336 3573 3397 dicitur:

2000 3413 2256 3481 Quoniam
2293 3415 2432 3471 Deus
2465 3418 2729 3489 dissipavit
2757 3439 2873 3478 ossa
2919 3424 3184 3482 hominum
3218 3429 3316 3485 sibi
3361 3430 3573 3501 placen-

1992 3506 2118 3560 tium
2148 3505 2269 3575 (Ps.
2310 3523 2411 3575 LII,
2464 3509 2551 3581 6).
2604 3510 2679 3568 De
2728 3513 2882 3570 malis
2915 3531 3045 3572 vero
3094 3517 3291 3576 inﬂatis
3332 3514 3571 3579 dicitur:

1996 3601 2250 3668 Quoniam
2270 3602 2516 3658 laudatur
2539 3616 2772 3675 peccator
2792 3611 2845 3664 in
2867 3610 3133 3668 desideriis
3152 3613 3342 3668 anima:
3366 3630 3494 3684 sua,
3521 3622 3572 3672 et

1990 3699 2078 3765 qui
2108 3698 2284 3769 iniqua
2309 3706 2438 3774 gerit
2455 3706 2779 3763 .benedicitur
2804 3705 2924 3779 (Ps.
2953 3721 2986 3761 κ
3008 3723 3022 3773 ;
3048 3721 3149 3761 sec.
3178 3704 3314 3763 Heb.
3346 3706 3463 3779 tu).
3504 3697 3570 3767 Ει

1990 3797 2117 3852 illud
2147 3800 2497 3869 apostolicum
2531 3818 2544 3856 :
2575 3801 2805 3869 Quorum
2840 3804 2967 3858 deus
3006 3810 3201 3872 venter,
3232 3812 3279 3860 et
3306 3804 3473 3877 gloria
3511 3805 3569 3861 its

1987 3891 2331 3958 confusionem
2382 3889 2646 3963 (Philipp.
2677 3908 2769 3963 ιιι,
2803 3894 2871 3950 19
2893 3895 2933 3964 ).

2060 3980 2122 4035 V.
2167 3980 2371 4050 Ubique
2416 3983 2559 4038 enim
2611 3984 2713 4040 hoc
2752 3987 3012 4052 iactantiae
3053 3986 3236 4043 vitium
3276 3990 3479 4060 serpit,
3510 3996 3567 4048 et

1988 4091 2111 4132 suas
2166 4076 2447 4147 utrobique
2495 4085 2676 4149 partes
2719 4088 2952 4135 exercet.
3004 4080 3108 4136 Sed
3149 4082 3194 4135 si
3236 4082 3356 4137 illos
3376 4082 3469 4154 qui
3509 4082 3567 4141 iu

1986 4170 2140 4225 bonis
2170 4171 2421 4239 operibus
2448 4172 2690 4228 viventes
2718 4172 3001 4228 humanam
3030 4175 3254 4243 gloriam
3294 4190 3565 4245 aucupan-

1956 4270 1959 4275 ‘
1988 4271 2091 4331 tur,
2126 4264 2418 4318 auctoritas
2447 4264 2624 4319 divina
2654 4266 3006 4345 condempat,
3036 4282 3101 4321 eo
3123 4268 3265 4337 quod
3291 4283 3350 4324 se
3377 4269 3429 4324 in
3459 4268 3567 4327 illis

1984 4354 2153 4425 magis
2188 4356 2474 4412 voluerunt
2520 4356 2722 4411 laudari
2754 4373 2912 4428 quam
2946 4359 3143 4425 Deum;
3184 4360 3310 4431 quid
3358 4361 3425 4416 de
3463 4361 3567 4420 illis

1986 4449 2078 4503 lict
2106 4448 2194 4517 qui
2216 4456 2271 4502 et
2300 4449 2436 4503 male
2464 4449 2651 4504 vivunt
2682 4458 2738 4504 et
2761 4458 2939 4506 tamen
2973 4450 3173 4506 laudari
3200 4452 3429 4508 volunt?
3456 4452 3567 4539 Ipsi

1983 4539 2341 4594 considerent.
2374 4540 2562 4595 Nullus
2591 4541 2750 4611 igitur
2776 4557 2924 4596 vanre
2950 4542 3136 4612 gloria:
3162 4542 3284 4599 ﬁnis
3312 4552 3395 4599 est
3428 4562 3442 4599 :
3468 4558 3565 4601 nec

291 4620 379 4675 via
408 4633 769 4691 concurrunt;
801 4626 890 4680 alii
919 4628 1062 4683 enim
1090 4631 1156 4685 de
1184 4634 1418 4702 acceptis
1451 4633 1742 4693 honoribus
1765 4638 1876 4693 lau-
1907 4616 1961 4677 D
1985 4632 2159 4687 80mm
2186 4646 2246 4688 ea
2279 4648 2396 4703 quae
2424 4642 2570 4704 865m
2597 4642 2722 4689 ευηῐ
2751 4634 3007 4704 τεςυίτίι-
3037 4635 3132 4692 sed
3160 4637 3321 4692 eum"
3352 4653 3415 4692 ea
3443 4652 3565 4709 qua

288 4709 412 4767 dem
463 4717 715 4784 cupiunt,
761 4717 849 4772 alii
892 4720 960 4775 de
1004 4722 1240 4791 relictis;
1287 4726 1500 4796 quidam
1551 4744 1682 4784 auro
1723 4731 1877 4799 elati,

287 4805 505 4874 quidam
547 4822 722 4876 panno
760 4811 1017 4867 vilissimo
1055 4814 1386 4893 gloriantur;
1426 4820 1561 4876 alius
1590 4823 1712 4893 quia
1742 4824 1878 4880 deli-

285 4897 434 4953 ciose
462 4899 595 4954 vivit
624 4900 833 4970 placere
870 4903 978 4958 vult
1000 4944 1015 4970 ,
1048 4887 1185 4962 alius
1217 4910 1335 4978 quia
1370 4926 1562 4978 parce;
1606 4887 1878 4982 postremo

283 4991 425 5045 alter
465 4992 640 5061 vitiis,
675 4994 810 5050 alter
846 4996 1147 5054 virtutibus.
1191 5002 1392 5058 Omnes
1440 5005 1639 5076 ubique
1682 5008 1875 5065 famam

284 5096 437 5138 suam
485 5100 779 5157 prorogare
819 5092 1187 5149 contendunt:
1218 5106 1272 5152 et
1300 5096 1421 5151 ideo
1446 5098 1759 5156 difficillima
1789 5112 1875 5158 est

285 5179 445 5249 hujus
473 5180 741 5250 jactantiie
764 5176 969 5242 curatio
990 5229 1003 5251 ,
1036 5191 1156 5258 quia
1201 5207 1306 5246 non
1343 5193 1485 5248 vitiis
1508 5202 1708 5250 tantum
1731 5237 1745 5261 ,
1779 5198 1870 5253 sed

282 5260 445 5324 etiam
496 5273 781 5331 virtutibus
824 5293 884 5333 se
923 5279 1212 5336 immiscet.
1264 5284 1372 5341 Nec
1416 5289 1557 5342 enim
1616 5290 1872 5362 permittit

285 5362 559 5419 hominem
589 5368 759 5436 qualis
811 5372 878 5425 sit
907 5378 945 5426 a’
976 5374 1263 5444 semetipso
1289 5377 1558 5449 dignosci;
1592 5384 1710 5452 quia
1739 5383 1869 5439 dum

284 5453 534 5513 laudibus
579 5457 766 5516 alienis
809 5462 1114 5533 adgaudet,
1167 5466 1283 5535 ejus
1330 5472 1580 5528 exaltatio
1628 5476 1868 5545 sequitur

281 5547 534 5615 gaudium
563 5591 579 5617 ,
610 5554 986 5610 exaltationem
1016 5572 1144 5613 vero
1190 5568 1364 5615 tumor
1407 5571 1463 5617 et
1502 5566 1662 5622 nimia
1714 5570 1869 5624 uasti-

284 5641 448 5695 matio
479 5643 599 5709 sui,
628 5645 746 5714 plus
785 5648 1047 5725 siquidem
1090 5651 1144 5707 in
1187 5667 1247 5708 se
1284 5657 1509 5711 aestimat
1540 5673 1697 5729 quam
1725 5662 1866 5731 quod

280 5730 449 5787 videt.
494 5735 665 5804 Atque
696 5737 767 5792 ita
794 5739 854 5793 ιιι
882 5751 938 5795 ιιι
982 5758 1086 5798 non
1120 5754 1321 5801 tantum
1353 5748 1527 5804 aliena
1562 5752 1868 5810 adulatione

281 5824 450 5880 simus
481 5826 699 5897 miseri,
738 5832 832 5887 sed
878 5833 1043 5890 etiam
1086 5848 1263 5893 nostra
1306 5855 1320 5894 :
1358 5856 1480 5897 nam
1522 5843 1646 5899 dum
1692 5845 1866 5902 nullus

1985 4724 2219 4793 gerenda
2246 4737 2369 4781 sunt
2396 4726 2683 4781 antecedit.
2727 4726 2858 4781 Nam
2901 4727 2947 4783 si
2975 4727 3099 4797 quid
3132 4727 3259 4784 boni
3291 4731 3466 4799 operis
3492 4727 3564 4787 ab

1984 4820 2162 4889 aliquo
2183 4820 2501 4875 destinatum
2525 4828 2640 4884 est,
2663 4820 2916 4876 continuo
2939 4820 3053 4877 haec
3077 4821 3294 4887 alludit;
3320 4831 3372 4876 et
3391 4814 3562 4891 quan-

1985 4921 2094 4965 tum
2126 4927 2193 4968 ex
2223 4927 2287 4967 eo
2325 4912 2658 4967 admirabilis
2688 4912 2779 4966 ﬁat
2803 4914 3046 4980 caeteris,
3085 4912 3197 4985 jam
3219 4914 3477 4985 depingit.
3499 4914 3561 4999 Si

1978 5003 2177 5073 aliquid
2217 5012 2359 5059 recte
2403 5004 2659 5073 quosdam
2688 5005 2882 5061 docere
2920 5006 3173 5075 voluerit,
3207 5008 3355 5078 prius
3398 5022 3559 5077 quam

1980 5094 2049 5149 ab
2072 5094 2191 5149 aliis
2216 5096 2458 5151 eruditus
2488 5105 2580 5151 aut
2602 5096 3072 5168 eloquentissimus
3096 5100 3411 5171 appelletur,
3442 5099 3555 5189 jam

1978 5187 2079 5243 hoc
2106 5190 2394 5259 praemissas
2428 5192 2743 5261 suspicionis
2771 5191 3127 5249 delectatione
3155 5208 3313 5249 anres
3352 5193 3554 5264 depru-

1976 5285 2120 5339 riunt
2157 5284 2360 5340 audire.
2406 5284 2461 5340 Si
2493 5287 2702 5356 quoties
2728 5286 3011 5357 aliquando
3040 5285 3334 5356 dirigantur
3360 5285 3554 5344 littera:

1973 5376 2039 5432 ad
2071 5377 2332 5443 amicum,
2366 5377 2510 5447 prius
2540 5393 2698 5449 quam
2731 5380 3176 5443 transmittantur,
3212 5388 3304 5432 aut
3344 5376 3396 5433 in
3438 5393 3555 5434 ma-

1973 5486 2074 5526 nus
2097 5470 2216 5542 ejus
2238 5471 2321 5526 cui
2348 5481 2473 5526 sunt
2498 5474 2711 5540 scriptae
2736 5470 3076 5552 perveniant,
3106 5479 3360 5540 quantum
3390 5470 3443 5525 in
3473 5470 3555 5526 eis

1969 5564 2107 5635 apud
2153 5564 2300 5619 illum
2347 5563 2686 5619 doetissimus
2742 5564 3008 5630 videatur,
3064 5572 3426 5634 quantumque
3473 5562 3553 5655 illi

1970 5656 2337 5725 admirationis
2367 5671 2464 5726 per
2492 5655 2733 5725 quaedam
2762 5656 2993 5711 dictatus
3016 5658 3096 5713 sui
3130 5660 3243 5716 loca
3272 5667 3544 5729 nascatur,

1967 5752 2142 5821 sagaci
2171 5750 2400 5821 quodam
2429 5748 2906 5806 commendationis
2927 5765 3039 5807 sum
3062 5753 3383 5824 cogitamine
3407 5767 3549 5823 prte~

1969 5845 2189 5901 divinat.
2231 5843 2290 5901 Si
2342 5843 2503 5900 alicui
2557 5844 2613 5901 in
2656 5843 2775 5900 loco
2828 5847 3166 5904 necessitatis
3221 5848 3545 5911 beneﬁcium
