4108 6352
530 441 3390 491 _______________________.________.__..__..__.

1601 571 2305 689 OPUSCUL
2333 570 2566 679 UM
2643 569 2776 691 ν,

870 803 2091 935 ΠΗΟΒΤΔΤΗ)
2201 794 3468 932 ΕΠΜῙῙιῙΤΔΤῙΒ.

616 1021 653 1075 l.
696 1017 945 1086 Quisquis
990 1024 1118 1069 nutu
1178 1012 1270 1067 Dei
1325 1008 1612 1079 cujuslibet
1658 1002 1822 1059 ofticii
1866 1000 2120 1070 dignitate
2147 991 2416 1054 AOIeum
2475 1001 2653 1047 autem
2717 991 3010 1062 peccaturis
3064 990 3296 1044 adulatio
3342 999 3467 1055 est,

544 1111 824 1181 praeluces,
857 1109 941 1163 hic
970 1105 1206 1176 provida:
1236 1100 1638 1172 gubernationis
1661 1096 1889 1150 utilitate
1915 1089 2125 1147 caeteris

545 1203 805 1273 prrecedis
833 1209 858 1236 ⁸
883 1197 1208 1258 hominibus,
1243 1194 1378 1247 hanc
1410 1186 1927 1246 exbortatiunculam
1952 1195 2122 1237 meam

542 1295 853 1364 diligenter,
875 1305 1078 1360 quaeso,
1108 1285 1356 1356 recipias,
1390 1299 1486 1339 nec
1517 1294 1802 1352 pomposas
1830 1278 1882 1330 in
1906 1291 1967 1330 ea
2003 1289 2125 1342 spu-

543 1400 658 1440 mas
688 1385 955 1440 rhetorum
1001 1394 1251 1452 quaras;
1302 1379 1426 1448 quia
1476 1374 1789 1430 humilitatis
1818 1372 1987 1424 virtus
2021 1381 2125 1422 non

542 1475 826 1531 verborum
848 1475 1100 1540 elatione,
1132 1471 1227 1526 sed
1251 1468 1442 1524 mentis
1474 1469 1700 1536 puritate
1733 1461 2038 1532 requiritur.
2064 1458 2130 1511 Et

545 1567 591 1622 si
623 1567 759 1621 forte
787 1565 974 1620 durius
1027 1561 1226 1632 aliquid
1275 1560 1459 1614 videor
1513 1559 1675 1628 loqui,
1725 1554 1964 1609 veritatis
2016 1550 2128 1604 haec

540 1658 718 1725 culpa,
751 1673 853 1712 non
885 1672 1003 1711 mea
1035 1663 1139 1711 est.
1172 1653 1301 1709 Nam
1350 1651 1471 1707 ideo
1517 1649 1759 1719 quaadam
1812 1646 1942 1699 dura
1979 1649 2126 1708 sunt,

539 1751 785 1820 quedam
819 1749 999 1804 mollia
1024 1766 1038 1813 ;
1063 1748 1156 1803 sed
1183 1756 1237 1801 et
1267 1745 1508 1814 quamvis
1537 1744 1852 1796 alterutrum
1892 1736 1990 1791 sibi
2017 1750 2131 1789 om-

545 1857 640 1896 nes
666 1841 912 1896 homines
940 1840 1171 1894 debeant
1191 1838 1497 1900 veritatem,
1519 1835 1684 1889 libere
1711 1843 1885 1886 tamen
1916 1830 2129 1898 loquar:

542 1935 742 1991 nemini
768 1935 949 1990 verius
980 1933 1178 1988 debere
1217 1929 1416 2000 aliquid
1448 1929 1572 1989 dici,
1600 1941 1754 1996 quam
1789 1924 1838 1977 ei
1868 1921 1957 1992 qui
2000 1933 2134 1988 prat-

541 2027 684 2082 sidet
737 2025 938 2080 multis.
987 2023 1086 2078 Cui
1117 2023 1219 2078 etsi
1249 2036 1495 2090 asperum
1541 2016 1740 2086 aliquid
1790 2030 1853 2070 ex
1905 2013 2134 2068 veritate

545 2117 870 2187 aliquando,
926 2126 981 2170 ut
1033 2115 1266 2176 assolet,
1319 2111 1594 2174 offeratur,
1645 2108 1790 2163 velut
1838 2105 2131 2159 antidotum

545 2209 840 2279 quoddam,
869 2210 1111 2279 quamvis
1141 2206 1282 2260 forte
1314 2205 1401 2272 sit,
1431 2212 1608 2257 tamen
1641 2201 1764 2271 quia
1805 2199 2132 2253 salutiferum

543 2313 646 2366 est,
669 2302 879 2358 etiamsi
908 2300 1180 2363 amaricet,
1208 2297 1492 2353 bibendum
1527 2304 1630 2350 est.

3525 1004 3641 1058 qua:
3701 989 3805 1044 levi

2232 1086 2459 1155 quadam
2488 1095 2542 1140 et
2569 1085 2720 1140 suavi
2748 1084 3001 1140 unctione
3031 1091 3188 1150 caput
3230 1081 3501 1135 interioris
3544 1078 3806 1144 hominis,
3866 1084 3895 1123 ς

2231 1177 2374 1248 quod
2404 1187 2488 1232 est
2516 1193 2630 1244 cor,
2659 1179 2809 1247 quasi
2841 1177 3088 1245 ungendo
3133 1174 3400 1228 dinitidat.
3448 1173 3637 1227 Melius
3680 1187 3811 1241 ergo

2227 1271 2326 1324 sibi
2359 1270 2457 1338 ipsi
2488 1284 2607 1324 esse
2636 1269 2772 1323 dixit
2803 1269 3060 1337 propheta
3095 1264 3262 1320 David
3294 1265 3360 1319 ab
3401 1263 3618 1319 homine
3657 1261 3812 1332 justo

2230 1364 2380 1432 argui
2415 1360 2498 1414 vel
2533 1360 2774 1429 moneri,
2808 1374 2966 1428 quam
2995 1374 3021 1410 a
3055 1358 3243 1426 quovis
3273 1357 3549 1410 adulatore
3581 1354 3812 1409 laudari.

2231 1448 2393 1505 Recte
2423 1461 2600 1506 autem
2632 1449 2960 1504 adulatorem
3004 1448 3299 1519 peccatoris
3345 1447 3560 1502 nomine
3589 1445 3816 1500 deuota-

2231 1542 2343 1606 vit,
2377 1541 2527 1611 cujus
2558 1541 2608 1595 id
2645 1544 2938 1595 niaximum
2971 1549 3096 1595 ante
3126 1540 3308 1594 oculos
3349 1536 3445 1593 Dei
3491 1547 3545 1592 et
3583 1536 3819 1592 detesta-

2231 1633 2336 1688 bile
2379 1643 2461 1687 est
2507 1641 2785 1702 peccatum
2813 1673 2828 1697 ,
2876 1631 3015 1686 aliud
3061 1633 3226 1685 corde
3269 1640 3487 1692 tenere,
3533 1627 3674 1682 aliud
3723 1643 3824 1684 oro

2233 1727 2500 1794 proferre.
2538 1725 2614 1780 De
2658 1725 2851 1779 talibus
2892 1724 3032 1778 enim
3076 1723 3211 1777 etin
3253 1722 3359 1776 alio
3400 1719 3612 1775 Psalmo
3649 1718 3818 1774 dicit:

2235 1820 2427 1874 Molliti
2461 1829 2581 1872 sunt
2617 1836 2880 1873 sermones
2923 1821 3034 1889 ejus
3077 1833 3230 1887 super
3257 1817 3426 1870 oleum
3450 1858 3466 1883 ,
3499 1826 3544 1867 et
3576 1814 3677 1882 ipsi
3703 1825 3824 1867 sunt

2225 1911 2414 1981 jacula
2446 1910 2564 1982 (Ps.
2595 1926 2701 1974 uv,
2729 1911 2844 1979 9.2).
2883 1910 2960 1964 De
2985 1910 3131 1979 justo
3157 1918 3334 1964 autem
3367 1907 3495 1962 dicit
3522 1925 3534 1958 :
3567 1905 3826 1974 Loquitur

2235 2006 2497 2058 veritatem
2526 2005 2577 2058 in
2621 2004 2773 2057 corde
2816 2019 2942 2071 suo,
2986 2013 3032 2056 et
3070 2018 3171 2056 non
3205 2003 3303 2072 egit
3343 2000 3518 2054 dolum
3551 2001 3603 2052 in
3646 1999 3826 2068 lingua

2233 2113 2326 2150 sua
2355 2095 2475 2163 (Ps.
2507 2111 2622 2161 xiv,
2647 2095 2722 2164 ὅ).
2759 2093 2826 2150 Ut
2856 2105 3032 2150 autem
3063 2094 3117 2148 in
3159 2094 3242 2149 his
3283 2093 3440 2148 rebus
3481 2093 3681 2163 quaevis
3721 2090 3824 2146 ho-

2235 2193 2436 2244 minum
2486 2189 2756 2243 subtilitas
2803 2189 2953 2243 nullo
2995 2201 3228 2256 unquam
3275 2185 3593 2241 laudationis
3636 2183 3819 2239 titilla-

2238 2291 2421 2337 mento
2449 2293 2471 2320 ε
2504 2282 2873 2336 credulitatem
2907 2281 3102 2334 mentis
3129 2289 3232 2334 tua:
3261 2279 3492 2333 attrahat
3518 2277 3572 2332 in
3599 2291 3824 2332 consen-

617 2393 678 2446 ll.
722 2393 833 2448 Hoc
857 2407 986 2462 ergo
1019 2391 1207 2444 hortor
1233 2391 1283 2443 in
1310 2388 1517 2456 primis,
1561 2396 1615 2439 ut
1655 2399 1868 2451 semper
1895 2381 2129 2435 delecta-
2163 2388 2209 2448 Β
2237 2389 2331 2438 su,
2364 2374 2429 2427 ad
2464 2373 2632 2443 ipsius
2660 2373 2871 2426 Domini
2910 2373 3078 2427 nostri
3121 2370 3245 2428 Jesu
3275 2370 3472 2427 Christi
3513 2370 3824 2440 evangelica

546 2484 673 2540 bilia
705 2484 794 2538 illa
818 2484 974 2538 nimis
1005 2482 1278 2535 hominum
1306 2479 1666 2533 blandimenta
1689 2475 1993 2544 pertimeas.
2017 2471 2132 2526 Non

547 2575 689 2630 enim
721 2574 772 2629 in
806 2573 904 2628 hac
933 2587 992 2628 re
1024 2582 1169 2626 tanta
1198 2570 1485 2640 vigilantiae
1531 2565 1793 2620 industria
1834 2560 2132 2617 adhibenda

549 2675 652 2730 cst,
685 2676 943 2735 quantum
974 2665 1025 2717 in
1060 2662 1166 2717 illis
1189 2659 1526 2716 sermonibus
1559 2653 2004 2727 repellendis,qui
2034 2652 2077 2706 si
2107 2650 2133 2688 ιι

548 2757 872 2828 rigiditatem
913 2753 1074 2809 animi
1097 2753 1325 2822 quadam
1347 2749 1746 2804 simulationum
1783 2744 2136 2801 delectatione

548 2849 901 2912 subnervant,
925 2847 1016 2917 qui
1051 2843 1418 2916 promerendae
1446 2843 1626 2911 gratiae
1672 2838 1868 2904 aditus,
1921 2852 2024 2890 non
2057 2837 2134 2890 la-

551 2946 741 2999 borum
770 2940 988 3006 merito,
1029 2940 1123 2995 sed
1153 2937 1580 2993 adsentationum
1614 2935 1835 2988 rimatur
1872 2931 2133 2985 acumine.

555 3034 712 3091 Utilia
741 3048 876 3103 ergo
905 3033 1080 3103 potius
1111 3045 1272 3102 quam
1303 3027 1650 3098 obsequentia
1683 3025 1842 3080 verba
1888 3023 2136 3093 recipies,

551 3137 698 3184 recta
727 3141 900 3196 magis
925 3141 1084 3196 quam
1114 3122 1345 3178 aﬂabilia
1369 3130 1425 3178 et
1452 3119 1682 3191 jucunda
1711 3117 1975 3187 captabis.
2004 3115 2139 3170 Adu-

551 3220 684 3275 lanti
713 3219 980 3288 siquidem
1031 3215 1356 3286 adgaudere,
1397 3214 1604 3283 regium
1637 3211 1820 3265 vitium
1861 3218 1976 3273 est;
2005 3206 2135 3262 adu-

551 3309 650 3367 lari
677 3325 824 3376 vero,
857 3308 1050 3363 servile
1103 3316 1208 3362 est.
1254 3305 1362 3362 Sed
1392 3305 1634 3374 quamvis
1663 3301 1899 3356 adulanti
1943 3300 2140 3371 adgau-

554 3400 686 3456 dere
713 3401 916 3469 regium
947 3401 1036 3464 sit,
1065 3409 1236 3454 tamen
1271 3399 1454 3453 vitium
1505 3412 1602 3451 usu
1644 3393 1982 3451 vernaculum
2015 3391 2138 3459 hoc,

553 3501 609 3548 et
636 3493 788 3561 quasi
836 3494 1108 3562 proprium
1141 3505 1334 3546 munus
1363 3501 1474 3555 est,
1509 3490 1720 3560 egregie
1765 3487 1923 3543 verba
1955 3495 2142 3555 poten-

558 3593 668 3638 tum
723 3584 1000 3654 subsequi,
1050 3593 1106 3640 et
1133 3597 1202 3637 ex
1239 3582 1450 3637 illorum
1501 3579 1864 3635 voluntatibus
1911 3577 2141 3634 formare

555 3689 878 3731 sermonem.
912 3674 1041 3729 Nam
1087 3675 1130 3728 si
1161 3674 1285 3744 quid
1323 3673 1459 3730 forte
1487 3671 1834 3736 laudaverint,
1873 3681 1925 3725 et
1953 3669 2005 3724 id
2034 3684 2138 3724 non

2235 2466 2322 2521 illa
2356 2479 2503 2536 gesta
2534 2477 2882 2531 convertere;
2907 2475 2962 2520 et
2990 2465 3233 2520 invenies
3263 2465 3414 2519 illum
3445 2464 3823 2518 dominantium

2235 2557 2512 2612 Dominum
2559 2558 2769 2627 (Apoc.
2804 2558 3066 2625 xxx,16)
3111 2572 3360 2627 magnum
3411 2556 3565 2611 nobis
3613 2555 3827 2610 dedisse

2245 2652 2385 2706 inter
2432 2651 2691 2705 humanas
2734 2651 2915 2706 laudes
2959 2649 3274 2704 humilitatis
3317 2650 3644 2720 exemplum.
3677 2647 3825 2702 Hanc

2237 2761 2367 2814 ergo
2395 2745 2615 2812 excole,
2646 2744 2888 2814 hancque
2930 2745 3235 2813 magistram
3281 2743 3506 2808 habeto,
3551 2742 3686 2796 hanc
3727 2739 3822 2794 tibi

2239 2837 2382 2893 inter
2408 2837 2776 2892 laudationum
2806 2835 3089 2890 illecebras
3117 2836 3372 2890 arbitram
3418 2849 3576 2904 pone.
3619 2833 3824 2900 Quanta

2241 2931 2418 3000 portio
2448 2946 2511 2985 ex
2543 2930 2625 2984 his
2649 2944 2768 2999 qua:
2793 2929 3039 2984 homines
3071 2929 3407 2984 adlaudando
3437 2928 3711 2994 tribuunt,
3743 2927 3823 2980 vel

2239 3033 2443 3095 quanto
2475 3035 2717 3094 tempore
2747 3033 2830 3078 tua
2862 3023 2964 3088 sit,
3000 3024 3113 3079 haec
3142 3039 3247 3080 non
3289 3024 3571 3093 permittas
3605 3019 3826 3092 placidis

2242 3117 2465 3172 auribus
2496 3117 2682 3171 audire
2708 3157 2721 3180 ,
2755 3117 2878 3186 quia
2911 3118 3052 3172 ficta.

2315 3208 2400 3262 ιν.
2447 3208 2726 3263 Postremo
2773 3209 2886 3263 hac
2913 3219 3101 3265 sancta
3141 3209 3450 3273 humilitas,
3493 3208 3769 3263 subductis
3797 3223 3826 3262 a

2243 3312 2293 3357 te
2323 3303 2561 3357 omnium
2595 3301 2992 3356 simulationum
3025 3301 3323 3366 illecebris,
3357 3311 3484 3356 tunc
3515 3300 3605 3355 tibi
3633 3300 3827 3358 celum

2242 3394 2454 3463 aperiet
2473 3435 2487 3459 ,
2514 3409 2634 3449 cum
2664 3393 2756 3448 tibi
2789 3396 2840 3448 in
2870 3409 3001 3450 aura
3027 3394 3248 3450 dixerit:
3277 3395 3411 3461 Quia
3436 3404 3569 3448 terra
3597 3409 3648 3448 es
3673 3392 3826 3463 (Gen.

2245 3500 2340 3551 nt,
2376 3485 2488 3556 19)
2527 3502 2541 3550 ;
2579 3496 2700 3540 tunc
2732 3495 2782 3540 te
2815 3486 2866 3539 in
2913 3486 3003 3540 illa
3043 3501 3168 3542 vera
3210 3487 3466 3542 societate
3504 3486 3828 3542 hereditatis

2249 3577 2346 3632 Dei
2403 3577 2728 3642 introducit,
2791 3593 2910 3632 cum
2958 3589 3010 3633 te
3057 3578 3108 3632 in
3155 3580 3404 3634 omnibus
3452 3579 3828 3634 admonuerit:

2252 3669 2388 3736 Quia
2410 3671 2562 3725 homo
2599 3687 2648 3724 es
2678 3680 2724 3724 et
2753 3681 3010 3741 peccator.
3039 3670 3117 3725 'Et
3148 3686 3268 3726 cum
3298 3673 3572 3728 universas
3597 3671 3831 3727 rationes

557 3767 785 3822 libenter
835 3767 1006 3821 audiri
1049 3766 1446 3836 prospexerint,
1490 3766 1744 3820 continuo
1791 3773 2068 3829 accusant,
2099 3763 2145 3818 si
2171 3762 2218 3827 C
2248 3776 2311 3818 es
2346 3763 2428 3819 his
2451 3779 2571 3834 qua
2598 3763 2663 3818 ad
2697 3774 2748 3819 te
2780 3764 3079 3832 pertinent,
3111 3763 3162 3818 in
3192 3762 3350 3833 hujus
3378 3763 3687 3819 humilitatis
3711 3777 3832 3833 sup-

559 3861 685 3932 quid
715 3860 876 3931 paulo
899 3869 1022 3913 ante
1051 3859 1414 3913 laudaverunt.
1449 3858 1504 3913 Si
1557 3858 1681 3927 quid
1715 3875 1845 3912 vero
1881 3856 2146 3928 vituperav

561 3951 754 4017 verint,
779 3948 830 4005 id
860 3948 1075 4012 iterum,
1105 3947 1146 4002 si
1173 3949 1243 4002 ita
1268 3957 1491 4017 patrono
1518 3949 1688 4003 visum
1716 3948 1891 4014 fuerit,
1912 3949 2143 4005 laudant.

558 4045 734 4112 Atque
763 4042 834 4095 ita
864 4041 1005 4095 inter
1037 4041 1134 4094 hos
1178 4041 1310 4095 tales
1339 4040 1537 4094 adulati
1567 4040 1773 4095 animus
1816 4040 1981 4095 fertur
2028 4051 2146 4094 tan-

558 4151 720 4207 quam
780 4136 929 4191 navis
977 4136 1113 4190 inter
1163 4137 1340 4190 varius
1397 4149 1642 4189 aurarum
1686 4135 1860 4202 ﬂatus,
1891 4136 2012 4204 quia
2043 4149 2148 4191 non

559 4229 720 4285 habet
763 4227 903 4283 unde
952 4236 1108 4283 exeat
1136 4236 1189 4282 et
1220 4227 1522 4281 ﬂuctuatur.
1559 4227 1699 4281 Inter
1730 4227 1827 4280 hos
1861 4241 1988 4296 ergo
2016 4240 2148 4295 quo-

557 4336 675 4376 rum
707 4320 1008 4377 uberrimus
1039 4327 1298 4390 quaestus,
1332 4319 1418 4373 hic
1465 4318 1697 4374 maxime
1732 4329 1834 4382 est,
1865 4317 2148 4374 desideriis

559 4417 741 4470 vivere
795 4414 1007 4479 alienis,
1057 4413 1293 4468 animum
1353 4421 1500 4467 tuum
1553 4428 1758 4468 summa
1813 4412 2148 4468 discretionis

561 4522 811 4563 mensura
841 4505 1180 4576 constringe;
1226 4514 1285 4559 ut
1327 4519 1448 4560 cum
1497 4505 1645 4560 multi
1692 4505 1969 4560 adulantes
2023 4505 2148 4560 hinc

563 4609 724 4669 atque
752 4598 874 4653 inde
900 4598 1028 4652 nihil
1054 4599 1194 4652 aliud
1224 4598 1328 4653 nisi
1360 4607 1562 4653 tantum
1594 4599 1734 4669 quod
1766 4598 1995 4654 delectet
2025 4599 2148 4654 insi-

564 4701 752 4755 nuant,
783 4690 1072 4745 olferentes
1119 4690 1361 4759 quaedam
1394 4691 1575 4759 gloria:
1625 4691 1806 4757 verba,
1855 4691 1905 4746 in
1955 4692 2146 4761 quibus

567 4781 668 4836 hoc
701 4783 793 4836 tibi
820 4781 1016 4836 dicitur
1035 4782 1174 4851 quod
1213 4791 1268 4837 et
1301 4782 1433 4849 Deo,
1464 4798 1722 4854 agnoscas
1752 4782 1882 4837 nihil
1910 4783 2056 4838 aliud
2078 4800 2145 4840 ex

559 4875 643 4931 his
695 4876 962 4945 proprium
1014 4885 1160 4930 tuuut
1209 4890 1350 4941 esse,
1402 4877 1502 4929 nisi
1558 4877 1659 4930 hoc
1690 4885 1891 4930 tantum
1923 4876 2061 4945 quod
2091 4885 2146 4932 et

561 4974 758 5034 tecum,
791 4973 844 5021 et
874 4980 992 5021 eum
1015 4965 1083 5021 de
1115 4969 1210 5021 hac
1251 4965 1355 5020 vita
1390 4969 1704 5032 excesseris,
1739 4981 2142 5036 permansurum

559 5066 660 5112 est.

2252 3864 2529 3925 putattone
2561 3857 2898 3928 prospexeris
2927 3858 3152 3928 (miram
3183 3873 3296 3914 rem
3326 3858 3558 3929 dicam),
3591 3859 3832 3914 invenies

2253 3948 2498 4004 homines
2530 3952 2596 4004 ad
2629 3951 2844 4005 honoris
2877 3952 2950 4005 tui
2982 3951 3253 4007 cumulum
3295 3953 3685 4023 augmentando
3726 3953 3831 4008 mi-

2252 4054 2455 4105 nuere,
2511 4040 2648 4095 hanc
2706 4057 2834 4097 vero
2887 4043 3058 4098 solam
3107 4044 3394 4099 minuendo
3445 4044 3563 4114 plus
3608 4043 3830 4102 addere.

2256 4130 2515 4197 Quantum
2547 4149 2666 4204 ergo
2695 4150 2910 4205 magnus
2939 4152 3011 4202 es,
3043 4144 3099 4189 ut
3123 4136 3211 4190 ait-
3229 4137 3482 4191 Salomon
3501 4178 3518 4204 ,
3562 4145 3757 4190 tantum
3783 4146 3834 4192 te

2253 4223 2471 4278 humilia
2501 4223 2699 4293 (Eccli.
2734 4241 2823 4290 ιιι,
2853 4227 2923 4279 ‘20
2945 4227 2986 4298 ).
3015 4228 3146 4294 Quia
3178 4237 3232 4283 et
3257 4243 3377 4283 cum
3409 4231 3606 4284 multos
3633 4229 3832 4300 guber-

2255 4317 2489 4385 naveris,
2526 4333 2629 4372 non
2659 4328 2741 4374 est
2771 4328 2948 4374 tamen
2980 4320 3258 4388 perfectio,
3288 4322 3332 4375 si
3359 4320 3460 4375 hoc
3489 4320 3630 4391 quod
3658 4321 3833 4388 majus

2251 4421 2332 4466 est
2355 4453 2369 4478 ,
2397 4420 2454 4466 tu
2484 4413 2630 4467 solus
2662 4413 2948 4481 restiteris,
2978 4429 3134 4483 quem
3167 4414 3468 4484 gubernare
3495 4429 3604 4468 non
3633 4413 3833 4484 possis.

2249 4507 2402 4564 Tunc
2432 4509 2575 4564 enim
2605 4508 2729 4564 aliis
2757 4523 2882 4563 vere
2911 4509 3128 4579 pratibis
3149 4549 3164 4575 ,
3209 4524 3331 4564 cum
3373 4509 3519 4578 prius
3561 4509 3836 4578 praeiveris

2254 4599 2372 4654 tibi.
2405 4599 2513 4656 Nec
2544 4599 2684 4654 enim
2715 4600 2870 4654 malis
2901 4614 3040 4655 nunc
3080 4616 3240 4671 ergo,
3287 4600 3381 4657 sed
3413 4616 3570 4671 quam
3600 4602 3834 4657 maxime

2249 4693 2403 4748 bonis
2433 4693 2547 4748 haec
2578 4695 2790 4763 loquor.
2834 4691 2964 4746 Nam
3014 4693 3057 4746 si
3097 4695 3161 4747 ad
3210 4694 3574 4763 magisterium
3608 4693 3700 4748 Dei
3740 4708 3834 4749 re-

2247 4785 2471 4854 spicias,
2505 4800 2613 4840 non
2646 4785 2820 4840 solum
2852 4785 3144 4853 peccaturi,
3175 4785 3268 4840 sed
3297 4785 3496 4839 sanctis
3527 4784 3650 4839 data
3690 4799 3834 4854 pra:-

2249 4888 2403 4946 cepta
2431 4886 2577 4933 sunt.
2609 4877 2811 4948 Dicitur
2841 4884 2894 4931 et
2923 4875 3030 4930 illis
3061 4878 3281 4931 verbum
3310 4877 3550 4932 veritatis
3573 4920 3588 4946 ,
3621 4892 3726 4932 non
3755 4886 3834 4934 ta-

2247 4985 2370 5024 men
2421 4979 2477 5024 ut
2522 4969 2652 5024 ﬁant
2690 4968 2852 5034 boni,
2893 4967 3033 5037 quod
3073 4977 3236 5034 sunt;
3281 4968 3374 5023 sed
3416 4984 3484 5025 ne
3509 4969 3640 5024 ﬁant
3666 4969 3831 5038 mali,

2246 5064 2388 5134 quod
2433 5081 2539 5119 non
2583 5072 2728 5117 sunt.
2774 5051 2949 5116 Crédo
2982 5071 3164 5118 autem
3205 5061 3332 5131 quia
3373 5061 3530 5118 bonis
3571 5063 3690 5133 plus
3731 5063 3834 5118 hoc

641 5148 729 5204 ΙΙΙ.
775 5149 829 5203 In
874 5148 1121 5204 omnibus
1165 5165 1292 5220 ergo
1339 5151 1390 5205 in
1435 5150 1626 5217 quibus
1667 5149 2028 5205 adulationum
2068 5150 2148 5206 ni—
2176 5147 2230 5209 D
2252 5155 2393 5225 quod
2425 5170 2611 5223 purum
2633 5198 2647 5221 ,
2677 5153 2816 5221 quod
2844 5151 3113 5206 sincerum
3144 5162 3259 5220 est,
3286 5153 3513 5223 placeat.
3537 5151 3667 5206 Nam
3691 5152 3834 5208 Deus

567 5244 758 5299 mietas
784 5249 943 5299 etiam
975 5246 1229 5300 terminos
1257 5245 1454 5300 homini
1484 5255 1846 5314 competentes
1871 5245 2136 5313 excessit,

566 5333 696 5389 illud
741 5334 1042 5390 Davidicum
1087 5338 1452 5394 recordavcris
1494 5337 1908 5402 documentum,
1951 5337 2002 5391 in
2033 5352 2140 5406 quo

563 5424 654 5480 ille
685 5440 887 5481 venena
919 5425 1282 5482 adulationum
1311 5429 1554 5484 devitans
1574 5470 1588 5495 ,
1623 5430 1730 5483 ait:
1768 5429 2017 5498 Corripiet
2064 5445 2142 5483 me

560 5516 723 5586 iustus
765 5517 820 5570 in
867 5518 1245 5585 misericordia,
1299 5528 1344 5575 et
1386 5530 1564 5592 arguet
1607 5536 1727 5585 me;
1769 5522 1934 5573 oleum
1973 5531 2142 5575 autem

560 5609 838 5679 peccatoris
867 5626 968 5665 non
1002 5611 1284 5683 impinguet
1309 5621 1466 5681 caput
1493 5627 1661 5664 meum
1706 5612 1724 5679 (
1753 5609 1841 5664 Ps.
1876 5627 2003 5676 οη,
2036 5609 2069 5664 5
2091 5611 2133 5681 ).

636 5733 660 5761 ι
695 5724 873 5792 Forte,
909 5733 964 5781 ιιι
993 5725 1150 5782 lectio
1176 5735 1406 5791 constet,
1432 5723 1735 5794 legendum,
1767 5733 1822 5777 ut
1844 5724 2136 5793 providae...

564 5801 966 5927 p“liciﬁaur‘ticula
989 5869 1032 5924 si
1056 5867 1357 5926 redundare
1373 5864 1602 5936 videtur,
1631 5867 1863 5936 alioquin
1883 5879 2141 5936 suspensa

2247 5257 2432 5302 noster
2459 5261 2564 5301 non
2595 5255 2796 5300 tantum
2825 5243 3072 5302 dulcibus
3099 5246 3434 5301 adorantium
3468 5261 3527 5301 se
3551 5247 3830 5315 precibus,

2249 5349 2510 5410 quantum
2556 5340 2858 5396 innocentia
2905 5350 2960 5396 et
2998 5341 3344 5412 simplicitate
3387 5341 3645 5410 placatur.
3704 5340 3832 5396 Plus

2251 5433 2358 5487 illis
2413 5441 2588 5487 autem
2640 5432 2934 5501 inclinans,
2985 5434 3074 5504 qui
3125 5435 3390 5490 sinceram
3441 5449 3736 5504 puramque
3780 5434 3832 5489 ei

2248 5533 2484 5580 mentem
2515 5524 2777 5592 offerunt,
2813 5541 2970 5594 quam
2997 5527 3086 5596 qui
3132 5529 3314 5583 suavia
3357 5529 3659 5583 orationum
3689 5527 3833 5581 intu-

2242 5619 2406 5674 lerint
2435 5621 2815 5678 blandimenta.
2839 5622 2954 5676 Non
2983 5623 3125 5677 enim
3157 5621 3222 5675 ad
3243 5621 3407 5677 alium
3439 5620 3567 5676 mihi
3599 5620 3666 5675 de
3696 5633 3831 5675 vana

2245 5741 2864 5874 8e[rel'tlattui‘ottscripsimus
2888 5819 2996 5872 quo
3021 5805 3342 5863 titulamento
3369 5805 3509 5861 Edit.
