4108 6352
291 507 357 561 si
1104 501 1391 560 MARTINI
1429 501 1796 560 nummusrs
1833 498 2242 558 OPUSCULUM
2282 501 2369 558 Vl.
2414 502 2502 558 DE
2539 465 2672 558 tas.
3477 501 3551 557 ts

282 619 452 688 gloria
478 625 571 671 aut
594 618 843 689 superbia
869 620 1040 674 visum
1072 629 1156 675 est
1185 619 1365 690 loqui,
1397 620 1498 675 nisi
1531 618 1600 674 ad
1633 628 1683 674 te
1703 658 1719 686 ,
1742 619 1856 688 qui—
1889 619 1941 678 Α
1962 620 2146 674 corde.
2178 619 2315 676 Ecce
2347 619 2449 676 hoc
2473 626 2591 689 est,
2621 616 2765 690 quod
2799 616 3134 674 incurvatum
3164 614 3360 686 saepius
3389 616 3553 687 erigit

284 725 514 781 cumque
545 713 692 781 prior
723 727 782 768 es
809 713 929 767 aliis
956 730 968 766 :
1003 712 1094 784 qui
1123 714 1224 769 etsi
1254 729 1359 769 non
1391 714 1651 782 recipias,
1687 722 1864 767 tamen

283 818 476 859 omnes
525 820 638 860 ntec
697 816 978 875 ingerunt,
1030 820 1219 862 omnes
1264 805 1628 872 blandiuntur,
1679 819 1868 860 omnes

286 899 589 963 extollunt;
622 914 781 955 nemo
809 915 875 954 ex
907 899 1011 954 illis
1042 899 1094 953 id
1125 899 1358 955 offerens
1378 940 1392 962 ,
1436 899 1578 969 quod
1611 899 1680 953 ita
1714 897 1870 953 dulce

289 994 392 1057 sit,
424 1000 486 1046 ut
517 1001 694 1048 tamen
726 1008 754 1045 a
785 992 1021 1061 periculo
1063 991 1220 1064 longe
1258 994 1349 1048 sit.
1391 991 1500 1047 Nec
1529 991 1672 1047 enim
1704 991 1872 1044 miror

288 1083 538 1138 omnibus
563 1099 685 1139 esse
715 1082 768 1138 in
815 1095 1060 1152 promptu
1082 1125 1097 1151 ,
1129 1086 1250 1152 quia
1300 1082 1515 1138 laudare
1557 1091 1827 1151 petentem
1853 1120 1868 1146 ,

290 1177 433 1232 sicut
471 1192 572 1232 nec
611 1177 784 1245 labor,
818 1178 888 1232 ita
921 1192 1019 1232 nec
1042 1178 1201 1232 timor
1230 1187 1330 1232 est.

373 1267 434 1321 ν.
478 1269 596 1324 Tibi
625 1269 785 1340 igitur
816 1284 901 1324 me
926 1270 1163 1339 Oportuit
1191 1269 1305 1325 haec
1335 1268 1650 1324 humilitatis
1681 1269 1875 1324 instru-

292 1369 475 1416 menta
506 1361 807 1431 porrigere,
847 1360 939 1414 tibi
979 1361 1360 1430 gubernaculi,
1402 1361 1645 1430 quamvis
1672 1369 1726 1416 et
1759 1361 1875 1428 ipse

292 1452 524 1519 habeas,
555 1453 716 1508 etiam
760 1454 859 1509 hoc
901 1452 1228 1523 superﬂuum
1265 1452 1461 1508 addere
1505 1453 1873 1508 moderamen.

291 1545 425 1613 Quia
473 1546 544 1602 ibi
591 1561 806 1616 semper
852 1545 1099 1601 elationis
1149 1545 1339 1600 fortior
1387 1556 1578 1599 ventus
1627 1555 1745 1608 est,
1787 1542 1879 1598 ubi

293 1641 486 1694 honori
532 1639 720 1695 fortior
759 1640 1006 1695 allitudo.
1053 1638 1221 1710 Cupio
1260 1654 1388 1709 ergo
1431 1648 1482 1695 te
1523 1647 1647 1694 ante
1691 1638 1877 1693 oculos

298 1730 397 1784 Dei
426 1731 618 1799 quibus
646 1732 787 1786 nuda
827 1741 910 1786 est
948 1730 1179 1802 abyssus
1210 1730 1459 1786 humanae
1503 1728 1877 1796 conscientiae,

295 1820 488 1876 humili
532 1824 696 1879 corde
736 1838 952 1894 semper
991 1824 1278 1891 incedere,
1309 1825 1430 1894 quia
1458 1825 1714 1892 scriptum
1759 1830 1878 1877 est:

295 1914 467 1986 Super
521 1933 709 1986 quem,
772 1917 944 1986 inquit
1001 1917 1290 1985 Dominus,
1344 1917 1620 1986 requiescet
1673 1915 1884 1984 spiritus

1971 714 2264 772 inimicum.
2296 717 2579 773 Peccatum
2612 732 2839 788 namque
2866 716 3111 772 elationis
3139 725 3358 784 nostrai,
3385 716 3551 772 robur

1970 806 2136 862 illius.
2176 808 2301 865 Sola
2328 825 2455 880 ergo
2482 810 2753 866 humilitas
2780 811 2961 868 cordis
2988 821 3069 865 est
3092 852 3108 879 ,
3149 825 3270 881 qua:
3299 823 3359 864 se
3398 808 3550 864 inﬁr-

1973 917 2115 956 mam
2149 903 2411 970 dicendo,
2440 904 2618 960 omnia
2650 912 2867 973 potest,
2895 917 3015 973 qua:
3055 911 3224 957 totum
3251 900 3391 972 quod
3423 900 3551 956 boni

1973 1005 2056 1051 est
2082 996 2326 1064 obtinet,
2362 998 2471 1053 Deo
2503 999 2604 1053 hoc
2633 1011 2846 1068 semper
2891 994 3230 1066 applicando,
3265 1009 3370 1049 non
3401 992 3502 1048 sibi
3532 1012 3546 1057 ;

1972 1089 2029 1145 in
2068 1105 2172 1160 qua
2209 1092 2254 1146 si
2293 1090 2412 1160 quis
2451 1090 2793 1155 ascenderit,
2834 1105 2940 1144 non
2983 1088 3143 1144 habet
3181 1085 3324 1142 unde
3360 1084 3538 1140 cadat.

1977 1180 2177 1238 Omnes
2230 1183 2351 1238 alim
2401 1183 2626 1238 virtutes
2687 1182 2753 1237 ad
2807 1180 3196 1252 perfectionem
3251 1192 3404 1234 suam
3462 1191 3556 1244 per

1978 1275 2192 1330 excelsa
2221 1274 2467 1346 quaedam
2495 1289 2594 1330 nos
2639 1283 2694 1330 et
2735 1274 2902 1329 ardua
2940 1279 3194 1343 poterunt
3223 1283 3552 1338 provocare.

1981 1368 2096 1423 haec
2127 1371 2241 1423 sola
2271 1371 2324 1424 in
2355 1369 2514 1438 plano
2541 1378 2652 1433 est;
2685 1377 2738 1423 et
2768 1369 3013 1438 quamvis
3045 1367 3300 1421 humilior
3330 1365 3452 1419 aliis
3479 1363 3558 1417 vi-

1981 1463 2194 1531 deatur,
2236 1463 2375 1518 cmlo
2416 1471 2595 1516 tamen
2635 1469 2716 1516 est
2754 1461 2933 1524 altior,
2975 1461 3100 1531 quia
3141 1459 3196 1513 in
3236 1473 3400 1528 regno
3441 1457 3556 1525 ejus

1982 1551 2253 1608 hominem
2299 1569 2405 1607 non
2445 1552 2822 1616 ascendendo,
2863 1551 2958 1606 sed
3013 1549 3388 1605 descendendo
3440 1562 3559 1615 pero

1982 1645 2146 1700 ducit.
2175 1643 2278 1700 Per
2309 1644 2446 1699 hanc
2493 1642 2842 1697 obtinuerunt
2878 1641 3050 1696 sancti
3088 1639 3279 1694 futurae
3329 1638 3559 1693 beatitu-

1983 1738 2125 1792 dinis
2175 1739 2393 1807 praemia
2423 1776 2440 1802 ,
2491 1736 2854 1791 custodientes
2899 1732 3226 1788 dominicum
3277 1730 3405 1785 illud
3451 1730 3565 1784 elo-

1983 1830 2165 1900 quium
2197 1847 2210 1883 :
2244 1828 2388 1883 Beati
2415 1845 2665 1898 pauperes
2689 1827 2875 1899 spiritu
2896 1866 2912 1893 ,
2937 1825 3182 1896 quoniam
3223 1823 3452 1891 ipsorum
3492 1830 3567 1875 est

1986 1938 2194 1993 regnum
2239 1922 2482 1976 castorum
2513 1920 2742 1993 (Matth.
2775 1935 2831 1984 v,
2865 1917 2954 1991 ὃ).
2990 1918 3083 1972 Ille
3110 1915 3314 1972 scilicet
3345 1923 3429 1969 est
3467 1913 3566 1968 lm-

292 2024 454 2075 meus,
479 2010 578 2066 nisi
597 2027 748 2082 super
770 2011 1011 2065 humilem
1032 2019 1079 2065 et
1098 2022 1390 2066 trementem
1419 2012 1566 2065 verba
1593 2027 1703 2064 mea
1728 2009 1877 2081 (Isai.
1911 2003 1959 2065 Β
1985 2013 2158 2082 milis,
2189 2015 2276 2084 qui
2308 2014 2498 2083 spiritu
2529 2014 2716 2082 plenus
2742 2021 2851 2077 est,
2882 2009 3012 2064 ﬂatu
3049 2007 3279 2079 quodam
3319 2003 3569 2062 elationis

295 2117 454 2165 t.xvt,
484 2103 519 2156 2
544 2104 559 2171 )
583 2105 606 2156 ?
634 2103 803 2173 Cupio
838 2113 890 2159 te
921 2105 1095 2158 omnia
1127 2104 1378 2158 mandata
1403 2103 1599 2158 Christi
1629 2118 1879 2167 servare;

294 2203 353 2249 et
399 2210 519 2249 cum
563 2197 653 2251 illa
700 2199 954 2266 operibus
995 2197 1151 2252 bonis
1190 2197 1518 2265 adimpleas,
1567 2196 1692 2250 illud
1740 2195 1881 2260 quod

299 2286 436 2356 ipsis
470 2289 725 2357 apostolis
756 2290 958 2344 dictum
989 2297 1100 2354 est,
1133 2290 1426 2344 recordari.
1461 2289 1547 2343 Ait
1570 2290 1710 2342 enim
1741 2288 1879 2343 illis:

300 2383 370 2436 Et
401 2400 517 2436 cum
547 2385 655 2438 haec
683 2386 854 2438 omnia
884 2385 1106 2455 feceritis
1130 2400 1244 2454 qua:
1273 2386 1461 2438 mando
1486 2384 1622 2439 vobis
1641 2423 1656 2449 ,
1689 2382 1840 2437 dicite
1862 2397 1882 2436 :

299 2475 434 2544 Quia
459 2480 589 2532 servi
616 2479 824 2534 inutiles
855 2481 1084 2544 fuimus;
1114 2494 1227 2547 qua:
1255 2478 1516 2532 debuimus
1547 2481 1726 2548 facere,
1760 2477 1886 2546 feci-

297 2586 411 2625 mus
443 2571 606 2641 (Luc.
643 2590 782 2638 xvn,
816 2573 881 2627 10
903 2576 955 2644 );
989 2575 1039 2627 id
1073 2583 1190 2640 est,
1224 2589 1329 2628 non
1362 2589 1428 2627 ex
1458 2573 1600 2627 dono
1633 2582 1883 2641 tanquam

296 2657 484 2729 liberi,
532 2665 628 2718 sed
674 2681 737 2718 ex
782 2665 965 2719 debito
1008 2675 1257 2735 tanquam
1307 2669 1466 2720 servi.
1513 2665 1698 2719 Nullus
1739 2664 1882 2719 enim

295 2757 539 2824 quamvis
568 2758 835 2824 perfectus
866 2759 916 2811 in
940 2758 1187 2813 omnibus
1216 2757 1319 2824 vir,
1352 2757 1424 2812 ita
1453 2757 1742 2827 aliquando
1770 2757 1886 2812 haec

301 2855 696 2923 praeoccupavit
725 2869 839 2923 qua:
880 2853 990 2908 Deo
1018 2863 1144 2906 sunt
1175 2853 1393 2920 placita,
1426 2863 1481 2905 ut
1511 2852 1660 2922 prius
1684 2850 1884 2918 aliquid

307 2941 387 2997 illi
419 2944 668 2998 lenerans
689 2986 704 3008 ,
738 2959 844 2999 non
877 2944 1091 2998 debitor
1121 2945 1310 3007 fuerit.
1340 2943 1433 2999 sed
1473 2956 1709 2998 exactor.
1755 2944 1887 3010 Quis

299 3034 445 3088 enim
491 3036 689 3105 aliquid
740 3037 930 3103 habet,
985 3036 1129 3106 quod
1171 3037 1238 3092 ab
1277 3035 1368 3091 illo
1408 3037 1588 3092 datum
1623 3051 1727 3092 non
1756 3037 1886 3092 est“!

301 3126 410 3183 Aut
436 3129 547 3197 quis
568 3169 584 3196 ,
618 3131 754 3184 sicut
784 3129 1074 3195 Apostolus
1104 3130 1211 3196 ait,
1245 3131 1384 3198 prior
1413 3131 1551 3184 dedit
1577 3130 1692 3198 illi,
1726 3138 1782 3185 et
1806 3145 1888 3183 re-

301 3222 557 3276 tribuetur
587 3223 679 3278 ei?
712 3223 973 3290 Quoniam
1004 3223 1179 3277 omnia
1206 3239 1268 3277 ea:
1296 3225 1437 3294 ipso,
1473 3233 1520 3276 et
1555 3241 1641 3294 per
1677 3223 1846 3291 ipsum
1867 3263 1884 3289 ,

303 3320 348 3366 et
392 3313 444 3366 in
489 3313 646 3382 ipso:
684 3315 787 3385 ipsi
823 3315 992 3388 gloria
1031 3314 1085 3368 in
1126 3317 1337 3371 siccata.
1381 3317 1539 3369 Amen
1571 3312 1761 3385 (Rom.
1794 3329 1883 3382 ιι,

304 3399 573 3476 55,56).

381 3495 470 3553 Vl.
502 3496 641 3554 Ecce
672 3496 788 3554 haec
816 3509 896 3554 est
918 3515 1046 3556 vera
1075 3499 1161 3554 illa
1189 3507 1242 3554 et
1264 3497 1570 3553 Christiana
1596 3497 1888 3553 humilitas.

303 3589 366 3648 In
399 3592 500 3645 hac
527 3606 621 3647 eos
652 3592 846 3661 quibus
874 3595 1131 3663 praesides
1152 3634 1168 3658 ,
1213 3593 1411 3662 optime
1450 3593 1792 3662 gubernabis.
1833 3593 1891 3646 ln

308 3683 412 3738 hac
440 3684 716 3739 victoriam
746 3700 813 3739 ex
844 3685 990 3740 omni
1019 3683 1146 3739 vitio
1181 3684 1381 3751 poteris
1422 3684 1751 3753 promereri,
1783 3683 1895 3738 Deo

309 3776 417 3832 hoc
444 3777 587 3846 quod
630 3777 824 3832 viceris
871 3778 1184 3841 tribuendo,
1234 3792 1338 3832 non
1385 3777 1499 3831 tibi.
1543 3775 1710 3840 Nam,
1756 3775 1896 3844 quod

311 3870 622 3939 aliquoties,
654 3869 904 3936 patientia
933 3869 1106 3935 victa,
1144 3869 1274 3923 vitia
1320 3869 1511 3923 iterum
1563 3869 1704 3922 vires
1757 3868 1895 3921 acci-

310 3960 498 4029 piunt,
549 3959 680 4014 nihil
729 3959 869 4015 aliud
913 3969 1025 4022 est,
1067 3959 1194 4014 mihi
1240 3961 1436 4024 crede,
1481 3960 1580 4015 nisi
1625 3960 1745 4028 quia
1791 3975 1898 4014 non

311 4057 548 4112 dicimus
582 4056 728 4124 Deo,
764 4057 906 4126 quod
936 4056 1276 4127 belligerator
1307 4056 1397 4112 ille
1430 4057 1590 4110 David
1621 4057 1758 4112 bella
1789 4055 1898 4110 Do-

312 4149 446 4204 mini
482 4148 730 4205 bellans:
765 4146 832 4203 In
861 4158 944 4216 te,
976 4149 1181 4219 inquit,
1215 4151 1452 4204 inimicos
1496 4160 1696 4204 nostros
1743 4150 1902 4202 venti-

311 4242 566 4308 lavimus,
617 4250 664 4295 et
704 4243 759 4295 in
797 4243 998 4296 nomine
1044 4252 1132 4297 tuo
1173 4243 1464 4314 spernimus
1505 4245 1823 4313 insurgentes
1850 4245 1905 4298 in

314 4350 411 4389 nos
444 4336 573 4404 (Ps.
607 4350 765 4402 mu,
801 4334 899 4405 6).
931 4335 996 4389 Et
1028 4337 1220 4391 iterum
1253 4353 1267 4390 :
1305 4337 1438 4401 Quia
1467 4353 1566 4389 non
1600 4337 1786 4390 virtute
1810 4353 1906 4391 sua

316 4437 495 4498 potens
523 4435 597 4481 est
637 4429 746 4492 vir;
793 4425 1045 4482 Dominus
1085 4429 1350 4496 inﬁrmant
1386 4430 1509 4496 facit
1554 4428 1906 4483 adversarium

319 4520 457 4590 ejus.
491 4519 595 4576 Sed
626 4520 766 4576 forte
795 4521 1149 4587 respondetur
1178 4522 1306 4576 mihi
1336 4543 1348 4578 :
1385 4524 1521 4593 Ergo
1550 4532 1605 4577 et
1651 4523 1762 4578 Deo
1801 4539 1905 4578 non

319 4614 531 4682 agimus
563 4614 761 4684 gratias
788 4655 804 4681 ,
835 4629 943 4669 non
973 4614 1260 4670 referimus
1290 4615 1519 4670 laudes?
1549 4615 1754 4680 Credo,
1787 4617 1907 4682 quia

319 4703 529 4774 agimus
557 4705 754 4775 gratias
782 4722 797 4772 ;
829 4715 1002 4774 potest
1030 4706 1173 4773 fieri,
1204 4707 1298 4762 sed
1328 4707 1492 4761 verbo
1519 4718 1674 4761 tenus
1695 4750 1707 4770 ,
1739 4709 1829 4764 sed
1854 4709 1908 4764 in

1984 2104 2262 2160 abundans
2288 2106 2487 2170 elatus,
2527 2113 2586 2158 ut
2612 2114 2730 2159 uter
2757 2112 2858 2158 est.

2064 2198 2177 2256 VH.
2220 2201 2327 2256 Sed
2362 2201 2472 2268 jam
2528 2199 2798 2269 quomodo
2850 2198 2963 2267 ipsa
3016 2198 3187 2252 virtus
3241 2196 3569 2262 obtineatur,

1987 2296 2224 2351 charitas
2264 2302 2352 2346 tua
2395 2291 2664 2363 paulisper
2704 2289 2965 2344 intendat.
3011 2291 3064 2342 ln
3105 2288 3291 2360 primis
3342 2288 3386 2341 si
3442 2286 3571 2357 quid

1990 2389 2227 2444 volueris
2268 2384 2395 2441 boni
2447 2384 2626 2454 operis
2677 2383 2959 2448 inchoare,
3003 2398 3109 2437 non
3158 2382 3262 2436 hoc
3302 2381 3572 2450 proposito

1987 2481 2331 2552 acquirendae
2361 2478 2563 2542 laudis,
2595 2476 2689 2530 sed
2719 2475 2898 2531 studio
2926 2473 3286 2530 inchoationis
3316 2471 3574 2527 facienda:

1986 2575 2243 2632 bonitatis
2272 2573 2515 2642 incipies.
2545 2571 2748 2625 Dehinc
2773 2584 2894 2624 cum
2918 2568 3209 2638 perfectum
3230 2568 3390 2622 fuerit
3416 2581 3570 2636 opus,

1987 2667 2120 2724 illud
2150 2668 2511 2739 quodcunque
2541 2673 2626 2720 est
2653 2679 2819 2733 opus,
2852 2663 2998 2717 omni
3027 2662 3268 2718 custodia
3297 2675 3449 2716 serva
3482 2675 3575 2714 cor

1987 2771 2136 2818 tuutu
2158 2804 2172 2828 ,
2205 2776 2270 2816 ne
2303 2760 2440 2815 forte
2467 2758 2715 2813 humanis
2745 2755 3015 2811 favoribus
3044 2754 3414 2825 acquiescens,
3448 2751 3574 2806 inde

1991 2865 2046 2912 te
2075 2855 2425 2920 existimans,
2458 2852 2547 2907 tibi
2579 2851 2695 2921 ipse
2722 2849 3096 2919 complaceas;
3127 2857 3219 2903 aut
3244 2848 3473 2916 aliquam
3507 2859 3577 2900 ex

1990 2952 2180 3020 quovis
2207 2957 2327 3002 actu
2353 2947 2580 3017 gloriam
2609 2959 2852 3015 quaeras,
2883 2944 3008 3014 quia
3049 2953 3237 2998 natura
3278 2941 3462 3011 gloriae
3504 2940 3578 2994 ita

1991 3056 2072 3102 εει
2091 3083 2105 3108 ,
2142 3053 2199 3099 ut
2228 3043 2416 3098 umbra
2447 3040 2692 3109 corporis
2722 3057 2734 3091 :
2772 3039 2818 3094 si
2849 3038 2997 3093 illam
3025 3035 3268 3106 sequeris
3288 3075 3303 3099 ,
3332 3034 3463 3104 fugit
3488 3050 3502 3099 ;
3532 3032 3580 3087 si

1990 3136 2193 3206 fugeris
2214 3176 2230 3202 ,
2262 3135 2521 3205 sequitur.
2557 3133 2662 3189 Sed
2695 3146 2908 3201 semper
2937 3140 2988 3186 te
3020 3129 3296 3184 minimum
3339 3128 3581 3183 omnium

1997 3230 2241 3293 aestima,
2274 3236 2328 3282 et
2360 3225 2710 3280 reminiscere
2741 3240 2754 3277 :
2787 3220 3054 3290 Quidquid
3086 3220 3180 3275 tibi
3212 3219 3266 3274 in
3298 3219 3443 3272 omni
3471 3219 3580 3272 vita

1996 3322 2122 3377 boni
2151 3320 2504 3382 successerit,
2539 3328 2707 3372 totum
2744 3317 2845 3371 hoc
2878 3316 2987 3370 Deo
3015 3313 3104 3382 qui
3135 3312 3317 3376 dedit,
3351 3326 3455 3365 non
3486 3310 3582 3365 tibi

1919 3391 1968 3455 (ἶ
1999 3416 2086 3486 qui
2121 3413 2397 3481 accepisti,
2426 3410 2760 3474 conscribas,
2787 3408 3109 3463 convincens
3136 3414 3188 3461 te
3216 3405 3310 3458 illo
3341 3403 3584 3458 testimo-

1997 3507 2088 3562 nio
2117 3505 2266 3559 Pauli
2295 3521 2311 3558 ι
2347 3503 2485 3571 Quid
2512 3512 2680 3556 autem
2715 3500 2886 3562 habes,
2918 3498 3056 3568 quod
3084 3513 3184 3550 non
3212 3496 3452 3565 accepisti
3470 3497 3495 3549 ?
3522 3495 3586 3551 Si

1997 3612 2168 3653 autem
2212 3597 2454 3666 accepisti
2481 3638 2495 3661 ,
2548 3595 2668 3664 quid
2720 3591 2958 3664 gloriaris
3003 3590 3150 3659 quasi
3191 3604 3294 3642 non
3330 3587 3586 3655 acceperis

1999 3690 2062 3761 (I
2088 3693 2209 3747 Cor.
2243 3705 2319 3752 1v,
2342 3689 2446 3758 7)?
2488 3685 2748 3741 Similiter
2774 3693 2828 3739 et
2860 3682 2987 3737 illud
3017 3679 3367 3750 apostolicum
3400 3696 3414 3732 :
3449 3677 3587 3744 Quia

1999 3800 2149 3838 omne
2192 3781 2368 3835 datum
2410 3782 2657 3852 optimum
2703 3787 2750 3832 et
2791 3792 2940 3831 omne
2968 3776 3161 3829 donum
3188 3772 3465 3843 perfectum
3495 3772 3588 3827 de-

2000 3893 2202 3933 sursum
2229 3885 2322 3943 est,
2356 3873 2665 3928 descendens
2693 3888 2725 3926 a
2758 3869 2913 3924 Patre
2944 3871 3191 3922 luminum
3224 3865 3361 3938 (Jac.
3395 3882 3446 3932 ι,
3472 3864 3588 3935 l7).

2002 3967 2245 4037 Cumque
2272 3982 2336 4021 ex
2367 3966 2450 4019 his
2481 3963 2881 4034 pretiosissimis
2912 3970 3112 4015 sanch
3155 3959 3469 4013 humilitatis
3510 3957 3592 4011 la-

2004 4060 2194 4130 pibus,
2247 4059 2302 4112 in
2349 4057 2508 4112 corde
2535 4064 2628 4111 tuo
2670 4054 2892 4124 Spiritui
2922 4062 3106 4107 sancto
3133 4051 3387 4120 templum
3429 4063 3593 4104 orna”

2004 4151 2180 4217 veris,
2214 4157 2342 4204 tunc
2373 4162 2534 4202 orans
2564 4147 2615 4201 in
2662 4162 2758 4212 eo,
2800 4159 3079 4200 assumens
3118 4143 3382 4198 canticum
3420 4139 3588 4196 David

2009 4244 2317 4314 prophetae,
2350 4257 2453 4297 non
2483 4241 2652 4297 verbo
2681 4247 2923 4305 tantum,
2953 4238 3048 4294 sed
3074 4245 3127 4293 et
3154 4251 3316 4305 opere
3344 4235 3596 4290 decanta-

2009 4337 2096 4393 bis
2127 4352 2141 4390 ;
2175 4336 2392 4389 Domine
2418 4351 2518 4388 non
2547 4343 2617 4388 est
2650 4332 2930 4387 exaltatum
2960 4335 3047 4385 eor
3075 4347 3262 4396 meum,
3293 4344 3450 4397 neque
3476 4329 3597 4382 elati

2009 4443 2127 4486 sunt
2157 4430 2293 4484 oculi
2325 4429 2424 4482 mei
2451 4444 2468 4492 ;
2499 4444 2589 4481 nec
2619 4426 2876 4481 ambulavi
2906 4425 2958 4478 in
2987 4424 3211 4494 magnis,
3244 4439 3335 4477 nec
3363 4422 3416 4474 in
3447 4421 3597 4474 mira-

2012 4524 2193 4578 bilibus
2222 4538 2374 4592 super
2404 4537 2482 4575 me
2515 4520 2635 4584 (Ps.
2659 4535 2825 4580 cxxx,
2853 4517 2929 4589 1).
2961 4517 3114 4585 Quod
3143 4530 3361 4571 carmen
3391 4523 3515 4570 tunc
3545 4513 3596 4567 in

2011 4617 2240 4672 veritate
2290 4614 2483 4670 offerre
2528 4614 2727 4683 poteris
2773 4611 2915 4677 Deo,
2964 4625 3123 4681 quem
3179 4619 3230 4664 te
3273 4606 3602 4663 humiliando

2013 4708 2234 4773 laudas;
2283 4709 2366 4762 cui
2414 4705 2680 4761 veraciter
2714 4720 2836 4759 cum
2875 4701 3127 4758 omnibus
3166 4699 3416 4756 ﬁdelibus
3453 4707 3507 4757 et
3545 4706 3604 4753 tu

321 4797 468 4853 sinu.
492 4797 602 4853 Deo
622 4799 864 4868 privatim
884 4800 1080 4869 gratias
1103 4800 1330 4870 agimus,
1355 4798 1512 4854 nobis
1533 4799 1773 4868 publice;
1796 4800 1908 4858 Deo
1941 4784 1990 4842 ι)
2017 4802 2254 4874 quotidie
2282 4800 2414 4857 dicis
2439 4817 2452 4854 :
2475 4798 2549 4854 Te
2577 4800 2715 4853 decet
2749 4798 2859 4852 laus
2886 4793 3007 4867 (-Ps.
3029 4808 3178 4860 thv,
3197 4791 3278 4862 2),
3305 4791 3459 4847 illum
3485 4789 3603 4863 glo-

321 4888 381 4946 in
421 4889 574 4946 labiis
612 4889 824 4947 laudem
871 4892 1176 4958 tribuimus,
1221 4891 1375 4947 nobis
1416 4901 1469 4946 et
1498 4892 1549 4946 in
1584 4893 1740 4948 labiis
1766 4903 1819 4948 et
1853 4895 1903 4950 in

2014 4898 2253 4952 rilicans.

325 5051 3605 5082 mm

1365 5179 1567 5285 ΟΡ
1592 5177 2080 5288 USCUL
2107 5179 2327 5288 UM
2419 5178 2612 5300 VI.

1623 5409 1862 5522 DE
1951 5410 2346 5522 [RA-

946 5595 1033 5653 PR
1043 5592 1335 5653 EFATIO.

410 5693 639 5749 Domino
669 5706 729 5747 ac
767 5691 1078 5746 beatissimo
1104 5731 1119 5757 ,
1164 5689 1292 5745 mihi
1333 5687 1826 5746 desiderantissimo
1866 5692 1919 5747 in

334 5784 550 5841 Christo
585 5785 738 5853 patri,
776 5783 1021 5839 Vitimiro
1048 5784 1302 5854 episcopo
1333 5783 1583 5838 Martinus
1611 5785 1920 5854 episcopus.

415 5882 552 5935 Dum
593 5881 752 5936 simul
794 5880 953 5952 positi
994 5880 1195 5934 dudum
1233 5889 1420 5935 mutuo
1458 5875 1761 5933 collationis
1790 5875 1925 5932 allo-

340 5975 466 6038 quio
497 5973 838 6038 frueremur,
872 5972 1004 6027 illud
1053 5974 1192 6027 inter
1231 5983 1423 6029 caetera
1467 5980 1570 6028 tua:
1611 5986 1638 6027 a
1680 5986 1766 6028 me
1799 5969 1922 6025 dili-

625 6086 894 6157 Ρᾼτιιοι.
943 6083 1201 6148 LXXII.

2036 5601 2232 5672 gentia:
2261 5599 2500 5653 charitas
2530 5597 2745 5665 elicuit,
2788 5605 2847 5652 ut
2883 5595 2951 5651 de
2986 5592 3341 5665 passibilitate
3374 5593 3496 5657 irae.
3528 5595 3615 5655 vel

2031 5690 2307 5761 qualitatis
2334 5689 2449 5759 ejus
2475 5689 2785 5754 clientibus.
2819 5686 2967 5742 brevi
2996 5686 3093 5741 tibi
3122 5685 3298 5754 aliqua
3328 5683 3509 5740 libello
3537 5685 3616 5740 di-

2032 5799 2296 5854 gererem.
2329 5783 2483 5836 Parui
2516 5781 2755 5851 protinus
2785 5780 2989 5848 libens,
3039 5779 3330 5851 paucisque
3373 5777 3488 5834 haec
3527 5787 3618 5833 tuo

2030 5875 2207 5931 studio
2237 5875 2302 5930 de
2336 5873 2580 5945 fugienda
2613 5872 2722 5937 ira,
2750 5873 2942 5928 saltem
2976 5873 3020 5928 si
3051 5872 3104 5927 id
3136 5885 3240 5926 non
3267 5868 3514 5935 eveniat,
3545 5867 3616 5925 de

2031 5965 2302 6032 lenienda,
2323 5964 2570 6030 disserui.
2596 5963 2820 6030 Quidam
2845 5965 2910 6020 de
2934 5962 3269 6034 sapientibus
3299 5962 3433 6016 iram
3460 5957 3615 6015 dixe-

3226 6072 3267 6132 2
