4108 6352
536 332 602 394 is
1843 328 2125 390 uanum
2159 328 2522 398 nuunsasns
3737 352 3807 413 μ

535 466 662 517 runt
688 457 885 511 brevem
912 471 1019 512 esse
1043 455 1321 511 insaniam.
1348 454 1422 511 Ea
1440 454 1584 541 enim
1613 454 1696 511 sui
1725 462 1809 510 est
1832 454 2121 521 impotens,
2150 448 2209 512 Α
2227 464 2468 523 animos,
2500 461 2595 516 sed
2625 462 2863 519 abducit.
2896 461 3104 523 Castora
3133 468 3259 525 vitia
3301 469 3567 541 illiciuut;
3608 476 3686 532 ira
3715 493 3807 536 ve-

538 549 878 607 obliviscitur
897 550 1265 618 honestatem,
1289 540 1570 629 aﬂ'ectuum
1601 550 1905 612 immemor,
1925 548 2122 603 rationi

548 632 1183 716 consiliisque'praclusa
1208 662 1221 710 ;
1251 634 1377 699 dom
1408 638 1571 700 variis
1600 641 1793 712 agitata
1825 641 2023 708 causis,
2054 640 2121 697 ad

534 734 1021 795 considerationem
1049 730 1271 809 justitiae
1299 728 1548 794 inhabilis
1576 747 1627 794 et
1650 728 1825 793 ruinae
1854 736 1911 791 ﬁt
1940 733 2117 803 simul,

536 845 807 905 superque
834 833 887 889 in
910 822 1056 903 quod
1087 824 1451 903 oppresserit,
1488 824 1779 901 frangitur;

800 928 801 931 γ
1049 918 1277 1037 eaeor
1318 962 1602 1031 PRIMUM.

1116 1080 1197 1135 De
1222 1080 1400 1135 Itaqu
1422 1080 1533 1135 ira.

604 1192 830 1251 Habitus
876 1193 1049 1250 audax
1097 1201 1152 1249 et
1195 1192 1375 1247 minax
1416 1192 1629 1255 vultus,
1672 1188 1842 1245 tristis
1878 1188 2029 1243 frons
2064 1195 2121 1242 et

533 1297 717 1346 torvus
759 1288 1018 1354 intuitus,
1052 1285 1213 1342 faciei
1258 1296 1345 1341 aut
1380 1284 1550 1355 pallor
1575 1294 1666 1339 aut
1694 1283 1858 1339 rubor
1886 1301 1894 1335 :
1924 1287 2120 1336 astuat

533 1382 601 1438 ab
630 1382 754 1439 imis
784 1380 1096 1452 praecordiis
1128 1381 1371 1451 sanguis,
1395 1378 1623 1447 flagrant
1650 1387 1706 1434 et
1730 1377 1929 1432 micant
1952 1372 2114 1439 oculi,

532 1483 768 1532 tremunt
793 1474 964 1540 labia,
997 1474 1432 1544 comprimuntur
1471 1472 1691 1538 dentes,
1724 1469 1915 1525 crebro
1942 1474 1998 1523 et
2026 1481 2118 1521 ve-

530 1566 835 1622 hementius
872 1576 995 1621 acto
1038 1564 1271 1633 suspirio
1319 1563 1560 1632 quatitur
1614 1570 1839 1631 pectus,
1883 1558 2117 1628 gemitus

530 1657 744 1723 anxius,
777 1666 829 1711 et
856 1657 1016 1728 paulo
1047 1656 1337 1724 explanate
1366 1669 1502 1711 sono
1531 1667 1710 1710 sermo
1737 1662 1823 1709 est
1850 1664 2113 1721 pmeps,

524 1747 709 1803 rabida
742 1749 891 1803 vocis
930 1747 1142 1819 eruptio
1163 1791 1176 1812 ,
1219 1746 1357 1803 colla
1387 1745 1675 1813 distendit,
1710 1744 1965 1814 inquietae
1994 1757 2112 1797 ma-

524 1853 628 1892 nus
652 1878 667 1903 ,
713 1838 1017 1908 saepiusque
1057 1837 1322 1907 compulsi
1364 1837 1538 1892 coitus
1566 1836 1855 1908 digitorum
1880 1876 1898 1904 ,
1924 1836 2114 1891 dentes
2142 1828 2192 1891 Β

524 1926 788 1995 strident,
822 1928 1011 1984 citatus
1042 1930 1262 2000 gradus,
1293 1929 1610 1999 pulsataque
1640 1927 1865 1999 pedibus
1894 1927 2111 1994 humus,

524 2030 674 2078 artus
701 2022 926 2093 trepidi,
958 2032 1013 2078 et
1056 2021 1292 2078 instabili
1328 2023 1677 2097 ﬂuctuatione
1719 2030 1889 2078 totum
1930 2022 2113 2077 conci-

524 2119 694 2168 tatum
722 2127 957 2184 corpus;
984 2128 1206 2185 magnas
1228 2129 1291 2169 ex
1316 2129 1374 2171 se
1397 2113 1677 2183 proferens
1705 2116 1809 2169 iras
1839 2112 2113 2169 horribilis

521 2205 599 2262 ira
626 2250 639 2272 ,
689 2209 947 2277 depravat
994 2222 1053 2264 se
1098 2218 1261 2278 atque
1308 2209 1649 2275 intumescit;
1692 2209 1765 2263 ita
1804 2217 1862 2262 ut
1902 2208 2114 2263 nescias

521 2309 700 2358 utrum
750 2303 920 2373 magis
969 2296 1291 2359 detestabile
1336 2305 1404 2358 sit
1453 2305 1676 2368 vitium,
1724 2319 1790 2356 an
1845 2302 2109 2358 deforme.

521 2395 744 2462 Qualem
777 2407 929 2465 putas
962 2398 1109 2475 intus
1135 2412 1259 2453 esse
1285 2400 1544 2461 animum,
1580 2399 1732 2467 cujus
1760 2407 1907 2453 extra
1938 2400 2114 2469 imago

523 2502 630 2547 tam
662 2492 800 2550 fmda
844 2495 969 2549 est?
998 2474 1215 2552 Caetera
1257 2496 1378 2552 vitia
1409 2498 1808 2553 absconduntur
1851 2507 1904 2553 et
1934 2498 1985 2552 in
2019 2495 2113 2550 ab-

523 2584 636 2639 dito
666 2586 931 2657 refugiunt
960 2604 975 2647 :
1008 2588 1085 2643 ira
1114 2604 1175 2644 se
1207 2589 1415 2657 prodit,
1445 2600 1497 2644 et
1522 2589 1573 2644 in
1602 2590 1734 2643 facie
1761 2589 1911 2653 exit;
1943 2604 2113 2657 quan-

522 2686 683 2749 toque
710 2680 879 2750 major
909 2689 992 2738 est
1012 2725 1027 2750 ,
1060 2691 1209 2739 tanto
1247 2684 1580 2740 manifestius
1609 2684 1935 2741 exardescit.
1965 2683 2111 2739 Nihil

522 2784 652 2841 ergo
677 2769 855 2828 minus
885 2788 1043 2843 quam
1072 2772 1231 2829 irasci
1265 2775 1585 2843 prudentem
1613 2774 1793 2832 decet.

1148 2910 1375 2971 CAPUT
1413 2912 1474 2969 Π.

1058 3018 1140 3078 De
1162 3024 1423 3091 dilectibus
1460 3025 1575 3081 ira.

593 3134 676 3193 ira
720 3138 903 3194 omnia
945 3151 1013 3193 ex
1052 3138 1260 3209 optimo
1295 3146 1350 3195 et
1372 3138 1674 3210 justissima
1700 3140 1751 3195 in
1781 3140 2109 3196 contrarium

2227 566 2319 618 ro,
2352 564 2406 607 ut
2436 556 2610 609 solent
2638 558 2856 612 ﬂumina
2890 560 3275 641 procellaque,
3309 568 3636 639 praecipitat,
3680 573 3803 630 nul-

2226 642 2381 714 laque
2409 646 2579 715 magis
2608 657 2797 735 urget,
2829 650 2941 706 sive
2968 651 3110 708 valet
3140 657 3369 735 superba
3387 702 3400 721 ,
3431 658 3548 735 sive
3578 662 3802 723 frustra-

2226 747 2310 793 tur
2342 740 2543 795 insana.
2579 742 2695 797 Alia
2727 734 2853 800 vitia
2886 762 2915 800 a
2945 747 3176 815 ratione,
3205 750 3279 805 ira
3310 732 3486 810 autem
3514 770 3542 809 a
3569 758 3803 825 sanitate

2222 832 2488 902 discedit;
2536 852 2653 891 nam
2694 854 2793 894 nec
2834 832 3081 911 repulsa,
3123 843 3175 898 in
3220 844 3435 925 taedium
3474 850 3647 919 agitur
3674 854 3802 920 sui;

2222 925 2855 1013 sed,ubi'adversarius
2907 933 3259 1003 subtrahitur,
3310 954 3522 1015 morsus
3575 957 3699 999 suos
3749 946 3798 1015 iu

2221 1010 2560 1090 semetipsam
2599 1012 2879 1080 convertit.
2922 1025 3126 1103 Caetera
3169 1030 3291 1111 vitia
3331 1010 3571 1102 singulos
3602 1018 3603 1021 η
3636 1050 3803 1106 quos-

2218 1128 2323 1183 que
2360 1115 2685 1185 corripiunt,
2718 1121 2796 1172 ira
2825 1128 3003 1175 autem
3037 1120 3304 1179 interdum
3349 1125 3545 1195 multos
3587 1127 3802 1196 publice

2222 1204 2464 1261 invadit:
2519 1222 2639 1263 nam
2694 1198 2961 1283 nunquam
3014 1214 3245 1291 populus
3296 1200 3582 1275 universus
3637 1221 3800 1295 simul

2218 1298 2510 1355 iornicandi
2541 1302 2829 1381 cupiditate
2858 1320 3150 1363 succensus
3190 1319 3311 1377 est;
3360 1326 3460 1368 nec
3506 1313 3557 1370 in
3594 1313 3799 1385 lucrum

2218 1393 2458 1461 pecuniae
2496 1409 2643 1464 spem
2686 1412 2835 1461 suam
2878 1408 2990 1454 tota
3030 1401 3189 1463 simul
3230 1401 3420 1460 civitas
3475 1406 3663 1476 misit;
3704 1424 3804 1466 nec

2218 1482 2440 1542 honoris
2469 1486 2701 1567 ambitus
2728 1490 2987 1561 gregatim
3017 1504 3239 1551 cunctos
3260 1536 3275 1561 ,
3306 1496 3407 1573 sed
3447 1486 3646 1572 viritim
3692 1499 3803 1573 sin-

2216 1576 2370 1649 gulos
2408 1589 2678 1651 occupat:
2722 1589 2780 1637 at
2816 1599 2945 1641 vero
2988 1587 3040 1641 in
3082 1586 3217 1643 iram
3263 1603 3369 1647 uno
3408 1604 3553 1671 saepe
3592 1574 3808 1663 agmine

2215 1671 2452 1728 curritur
2479 1676 2815 1731 catervatim.
3480 1670 3485 1673 ’

2829 1788 3058 1851 CAPUT
3093 1792 3179 1855 ιιι.

2672 1904 2755 1961 De
2773 1906 2935 1962 tribus
2963 1908 3057 1964 ira
3075 1909 3329 1966 remediis.

2288 2024 2345 2079 ln
2374 2026 2507 2081 iram
2527 2025 2764 2113 primum
2792 2026 3089 2084 remedium
3121 2038 3223 2111 est,
3253 2044 3360 2085 non
3393 2029 3588 2098 irasci;
3620 2044 3803 2089 secun-

2215 2122 2362 2186 dum,
2395 2123 2502 2178 cito
2527 2120 2812 2187 desinere;
2841 2122 3082 2189 tertium,
3116 2121 3307 2179 alienae
3336 2139 3549 2197 quoque
3580 2127 3672 2182 ira:
3694 2141 3803 2183 me-

2216 2213 2350 2269 deri.
2379 2215 2613 2269 Primum
2641 2223 2724 2269 est
2765 2229 2916 2285 ergo,
2950 2230 3014 2268 ne
3041 2214 3345 2271 incidamus
3379 2216 3430 2271 in
3464 2217 3635 2272 iram:
3660 2217 3804 2288 quod

2215 2307 2260 2361 si
2293 2302 2567 2371 acciderit,
2598 2303 2890 2361 secundum
2920 2306 3217 2362 remedium
3249 2314 3346 2373 est,
3381 2322 3449 2362 ne
3482 2308 3533 2363 in
3565 2309 3645 2363 ira
3676 2323 3805 2378 pec-

2214 2412 2420 2454 cemus.
2472 2396 2603 2452 Nam
2653 2398 2790 2453 sicut
2819 2396 2874 2452 in
2910 2412 3195 2467 corporum
3227 2414 3379 2467 cura,
3411 2399 3516 2454 alia
3557 2399 3633 2463 de
3674 2414 3806 2455 con-

2215 2490 2477 2546 servanda
2524 2491 2756 2547 sanitate
2789 2488 3055 2561 praecepta
3097 2503 3241 2559 sunt,
3275 2486 3379 2547 alia
3410 2490 3477 2547 de
3527 2492 3805 2573 medendis

2215 2586 2403 2641 morbo
2428 2584 2719 2655 correptis;
2750 2585 2824 2641 ita
2872 2582 3017 2641 aliud
3047 2594 3130 2641 est
3161 2586 3295 2640 iram
3328 2582 3588 2641 cohibere
3618 2601 3686 2640 ne
3716 2578 3811 2640 in?

2213 2685 2418 2749 surgat,
2446 2678 2589 2733 aliud
2638 2693 2984 2749 compescere
3020 2679 3127 2748 jam
3162 2687 3420 2734 erectam.
3468 2677 3617 2735 Sicut
3659 2680 3804 2734 enim

2212 2785 2337 2841 pars
2366 2771 2609 2840 superior
2637 2781 2691 2827 et
2722 2772 3017 2842 prepinqua
3049 2770 3339 2837 sideribus,
3389 2786 3491 2826 nec
3523 2773 3576 2826 in
3608 2766 3809 2831 nubem

2213 2864 2626 2933 constringitur,
2678 2878 2779 2919 nec
2832 2865 2882 2917 in
2934 2862 3202 2920 turbinem
3262 2863 3522 2929 vertitur;
3584 2863 3808 2920 inferior

2214 2942 2345 3011 vero
2374 2955 2572 3022 saepius
2602 2954 2915 3010 fulminatur
2948 2974 2960 3009 :
2989 2956 3179 3011 eodem
3212 2956 3374 3011 modo
3400 2955 3650 3011 sublimis
3691 2946 3807 3011 ani?-

2215 3060 2357 3112 mus,
2384 3045 2599 3114 quietus
2626 3034 2840 3116 semper
2864 3056 2917 3102 et
2960 3047 3013 3100 in
3046 3045 3332 3116 tranquilla
3381 3048 3614 3102 statione
3660 3038 3806 3103 local

2219 3149 2325 3205 tus,
2366 3138 2541 3193 omnia
2574 3138 2705 3193 infra
2735 3144 2793 3193 se
2820 3154 3068 3209 premens
3095 3138 3287 3208 quibus
3320 3137 3397 3193 ira
3442 3137 3805 3205 contrahitur,

529 3235 717 3284 mutat.
751 3227 1137 3299 Quemcunque
1169 3230 1494 3300 obtinuerit,
1527 3232 1725 3287 nullius
1765 3247 1887 3288 eum
1917 3232 2105 3288 memi-
2142 3200 2190 3267 C
2222 3232 2496 3287 modestus
2536 3245 2598 3286 ac
2648 3231 2971 3286 venerabilis
3021 3231 3307 3285 invenitur.
3356 3228 3581 3285 Animus
3626 3238 3805 3284 autem

530 3320 680 3377 nisse
718 3320 883 3378 ofﬁcii
925 3323 1076 3380 sinit.
1128 3324 1200 3378 Da
1245 3341 1365 3381 eam
1412 3326 1587 3395 patri,
1618 3325 1868 3381 inimicus
1893 3335 2014 3393 est;
2046 3326 2114 3382 da

528 3414 662 3482 filio,
693 3416 959 3485 parricida
987 3425 1071 3473 est
1096 3436 1109 3484 ;
1140 3418 1205 3474 da
1240 3420 1435 3485 matri,
1462 3433 1691 3476 noverca
1722 3428 1838 3484 est;
1870 3420 1935 3475 da
1964 3421 2112 3490 regi,

529 3515 793 3578 tyrannus
838 3518 945 3565 est.
1002 3511 1083 3566 Ira
1134 3527 1233 3567 nec
1280 3511 1333 3567 in
1377 3512 1577 3581 prmliis
1628 3512 1770 3567 utilis
1820 3511 2111 3579 invenitur,

516 3597 640 3667 quia
680 3600 734 3656 in
790 3602 1149 3658 temeritatem
1202 3618 1369 3672 prona
1419 3613 1538 3669 est;
1590 3612 1647 3657 et
1693 3604 1933 3672 pericula
1982 3604 2110 3659 dum

518 3691 701 3750 nferre
739 3695 895 3764 vult,
937 3711 1047 3753 non
1087 3705 1290 3763 cavet;
1333 3698 1587 3767 venitque
1626 3697 1679 3751 in
1737 3696 1897 3752 aliam
1963 3707 2113 3767 pote-

516 3791 710 3841 statem
756 3786 881 3842 dum
909 3803 1015 3843 non
1054 3798 1137 3844 est
1186 3789 1237 3843 in
1285 3803 1401 3843 sua.
1460 3788 1541 3843 Ira
1587 3803 1651 3844 ex
1694 3788 1915 3859 proprio
1957 3789 2113 3845 libito

513 3878 757 3950 iudicat;
789 3882 976 3938 audire
1003 3899 1111 3939 non
1164 3883 1311 3950 vult,
1361 3898 1461 3939 nec
1511 3884 1811 3955 patrocinio
1856 3885 2113 3956 relinquit

517 3970 722 4027 locum.
765 3973 1034 4031 Judicium
1081 3989 1235 4031 suum
1283 3974 1421 4046 eripi
1454 3975 1587 4045 sibi,
1629 3976 1839 4033 etiamsi
1886 3992 2109 4049 pravum

517 4065 618 4131 sit,
654 4079 761 4147 non
793 4066 941 4121 sinit.
979 4067 1138 4121 Amat
1182 4077 1235 4122 et
1274 4076 1453 4123 tuetur
1496 4083 1733 4125 errorem
1772 4084 1964 4136 suum,
2008 4084 2108 4126 nec

514 4157 631 4214 vult
656 4160 838 4232 argui,
881 4159 1095 4216 etiamsi
1132 4160 1303 4219 oculis
1337 4163 1617 4220 manifesta
1662 4165 1864 4220 veritas
1896 4165 2109 4237 ingera-

514 4244 622 4310 tur.
658 4253 945 4311 Honestior
974 4255 1053 4311 illi
1084 4256 1136 4310 in
1166 4256 1307 4311 male
1351 4255 1543 4327 coeptis
1587 4257 1878 4326 pertinacia
1898 4299 1912 4323 ,
1944 4272 2106 4327 quam

511 4350 781 4406 correctio
806 4350 1124 4406 aestimatur.
1160 4349 1418 4419 Quamvis
1449 4352 1589 4406 enim
1622 4366 1771 4405 vanae
1802 4349 1948 4405 illam
1979 4365 2108 4406 con-

512 4441 794 4498 citaverint
841 4457 962 4509 res,
1015 4458 1365 4514 perseverare
1403 4443 1555 4510 vult,
1587 4458 1656 4499 ne
1695 4444 1942 4500 videatur
1986 4445 2105 4499 sine

512 4548 673 4590 causa
704 4536 954 4605 coepisse.
980 4535 1051 4591 Et
1081 4522 1224 4606 quod
1256 4544 1343 4591 est
1371 4534 1633 4605 iniquius,
1657 4536 1784 4591 dum
1817 4537 2098 4604 retinetur,

514 4628 572 4682 ﬁt
601 4599 923 4697 pertinacior
953 4638 1008 4684 et
1036 4599 1313 4698 augescit,
1348 4599 1498 4698 quasi
1533 4599 1634 4682 hoc
1663 4630 1834 4699 ipsum
1864 4599 2101 4700 graviter
2124 4599 2183 4664 D

511 4708 671 4780 irasci
698 4710 858 4795 justas
889 4725 982 4781 ira:
1014 4724 1083 4780 sit
1112 4734 1501 4795 argumentum.
1552 4724 1707 4791 Quod
1745 4725 1789 4779 si
1839 4735 2099 4795 quantum

512 4806 771 4885 minatur,
803 4826 1008 4871 tantum
1042 4816 1304 4881 valuerit,
1338 4815 1406 4871 ob
1435 4815 1539 4871 hoc
1569 4815 1729 4871 etiam
1776 4818 1900 4887 quia
1945 4819 2102 4872 terri-

510 4907 633 4963 bilis
664 4917 781 4974 est,
812 4908 1043 4979 amplius
1083 4916 1168 4963 est
1206 4909 1400 4963 invisa.
1452 4907 1507 4963 Si
1554 4924 1682 4964 vero
1732 4911 1847 4965 sine
1896 4912 2100 4967 viribus

509 5012 637 5068 est.
678 5003 1018 5072 contemptui
1064 5010 1149 5061 est
1195 5004 1366 5072 magis
1415 5005 1698 5073 exposita,
1749 5006 2101 5077 derisumque

511 5106 617 5147 non
652 5091 827 5162 fugit;
861 5091 955 5148 sed
994 5091 1347 5161 periculosius
1374 5101 1458 5149 est
1486 5094 1613 5150 illud
1634 5137 1649 5163 ,
1691 5102 1867 5153 tamen
1898 5099 2094 5164 tutius,

511 5186 738 5259 despici.
780 5188 982 5241 Omnes
1019 5186 1151 5242 alias
1182 5188 1456 5256 passiones
1495 5189 1570 5244 ira
1614 5189 1715 5245 sibi
1749 5182 1991 5251 subditas
2021 5192 2099 5248 fa-

511 5283 578 5337 cit
600 5322 614 5349 ,
645 5281 901 5349 nullaque
930 5290 1011 5337 est
1040 5280 1262 5336 ambitio
1290 5282 1455 5339 animi
1496 5283 1547 5339 in
1585 5301 1689 5354 qua
1738 5287 1815 5340 ira
1868 5303 1970 5341 non
2001 5286 2099 5340 du-

511 5376 775 5439 minetur;
807 5382 860 5428 et
886 5373 1166 5429 avaritiam
1197 5377 1482 5445 pessimum
1527 5380 1726 5435 malum
1768 5379 2098 5449 minimeque

510 5465 747 5519 ﬂexibile
785 5465 861 5519 ira
909 5466 1100 5522 calcat.
1152 5466 1371 5534 Quoties
1410 5470 1619 5525 scilicet
1663 5471 1831 5526 iratus
1882 5472 2096 5526 animus

509 5572 641 5629 opes
671 5571 795 5619 suas
821 5558 1040 5614 adactus
1065 5560 1305 5634 spargit!
1336 5559 1557 5631 Quo‘ties
1587 5578 1783 5633 magno
1829 5565 2093 5619 aestimata

510 5651 685 5720 pretio
728 5650 955 5723 insignia
994 5652 1237 5724 projicit!
1275 5654 1370 5719 Irae
1410 5655 1665 5711 violentia
1697 5656 2007 5727 repentina,
2042 5666 2096 5711 et

512 5744 765 5817 universa
790 5754 873 5801 est
904 5763 917 5802 :
947 5760 1052 5803 non
1084 5748 1337 5818 paulatim
1370 5746 1650 5817 procedit;
1681 5749 1775 5804 sed
1803 5749 1929 5803 dum
1964 5749 2095 5804 inci-

518 5837 620 5902 pit,
655 5846 762 5897 tota
805 5848 926 5900 est;
972 5853 1071 5896 nec
1110 5840 1337 5895 aliorum
1378 5841 1631 5896 vitiorum
1664 5838 1814 5900 more
1840 5844 2091 5900 sollicitat

2217 3326 2311 3396 qui
2366 3327 2420 3381 in
2470 3326 2681 3397 negotia
2712 3326 2877 3381 multa
2920 3322 3176 3380 discurrit
3222 3316 3277 3380 et
3315 3325 3463 3379 varia
3502 3332 3701 3397 tentat,
3753 3323 3817 3399 in_

2216 3416 2400 3472 multis
2427 3415 2615 3471 incidit
2645 3416 2895 3485 querelis.
2929 3415 3082 3471 Alius
3123 3429 3273 3483 spem
3320 3418 3437 3482 ejus
3481 3413 3636 3495 fallit,
3667 3412 3806 3495 alius

2216 3506 2428 3574 didert,
2480 3508 2614 3563 alius
2642 3504 2917 3578 intercipit
2953 3524 2965 3561 :
3012 3514 3177 3578 atque
3221 3508 3292 3562 ita
3339 3508 3577 3561 omnium
3618 3488 3805 3561 rerum

2215 3602 2431 3659 exsistit
2456 3604 2759 3670 impatiens,
2794 3611 2849 3657 et
2893 3616 2957 3657 ex
3004 3599 3293 3656 levissimis
3334 3601 3580 3654 irascitur
3604 3584 3817 3667 causis,—

2217 3710 2359 3751 nunc
2406 3710 2672 3765 personaa,
2710 3708 2850 3749 nunc
2902 3695 3135 3765 negotio,
3169 3708 3312 3749 nunc
3361 3694 3611 3763 tempori,
3660 3706 3803 3747 nunc

2217 3791 2354 3854 loco,
2387 3804 2528 3843 nunc
2555 3790 2674 3842 sibi.
2708 3786 2777 3843 Ut
2804 3802 2931 3859 ergo
2958 3788 3170 3858 quietus
3211 3786 3280 3841 sit
3320 3786 3549 3854 animus,
3583 3802 3689 3841 non
3717 3796 3801 3844 est

2215 3886 2499 3942 multarum
2533 3900 2709 3940 rerum
2761 3894 2881 3940 actu
2914 3883 3213 3951 lassandus,
3255 3899 3352 3940 nec
3382 3900 3693 3956 magnarum
3735 3878 3811 3944 ac

2214 3993 2373 4048 supra
2404 3978 2549 4033 vires
2598 3978 2976 4047 appetitarum.
3028 3974 3208 4032 Facile
3233 3987 3313 4032 est
3364 3978 3505 4032 enim
3538 3977 3672 4034 levia
3704 3994 3801 4048 ap-_

2212 4071 2417 4142 plicare
2444 4069 2764 4135 cervicibus,
2788 4079 2843 4126 et
2874 4070 2927 4125 in
2946 4069 3255 4126 utramlibet
3275 4077 3481 4139 partem
3509 4069 3629 4125 sine
3645 4068 3799 4139 lapsu

2211 4164 2500 4223 transferre

2822 4231 3044 4290 CAPUT
3083 4231 3175 4287 IV.

2558 4327 2637 4385 De
2660 4330 2830 4385 causis
2855 4329 3038 4400 quibus
3065 4329 3324 4383 enascitur
3347 4330 3445 4383 ira.

2278 4444 2478 4501 Contra
2519 4443 2721 4514 primas
2761 4458 2890 4513 ergo
2926 4457 3115 4498 causas
3146 4446 3243 4497 irae
3294 4443 3634 4514 pugnandum
3686 4453 3795 4500 est.

2206 4539 2378 4594 Causa
2409 4546 2585 4593 autem
2621 4538 2737 4603 iraa,
2766 4535 2948 4604 Opinio
2978 4546 3059 4590 est
3087 4533 3298 4605 injuriae
3343 4554 3355 4589 :
3389 4536 3473 4590 cui
3499 4534 3798 4607 nonfaCile

2208 4644 2291 4690 est
2336 4630 2695 4696 credendum,
2727 4644 2827 4684 nec
2877 4628 3076 4698 apertis
3118 4628 3331 4697 quidem
3386 4627 3797 4699 manifestisque

2207 4725 2689 4799 conjectationibus
2718 4723 2897 4777 statim
2927 4730 3011 4777 est
3039 4719 3424 4786 accedendum,
3457 4718 3577 4787 quia
3624 4721 3796 4776 inter-

2208 4823 2334 4877 dum
2364 4821 2494 4875 falsa
2526 4819 2641 4873 veri
2670 4817 2903 4886 speciem
2933 4816 3124 4870 ferunt.
3175 4813 3539 4869 Differendum
3581 4828 3797 4885 semper

2207 4926 2290 4972 est
2320 4924 2530 4983 tempus
2564 4932 2576 4966 :
2609 4913 2805 4967 dilatus
2834 4909 2947 4963 dies
2995 4909 3197 4977 aperiet
3226 4906 3529 4961 veritatem.
3561 4902 3677 4961 Non
3720 4904 3805 4959 fa;

2210 5013 2313 5069 cile
2342 5024 2502 5067 aures
2530 5005 2941 5064 criminantibus
2986 5008 3233 5071 pateant;
3284 5000 3379 5063 sed
3412 5000 3515 5057 hoc
3544 5001 3805 5064 humana

2213 5111 2417 5158 natura:
2447 5100 2630 5153 vitium
2664 5102 2969 5162 suspectum
3001 5100 3292 5162 notumque
3328 5092 3396 5145 sit
3442 5090 3621 5159 nobis,
3652 5088 3793 5159 quod

2210 5211 2272 5251 ea
2302 5209 2422 5265 quae
2450 5180 2596 5246 inviti
2627 5187 2893 5247 audimus,
2924 5185 3078 5240 facile
3097 5185 3389 5252 credimus,
3420 5193 3477 5241 et
3492 5182 3793 5243 irascimur.

2210 5286 2357 5342 Multi
2391 5285 2531 5339 enim
2562 5278 2955 5348 suspicionibus
2982 5278 3346 5347 impelluntur,
3373 5286 3428 5333 et
3447 5292 3511 5333 ex
3544 5278 3693 5333 vultu
3721 5278 3794 5333 ri-

2209 5393 2378 5448 suque
2405 5377 2581 5432 alieno
2630 5372 2810 5445 pejora
2844 5371 3195 5441 interpretati,
3238 5369 3616 5426 innocentibus
3656 5372 3791 5425 iras-

2208 5454 2750 5526 cuntur.lPlurimum
2781 5466 2906 5520 mali
2941 5465 3231 5519 credulitas
3261 5464 3404 5519 facit.
3428 5463 3792 5534 Quamobrem

2205 5576 2350 5630 saepe
2398 5574 2500 5615 nec
2546 5558 2871 5614 audiendum
2917 5556 3131 5625 quidem
3160 5564 3261 5621 est,
3296 5563 3455 5625 atque
3500 5571 3567 5611 ex
3610 5555 3790 5610 animo

2206 5653 2441 5710 tollenda
2491 5652 2743 5721 suspicio.
2779 5650 3061 5718 Nunquam
3093 5650 3485 5719 argumentatio
3514 5648 3689 5715 decet,
3738 5653 3789 5702 et

2204 5748 2528 5817 conjecturae
2577 5745 2907 5799 irritamenta
2939 5742 3160 5797 fallacia.
3216 5740 3569 5812 Simplicitate
3609 5750 3663 5795 et
3694 5741 3789 5795 be-

2204 5840 2363 5912 nigna
2390 5851 2570 5895 rerum
2601 5834 2956 5892 aestimatione
2999 5847 3132 5905 opus
3162 5842 3245 5889 est
3273 5834 3369 5888 uti.
3401 5832 3541 5888 Nihil
3570 5834 3786 5890 credere
