4108 6352
303 325 374 384 45
1509 312 1924 373 OPUSCULUM
1969 307 2056 370 Vl.
2096 312 2186 370 DE
2222 308 2359 370 lRA.
3501 321 3572 376 ω

293 444 530 509 Oportet,
577 434 681 492 nisi
707 432 848 503 quod
880 431 1166 488 manifeste
1209 432 1445 488 occurrit
1474 449 1526 494 in
1571 431 1785 494 oculos;
1827 427 2173 504 etAJqssus
2220 429 2362 498 fecit,
2412 433 2734 510 necessitate
2781 433 2936 499 fecit;
2986 445 3155 503 quare
3207 436 3570 492 succenseas?

295 526 506 598 quoties
571 523 807 592 suSpicio
854 532 1076 594 apparet
1132 524 1185 577 in
1223 523 1426 591 animo,
1458 521 1746 577 credulitas
1789 517 1885 572 ob-

295 619 556 690 iurgetur.
595 618 717 671 Haec
747 616 888 670 enim
942 617 1242 685 obiurgatio
1284 616 1730 670 consuetudinem
1778 628 1885 667 non

296 710 450 767 facile
480 708 736 765 credendi
767 707 983 762 efﬁciet.
1017 707 1074 763 Si
1109 723 1211 761 non
1258 710 1338 762 vis
1370 709 1419 761 in
1452 708 1584 761 iram
1630 706 1886 772 incidere,

297 819 370 860 ne
399 804 472 858 sis
499 802 762 857 curiosus.
795 799 898 867 Qui
927 800 1147 872 inquirit
1176 800 1303 870 quid
1354 801 1420 854 de
1451 815 1510 855 se
1536 799 1739 854 dictum
1781 805 1885 866 est,

295 906 354 954 et
401 895 662 968 malignos
709 908 1009 959 sermones,
1061 892 1274 949 etiamsi
1316 902 1528 949 secreto
1577 892 1706 947 dicti
1755 891 1885 956 sint,

297 991 465 1057 eruit,
496 990 608 1056 ipse
636 1004 694 1044 se
725 988 1006 1058 inquietat.
1039 987 1173 1042 Dum
1204 987 1345 1043 enim
1372 994 1780 1057 perpetrantur,
1822 982 1891 1038 ad

300 1084 405 1140 hoc
436 1080 821 1153 producuntur,
871 1089 927 1135 ut
969 1080 1250 1135 videantur
1297 1078 1527 1149 injuriae.
1579 1077 1684 1134 Sed
1728 1063 1782 1130 in.
1829 1090 1894 1131 ea

301 1171 723 1244 perpetratione,
780 1168 884 1246 alia
927 1169 1262 1226 defendenda
1303 1179 1455 1234 sunt,
1490 1169 1588 1222 alia
1622 1167 1890 1232 donanda,

302 1265 406 1319 alia
437 1249 731 1319 deridenda
763 1279 775 1315 :
808 1269 965 1332 atque
990 1262 1061 1317 ita
1093 1261 1175 1316 bis
1205 1262 1377 1316 modis
1413 1259 1784 1332 praevenienda
1814 1266 1897 1312 est

305 1362 407 1416 ira.
440 1359 633 1434 Multas
684 1358 907 1430 injurias
957 1357 1147 1412 transit
1203 1357 1457 1426 prudens,
1505 1363 1562 1411 et
1613 1354 1897 1424 plerasque

306 1466 415 1506 non
446 1448 671 1519 accipit;
700 1446 819 1515 quia
853 1455 944 1501 aut
969 1461 1060 1502 eas
1093 1446 1286 1511 nescit,
1321 1453 1416 1522 aut
1442 1445 1486 1500 si
1509 1445 1712 1512 scierit,
1740 1444 1790 1496 in
1819 1442 1899 1496 lu-

305 1544 434 1600 dum
480 1557 570 1598 eas
596 1543 882 1613 jocumque
907 1541 1197 1597 convertit.
1231 1539 1362 1596 Nam
1401 1540 1444 1594 si
1479 1531 1788 1610 quereletur
1808 1543 1901 1591 aut

308 1637 446 1692 falsa
475 1634 794 1706 suspicando
827 1643 916 1689 aut
966 1633 1102 1690 levia
1145 1632 1512 1708 aggravando,
1564 1647 1668 1686 non
1711 1631 1787 1686 ira
1830 1628 1900 1684 ad

309 1731 484 1798 illum,
516 1711 608 1784 sed
640 1729 754 1800 ipse
783 1729 929 1783 venit
968 1727 1032 1783 ad
1063 1728 1230 1792 iram;
1259 1742 1378 1798 qua!
1407 1741 1677 1794 nunquam
1718 1739 1902 1779 accer-

309 1821 478 1877 senda
507 1830 611 1892 est,
635 1822 728 1876 sed
752 1836 872 1876 cum
905 1820 1181 1891 irrepscrit
1211 1820 1508 1894 refutanda.
1536 1818 1708 1891 Magni
1731 1815 1896 1871 animi
1926 1817 1976 1879 Β

310 1922 417 1978 est.
451 1914 728 1986 despicere
750 1913 1005 1984 injurias;
1034 1911 1199 1966 altius
1230 1913 1281 1965 in
1306 1925 1366 1966 se
1391 1909 1676 1965 demittere
1700 1907 1897 1982 [Edit.,

309 2004 626 2075 demisere].
651 2005 776 2059 dum
801 2005 1110 2067 vindicant;
1135 2002 1312 2072 potius
1334 2009 1416 2056 est
1447 2017 1551 2053 non
1588 2000 1899 2066 agnovisse,

311 2115 473 2170 quam
499 2099 769 2184 ignovisse
795 2098 1065 2178 injuriam.
1105 2096 1399 2155 Enimvero
1432 2095 1524 2170 ille
1555 2107 1782 2164 magnus
1823 2099 1907 2148 est

312 2201 373 2248 et
424 2192 632 2257 nobilis,
687 2193 776 2264 qui
811 2206 959 2248 more
991 2206 1195 2270 magna:
1230 2190 1355 2247 ferte
1395 2189 1619 2244 latratus
1671 2189 1906 2268 minuto-

312 2300 433 2340 rum
473 2299 663 2340 canum
697 2298 918 2339 securus
949 2283 1185 2340 exaudit.
1215 2282 1466 2337 Sanctius
1515 2278 1780 2351 siquidem
1824 2287 1909 2333 est

311 2359 654 2434 dissimulare
678 2375 927 2447 injuriam
952 2391 1108 2447 quam
1139 2375 1349 2432 ulcisci.
1375 2375 1748 2432 Potentiorum
1773 2389 1907 2430 vero

313 2468 526 2540 injuriae
556 2485 660 2523 non
693 2453 896 2534 tantum
928 2469 1203 2539 patientia,
1235 2469 1329 2540 sed
1361 2469 1521 2526 etiam
1557 2469 1712 2525 hilari
1757 2468 1909 2523 vultu

313 2560 548 2618 ferenda:
577 2571 720 2639 sunt.
749 2560 968 2617 Facient
997 2563 1213 2629 iterum,
1247 2563 1289 2617 si
1322 2575 1371 2618 te
1400 2577 1640 2633 passum,
1665 2570 1720 2618 et
1745 2576 1805 2618 se
1833 2562 1908 2618 fe-

311 2653 454 2708 cisse
495 2653 840 2709 crediderint.
882 2654 1031 2709 Adeo
1079 2655 1223 2709 enim
1271 2654 1521 2726 injuriam
1555 2670 1702 2724 saepe
1730 2656 1905 2712 vindi-

313 2758 441 2800 care
473 2759 574 2798 non
598 2745 846 2816 expedit,
875 2755 928 2800 ut
956 2761 1053 2802 nec
1077 2745 1231 2802 fateri
1254 2746 1467 2817 quidem
1497 2747 1764 2818 expediat.
1800 2748 1910 2803 Ab-

315 2835 620 2892 stinendum
671 2823 850 2908 itaque
879 2838 946 2894 ab
991 2839 1070 2894 ira
1099 2847 1202 2906 est,
1255 2839 1367 2893 sive
1416 2838 1663 2910 superior
1707 2841 1778 2896 sit
1819 2839 1911 2912 qui

317 2930 559 2999 lacessit,
591 2932 704 2987 sive
735 2947 850 3003 par,
883 2935 1000 2988 sive
1023 2933 1266 2989 inferior.
1298 2933 1431 2989 Cum
1463 2935 1743 3005 superiore
1782 2951 1913 2992 con-

317 3023 562 3090 tendere,
590 3023 847 3080 furiosum
878 3034 989 3093 est;
1023 3041 1146 3082 cum
1171 3028 1312 3100 pari,
1340 3041 1576 3100 anceps;
1621 3041 1745 3085 cum
1776 3029 1913 3087 infe-

318 3113 483 3183 riore,
512 3115 624 3186 jam
650 3115 948 3172 sordidum.

949 3225 1174 3286 CAPUT
1217 3229 1280 3285 ν.

324 3336 484 3400 Nihil
523 3339 885 3397 susurronibus
923 3343 1262 3408 credendum;
1312 3357 1403 3399 nec
1444 3342 1614 3410 nobis,
1656 3345 1917 3402 audiendo

943 3424 1034 3468 aut
1064 3414 1303 3472 videndo.

396 3524 473 3582 Ex
521 3525 606 3582 his
632 3536 812 3583 autem
854 3543 975 3598 qua:
1019 3529 1196 3584 solent
1224 3529 1527 3598 offendere,
1570 3531 1674 3587 alia
1717 3545 1919 3588 renun-

322 3618 524 3674 tiantur
545 3620 725 3688 nobis,
752 3619 862 3680 alia
889 3619 992 3691 ipsi
1021 3621 1287 3687 audimus,
1322 3623 1428 3678 alia
1471 3633 1523 3679 et
1549 3624 1811 3680 videmus.
1840 3627 1916 3680 De

325 3699 414 3766 his
442 3725 571 3781 ergo
596 3727 717 3781 qua:
746 3722 1055 3781 narrantur,
1085 3714 1190 3769 cito
1223 3730 1330 3770 non
1361 3715 1562 3771 debent
1583 3717 1766 3784 credi,
1793 3720 1914 3789 quia

323 3803 413 3857 alii
446 3804 808 3872 mentiuntur,
839 3813 895 3860 ut
923 3806 1228 3877 decipiant;
1262 3809 1351 3863 alii
1399 3810 1613 3864 mentiri
1654 3827 1757 3864 non
1803 3814 1918 3868 exi-

323 3894 562 3960 stimant,
595 3895 717 3965 quia
748 3906 800 3951 et
832 3895 932 3965 ipsi
959 3897 1169 3967 decepti
1197 3907 1340 3952 sunt.
1365 3899 1515 3953 Alius
1544 3901 1918 3958 criminatione

324 3988 550 4058 gratiam
578 3998 788 4060 captat;
817 3999 874 4046 et
903 4000 959 4045 ut
997 3991 1242 4047 videatur
1270 3993 1433 4062 loqui,
1461 3995 1609 4049 ﬁnxit
1643 3996 1912 4066 injuriam.

327 4080 427 4135 Est
450 4081 610 4138 etiam
640 4084 850 4152 aliquis,
879 4084 970 4153 qui
1020 4085 1120 4139 hoc
1165 4086 1373 4140 occulte
1406 4089 1641 4157 loquitur
1667 4099 1716 4142 et
1763 4091 1917 4142 mali-

325 4186 452 4242 gne,
484 4182 543 4228 ut
587 4173 848 4229 amicitias
894 4175 1108 4229 dirimat
1138 4177 1492 4242 cohaerentes,
1544 4187 1634 4233 aut
1688 4188 1744 4232 ut
1773 4192 1918 4236 certe

326 4274 483 4322 suum
513 4267 652 4338 apud
693 4277 747 4324 te
774 4269 1044 4324 insimulet
1073 4269 1370 4324 inimicum.
1401 4269 1605 4325 Dicitur
1629 4271 1824 4342 aliquis
1851 4272 1918 4328 de

329 4371 379 4416 te
411 4361 546 4417 male
578 4362 803 4418 locutus.
835 4361 1020 4435 Cogita
1057 4379 1125 4417 an
1158 4363 1303 4434 prior
1339 4365 1438 4419 hoc
1485 4365 1697 4421 feceris.
1730 4363 1916 4437 Cogita

327 4456 396 4511 de
422 4471 582 4526 quam
613 4456 794 4512 multis
824 4457 937 4526 ipse
968 4457 1224 4527 loquaris.
1255 4455 1441 4528 Cogita
1475 4475 1579 4514 non
1607 4459 1790 4515 facere
1819 4461 1919 4516 ali-

329 4562 462 4617 quos
493 4548 763 4615 injuriam,
815 4548 907 4604 sed
938 4564 1196 4619 reponere
1241 4550 1450 4618 aliquos
1498 4565 1594 4618 pro
1641 4550 1796 4606 nobis
1838 4551 1916 4606 fa-

329 4658 482 4708 cere;
517 4643 651 4700 alios
680 4642 937 4698 adversus
985 4658 1101 4708 nos,
1134 4643 1227 4698 sed
1275 4651 1485 4709 coacte;
1519 4646 1654 4700 alios
1683 4655 1737 4702 et
1763 4644 1918 4717 igno-

330 4743 534 4790 ranter.
585 4734 690 4790 Eos
732 4743 908 4789 autem
940 4736 1026 4804 qui
1054 4739 1296 4792 volentes
1326 4737 1668 4807 scientesque
1697 4738 1919 4805 faciunt,

329 4843 436 4883 non
468 4831 635 4897 ipsam
668 4828 914 4898 injuriam
944 4838 1216 4898 appetere,
1265 4831 1360 4886 sed
1389 4841 1478 4886 aut
1507 4832 1793 4888 dulcedine
1834 4849 1923 4889 ur-

333 4921 582 4976 banitatis
611 4921 916 4990 prolapsos;
951 4931 1042 4975 aut
1084 4919 1328 4977 fecerunt
1353 4923 1581 4992 aliquid,
1617 4939 1722 4978 non
1748 4932 1807 4980 ut
1829 4941 1929 4980 no-

333 5013 418 5068 bis
449 5015 726 5077 obessent,
758 5012 850 5068 sed
895 5014 1016 5082 quia
1063 5014 1218 5069 aliter
1244 5016 1498 5083 consequi
1529 5030 1646 5086 quae
1673 5017 1931 5072 volebant

332 5125 436 5163 non
468 5117 776 5179 potuerunt.
809 5108 884 5162 Ac
913 5105 967 5161 in
1013 5107 1094 5162 bis
1125 5125 1242 5177 qum
1274 5108 1540 5163 audiendo
1571 5118 1661 5163 aut
1691 5109 1920 5166 videndo

333 5205 634 5272 cognoscis,
654 5208 898 5255 naturam
914 5199 1353 5269 voluntatemque
1377 5201 1628 5257 discnties
1652 5199 1920 5268 facientis,

334 5292 709 5364 peccantisque
755 5291 996 5371 animum
1028 5292 1373 5360 perpensabis
1403 5311 1415 5346 :
1447 5294 1698 5358 voluerit,
1743 5308 1812 5347 an
1842 5293 1924 5347 in-

333 5386 552 5452 ciderit;
585 5385 842 5455 deceptus
888 5385 981 5452 sit,
1029 5398 1096 5437 an
1130 5393 1368 5438 coactus.
1422 5384 1651 5440 Puerum
1703 5395 1924 5441 excuset

334 5491 489 5550 aetas,
541 5478 664 5548 quia
707 5477 881 5533 nescit
927 5457 1261 5546 an‘peccet;
1302 5484 1617 5530 extraneum
1671 5477 1918 5544 libertas;

337 5571 691 5627 domesticum
717 5569 1069 5625 familiaritas.
1102 5568 1156 5625 Si
1193 5569 1421 5638 primunt
1468 5569 1722 5635 offendit,
1747 5570 1921 5640 cogita

336 5680 497 5735 quam
525 5662 616 5719 diu
650 5661 928 5734 placuerit.
963 5661 1020 5717 Si
1058 5676 1225 5730 sape,
1259 5660 1339 5718 fer
1385 5661 1528 5731 quod
1557 5675 1702 5730 saepe
1731 5660 1923 5718 tulisti.

415 5833 439 5863 ⁸
463 5825 554 5880 Sic
579 5823 708 5879 edit.
733 5839 750 5891 ;
778 5821 872 5878 sed
897 5820 1202 5898 legendum,
1236 5841 1337 5881 non
1359 5825 1478 5896 quia
1503 5824 1598 5879 illa
1623 5823 1775 5880 dura.

1988 521 2138 588 Quod
2169 525 2212 577 si
2241 523 2488 593 injuriam
2535 524 2750 598 recipis,
2785 538 2890 578 non
2932 532 3015 579 est
3045 523 3256 594 injuria,
3288 525 3432 594 quod
3480 542 3572 580 su-

1989 615 2170 684 perius
2212 617 2400 672 feceris
2448 618 2571 686 pati.
2613 616 2783 672 Judex
2827 626 2941 683 est;
2972 616 3017 672 si
3066 628 3346 674 nocentem
3393 622 3571 688 punit,

1989 709 2121 764 cede
2143 709 2381 779 iustitiae.
2414 712 2630 766 Amicus
2660 721 2773 778 est;
2809 711 2933 766 fecit
2973 711 3115 781 quod
3158 710 3344 766 noluit.
3390 711 3573 765 lnimi-

1993 802 2164 876 micus
2193 811 2304 868 est;
2335 803 2456 858 fecit
2491 803 2632 873 quod
2664 803 2866 858 debuit.
2902 802 3060 858 Pater
3086 809 3206 868 est;
3237 804 3412 874 cogita
3451 799 3577 872 quia

1993 903 2198 948 tantum
2229 896 2446 965 profuit,
2477 905 2535 951 ut
2564 897 2663 964 ipsi
2692 897 2854 952 etiam
2882 894 3131 967 injuriam
3160 894 3342 951 facere
3375 895 3454 949 fas
3483 894 3574 950 sit.

1993 987 2191 1064 Mutum
2222 990 2417 1066 animal
2443 999 2556 1056 e~t;
2589 992 2756 1067 ipsum
2792 992 2832 1044 si
2865 990 3136 1056 irasceris,
3183 988 3428 1043 imitaris.
3473 987 3578 1043 Po-

1995 1090 2196 1162 stremo
2221 1085 2263 1136 si
2298 1082 2469 1158 bonus
2497 1084 2580 1137 vir
2608 1100 2683 1139 est
2716 1084 2806 1156 qui
2837 1083 3086 1152 injuriam
3139 1083 3283 1149 fecit,
3323 1084 3429 1138 noli
3461 1097 3580 1138 cre-

1996 1173 2158 1237 dere;
2187 1173 2230 1226 si
2259 1173 2451 1235 malus.
2484 1174 2590 1228 noli
2623 1175 2841 1252 imitari.
2873 1173 3209 1230 Prudentiori
3237 1174 3388 1242 cede,
3415 1174 3582 1230 stulto

1997 1264 2224 1318 remitte.
2261 1263 2416 1334 Regis
2446 1249 2674 1336 quisque
2697 1266 2834 1321 intra
2859 1283 2916 1322 se
2941 1269 3177 1323 animum
3207 1267 3389 1335 habet,
3421 1275 3479 1334 ut
3518 1266 3582 1322 li-

1998 1355 2228 1428 centiam
2257 1355 2358 1409 sibi
2390 1355 2443 1410 in
2473 1354 2605 1411 alios
2633 1358 2747 1410 dari
2781 1360 2926 1426 \‘clit,
2957 1359 3010 1414 in
3041 1375 3100 1414 se
3129 1359 3280 1414 nolit.
3324 1359 3422 1430 Qui
3455 1372 3584 1430 ergo

2000 1464 2214 1520 semper
2241 1448 2478 1506 futurum
2506 1453 2718 1528 aliquod
2747 1456 2891 1525 quod
2937 1470 3000 1514 se
3025 1455 3262 1522 offendat
3286 1455 3586 1523 existim“,

2001 1536 2221 1620 minime
2242 1556 2363 1598 cum
2394 1543 2649 1622 acciderit
2674 1544 2960 1606 irascetur.

2614 1656 2841 1716 CAPUT
2879 1659 2966 1716 V-l.

2469 1768 2602 1825 Alia:
2620 1771 2675 1824 in
2699 1772 2834 1825 iram
2861 1787 3107 1828 censura.

2077 1882 2213 1950 Quin
2255 1884 2384 1939 illud
2414 1884 2570 1940 valde
2613 1885 2668 1940 in
2708 1885 2821 1941 haec
2849 1885 3107 1942 illiberale
3136 1894 3189 1943 et
3217 1887 3437 1954 foedum,
3465 1901 3591 1946 cum

2008 1975 2248 2030 minimis
2276 1975 2611 2046 sordidisque
2639 1976 2846 2031 animus
2876 1978 3228 2032 exacerbatur
3248 1977 3298 2032 in
3322 1977 3504 2033 rebus.
3530 1977 3592 2036 Si

2007 2086 2192 2144 parum
2224 2071 2372 2140 agilis
2402 2070 2560 2125 fuerit
2579 2085 2732 2141 puer,
2761 2072 2806 2126 si
2830 2071 3057 2140 tepidior
3079 2087 3210 2143 aqua
3240 2082 3430 2141 poturo
3454 2086 3582 2142 por-

2008 2165 2217 2236 rigitur,
2247 2162 2293 2217 si
2318 2163 2562 2218 turbatur
2589 2173 2738 2219 torus
2754 2173 2846 2218 aut
2874 2179 3059 2220 mensa
3085 2166 3377 2236 neglectius
3395 2165 3590 2235 posita,

2008 2257 2055 2314 si
2085 2270 2268 2311 musca
2305 2270 2492 2325 parum
2540 2254 2742 2311 furiose
2789 2256 2985 2324 fugata,
3019 2256 3064 2310 si
3094 2271 3125 2312 e
3158 2257 3402 2311 manibus
3448 2255 3596 2312 servi

2011 2345 2360 2416 negligentius
2386 2345 2554 2401 clavis
2603 2345 2819 2414 elapsa;
2862 2361 2982 2400 cum
3028 2345 3144 2401 haec
3195 2361 3299 2400 non
3348 2349 3402 2401 in
3450 2357 3593 2402 tuam

2009 2437 2388 2492 contumeliam
2421 2433 2570 2501 fecit,
2602 2450 2700 2490 nec
2731 2435 2810 2491 sic
2837 2446 2893 2491 ut
2922 2445 2973 2492 te
3003 2437 3300 2503 offenderit,
3338 2437 3485 2502 fecit,
3515 2439 3597 2493 in-

2013 2529 2325 2583 nocentibus
2358 2542 2534 2597 parce.
2567 2527 2724 2596 Saepe
2755 2529 2916 2584 etiam
2943 2544 3106 2598 quam
3137 2530 3301 2584 stulte
3325 2531 3405 2584 liis
3437 2532 3599 2585 rebus

2011 2620 2315 2688 irascimur,
2350 2637 2467 2692 quae
2497 2619 2690 2695 [Edit.,
2739 2621 2850 2694 qui]
2901 2623 3034 2678 iram
3068 2633 3303 2679 nostram
3339 2639 3435 2678 nec
3483 2640 3596 2678 Ine-

2013 2723 2263 2778 ruerunt,
2300 2729 2396 2770 nec
2440 2715 2696 2770 sentiunt.
2743 2714 2941 2785 Ecquid
2975 2716 3073 2770 hac
3122 2716 3328 2771 insania
3371 2716 3592 2770 demen-

2015 2806 2140 2874 tius,
2172 2790 2327 2874 quam
2360 2805 2522 2865 bilem
2555 2808 2607 2862 in
2639 2808 2882 2864 homines
2911 2810 3212 2875 enllectam,
3248 2809 3302 2886 in
3333 2809 3492 2863 rebus
3522 2811 3598 2865 ef-

2014 2897 2274 2954 fundere?
2306 2901 2471 2972 A‘der
2515 2909 2571 2956 et
2613 2901 2840 2958 infelicis
2884 2902 3200 2957 valetudinis
3246 2905 3452 2957 animus
3480 2912 3597 2972 est,

2015 3009 2171 3065 quem
2218 2993 2400 3048 talium
2430 3010 2606 3049 rerum
2639 2995 2772 3050 levis
2819 3011 2945 3050 cura
2972 2992 3275 3051 conturbat.
3308 2997 3406 3052 Ubi
3453 2999 3597 3051 enim

2015 3097 2069 3143 et
2093 3090 2326 3142 animum
2359 3088 2516 3143 simul
2561 3096 2617 3142 et
2655 3102 2852 3157 corpus
2885 3087 3182 3158 voluptates
3224 3090 3596 3158 corruperint,

1943 3203 1992 3269 ο
2023 3182 2157 3236 nihil
2186 3192 2268 3237 est
2298 3182 2602 3246 tolerabile;
2626 3183 2747 3253 quia
2775 3183 2860 3237 illa
2892 3183 3022 3238 dura
3047 3193 3096 3249 ⁸,
3123 3184 3215 3239 sed
3247 3185 3367 3254 quia
3399 3185 3484 3254 qui
3509 3199 3602 3253 pa-

2021 3275 2148 3328 titur
2178 3273 2351 3329 mollis
2398 3281 2499 3329 est.
2545 3273 2696 3329 Nulla
2744 3277 2921 3345 itaque
2959 3291 3046 3331 res
3079 3277 3242 3345 magis
3275 3275 3603 3342 iracundiam

2017 3366 2111 3421 alit
2137 3380 2292 3434 quam
2316 3365 2678 3436 intemperans
2703 3376 2756 3421 et
2783 3355 3067 3436 impatiens
3096 3369 3265 3423 luxus.
3317 3369 3452 3423 Dure
3473 3383 3603 3440 ergo

2022 3459 2330 3514 tractandus
2382 3470 2462 3514 est
2492 3460 2724 3524 animus,
2779 3471 2834 3514 ut
2884 3461 3047 3515 ictum
3088 3477 3192 3516 non
3233 3465 3449 3529 sentiat,
3501 3462 3607 3517 nisi

2017 3568 2255 3624 gravem.
2304 3551 2383 3606 Ad
2431 3553 2810 3608 coercitionem
2868 3561 3045 3606 autem
3098 3555 3416 3617 errantium,
3469 3555 3607 3609 irato

2019 3645 2339 3715 castigatore
2372 3659 2502 3715 opus
2558 3660 2662 3698 non
2711 3627 2811 3698 est.
2846 3643 2980 3698 Nam
3031 3647 3150 3699 cum
3206 3645 3298 3708 irae
3351 3644 3606 3700 delictum

2021 3737 2213 3791 animae
2242 3737 2331 3804 sit,
2363 3751 2467 3789 non
2494 3744 2705 3806 oportet
2734 3745 3045 3806 peccantem
3073 3745 3291 3806 peccato
3313 3737 3602 3809 corrigere.

2021 3829 2173 3898 Quod
2224 3829 2265 3882 si
2300 3838 2504 3884 tantum
2553 3829 2812 3884 irascatur
2858 3828 3102 3897 sapiens,
3135 3839 3389 3898 quantum
3436 3830 3608 3885 scele-

2021 3936 2136 3975 rum
2171 3920 2419 3991 iniquitas
2451 3919 2633 3994 exigit,
2685 3937 2790 3976 non
2836 3922 3175 3976 irascendum
3217 3920 3313 3986 illi,
3341 3920 3433 3976 sed
3466 3921 3607 3975 insa-

2022 4014 2271 4069 niendum
2303 4027 2405 4070 est.
2437 4014 2618 4081 Furta,
2655 4013 2891 4081 fraudes,
2925 4011 3310 4078 itificiationes,
3335 4025 3389 4070 et
3418 4016 3462 4068 si
3501 4030 3605 4085 qua

2021 4116 2143 4161 sunt
2187 4107 2327 4172 alia;
2358 4109 2534 4161 omnia
2579 4109 2678 4160 ista
2712 4115 2817 4159 tam
2851 4106 3113 4175 propitius
3154 4106 3343 4173 aspicit
3370 4107 3606 4174 sapiens,

2022 4213 2181 4264 quam
2228 4198 2472 4253 medicus
2502 4211 2675 4270 aegros
2703 4212 2847 4251 suos.
2876 4197 3153 4267 Nunquam
3185 4199 3362 4268 itaque
3403 4200 3612 4252 iracun-

2023 4290 2105 4344 dia
2152 4287 2479 4344 admittenda
2511 4297 2615 4354 est,
2647 4288 2935 4360 aliquando
2968 4287 3288 4342 simulanda.
3330 4287 3387 4342 Si
3415 4302 3610 4357 segnes

2023 4381 2350 4434 audientium
2399 4377 2563 4431 animi
2605 4377 2909 4433 concitandi
2952 4385 3097 4444 sunt,
3134 4375 3425 4446 aliquando
3465 4377 3614 4434 incu-

2025 4475 2240 4532 tiendus
2268 4483 2350 4530 est
2393 4473 2474 4528 his
2504 4480 2701 4540 metus,
2751 4471 2887 4541 apud
2918 4486 3052 4542 quos
3078 4485 3180 4548 non
3214 4470 3422 4539 proficit
3459 4470 3616 4528 ratio.

2624 4583 2851 4650 CAPUT
2897 4583 3005 4640 VII.

2493 4702 2606 4768 Quo
2633 4699 2786 4754 modo
2813 4698 3038 4754 leniatur
3065 4699 3164 4755 ira.

2104 4818 2230 4874 Haec
2257 4817 2399 4872 dicta
2428 4823 2576 4881 sunt,
2609 4829 2676 4872 ne
2720 4814 2900 4869 veniat
2927 4815 3050 4883 quis
3079 4814 3131 4868 in
3177 4813 3307 4868 iram
3341 4828 3356 4867 :
3388 4813 3531 4884 quod
3573 4816 3620 4872 si

2032 4911 2140 4982 jam
2192 4910 2266 4964 ira
2318 4906 2642 4977 proruperit.
2700 4906 2987 4959 maximum
3045 4904 3119 4958 illi
3168 4906 3461 4960 remedium
3514 4914 3618 4975 est,

2041 5016 2205 5056 morae
2235 4999 2438 5054 dilatio.
2474 4997 2584 5052 Hoc
2614 4997 2843 5065 primum
2871 5003 3104 5066 petatur,
3137 5011 3241 5052 non
3272 5006 3329 5052 ut
3356 4997 3619 5068 ignoscat,

2031 5094 2124 5149 sed
2155 5101 2212 5148 ut
2237 5092 2460 5162 judicet.
2511 5087 2571 5147 Si
2615 5091 3043 5159 exspectaveris,
3075 5077 3316 5154 desinet;
3361 5105 3459 5144 nec
3503 5090 3624 5144 uni-

2031 5202 2241 5243 versam
2289 5184 2434 5239 illam
2485 5183 2775 5238 tentaveris
2830 5183 3054 5251 tollere,
3105 5198 3224 5252 qua:
3265 5181 3457 5260 [Edit.,
3509 5180 3624 5254 qui]
3679 5231 3686 5240 .

2031 5293 2221 5351 graves
2249 5278 2410 5333 habet
2439 5276 2671 5344 impetus
2708 5275 2930 5345 primos.
2963 5261 3098 5331 Tota
3123 5273 3375 5354 vincitur,
3423 5273 3468 5326 si
3497 5286 3625 5341 par-
3682 5277 3689 5328 .'

2035 5375 2173 5427 tibus
2192 5373 2460 5442 capiatur;
2486 5368 2660 5424 donec
2683 5369 2823 5438 quod
2846 5383 2910 5422 ex
2934 5369 3051 5438 ejus
3080 5366 3302 5435 imperio
3324 5373 3442 5419 erat
3461 5379 3626 5434 agen-
3656 5419 3663 5436 ,

2031 5466 2182 5528 dum,
2229 5463 2327 5533 ipsi
2381 5463 2557 5533 potius
2586 5459 2890 5529 jubeamus.
2942 5457 3217 5527 Agendum
3249 5466 3332 5511 est
3372 5456 3517 5512 enim
3568 5461 3627 5508 ut

2035 5560 2234 5630 primus
2260 5554 2375 5627 ejus
2405 5555 2586 5611 fervor
2615 5553 3004 5621 relanguescat,
3035 5558 3089 5604 et
3139 5550 3310 5619 raligo
3341 5564 3460 5618 quas
3503 5561 3626 5616 pre-

2031 5653 2128 5714 mit
2172 5658 2406 5708 mentem
2455 5644 2842 5716 aliquantulum
2877 5649 3150 5702 tenuetur.
3203 5643 3413 5713 Pugnet
3445 5647 3623 5699 autem
