4108 6352
528 480 593 537 ιτ
1648 468 2062 530 oruscuwu
2102 460 2217 525 vn.
2260 461 2347 521 ne
2386 428 2671 523 PASCHA.
3716 459 3784 516 ts

529 589 820 660 Apostolus
864 589 939 644 ait
978 587 1116 658 quod
1166 588 1391 661 subjecta
1436 589 1587 657 fuerit
1622 586 1847 641 servituti
1887 600 1987 637 non
2015 599 2108 637 sua
2134 592 2183 645 Α
2213 583 2351 637 xisse
2372 583 2513 637 enim
2548 582 2770 637 traditur
2797 579 3051 635 Dominus
3078 595 3173 634 VIII
3205 578 3320 633 Kal.
3346 579 3475 645 Apr.
3507 576 3783 634 Dominica

527 693 727 752 sponte,
758 684 847 737 sed
873 690 1080 751 prepter
1106 682 1331 749 eumqui
1358 698 1468 735 eam
1496 680 1707 751 subjecit
1736 679 1787 731 in
1815 693 1901 747 spe
1924 692 1942 730 :
1983 676 2105 745 quia

528 774 638 845 ipsa
675 774 969 829 liberabitur
1007 791 1038 827 a
1066 774 1299 828 servitute
1338 773 1600 838 interitus,
1631 786 1744 822 cum
1773 768 1999 821 libertate
2037 766 2103 833 li-

528 866 717 920 liorum
739 864 835 919 Dei
864 863 1042 934 (Rom.
1066 879 1183 930 vttt,
1205 862 1297 927 20,
1318 861 1434 930 2|).
1468 861 1589 915 Hmc
1617 866 1860 913 creatura
1886 864 1967 912 est
1993 854 2103 923 spi-

528 960 663 1013 ritus
690 958 831 1021 vitae,
860 958 947 1026 qui
972 967 996 994 ⁸
1024 957 1227 1013 creavit
1256 956 1431 1010 omnia
1462 961 1690 1009 terrenae
1719 957 2102 1018 corporaturas,

527 1049 803 1119 subjectus
843 1050 896 1103 in
942 1062 1057 1103 eam
1104 1061 1272 1117 spem,
1319 1056 1374 1099 ut
1416 1045 1484 1099 de
1526 1042 1841 1110 corruptelae
1892 1038 2105 1094 interitu

529 1157 651 1197 cum
684 1141 931 1197 libertate
959 1141 1184 1195 filiorum
1214 1138 1393 1209 gloria:
1423 1137 1677 1191 liberetur
1721 1152 1736 1188 :
1778 1149 1897 1203 quae
1925 1133 2106 1201 utique

529 1234 584 1289 in
634 1232 793 1287 hodie
839 1232 1075 1301 subjecta
1119 1240 1200 1284 est
1240 1228 1505 1295 servituti,
1553 1228 1605 1282 iu
1650 1242 1756 1297 quo
1803 1224 1830 1263 ι)
1878 1221 2107 1279 muhdus

532 1322 754 1379 etiectus
780 1333 881 1389 est,
914 1335 1067 1391 quam
1096 1319 1341 1375 Christus
1364 1318 1598 1374 liberare
1627 1319 1881 1381 venisset,
1912 1324 1968 1369 et
1996 1328 2109 1368 ser-

532 1416 695 1482 vavit,
724 1423 780 1467 ut
809 1414 860 1467 in
902 1426 969 1467 eo
1020 1422 1258 1478 tempore
1301 1418 1591 1477 pateretur,
1622 1409 1673 1462 in
1726 1421 1832 1477 quo
1863 1414 2107 1460 creatura

532 1507 767 1577 subjecta
795 1507 895 1560 erit
923 1506 1023 1577 [An
1046 1502 1253 1575 erat?];
1282 1514 1339 1557 ut
1368 1504 1454 1572 qui
1487 1503 1600 1556 dies
1626 1502 1713 1554 ille
1740 1500 1964 1554 tristitiae
1991 1497 2107 1552 tue-

2206 676 2311 731 die.
2359 676 2550 743 Quinta
2602 676 2733 730 feria
2779 684 2954 730 autem
3006 673 3358 741 princedcnte,
3409 672 3609 726 Pascha
3658 686 3779 727 cum

2206 764 2487 835 discipulis
2537 766 2834 819 comedisse
2884 782 2896 815 :
2960 764 3099 833 quod
3149 763 3242 816 luit
3288 778 3343 815 χι
3388 760 3501 815 Kal.
3546 761 3778 830 Apriles.

2205 854 2483 911 Rationem
2529 858 2662 910 hanc
2730 854 2982 921 temporis
3032 854 3187 920 hujus
3237 853 3568 915 habuerunt,
3637 853 3781 921 quod

2208 958 2450 1001 creatura
2483 964 2639 1015 quam
2674 948 2923 1000 liberarat
2963 944 3014 998 in
3046 944 3303 1013 sanguine
3329 958 3447 1009 suo,
3481 944 3529 996 in
3558 958 3621 998 eo
3649 952 3787 996 tem-

2209 1055 2337 1108 pore
2387 1040 2629 1093 servituti
2682 1039 2853 1092 fuerat
2896 1037 3155 1105 subjecta.
3214 1036 3551 1090 l't'obandum
3602 1034 3785 1101 itaque

2209 1131 2363 1184 nobis
2388 1140 2489 1197 est,
2522 1132 2572 1182 in
2605 1131 2703 1183 hoc
2734 1139 2973 1198 tempore
3002 1127 3181 1182 mundi
3214 1120 3418 1179 initium
3447 1123 3788 1180 constituisse

2210 1220 2409 1292 [Forte,
2436 1221 2776 1291 constitisse].
2802 1221 3082 1275 InchOasse
3108 1219 3359 1273 mundum
3381 1218 3524 1272 veris
3547 1224 3789 1285 tempore

2207 1313 2433 1368 Genesis
2464 1315 2639 1367 docet.
2669 1310 2799 1366 Cum
2831 1314 3055 1380 primum
3080 1319 3361 1379 appareret
3390 1309 3590 1361 aridam
3622 1321 3781 1375 quam

2210 1406 2419 1458 vocavit
2443 1404 2582 1457 Dens
2613 1414 2658 1466 ο,
2680 1404 2878 1457 dictum
2898 1412 2975 1456 est
2992 1418 3005 1455 :
3024 1401 3275 1455 Germinet
3294 1412 3428 1453 terra
3449 1416 3593 1453 omne
3613 1400 3787 1468 fenum

2208 1513 2353 1550 omne
2395 1496 2659 1565 pabulum,
2689 1504 2735 1549 et
2765 1512 2909 1548 omne
2950 1496 3109 1548 viride
3150 1495 3273 1563 ligni
3299 1493 3434 1561 quod
3464 1495 3592 1562 [erat
3619 1508 3789 1544 semen

534 1608 642 1667 rat,
674 1600 781 1668 jam
812 1598 1010 1652 lzetitim
1036 1598 1369 1662 redderetur.
1399 1596 1658 1661 Quoniam
1688 1608 1812 1650 vero
1847 1591 1980 1661 Agni
2006 1592 2107 1645 hu-
2162 1626 2175 1658 ,
2207 1590 2481 1642 secundum
2505 1604 2662 1659 genus
2687 1604 2834 1641 suum
2860 1585 3012 1654 (Gen.
3060 1600 3110 1649 ι,
3140 1585 3247 1651 ll).
3281 1583 3333 1637 In
3362 1598 3466 1653 quo
3490 1585 3789 1651 germinare

527 1693 617 1759 jus
644 1698 974 1746 sacramenta
1006 1697 1147 1742 tanta
1173 1698 1374 1753 essent,
1401 1695 1457 1741 ut
1482 1686 1718 1742 veritatis
1747 1684 1911 1755 ipsius
1943 1684 2104 1737 etiam

532 1781 720 1837 umbra
751 1781 1035 1851 proliceret
1073 1780 1139 1833 ad
1172 1780 1395 1833 salutem
1428 1778 1714 1843 liberandi,
1743 1778 1883 1832 sicut
1906 1775 1972 1829 de
2004 1774 2106 1840 his,

531 1874 599 1929 de
625 1874 881 1929 servitute
910 1871 1224 1935 Pharaonis,
1257 1868 1406 1938 quasi
1446 1868 1556 1938 jam
1608 1868 1827 1922 libertas
1852 1874 2111 1920 creatura:

2210 1682 2387 1735 omnia
2450 1681 2722 1745 videmus;
2776 1689 2933 1750 atque
2981 1681 3052 1734 ita
3101 1679 3154 1732 in
3205 1692 3270 1732 eo
3309 1691 3427 1732 esse
3474 1676 3789 1745 principium

2211 1772 2414 1834 mundi,
2468 1787 2571 1825 non
2616 1770 2940 1824 dubitamus.
2990 1767 3096 1824 Sed
3128 1784 3245 1821 cum
3281 1778 3385 1822 tres
3428 1782 3635 1821 menses
3668 1782 3791 1819 ver-

2211 1880 2336 1919 num
2384 1874 2594 1933 tempus
2638 1863 2853 1930 habeat,
2906 1866 3090 1918 horum
3137 1863 3292 1916 trium
3337 1862 3539 1915 medius
3566 1868 3668 1927 est,
3699 1861 3792 1929 qui

531 1965 600 2021 de
640 1965 894 2019 servitute
934 1962 1251 2031 corruptelae
1282 1961 1619 2030 ﬁguraretur.
1665 1959 1871 2029 Figuraa
1903 1956 2109 2027 passio-
2141 1965 2189 2024 B
2215 1958 2421 2015 initium
2453 1957 2648 2011 mundo
2678 1956 2841 2011 dedit.
2874 1955 2982 2009 Nec
3012 1960 3180 2009 solum
3211 1953 3405 2007 mensis
3437 1952 3661 2015 medius,
3693 1950 3788 2004 sed

531 2056 615 2111 nis
643 2055 843 2110 Christi
882 2052 1057 2123 imago
1089 2053 1142 2107 in
1176 2052 1461 2107 adventum
1504 2051 1689 2106 salutis
1734 2058 1950 2118 cperata
1994 2058 2103 2114 est;

530 2158 585 2204 et
617 2148 735 2204 ideo
761 2148 960 2202 dictum
1004 2155 1085 2201 est
1130 2160 1159 2199 a
1188 2145 1319 2210 Deo,
1352 2153 1409 2200 ut
1448 2146 1500 2198 in
1538 2144 1711 2213 primo
1751 2156 1937 2197 mense
1980 2140 2108 2195 anni

531 2248 717 2309 quarta
757 2238 961 2294 decima
1008 2238 1129 2291 luna
1164 2250 1333 2306 agnus
1373 2235 1772 2301 immaculatus,
1803 2232 2103 2296 anniculus,

529 2331 915 2395 immolaretur,
974 2330 1041 2384 de
1081 2329 1233 2398 cujus
1278 2328 1536 2398 sanguine
1563 2328 1751 2382 domos
1796 2341 1919 2381 suas
1948 2340 2111 2392 super

529 2420 717 2474 limina
745 2421 1111 2490 obsignarent,
1141 2434 1209 2473 ne
1254 2433 1283 2471 a
1312 2428 1578 2473 vastatore
1607 2418 1798 2486 angelo
1845 2426 2111 2470 terreren-

528 2520 656 2576 tur;
692 2522 852 2580 atque
894 2516 948 2565 in
978 2514 1090 2579 ipsa
1134 2512 1315 2577 domo,
1348 2521 1585 2567 comesto
1612 2526 1704 2580 per
1734 2513 1923 2565 domos
1950 2524 2107 2579 agno,

530 2602 671 2670 quod
699 2614 780 2657 est
806 2602 1025 2657 Paschce
1053 2602 1364 2667 celebratio,
1408 2602 1777 2658 liberationem
1814 2616 1907 2669 per
1936 2601 2108 2670 fugam

530 2690 804 2747 servitutis
832 2693 1156 2761 acciperent.
1191 2691 1305 2746 Non
1336 2691 1562 2747 obscura
1594 2704 1674 2748 est
1701 2692 1889 2761 ﬁgura,
1918 2705 2109 2761 agnum

529 2780 922 2838 immaculatum
960 2798 1079 2839 esse
1105 2782 1378 2838 Christum
1410 2802 1423 2837 :
1465 2784 1621 2852 hujus
1667 2782 2107 2846 immolationem,

529 2874 595 2927 ad
617 2874 926 2928 servitutem
947 2874 1116 2927 nostri
1146 2872 1392 2928 interitus
1414 2872 1765 2928 liberandam.
1795 2873 1925 2927 Nam
1958 2872 2111 2943 signo

529 2965 707 3019 crucis
735 2964 853 3032 ejus
882 2964 1034 3034 quasi
1064 2964 1338 3033 sanguinis
1370 2965 1677 3034 aspersione
1707 2964 1919 3033 signati,
1945 2978 2112 3033 usque

531 3057 595 3111 ad
626 3057 1141 3111 consummationem
1183 3056 1400 3123 mundi,
1440 3071 1467 3108 a
1509 3057 1865 3111 vastatorihus
1908 3056 2113 3126 angelis

532 3147 941 3204 vindicabimur.
977 3149 1089 3203 lloc
1120 3148 1351 3203 breviter
1397 3158 1451 3204 et
1477 3148 1701 3204 strictim
1734 3149 1934 3203 dixisse
1968 3148 2115 3203 sulti-

533 3243 658 3309 ciat,
693 3253 752 3297 ut
792 3242 847 3298 id
872 3243 1016 3313 quod
1046 3259 1285 3313 quaerere
1321 3245 1649 3315 propositum
1695 3254 1797 3313 est,
1849 3245 2110 3300 rationem

2208 2053 2368 2108 etiam
2396 2052 2512 2105 dies
2540 2051 2799 2105 mensium
2844 2050 3019 2104 medii.
3068 2049 3145 2101 Ex
3182 2064 3209 2099 v
3240 2046 3314 2101 id.
3352 2047 3506 2099 Febr.
3538 2046 3675 2099 veris
3702 2052 3789 2099 est

2209 2142 2483 2198 im-hoatio
2516 2159 2530 2196 :
2562 2146 2612 2195 in
2643 2158 2675 2195 v
2702 2140 2777 2197 id.
2805 2142 2959 2196 Mart.
2994 2141 3046 2195 in
3074 2155 3163 2193 vttt
3189 2138 3306 2191 Kal.
3332 2139 3455 2206 Apr.
3488 2136 3791 2205 quindecim

2208 2238 2323 2293 dies
2351 2246 2493 2304 sunt,
2522 2237 2571 2290 id
2596 2246 2699 2302 est,
2726 2238 2982 2291 medietas
3010 2232 3205 2287 mensis
3236 2247 3249 2283 :
3278 2231 3346 2286 ita
3381 2246 3515 2283 unus
3544 2239 3597 2283 ct
3627 2227 3792 2281 dimi-

2209 2328 2328 2383 dius
2360 2330 2562 2383 mensis
2607 2327 2963 2397 subsequitur.
3000 2340 3093 2379 vtu
3122 2323 3239 2377 Kal.
3274 2324 3402 2391 Apr.
3446 2321 3663 2389 aequalis
3706 2327 3792 2374 est

2210 2434 2313 2473 nox
2357 2426 2410 2473 et
2454 2419 2591 2482 dies,
2640 2418 2793 2472 sicuti
2844 2417 3039 2470 factum
3085 2413 3267 2469 mundi
3314 2412 3517 2466 initium
3551 2410 3790 2466 Genesis

2209 2514 2385 2573 docet,
2418 2512 2601 2565 dicens
2630 2528 2644 2563 :
2699 2510 2879 2563 Divisit
2912 2510 3049 2562 Deus
3080 2510 3208 2561 inter
3239 2509 3397 2560 lucem
3436 2515 3485 2557 et
3523 2506 3746 2557 tenebras
3775 2518 3789 2532 ·

2209 2615 2256 2658 et
2282 2605 2469 2658 vocavit
2492 2604 2653 2656 lucem
2676 2604 2828 2667 diem,
2852 2614 2897 2655 et
2922 2602 3146 2656 tenebras
3170 2601 3357 2653 t'oravit
3383 2609 3575 2651 noctem
3599 2595 3651 2665 (1
3659 2597 3788 2661 bid.,

2210 2697 2266 2763 4,
2290 2696 2368 2766 5).
2411 2697 2598 2750 Omnis
2627 2697 2767 2749 enim
2798 2696 2988 2749 divisio
3017 2693 3369 2761 aequalitatem
3402 2692 3577 2745 habet.
3609 2690 3706 2755 ita,
3735 2689 3790 2743 in

2212 2807 2318 2859 quo
2355 2791 2711 2859 aequalitatem
2748 2790 2915 2843 noctis
2946 2798 2999 2843 et
3026 2787 3126 2841 diei
3162 2785 3482 2849 invenimus,
3517 2785 3567 2837 in
3596 2798 3660 2838 eo
3691 2781 3791 2836 ini-

2212 2884 2340 2937 tium
2370 2882 2551 2936 mundi
2583 2882 2927 2936 constitutum
2964 2878 3339 2947 intelligamus.

2284 2973 2350 3026 V.
2392 2973 2495 3028 Sed
2529 2989 2630 3026 tton
2672 2973 2789 3027 sine
2836 2986 2993 3026 causa
3042 2971 3270 3037 majores
3309 2968 3474 3022 nostri
3509 2982 3668 3035 super
3696 2981 3790 3020 vni

2214 3065 2327 3120 Kal.
2374 3066 2506 3134 Apr.
2555 3075 2662 3119 tres
2715 3064 2830 3118 dies
2879 3062 3219 3130 addiderunt,
3272 3068 3327 3115 ut
3376 3060 3600 3129 primum
3651 3059 3791 3112 diem

2213 3157 2395 3212 mundi
2446 3158 2764 3211 invenirent.
2818 3170 2857 3211 tt
2907 3154 3020 3208 Kal.
3072 3155 3203 3221 Apr.
3268 3153 3497 3222 primum
3552 3168 3790 3207 mensem

2182 3242 2183 3245 “
2216 3252 2397 3306 tnundi
2440 3261 2495 3306 et
2521 3251 2658 3305 diem
2692 3236 2922 3318 majores
2952 3250 3119 3302 nostri
3163 3247 3596 3301 existimaverunt
3622 3262 3636 3298 :
3667 3246 3793 3313 quia

532 3334 940 3402 observationis,
990 3344 1045 3390 et
1064 3334 1306 3401 Paschaa,
1329 3346 1382 3391 et
1410 3336 1632 3404 mensis,
1660 3344 1713 3391 et
1734 3334 1895 3404 lunai,
1916 3344 1970 3391 et
1984 3334 2111 3405 diei,

2217 3354 2338 3397 ante
2384 3358 2540 3410 quam
2591 3341 2670 3395 sol
2719 3341 2769 3393 in
2815 3340 3169 3409 principatum
3218 3336 3400 3390 mundi
3446 3335 3789 3401 conderetur,

530 3427 647 3483 sine
676 3426 915 3483 molestia
944 3427 1257 3497 multiloquii
1289 3427 1611 3497 aperiamus.

601 3518 691 3579 Ill.
728 3518 1019 3587 Quaesitum
1058 3529 1141 3575 est
1177 3535 1307 3592 ergo
1346 3536 1377 3576 a
1423 3521 1714 3591 majoribus
1760 3521 1979 3589 nosuis,
2020 3534 2111 3576 se-

532 3611 765 3669 cundum
806 3611 859 3667 id
897 3612 1039 3683 quod
1082 3614 1337 3681 scriptum
1385 3621 1519 3677 erat,
1555 3612 1673 3682 quis
1721 3621 1867 3667 esset
1911 3612 2113 3679 primus

534 3700 680 3768 dies,
727 3712 782 3756 et
824 3702 877 3756 in
906 3701 1130 3781 quodie
1168 3702 1377 3757 decima
1421 3709 1606 3772 quarta
1648 3702 1772 3756 luna
1810 3701 2114 3757 efﬁceretur

532 3794 737 3849 Pascha
767 3793 1047 3849 celebrari.
1098 3793 1155 3849 ln
1196 3796 1290 3849 illo
1330 3795 1472 3849 enim
1520 3804 1759 3864 tempore
1806 3796 1857 3849 in
1884 3811 1989 3865 quo
2028 3794 2116 3849 Ju-

535 3885 665 3941 daeis
692 3884 833 3939 facta
862 3883 1073 3939 traditio
1100 3894 1205 3951 est,
1237 3885 1464 3940 necdum
1495 3886 1697 3940 mensis
1733 3885 1799 3939 ad
1831 3886 1970 3940 lunae
1993 3901 2115 3940 cur-

535 3992 656 4033 sum
707 3976 1099 4047 signiticatione
1150 3977 1423 4032 nominum
1468 3978 1892 4048 computabatur.
1964 3978 2117 4032 Dedit

536 4078 715 4124 autem
762 4067 870 4123 illis
897 4076 1305 4138 argumentum,
1333 4068 1442 4138 jam
1473 4068 1677 4123 calculo
1706 4068 2115 4137 computationis

536 4161 772 4225 invento,
808 4168 1015 4229 tempus
1058 4168 1112 4214 et
1145 4158 1262 4215 dies
1290 4160 1587 4230 passionis;
1635 4168 1695 4214 ut
1726 4174 1791 4215 ex
1822 4174 1889 4214 eo
1920 4159 2115 4215 intelli-

538 4260 745 4321 gerent,
777 4264 933 4320 quem
982 4249 1211 4318 primum
1247 4263 1487 4305 mensem
1532 4249 1682 4316 anni,
1715 4257 1770 4303 ct
1814 4264 1971 4320 quem
2012 4249 2117 4316 pri-

540 4356 683 4397 mum
727 4340 965 4411 ejusdem
1010 4339 1177 4405 diem,
1218 4349 1273 4395 et
1310 4340 1524 4409 quando
1565 4349 1806 4410 quartam
1853 4341 2115 4395 decimam

533 4430 719 4488 lunam
741 4431 931 4505 [Edit.,
952 4441 1142 4502 quarta
1164 4431 1368 4488 decima
1396 4432 1540 4504 luna]
1568 4431 1731 4488 fuisse
1759 4432 2110 4503 susciperent,

537 4535 594 4582 et
622 4540 788 4596 quare
820 4526 919 4580 hoc
951 4525 1263 4595 mysterium
1293 4523 1511 4579 Paschas
1551 4524 1841 4579 secundum
1887 4524 2028 4579 diem
2063 4533 2117 4578 et

539 4617 719 4673 lunam
738 4615 1021 4671 observari
1047 4615 1285 4673 deberet.
1328 4614 1440 4670 Hoc
1469 4624 1646 4669 autem
1683 4614 1738 4669 in
1769 4613 1953 4683 primis
1974 4613 2116 4685 judi-

2214 3432 2442 3487 triduum
2482 3440 2607 3485 ante
2640 3440 3003 3497 praecesserat.
3031 3427 3211 3483 Relert
3239 3424 3462 3480 Genesis
3490 3424 3675 3496 (lbid.,
3703 3424 3792 3494 16,

2215 3524 2306 3593 19)
2346 3533 2533 3593 quarta
2574 3522 2661 3578 die
2698 3520 2835 3575 facta
2877 3520 3159 3574 luminaria
3206 3519 3338 3573 solis
3378 3527 3432 3573 et
3457 3518 3597 3572 lunae
3628 3534 3642 3570 :
3672 3532 3797 3586 pro-

2216 3625 2397 3686 pterea
2446 3614 2745 3669 invenimus
2779 3613 3049 3668 Christum
3097 3628 3183 3666 vin
3227 3612 3341 3666 Kal.
3374 3614 3501 3680 Apr.
3553 3625 3796 3665 resurre-

2216 3708 2379 3763 xisse.
2424 3706 2620 3762 Verum
2651 3722 2702 3760 xl
2740 3705 2856 3759 Kal.
2895 3708 2961 3760 tle
2988 3704 3186 3759 Pascha
3237 3719 3355 3758 cum
3400 3701 3670 3771 discipulis
3716 3702 3797 3754 in-

2216 3800 2441 3855 choasse
2473 3817 2485 3852 :
2519 3814 2625 3868 quo
2669 3798 2757 3853 die
2806 3796 3027 3866 primum
3074 3796 3310 3866 subjecta
3360 3796 3797 3849 luer‘atcreatura

2217 3891 2461 3946 servituti
2505 3904 2636 3953 sum,
2687 3903 2844 3957 quam
2893 3904 2987 3957 per
3033 3887 3330 3957 passionem
3378 3900 3528 3939 suam
3578 3892 3799 3938 venerat

2217 3980 2465 4035 liberare.
2502 3978 2650 4033 Diem
2682 3989 2858 4033 autem
2882 3978 3231 4041 Dominicam,
3263 3976 3483 4044 primam
3511 3977 3650 4031 diem
3676 3990 3798 4030 esse

2220 4070 2427 4135 mundi,
2472 4069 2703 4123 dubitari
2752 4084 2858 4124 non
2906 4076 3120 4139 potest;
3182 4068 3303 4137 quia
3353 4067 3483 4121 dicit
3522 4066 3795 4135 Scriptura

2221 4164 2374 4236 (Gen.
2408 4181 2466 4229 ιι,
2497 4164 2553 4228 2,
2587 4163 2663 4233 5),
2695 4177 2785 4219 sex
2818 4163 3005 4217 diebus
3036 4162 3230 4217 factum
3261 4176 3381 4216 esse
3421 4162 3693 4225 mundum,
3720 4168 3797 4213 et

2220 4256 2443 4325 septima
2471 4254 2557 4308 die
2582 4253 2909 4324 requievisse
2935 4253 3097 4307 Deum
3124 4270 3136 4305 :
3167 4267 3325 4322 quam
3347 4252 3625 4317 septimam
3653 4250 3795 4305 diem

2218 4346 2511 4417 Sabbatum
2552 4346 2859 4415 appellavit.
2908 4343 3057 4399 Unde
3087 4353 3171 4399 est
3201 4342 3538 4397 manifestum
3571 4342 3794 4411 primam

2220 4439 2361 4494 diem
2411 4436 2591 4491 mundi
2643 4434 2967 4490 Dominicam
3021 4434 3309 4493 fuisse:et
3360 4432 3568 4499 plenam
3617 4431 3794 4485 lunam

2222 4528 2413 4583 factam
2452 4527 2828 4595 intelligimus.
2881 4525 3002 4595 quia
3043 4524 3179 4579 facta
3228 4533 3308 4578 est
3355 4523 3409 4577 in
3452 4523 3798 4578 inchoatione

2220 4621 2390 4676 noctis
2432 4630 2485 4675 et
2526 4618 2873 4690 principatus.
2922 4617 3026 4673 Sed
3058 4617 3158 4670 hoc
3200 4616 3353 4669 sicuti
3402 4614 3801 4683 computatione

541 4712 820 4773 caverunt,
851 4719 969 4761 cum
1002 4719 1096 4774 per
1114 4704 1358 4783 singulos
1389 4718 1557 4759 annos
1579 4704 1802 4769 Pascha,
1831 4713 1884 4758 et
1910 4715 2111 4773 tempus

2223 4716 2542 4779 ostenditur,
2593 4727 2904 4783 percurrere
2952 4710 3051 4765 sibi
3093 4725 3185 4779 per
3226 4709 3460 4775 singulos
3490 4721 3662 4762 annos
3692 4722 3802 4762 non

538 4812 648 4853 non
691 4795 1002 4852 conveniret
1044 4777 1120 4850 ad.
1148 4795 1326 4849 lunam
1367 4801 1421 4849 et
1460 4795 1526 4848 ad
1574 4794 1740 4858 diem,
1770 4794 1962 4849 melius
1999 4809 2118 4849 esse

544 4898 754 4956 tempus
783 4888 1090 4951 extendere,
1135 4902 1294 4957 quam
1337 4902 1445 4942 non
1486 4887 1667 4941 lunam
1696 4886 1944 4956 diemque
1986 4886 2113 4941 reti-

542 4996 696 5038 nere.
747 4980 982 5035 Primum
1033 4981 1153 5051 quia
1197 4979 1317 5034 duae
1366 4995 1453 5035 res
1491 4979 1688 5048 justius
1729 4979 2114 5047 praeberentur.

541 5072 748 5129 Deinde
786 5071 910 5141 quia
950 5072 1065 5126 haec
1115 5069 1423 5126 viderentur
1489 5070 1541 5124 in
1594 5070 1973 5125 observatione
2024 5083 2119 5139 po-

544 5165 706 5220 tiora.

614 5254 703 5311 iV.
744 5253 1070 5311 Deﬁniamus
1099 5252 1259 5324 igitur
1285 5254 1403 5324 quis
1431 5254 1632 5323 primus
1663 5252 1861 5307 mensis
1888 5251 1943 5306 in
1975 5267 2123 5307 men-

543 5349 695 5407 sibus
720 5350 879 5415 anni;
922 5348 1117 5403 deinde
1157 5349 1276 5417 quis
1305 5348 1504 5415 primus
1550 5346 1665 5415 ejus
1693 5345 1829 5400 dies.
1883 5343 2123 5399 Diximus

544 5457 674 5512 ergo
700 5449 1069 5510 argumentum
1098 5437 1348 5493 habuisse
1392 5438 1622 5507 majores
1653 5446 1862 5490 nastros
1891 5449 1959 5489 ex
1990 5445 2123 5490 tem-

544 5547 679 5603 pore
727 5531 990 5603 passionis
1039 5539 1096 5587 et
1139 5530 1548 5586 resurrectionis
1580 5528 1810 5582 Domini.
1865 5527 2122 5584 Resurre-

620 5678 646 5707 ι
674 5667 815 5737 Lege
840 5683 983 5736 quis,
1013 5674 1257 5737 reSpectu
1286 5662 1567 5737 habito__ad
1610 5661 1735 5715 illud
1763 5662 1897 5737 citra,
1930 5660 1980 5737 id
2009 5670 2111 5727 est,

547 5732 776 5805 Christi;
790 5732 1193 5804 ut'ipsemefde
1222 5748 1280 5789 se
1304 5734 1378 5787 ait
1402 5751 1413 5785 ε
1448 5732 1558 5804 Ego
1586 5749 1700 5805 sum
1728 5732 1828 5798 via,
1846 5732 2040 5805 veritas
2069 5741 2117 5787 et

547 5812 670 5865 vita.
714 5802 842 5876 Quae
876 5802 1089 5877 quidem
1120 5805 1225 5877 vi_t_a
1265 5802 1682 5877 creavitomniu,
1715 5811 1771 5856 ut
1808 5802 1882 5855 ait
1908 5814 2113 5871 auctor,

551 5872 762 5935 terrenti
784 5872 1145 5945 corporatura.
1170 5872 1301 5928 Nam
1329 5876 1497 5927 oumia
1524 5890 1611 5944 per
1638 5876 1803 5943 ipsum
1827 5877 1959 5942 facta
1981 5883 2115 5928 sunt.

540 5940 852 6011 IAbsurdutn
874 5940 1071 6019 quippe
1098 5945 1164 6001 de
1191 5944 1370 6011 spiritu
1414 5940 1533 6004 υπς’
1567 5940 1887 6015 intelligere,
1919 5945 2006 6015 qui
2038 5962 2105 6001 au

1514 6113 1579 6122 νην-ο

2226 4822 2420 4883 potest,
2468 4812 2671 4867 scilicet
2716 4825 2771 4865 χι
2802 4809 2922 4863 Kal.
2954 4810 3081 4877 Apr.
3116 4806 3221 4870 die,
3263 4819 3473 4875 semper
3519 4811 3574 4858 et
3615 4814 3804 4873 quarta

2226 4905 2432 4960 decima
2480 4905 2601 4958 luna
2632 4904 2716 4957 die
2745 4901 3015 4954 Dominica
3048 4896 3365 4951 inveniatur.
3421 4895 3671 4965 Sequenti
3703 4910 3803 4947 au-

2226 5006 2331 5053 tem
2355 5012 2515 5060 anno,
2542 5013 2593 5049 xi
2614 4994 2729 5049 Kal.
2755 4995 2882 5063 Apr.
2910 4991 3172 5045 invenitur
3199 4989 3325 5043 luna
3348 4990 3597 5043 vicesima
3620 4986 3806 5055 quinta

2227 5096 2280 5141 et
2323 5086 2453 5141 feria
2500 5085 2752 5140 secunda.
2804 5084 2983 5150 Itaque
3034 5095 3153 5134 cum
3198 5080 3317 5134 duae
3368 5094 3473 5144 res,
3506 5088 3559 5133 et
3601 5078 3723 5132 luna
3754 5086 3808 5132 et

2229 5176 2362 5237 dies,
2387 5184 2725 5231 commutata:
2756 5172 3115 5240 inveniantur,
3145 5178 3291 5227 recte
3318 5186 3369 5224 tu
3399 5168 3520 5224 Kal.
3553 5171 3681 5238 Apr.
3712 5183 3807 5221 na-

2226 5266 2347 5321 talis
2374 5266 2555 5321 mundi
2579 5262 2847 5321 observari
2878 5263 3020 5321 visus
3049 5274 3151 5320 est.

2302 5357 2386 5411 Vl.
2428 5358 2610 5427 Itaque
2658 5355 2887 5427 majores
2939 5358 3105 5412 nostri
3147 5357 3523 5427 judicaverunt
3560 5369 3819 5415 mensem,

2226 5451 2490 5519 integrum
2539 5463 2659 5503 esse
2704 5448 3094 5504 observandum
3138 5448 3472 5513 adgnatalem
3500 5444 3722 5515 mundi,
3750 5454 3805 5499 et

2230 5540 2430 5597 Pascha
2479 5539 2882 5610 celebrandum,
2932 5541 2987 5596 in
3035 5554 3351 5609 quacunque
3398 5546 3545 5607 parte
3586 5538 3703 5607 ejus
3748 5546 3803 5589 et

2220 5675 2353 5730 ctori
2391 5676 2568 5731 statim
2596 5674 2789 5729 dicitur
2825 5673 3082 5744 subjectus
3111 5674 3164 5727 in
3188 5689 3300 5728 eam
3326 5658 3485 5745 spem,
3512 5680 3570 5725 ut
3596 5672 3659 5724 de
3686 5687 3803 5722 cur-

2223 5747 2435 5815 ruptela:
2464 5748 2785 5801 interitu.....
2821 5745 3077 5797 liberetur.

2297 5815 2324 5855 δ
2356 5814 2535 5881 Forte,
2560 5833 2625 5870 ea:
2643 5833 2762 5885 quo.
2833 5815 2959 5881 Quae
2989 5824 3285 5885 sequuntur
3314 5827 3501 5871 manca
3529 5810 3796 5868 videntur.

2300 5897 2321 5927 ο
2353 5886 2469 5943 Vox
2501 5896 2690 5941 terram
2716 5885 2906 5943 deesse
2936 5884 3163 5941 videtur.
