4108 6352
352 369 420 430 49
1453 392 1467 403 ο
1660 373 1944 431 MARTINI
1981 372 2343 433 DUMIENSIS
3552 374 3623 432 50

353 486 720 558 unusquisque
749 499 953 553 secum,
981 486 1104 541 utsi
1131 484 1466 555 vincerejam
1490 499 1596 541 non
1617 495 1812 555 potest,
1839 488 1928 543 vel
1955 490 2008 549 Α
2033 486 2168 542 l‘eret
2196 501 2256 542 se
2299 486 2595 552 contemni,
2635 484 2936 556 cuicunque
2973 483 3117 541 venit
3145 484 3198 541 in
3228 492 3466 541 mentem
3505 488 3626 543 nul-

348 580 523 635 celare
554 579 874 634 meminerit.
906 578 959 634 Si
988 578 1164 634 exitus
1194 578 1271 631 illi
1300 593 1405 632 non
1438 577 1617 646 datur,
1643 579 1794 649 signa
1822 580 1938 644 ejus
1968 616 1987 655 η
2044 582 2147 636 lam
2179 597 2298 637 esse
2330 590 2528 636 tantam
2577 580 2870 649 potentiam
2901 580 2956 635 in
2981 594 3083 649 qua
3131 596 3235 635 non
3270 582 3507 635 incurrat
3546 581 3631 637 in-

356 672 507 727 obrui
535 681 776 740 possunt,
801 672 928 725 licet
952 687 1073 726 cum
1101 685 1292 740 magna
1324 669 1426 724 hoc
1459 670 1699 723 molestia
1725 670 1802 723 fit.
1829 667 1937 724 Cu-

352 766 433 836 pit
462 766 602 820 euim
632 765 847 819 exsilire
877 766 978 828 ira,
1021 773 1075 818 et
1106 762 1395 817 incendere
1433 762 1618 816 oculos
1645 760 1941 830 faciemque

350 868 586 921 mutare;
619 867 672 912 et
703 857 748 910 si
784 857 1054 926 paululum
1084 856 1160 910 illi
1188 865 1338 909 extra
1376 869 1475 910 nos
1504 856 1748 910 emittere
1779 855 1941 910 licue-

349 953 441 1014 rit,
460 966 616 1019 supra
632 966 730 1003 nos
760 962 842 1003 est
870 950 990 1003 utin
1016 950 1123 1003 imo
1154 950 1384 1017 pectoris
1413 963 1627 1003 recessu
1649 948 1937 1014 condatur;

354 1045 679 1112 feraturque,
718 1060 824 1098 non
853 1044 1008 1100 ferat.
1042 1045 1098 1099 In
1125 1046 1449 1099 contrarium
1474 1045 1653 1099 omnia
1694 1045 1812 1113 ejus
1847 1045 1941 1100 ﬂe-

349 1147 564 1192 ctantur
590 1137 810 1206 judicia,
844 1139 1019 1191 vultus
1051 1138 1377 1202 remittatur,
1409 1154 1512 1191 vox
1565 1136 1736 1192 lenior
1759 1179 1774 1204 ,
1821 1151 1942 1207 gra-

352 1227 562 1298 dusque
585 1230 653 1283 sit
686 1228 914 1294 lentior;
949 1238 1003 1283 et
1031 1230 1104 1282 ita
1151 1228 1403 1294 paulatim
1434 1243 1556 1284 cum
1581 1227 1941 1283 exterioribus

352 1318 607 1372 interiora
651 1318 971 1373 formantur.
1023 1319 1218 1388 Sicque
1251 1317 1342 1371 flet
1371 1328 1425 1370 ut
1468 1318 1513 1372 si
1566 1317 1761 1386 aliquis
1806 1316 1939 1369 iram

349 1416 493 1462 tuam
517 1408 802 1478 intelligat,
828 1418 1005 1464 tamen
1029 1410 1225 1463 sentiat
1248 1422 1424 1463 nemo.
1455 1408 1681 1462 Faciunt
1700 1422 1828 1477 ergo
1844 1424 1941 1463 nos

348 1504 737 1558 moderatiores
785 1513 1060 1573 respectus
1109 1505 1299 1573 nostri,
1345 1504 1388 1558 si
1422 1503 1766 1557 consulamus
1811 1517 1939 1568 nos;

353 1614 478 1654 nam
507 1600 609 1654 tale
640 1599 840 1670 aliquid
873 1609 927 1653 et
958 1599 1054 1669 ipsi
1082 1598 1369 1669 aliquando
1391 1598 1783 1652 commisimus.
1809 1596 1941 1650 Nam

348 1693 494 1747 sisic
516 1691 838 1757 erravimus,
858 1691 1151 1760 expeditne
1171 1692 1325 1744 nobis
1352 1692 1413 1757 in_
1434 1689 1555 1744 aliis
1576 1688 1665 1742 illa
1688 1688 1944 1743 damnare

347 1798 467 1854 quae
498 1783 733 1853 eﬂ'ugere
762 1782 860 1851 ipsi
896 1781 1272 1852 nequivimus?
1303 1780 1490 1836 Faciet
1520 1779 1684 1835 etiam
1710 1793 1807 1833 nos
1844 1779 1943 1834 mi-

348 1878 533 1944 tiores,
586 1878 632 1932 si
675 1882 973 1949 cogitemus
1021 1879 1148 1948 quid
1182 1877 1336 1933 nobis
1387 1877 1479 1931 ille
1525 1877 1613 1931 cui
1660 1874 1945 1929 irascimur
1974 1874 2024 1936 B

347 1968 636 2037 aliquando
665 1969 947 2039 profuerit,
978 1978 1031 2024 et
1060 1970 1136 2025 sic
1177 1982 1417 2039 praesens
1446 1966 1648 2023 offensa
1675 1966 1945 2037 prioribus

352 2064 559 2117 meritis
602 2064 917 2118 redimatur.
956 2063 1088 2118 Illud
1125 2079 1337 2134 quoque
1368 2072 1633 2128 occurrat,
1686 2070 1944 2131 quantum

351 2157 507 2210 nobis
544 2157 1027 2211 commendationis
1067 2157 1293 2210 allatura
1324 2157 1393 2211 sit
1432 2157 1571 2210 fama
1618 2154 1942 2222 clementiae,

352 2263 511 2316 quam
545 2249 743 2303 multos
768 2249 1011 2302 inimicos
1034 2249 1188 2303 venia
1223 2248 1412 2303 fecerit
1440 2248 1621 2302 utiles.
1668 2246 1808 2301 Nihil
1830 2248 1944 2317 glo-

347 2340 542 2393 riosius
564 2355 719 2409 quam
752 2338 885 2393 iram
914 2339 1147 2393 amicitia
1176 2348 1529 2395 commutare.
1570 2339 1817 2393 Irascitur
1845 2340 1943 2394 ali-

344 2432 497 2499 quis?
530 2441 583 2483 tti
632 2441 817 2488 contra
851 2432 1131 2487 beneliciis
1171 2447 1425 2502 provoca.
1458 2432 1615 2486 Cadit
1659 2434 1840 2486 statim
1870 2433 1943 2487 si-

345 2522 538 2575 multas
586 2521 653 2574 ab
697 2523 953 2577 alterutra
1014 2531 1164 2590 parte
1194 2524 1426 2585 deserta,
1479 2524 1581 2577 nisi
1639 2524 1783 2592 paria
1835 2538 1941 2580 non

346 2622 604 2683 pugnant.
638 2613 787 2681 Quod
832 2616 876 2669 si
910 2624 1193 2685 utrumque
1222 2617 1534 2681 certaverit,
1563 2618 1640 2671 ira
1669 2619 1942 2673 concurri'

346 2714 451 2760 tttr.
471 2705 562 2758 Ille
584 2715 669 2760 est
692 2706 999 2776 fortior,qui
1034 2710 1178 2777 prior
1209 2708 1390 2762 retulit
1415 2708 1639 2778 pedem;
1670 2710 1837 2763 victus
1859 2717 1941 2765 est

346 2815 512 2869 saepe,
536 2801 623 2869 qui
642 2801 788 2854 vicit.
812 2801 1081 2856 Percussit
1102 2803 1186 2857 te?
1209 2802 1432 2868 recede;
1455 2818 1575 2862 nam
1611 2802 1936 2873 referiendo,

347 2900 405 2945 et
439 2893 774 2946 occasionem
826 2893 979 2947 dabis
1024 2896 1219 2964 saepius
1273 2895 1494 2950 feriendi
1542 2905 1594 2950 et
1635 2896 1937 2952 excusatio-

345 2998 467 3039 nem
500 3003 511 3036 :
545 2993 815 3055 postremo
843 3000 963 3040 cum
993 2988 1228 3042 volueris
1257 2988 1473 3053 reverti,
1510 3006 1612 3041 non
1643 2992 1864 3058 poteris.

941 3101 1169 3157 CAPUT
1214 3101 1343 3156 VIII.

508 3212 766 3285 Injttrt'am
785 3215 1045 3270 vindicare
1066 3226 1138 3271 est
1164 3218 1337 3271 vitium
1354 3219 1475 3271 vitio
1499 3235 1775 3290 opponere.

416 3329 515 3395 Qui
544 3330 790 3385 irascitur
834 3331 1107 3400 injurianti
1159 3347 1240 3401 se,
1289 3334 1473 3386 vitium
1510 3333 1639 3385 vitio
1688 3332 1932 3402 opponit.

346 3418 592 3492 Nunquid
616 3438 720 3478 non
756 3426 993 3479 insanire
1019 3424 1249 3490 videtur,
1280 3425 1323 3479 si
1352 3425 1558 3494 mulum
1583 3426 1825 3480 calcibus
1851 3441 1940 3495 pe-

347 3524 443 3579 tat,
472 3525 563 3570 aut
610 3530 797 3573 canem
827 3534 857 3572 a
908 3533 1015 3587 quo
1055 3535 1265 3574 morsus
1292 3529 1377 3575 est
1424 3519 1692 3575 lanciuet?
1741 3521 1939 3577 Eodem

348 3606 468 3662 loco
489 3617 591 3677 est,
621 3611 862 3680 quisquis
889 3612 1115 3667 consilio
1131 3621 1298 3667 caret.
1329 3614 1467 3679 Quid
1493 3615 1633 3673 enim
1666 3614 1848 3679 refert,
1873 3631 1941 3670 an

347 3700 449 3754 alia
493 3702 659 3757 multa
692 3702 976 3759 dissimilia
1026 3706 1239 3773 habeat,
1294 3709 1337 3761 si
1389 3708 1490 3763 hoc
1538 3710 1714 3765 simile
1760 3710 1939 3779 habet,

346 3794 487 3865 quod
532 3797 677 3851 omni
729 3809 948 3875 peccato
995 3801 1190 3856 munda
1236 3802 1514 3858 defendit?
1545 3804 1622 3858 Eo
1674 3821 1770 3861 nos
1824 3806 1944 3862 loco

348 3888 756 3954 constituamus,
804 3906 912 3960 quo
946 3893 1039 3946 ille
1068 3903 1152 3947 est
1198 3896 1285 3949 eui
1337 3895 1639 3951 irascimur.
1693 3896 1941 3953 Nostram

349 3995 469 4035 esse
495 3996 711 4036 causam
736 3983 875 4038 illius
901 3985 1221 4057 aifingamus
1254 4005 1265 4039 :
1295 4003 1415 4041 nam
1446 3990 1571 4042 fecit
1597 4005 1698 4044 nos
1731 3992 1943 4045 iracun-

349 4072 447 4126 dos
475 4074 650 4144 iniqua
702 4085 881 4129 nostra
927 4080 1244 4144 restzniatio;
1279 4080 1400 4148 quia
1452 4096 1516 4135 ea
1547 4098 1665 4151 qua:
1697 4084 1945 4138 volumus

348 4166 548 4227 facere,
568 4164 813 4220 nolumus
839 4170 965 4236 pati.
996 4168 1262 4224 Memento
1281 4173 1440 4225 etiam
1464 4174 1586 4241 quia
1617 4176 1945 4230 sanctissimi

352 4258 550 4327 quique
578 4258 677 4312 viri
706 4263 869 4313 multa
912 4259 1233 4331 delinquunt
1276 4281 1289 4316 :
1335 4265 1477 4334 quod
1531 4268 1573 4318 si
1609 4268 1772 4320 etiam
1823 4284 1946 4336 pru-

353 4351 651 4406 dentissimi
680 4354 777 4407 viri
806 4367 1046 4423 peccant,
1067 4357 1215 4425 cujus
1239 4371 1392 4413 error
1412 4372 1626 4412 causam
1650 4375 1754 4413 non
1789 4363 1947 4417 habet

355 4446 698 4515 ignoscendi?
728 4447 893 4503 Nemo
921 4460 1000 4504 est
1048 4464 1151 4504 tam
1192 4452 1406 4506 timidus
1450 4452 1813 4522 offensarum,
1859 4455 1951 4525 qui

356 4554 460 4593 non
494 4539 610 4594 ilias
642 4541 768 4594 dttm
816 4542 967 4610 vitat,
998 4543 1264 4598 admittat.
1305 4543 1569 4615 [Equiot'e
1597 4551 1739 4601 enim
1772 4549 1953 4602 animo

2041 674 2202 743 jttria.
2238 675 2430 728 Demus
2459 677 2689 743 spatium
2741 672 3003 742 peccanti,
3040 687 3145 742 quo
3183 672 3352 741 possit
3379 674 3631 732 conside-

2045 780 2166 820 rare
2196 766 2321 836 quid
2366 766 2575 834 fecerit,
2605 775 2658 835 et
2689 766 2804 834 ipse
2849 780 2910 821 se
2952 765 3256 834 castigabit.
3299 765 3436 833 Quid
3475 781 3629 838 ergo,

2047 858 2243 928 inquis,
2276 859 2490 928 impune
2512 860 2601 913 ille
2625 858 2762 913 erit?
2785 859 2915 912 Puta
2938 857 3078 912 velle
3104 867 3188 923 te;
3222 872 3342 912 nam
3376 873 3482 912 non
3506 860 3631 916 erit.

2046 951 2177 1016 Quia
2210 966 2317 1004 non
2351 952 2516 1022 magis
2561 952 2776 1020 gravius
2805 948 3070 1003 addicitur
3100 962 3259 1018 quam
3291 948 3380 1019 qui
3408 949 3475 1004 ad
3507 964 3636 1020 sup-

2047 1045 2261 1113 plicium
2296 1045 2624 1111 puznitentia:
2656 1043 2832 1099 datur.
2866 1042 3282 1112 Respiciendum
3325 1050 3408 1097 est
3438 1041 3635 1099 deinde

2045 1137 2111 1191 ad
2142 1136 2501 1191 conditionem
2530 1151 2707 1190 rerum
2742 1135 3114 1200 humanarum,
3168 1144 3224 1187 ut
3250 1134 3492 1188 omnium
3539 1147 3632 1189 ao-

2044 1230 2338 1285 cidenttum
2395 1230 2531 1299 atqui
2578 1228 2787 1297 judices
2836 1230 3024 1282 simus.
3060 1226 3277 1295 Iniquus
3324 1235 3407 1283 est
3445 1234 3629 1280 autem

2045 1324 2136 1394 qui
2189 1337 2467 1378 commune
2514 1322 2700 1377 vitium
2763 1320 2986 1393 singulis
3050 1320 3255 1389 objicit.
3306 1320 3507 1376 Omnes
3552 1320 3635 1376 in-

2045 1415 2276 1471 consulti
2303 1429 2463 1483 atque
2493 1413 2776 1483 improvidi
2804 1428 3022 1477 sumus;
3049 1427 3236 1468 omnes
3256 1412 3471 1480 incerti,
3498 1427 3635 1482 que-

2047 1511 2171 1576 ruli,
2204 1510 2494 1565 ambitiosi.
2525 1510 2663 1577 Quid
2693 1509 2985 1565 levioribus
3009 1509 3192 1563 verbis
3220 1507 3493 1576 publicum
3520 1520 3635 1561 ma-

2046 1602 2155 1657 lum
2181 1601 2485 1657 abscondo?
2510 1600 2710 1657 Omnes
2742 1601 2866 1657 mali
2894 1616 3098 1656 sumus.
3123 1598 3391 1670 Quidquid
3431 1599 3485 1653 in
3525 1596 3634 1655 alio

2045 1693 2487 1762 deprehenditur,
2523 1693 2576 1747 id
2608 1693 2974 1762 unusquisque
3010 1692 3064 1747 in
3094 1692 3216 1747 sinu
3244 1704 3346 1746 suo
3375 1690 3634 1747 inveniet.

2048 1784 2167 1838 Mali
2199 1784 2428 1839 vivimus
2457 1783 2600 1841 inter
2624 1786 2815 1839 malos.

2660 1898 2889 1956 CAPUT
2928 1897 3016 1955 IX.

2561 2012 2755 2066 Alienae
2783 2012 2876 2065 ἕνα»
2902 2010 3118 2065 ruratio.

2116 2126 2267 2182 Nunc
2283 2141 2394 2195 jam
2425 2127 2586 2181 tertio
2616 2128 2668 2180 in
2701 2126 2821 2181 loco
2847 2124 3124 2180 videamus
3155 2138 3262 2191 quo
3291 2121 3453 2180 modo
3493 2122 3628 2181 alie—

2046 2236 2167 2278 nam
2198 2223 2329 2276 iram
2365 2220 2647 2275 leniamus.
2682 2217 2790 2273 Nec
2819 2218 2962 2273 enim
2996 2216 3110 2271 sani
3152 2225 3359 2269 tantum
3390 2229 3514 2271 esse
3541 2228 3636 2271 ven

2044 2315 2219 2379 limus,
2256 2313 2351 2367 sed
2396 2327 2609 2367 sanare.
2646 2311 2876 2365 Primam
2909 2323 3037 2378 ergo
3082 2309 3215 2363 iram
3262 2308 3485 2363 alterius
3528 2322 3637 2365 non

2045 2404 2359 2459 audebimus
2389 2413 2567 2457 nostra
2612 2402 2819 2457 ratione
2864 2401 3119 2468 mulcere,
3155 2399 3317 2454 surda
3359 2409 3441 2453 est
3483 2398 3627 2455 enim

2044 2504 2098 2549 et
2124 2509 2347 2549 amens:
2381 2493 2627 2548 dabimus
2670 2492 2744 2546 illi
2776 2494 3043 2559 spatium;
3076 2506 3197 2545 nam
3249 2491 3485 2546 remedia
3518 2505 3633 2546 me-

2044 2587 2282 2641 dicorum
2315 2602 2421 2641 non
2465 2586 2515 2639 in
2564 2584 2868 2639 accessibus
2901 2584 3294 2648 iulirmitatum,
3327 2584 3419 2637 sed
3464 2581 3518 2637 in
3549 2598 3636 2639 re-

2045 2679 2389 2735 missionibus
2421 2688 2663 2746 prosunt.
2696 2676 2849 2745 Quod
2896 2678 2940 2731 si
2983 2686 3250 2732 tumentes
3296 2675 3482 2733 oculos
3512 2676 3634 2747 quis

2044 2784 2210 2831 tentet
2258 2776 2534 2846 inungere,
2573 2780 2793 2828 recente
2847 2772 2898 2826 vi
2941 2772 3110 2843 magis
3156 2771 3344 2826 incitat
3394 2784 3635 2825 comma.

2043 2869 2233 2923 venda.
2266 2867 2490 2936 Sapiens
2528 2865 2723 2919 furenti
2768 2864 2942 2919 amico
2970 2864 3148 2918 omnia
3176 2863 3400 2919 ultionis
3431 2862 3635 2917 instru-

2041 2969 2221 3016 menta
2252 2960 2514 3017 occultius
2563 2958 2881 3022 removebit,
2914 2958 3134 3026 ipseque
3182 2955 3512 3010 iracundiam
3557 2956 3635 3010 si-

2040 3055 2284 3119 mulabit,
2318 3063 2373 3107 ut
2404 3063 2653 3120 tanquam
2685 3051 2905 3105 auditor
2933 3048 3135 3104 doloris
3177 3061 3232 3104 et
3272 3063 3486 3114 comes,
3518 3047 3637 3117 plus

2039 3146 2377 3201 auctoritatis
2425 3144 2476 3197 in
2527 3144 2771 3198 consiliis
2824 3142 3040 3209 habeat,
3095 3155 3273 3195 moras
3323 3152 3527 3195 neCtet:
3582 3148 3638 3197 et

1963 3257 2011 3321 ο
2041 3240 2168 3294 dum
2215 3238 2471 3305 majorem
2521 3249 2735 3303 ptenattt
2782 3243 3009 3304 quaerat,
3047 3242 3367 3303 prmsetitem
3416 3232 3639 3287 interim

2044 3332 2282 3397 differet,
2315 3340 2370 3384 et
2397 3330 2545 3383 omni
2573 3337 2690 3383 arte
2718 3327 2888 3381 furori
2917 3328 3162 3397 requiem
3205 3326 3372 3380 dabit.
3391 3324 3559 3392 Quod
3587 3324 3639 3381 si

2047 3438 2101 3481 tu
2135 3425 2400 3496 potentior
2430 3438 2508 3488 es,
2538 3431 2630 3475 aut
2662 3421 2920 3490 pudorem
2947 3421 3024 3475 illi
3061 3422 3148 3475 cui
3180 3418 3231 3473 vi
3263 3420 3470 3474 resistis
3498 3460 3511 3483 ,
3546 3428 3641 3473 aut

2004 3506 2009 3511 ’
2045 3530 2244 3577 metum
2294 3517 2540 3573 incuties.
2587 3516 2756 3569 Alteri
2798 3514 2944 3568 dices
2985 3530 2997 3566 :
3032 3512 3312 3582 Indignum
3358 3512 3538 3578 nimis,
3584 3520 3640 3569 et

2047 3632 2153 3671 non
2181 3614 2395 3669 invenio
2423 3609 2641 3667 dolendi
2685 3607 2936 3673 modum;
2970 3606 3067 3661 sed
3100 3604 3518 3673 exspectandum
3555 3614 3641 3662 est

2048 3717 2256 3778 tempus
2283 3724 2296 3759 :
2332 3699 2478 3759 dabit
2507 3717 2712 3773 poenas.
2742 3701 2911 3755 Serva
2942 3697 3085 3752 istud
3116 3697 3298 3752 animo
3324 3706 3436 3761 tuo,
3463 3708 3516 3751 et
3542 3710 3641 3767 pro

2049 3817 2219 3868 mora,
2253 3814 2373 3854 cum
2426 3796 2646 3867 poteris,
2678 3793 2892 3849 reddes.
2943 3791 3113 3847 Alteri
3156 3790 3346 3846 dices:
3389 3788 3524 3845 Vide
3573 3802 3644 3845 ne

2048 3897 2320 3954 iracundia
2352 3903 2440 3948 tua
2468 3891 2730 3960 voluptati
2759 3889 2829 3942 sit
2874 3886 3131 3941 inimicis.
3160 3884 3331 3940 Alteri
3359 3901 3373 3937 :
3408 3882 3538 3937 Vide
3572 3898 3644 3938 ne

2052 3990 2362 4063 magnitudo
2400 3987 2566 4041 animi
2618 3983 2713 4047 tui,
2755 3991 2808 4037 et
2850 3980 3114 4036 creditum
3161 3977 3301 4048 apud
3353 3981 3642 4046 plerosque

2051 4086 2259 4141 decidat
2290 4083 2473 4138 robur.
2502 4079 2577 4133 Ita
2602 4078 2745 4133 enim
2778 4073 3077 4129 abscondet
3106 4082 3158 4126 et
3191 4070 3438 4125 medicus
3468 4068 3643 4122 ferra-

2054 4186 2313 4242 mentum,
2342 4186 2393 4230 et
2433 4188 2573 4242 aeger
2602 4171 2864 4233 dolorem,
2909 4168 3035 4221 dum
3062 4172 3263 4234 sperat,
3291 4162 3425 4217 feret
3450 4159 3641 4234 [Edit.,

2054 4269 2246 4342 ferat];
2278 4284 2399 4323 nam
2427 4266 2669 4336 quaedam
2698 4277 2804 4317 non
2836 4262 2936 4315 nisi
2980 4260 3204 4328 decepta
3236 4264 3509 4310 sanantur.
3539 4252 3642 4314 Ca.

2053 4369 2251 4436 stigare
2281 4370 2459 4417 autem
2490 4360 2828 4421 irascentem,
2862 4365 2916 4411 et
2961 4354 3105 4409 ultro
3150 4350 3332 4419 irasci,
3375 4349 3641 4421 caetigare

2057 4466 2159 4511 est.
2192 4454 2374 4524 Itaque
2401 4449 2549 4506 vario
2575 4448 2735 4505 modo
2764 4449 2843 4502 ira
2869 4443 3105 4501 sananda
3134 4450 3237 4499 est.

369 4697 3640 4729 mw

1328 4827 2293 4937 OPUSCULUM
2387 4825 2655 4948 VII.

1481 5048 1722 5157 DE
1798 5044 2580 5158 PASCHA.

439 5238 480 5293 I.
526 5236 771 5309 Plerique
797 5235 1109 5309 mysterium
1142 5237 1361 5295 Paschae
1389 5253 1645 5295 enarrare
1672 5238 1956 5293 voluerunt
1980 5238 2033 5298 Ι)
2061 5234 2375 5290 memoratio
2421 5243 2626 5305 agatur.
2673 5242 2733 5290 ut
2777 5249 2941 5291 unum
2984 5232 3415 5291 anniversarium
3456 5236 3650 5298 natalis

359 5350 426 5390 ex
475 5332 682 5386 ratione
726 5329 1120 5400 suppuuationis
1146 5331 1198 5384 in
1224 5346 1430 5397 mense,
1478 5341 1532 5388 et
1559 5332 1708 5397 luna,
1733 5340 1786 5385 et
1826 5332 1944 5385 die:

361 5423 481 5489 sed,
513 5423 629 5479 sive
658 5423 919 5489 scientiis,
962 5421 1077 5477 sive
1107 5424 1371 5477 sermonis
1419 5423 1865 5493 impossibilitate,
1896 5422 1947 5477 id

361 5510 695 5583 reliquerunt
740 5513 1054 5579 obscurius,
1110 5514 1263 5583 quasi
1313 5512 1443 5569 nihil
1493 5514 1616 5567 inde
1662 5514 1948 5570 dixissent.

364 5606 489 5662 Scio
534 5607 677 5661 enim
725 5606 922 5659 multos
967 5607 1332 5676 scrupulosius
1376 5606 1707 5676 interrogare
1758 5611 1952 5663 solitos

364 5714 530 5769 quare
556 5698 854 5753 secundum
882 5713 1086 5755 morem
1122 5700 1431 5756 Judteorum
1462 5699 1528 5752 ad
1560 5700 1700 5753 lunae
1727 5714 1954 5769 compu-

366 5791 623 5845 tationem
663 5790 891 5844 diversis
929 5790 1217 5860 generibus
1241 5791 1444 5846 Pascha
1489 5788 1845 5855 celebremus,
1875 5791 1955 5844 di-

368 5892 552 5942 centes
580 5884 780 5942 rectius
802 5884 905 5940 sibi
936 5883 1107 5940 videri
1132 5884 1178 5938 si
1204 5884 1485 5941 dominicae
1513 5882 1779 5955 passionis
1804 5897 1955 5938 com-

2051 5329 2192 5383 diem
2231 5330 2612 5397 observemus,
2645 5329 2800 5384 sicuti
2845 5328 3174 5398 a'plerisque
3198 5327 3492 5384 Gallicanis
3531 5333 3648 5400 cpi.

2053 5425 2231 5494 scopis
2273 5438 2442 5492 usque
2471 5433 2598 5478 ante
2645 5439 2753 5478 non
2783 5423 3009 5478 multum
3056 5431 3268 5491 tempus
3316 5424 3643 5481 cuStoditum

2055 5524 2160 5583 est,
2191 5526 2245 5569 ut
2272 5529 2486 5585 semper
2514 5532 2604 5571 vui
2632 5516 2750 5572 Kal.
2780 5515 2948 5585 April.
2981 5515 3119 5594 diem
3150 5514 3369 5573 Pascha;
3402 5520 3646 5573 celebra-

2058 5618 2205 5674 rent,
2242 5610 2292 5664 in
2322 5626 2428 5679 quo
2464 5609 2601 5667 facta
2631 5610 2829 5665 Christi
2860 5608 3185 5665 resurrectio
3226 5609 3472 5665 traditur.
3520 5610 3645 5665 Pla-

2058 5703 2164 5756 cuit
2207 5710 2383 5757 autem
2432 5703 2596 5768 mihi,
2648 5701 2935 5771 inquirenti
2980 5699 3193 5758 curiose
3235 5702 3363 5772 quid
3411 5700 3645 5772 majores

2061 5791 2227 5845 nostri
2251 5792 2419 5847 secuti
2448 5800 2650 5859 essent,
2680 5801 2865 5860 aperte
2892 5805 3181 5861 exponere.

2136 5881 2201 5937 11.
2244 5885 2427 5942 Passio
2450 5884 2649 5942 Christi
2675 5882 2977 5954 redemptio
2999 5893 3084 5940 est
3108 5890 3401 5948 creature,
3443 5881 3512 5936 de
3540 5894 3645 5951 qua
