4108 6352
523 481 585 539 51
1483 484 1544 537 Β.
1589 479 1869 537 MARTINI
1911 475 2281 536 DUMIENSIS
2319 477 2507 534 VARI!
2551 477 2834 538 VERSUS.
3718 479 3788 536 53

519 599 638 654 dies
688 607 743 655 et
789 600 912 656 luna
956 612 1358 658 concurrerent.
1413 602 1595 671 Neque
1639 602 1779 657 enim
1832 599 1935 655 hoc
1983 598 2101 654 sine
2129 597 2348 662 A'enim
2389 598 2544 654 rediit
2572 595 2784 671 [Forre,
2817 597 3006 670 redit],
3036 610 3089 655 et
3114 598 3274 657 ﬁdem
3306 600 3512 656 dierum
3544 601 3781 656 renovat.

519 690 816 761 Scriptura
845 693 1177 747 auctoritate.
1221 693 1309 747 Ait
1336 696 1477 748 enim
1511 694 1757 764 Moyses:
1794 692 1986 746 Mensis
2017 690 2100 745 hic

519 782 659 837 vobis
689 783 891 837 initium
939 785 1185 838 mensium
1231 795 1342 839 est:
1377 787 1569 854 primus
1617 785 1708 837 erit
1755 786 1808 837 in
1847 785 2103 838 mensibus

520 877 645 928 anni
677 873 873 943 (Exod.
920 891 1016 942 xu,
1048 876 1123 946 2).
1173 877 1289 944 Quo
1338 877 1501 931 verbo
1546 884 1716 930 totum
1766 887 2003 931 mensem
2035 877 2103 930 ad

520 969 713 1023 natalis
754 969 940 1024 mundi
967 969 1110 1025 diem
1157 971 1514 1025 consecravit.
1570 969 1639 1023 Ita
1673 970 1904 1039 majores
1936 971 2102 1024 nostri

521 1060 611 1125 qui
657 1075 714 1114 XI
761 1061 880 1114 Kal.
922 1064 1062 1130 .Apr.
1119 1061 1206 1115 die
1253 1060 1480 1115 natalem
1530 1061 1714 1116 mundi
1761 1061 2100 1125 invenerunt,

520 1163 762 1205 mensem
806 1152 1033 1222 primum
1075 1153 1460 1208 constituentes
1503 1153 1557 1207 in
1589 1169 1639 1207 ιι
1670 1153 1786 1210 Kal.
1819 1153 1983 1210 Maias
2012 1155 2105 1210 de-

519 1242 794 1298 ﬁnierunt.
827 1244 916 1301 Sic
946 1245 1145 1300 Pascha
1178 1261 1275 1300 nec
1303 1255 1426 1300 ante
1459 1261 1515 1300 ιι
1545 1247 1661 1301 Kal.
1694 1249 1825 1319 Apr.
1859 1262 1956 1302 nec
1985 1256 2108 1318 pust

519 1352 578 1392 χι
621 1337 739 1394 Kal.
787 1339 949 1394 Maias
993 1341 1266 1396 celebrare
1317 1340 1514 1396 licebit.
1586 1341 1692 1397 Sed
1733 1357 1855 1397 cum
1900 1344 1951 1396 in
2002 1343 2103 1398 hoc

521 1443 706 1484 mense
745 1438 800 1484 et
844 1431 964 1484 luna
1011 1442 1063 1487 et
1101 1432 1216 1488 dies
1270 1433 1672 1495 convenissent,
1730 1433 1853 1486 luna
1902 1434 2105 1488 scilicet

518 1519 727 1576 decima
758 1531 943 1590 quarta
984 1531 1039 1578 el.
1067 1523 1181 1578 dies
1212 1523 1510 1590 Dominica,
1559 1533 1683 1579 tunc
1713 1522 1914 1578 PaScha
1959 1525 2104 1579 cele-

517 1611 785 1669 braretur.
837 1616 979 1671 Sane
1020 1617 1141 1687 quia
1170 1629 1355 1670 rursus
1393 1615 1700 1686 frequenter
1747 1618 1866 1670 luna
1898 1618 2101 1672 decima

514 1716 706 1775 quarta
736 1721 858 1762 cum
878 1707 1150 1762 Dominica
1179 1709 1264 1764 die
1292 1719 1654 1774 concurreret,
1688 1709 1902 1764 extendi
1925 1709 2102 1764 lunam

517 1807 725 1868 septem
754 1800 867 1854 dies
898 1801 1216 1865 maluerunt,
1246 1801 1536 1856 dummodo
1580 1801 1721 1857 diem
1774 1802 2103 1857 Duminicam

516 1888 574 1943 in
621 1891 1038 1945 resurrectionis
1085 1892 1267 1946 laetitia
1314 1892 1623 1948 retinerent.
1668 1893 1744 1947 lta
1781 1893 1994 1962 quando
2030 1893 2106 1948 sic

2206 690 2333 745 Haec
2372 690 2542 759 magis
2577 700 2733 746 erunt
2775 692 2830 746 in
2876 693 3066 748 natalis
3106 695 3307 754 laetitia.
3349 703 3404 749 et
3446 694 3499 747 in
3530 705 3787 749 creaturae

2205 781 2517 837 liberatione
2547 783 2805 836 servanda
2826 826 2840 849 ,
2877 785 3110 839 maxime
3138 799 3258 839 cum
3287 785 3423 839 intra
3455 785 3610 852 primi
3643 799 3790 838 men-

2203 875 2278 928 sis
2315 875 2565 929 terminus
2611 875 2924 930 retinentur.
2963 876 3191 930 Rursum
3241 875 3500 944 majoreut
3532 873 3635 929 diei
3667 876 3791 930 reli-

2201 964 2456 1034 gionem,
2507 975 2660 1036 quam
2715 967 2856 1022 luna:
2899 966 3168 1022 diearunt.
3225 965 3498 1022 Decimam
3547 976 3786 1035 quartam

2203 1056 2346 1111 enim
2380 1057 2556 1113 lunam
2587 1061 2919 1128 egredimur;
2959 1061 3101 1116 diem
3131 1070 3308 1115 autem
3341 1075 3608 1130 nunquam
3640 1076 3793 1128 egre-

2205 1148 2401 1215 dimur,
2449 1151 2571 1221 quia
2630 1159 2740 1206 tota
2794 1152 2941 1208 salus
2988 1163 3069 1208 est
3121 1151 3174 1206 In
3223 1157 3616 1207 resurrectione
3662 1147 3787 1206 diei.

2207 1241 2332 1297 Dies
2381 1252 2556 1298 autem
2591 1245 2862 1300 Dominica
2911 1253 2966 1300 et
3016 1245 3223 1299 initium
3273 1244 3482 1298 dierum
3525 1245 3684 1299 habet
3736 1252 3793 1299 et

2204 1335 2684 1395 resurrectionem;
2731 1345 2945 1405 propter
2988 1337 3129 1405 quod
3172 1335 3226 1389 in
3268 1335 3380 1403 ipsa
3409 1335 3663 1389 nummus
3706 1350 3793 1389 re-

2203 1428 2468 1489 Surrexit;
2517 1428 2636 1480 luna
2668 1441 2819 1491 vero,
2855 1427 2977 1480 licet
3022 1441 3188 1495 usque
3232 1427 3295 1479 ad
3337 1427 3642 1481 vicesimam
3678 1426 3784 1492 pri-

2205 1532 2348 1571 mam
2399 1527 2602 1586 partem
2645 1527 2919 1573 extensum
2970 1518 3068 1589 [An
3120 1527 3340 1573 extensa
3359 1519 3424 1590 η,
3475 1523 3580 1572 non
3627 1525 3788 1572 totam

2205 1612 2436 1678 complet
2481 1617 2692 1665 noctem
2725 1627 2738 1663 :
2772 1611 3058 1678 plurimum
3094 1621 3270 1665 tamen
3305 1611 3476 1664 noctis
3508 1609 3789 1672 illuminat,

2205 1715 2258 1762 ct
2283 1715 2402 1775 post
2431 1719 2489 1761 se
2518 1705 2729 1774 quidem
2763 1705 3017 1775 relinquit
3049 1705 3316 1767 tenebras,
3349 1702 3442 1758 sed
3474 1717 3564 1757 eas
3593 1715 3712 1770 quae
3742 1701 3790 1755 in

2206 1809 2330 1854 ante
2361 1808 2481 1852 sunt
2512 1806 2726 1867 snperat
2759 1811 2773 1850 :
2808 1797 2860 1851 in
2892 1811 2999 1865 quo
3030 1797 3258 1865 majores
3289 1795 3458 1850 noStri
3489 1794 3791 1848 maluerunt

2207 1907 2374 1962 usque
2421 1891 2484 1944 ad
2515 1891 2821 1945 vicesimam
2854 1889 2878 1926 ἀ
2912 1905 3068 1957 quam
3103 1899 3225 1946 ante
3253 1891 3514 1944 decimam
3548 1896 3789 1956 quartam

518 1981 636 2035 dies
680 1986 888 2037 venerit
924 1997 1095 2053 usque
1145 1983 1210 2037 ad
1255 1983 1564 2040 vicesimam
1609 1984 1830 2052 primam
1889 1983 2098 2049 lunam,
2135 1980 2183 2040 B
2211 1985 2410 2039 Pascha
2443 1985 2725 2039 celebrari.
2755 1984 2887 2051 Quia
2915 1984 3218 2052 relinquere
3260 1982 3507 2036 tenebras
3539 1987 3657 2049 post
3687 1989 3790 2033 ter-

517 2082 738 2145 propter
777 2075 1107 2131 Dominicam
1138 2078 1278 2132 diem
1313 2077 1513 2132 Pascha
1546 2077 1839 2132 differimus
1870 2092 2103 2148 semper,

516 2173 575 2219 ut
615 2181 713 2221 nec
757 2175 881 2222 ante
928 2183 980 2222 xl
1008 2167 1124 2222 Kal.
1159 2169 1289 2237 Apr.
1321 2185 1416 2223 nec
1448 2178 1565 2238 post
1593 2184 1646 2223 ιι
1678 2167 1794 2224 Kal.
1827 2167 1986 2224 Maias
2023 2187 2105 2226 ce-

515 2256 755 2314 lebretur
780 2279 792 2313 :
822 2263 899 2315 sic
927 2261 1196 2317 inventum
1230 2271 1332 2330 est,
1368 2270 1425 2317 ut
1453 2263 1654 2318 mensis
1679 2271 1733 2318 et
1754 2263 1866 2318 dies
1892 2271 1948 2319 et
1980 2264 2102 2319 luna

515 2348 570 2407 in
598 2350 960 2409 celebratione
989 2354 1206 2410 Pascha:
1237 2355 1578 2415 retineretur.

595 2441 705 2497 VII.
749 2443 1049 2501 Prudenter
1099 2446 1276 2516 igitur,
1319 2449 1486 2519 magis
1533 2447 1598 2503 ad
1639 2447 1815 2503 lunam
1859 2460 1911 2505 et
1938 2433 2100 2519 diem,

518 2547 677 2601 quam
711 2533 778 2588 ad
809 2550 859 2588 XI
889 2534 1006 2590 Kal.
1040 2536 1174 2607 Apr.
1204 2538 1267 2591 ad
1302 2538 1532 2594 natalem
1566 2537 1748 2592 mundi
1780 2537 2102 2609 redigemur.

516 2623 663 2683 Ltlna
711 2631 854 2685 enim
907 2631 1076 2700 prima
1129 2640 1266 2686 totas
1307 2632 1477 2686 noctis
1524 2631 1789 2688 illuminat
1833 2634 2102 2703 tenebras,

518 2717 571 2774 st
604 2718 881 2775 Deminica
913 2723 1027 2776 dies
1057 2721 1383 2778 resurrectio
1410 2731 1492 2778 est
1520 2721 1728 2778 dierum
1764 2740 1778 2778 :
1806 2723 1873 2778 ad
1897 2724 2103 2780 initium

590 2884 616 2912 ιι
645 2875 723 2930 Ex
755 2884 912 2958 antea
953 2876 1110 2932 dictis
1131 2874 1539 2932 rescribendum
1571 2877 1803 2946 videtur,
1827 2880 1895 2932 ad
1922 2879 2100 2935 vicesi-

519 2959 655 3001 mam
686 2963 923 3016 pnmam.

2210 2091 2333 2148 gum
2367 2078 2556 2131 melius
2583 2086 2684 2143 est,
2742 2089 2898 2145 quam
2957 2073 3334 2129 antecedentes
3383 2087 3486 2127 non
3519 2087 3674 2140 posse
3702 2081 3791 2125 su-

2208 2181 2421 2237 perare.
2466 2165 2645 2233 Itaque
2677 2166 2776 2220 hac
2803 2179 3009 2218 summa
3040 2176 3092 2219 et
3121 2164 3219 2217 hac
3251 2163 3616 2225 conclusione,
3673 2175 3791 2228 qum

2211 2276 2241 2316 a
2264 2261 2552 2330 majoribus
2591 2261 2935 2313 conslituttnn
2968 2267 3049 2312 est
3074 2258 3123 2323 δ,
3156 2257 3361 2311 Pascha
3391 2270 3562 2325 neque
3590 2262 3711 2306 ante
3741 2267 3790 2305 ιι

2208 2353 2332 2410 Kal.
2361 2357 2494 2422 Apr.
2547 2368 2646 2408 nec
2693 2361 2814 2421 post
2854 2368 2907 2405 xi
2947 2351 3064 2405 Kal.
3099 2349 3263 2406 Maias
3314 2364 3470 2418 posse
3509 2346 3788 2403 celebrari.

2206 2449 2368 2518 Cujus
2402 2449 2601 2518 pinacis
2645 2447 3000 2502 constituendi
3040 2461 3159 2516 qua:
3205 2445 3363 2499 fuerit
3408 2443 3561 2508 ratio,
3603 2443 3654 2496 in
3686 2454 3791 2509 quo

2207 2540 2553 2597 mediocritas
2584 2541 2772 2609 potuit,
2798 2540 3062 2594 edit‘timus
3092 2555 3104 2592 :
3134 2553 3228 2608 per
3252 2537 3474 2607 gratiam
3505 2533 3791 2590 Salvutoris

2208 2636 2378 2691 nostri
2405 2633 2529 2690 Jesu
2563 2634 2787 2697 Christi,
2834 2635 2920 2688 cui
2955 2641 3034 2688 est
3068 2632 3239 2686 honor
3267 2639 3320 2685 et
3344 2629 3512 2700 gloria
3541 2629 3594 2683 iu
3627 2642 3790 2682 saecu-

2211 2727 2298 2794 lis,
2333 2737 2386 2782 et
2415 2727 2468 2780 in
2500 2725 2690 2781 saacdla
2721 2725 3063 2780 saeculorum.
3101 2731 3293 2780 Amen.

2278 2879 2306 2920 ι’
2339 2883 2445 2936 Aut
2481 2879 2764 2935 delendum
2804 2879 3078 2934 relativum
3109 2895 3240 2948 quia,
3269 2887 3360 2932 aut
3387 2876 3786 2933 rescribendum

2210 2954 2485 3007 constituta
2508 2961 2601 3007 est.
2635 2950 2787 3016 Quod
2819 2961 2994 3006 tamen
3030 2950 3290 3021 pasterius
3321 2950 3495 3005 minus
3523 2950 3714 3019 placet.

522 3124 2786 3162 m

2410 3133 3792 3161 Μ

664 3283 759 3374 Β.
843 3290 1360 3376 MARTINI
1436 3289 2076 3376 DUMIENSIS
2153 3273 2694 3374 EPISCOPI
2762 3290 3096 3374 vanu
3155 3251 3650 3377 VERSUS.

1075 3475 1151 3528 IN
1190 3477 1557 3528 ΒΑειιιιαΑ.

664 3590 792 3647 Post
821 3590 1184 3662 evangelicum
1209 3590 1406 3645 bisseni
1437 3589 1626 3658 dogma
1654 3596 1894 3656 senatus,

596 3683 748 3751 Quod
777 3699 997 3754 regnum
1026 3682 1225 3736 Christi
1260 3691 1370 3737 toto
1396 3681 1504 3753 jam
1536 3691 1789 3752 personat
1819 3681 1980 3749 orbe,

594 3775 827 3840 Postque
856 3788 1063 3830 sacrum
1095 3773 1244 3827 Pauli
1276 3775 1494 3846 stylum,
1526 3788 1636 3844 quo
1660 3773 1806 3829 curia
1837 3771 2020 3836 mundi

596 3865 745 3921 Victa
782 3881 906 3922 suos
935 3866 1152 3921 tandem
1184 3867 1386 3936 stupuit
1410 3867 1624 3922 siluisse
1653 3868 1943 3937 sophistas,

593 3957 842 4023 Arctoos,
874 3959 1135 4025 Martine,
1179 3960 1270 4013 tibi
1303 3960 1357 4014 in
1387 3969 1627 4015 extrema
1657 3974 1900 4015 recessus

595 4051 870 4118 Panditur,
902 4051 1061 4119 inque
1091 4051 1172 4105 via
1200 4051 1321 4106 lidei
1353 4059 1497 4120 patet
1533 4049 1677 4104 invia
1710 4049 1886 4105 tellus.

603 4143 869 4198 Virtutum
902 4143 1066 4212 signis
1085 4185 1100 4210 ,
1129 4143 1438 4198 meritorum
1465 4151 1519 4197 et
1550 4141 1705 4196 laude
1735 4152 1969 4209 tuorum,

600 4237 810 4292 Excitat
837 4235 1085 4292 affectum
1115 4235 1314 4291 Christi
1340 4235 1626 4290 Germania
1656 4233 1876 4305 frigeas,

600 4330 812 4402 Flagrat
838 4341 892 4387 et
916 4331 1325 4399 accensojdivini
1354 4330 1584 4401 Spiritus
1617 4332 1758 4400 igne,

600 4424 769 4481 Solvit
797 4425 864 4480 ab
894 4425 1101 4480 infenso
1130 4424 1344 4480 strictas
1379 4423 1640 4491 Aquilone
1671 4423 1909 4492 pruinas.

601 4517 884 4584 lmmanes,
914 4518 1196 4586 variasque
1228 4515 1316 4586 pio
1343 4518 1443 4569 sub
1474 4514 1680 4571 {cedere
1703 4515 1902 4569 Christi

599 4607 831 4663 Asciscis
860 4617 1066 4678 gentes.
1106 4608 1455 4673 Alamannus,
1488 4607 1654 4673 Saxo,
1686 4608 1969 4677 Toringus,

601 4699 929 4765 Pannonius,
956 4698 1158 4769 Rugus,
1187 4699 1433 4767 Sclavtts,
1460 4699 1619 4766 Nam,
1638 4702 1901 4767 Sarmata,
1929 4701 2111 4768 Datus,

604 4791 982 4863 Ostrogothus,
1022 4793 1277 4860 Francus,
1312 4795 1642 4864 Burgundio,
1673 4795 1865 4862 Dacus,
1890 4795 2112 4862 Alanus,

607 4884 682 4938 'l‘e
710 4883 845 4937 duce
876 4898 1034 4939 nosse
1066 4884 1231 4940 Deum
1266 4885 1520 4952 gaudent.
1553 4877 1666 4939 Tua
1696 4886 1844 4955 signa
1872 4872 2078 4942 Suevos
2146 4867 2192 4926 Β

607 4977 892 5032 Admiraus
918 4978 1102 5032 didicit
1132 4979 1252 5034 ﬁdei
1285 4996 1390 5049 quo
1423 4982 1631 5035 tramite
1659 4989 1866 5051 pergat,

605 5069 941 5138 Devotusque
973 5071 1076 5126 tuis
1106 5073 1308 5127 meritis
1337 5075 1453 5128 haec
1483 5075 1617 5129 atria
1647 5073 1794 5128 claro

606 5161 848 5218 Culmine
878 5166 1188 5230 sustollens,
1221 5164 1418 5220 Christi
1449 5149 1754 5221 venerabile
1787 5168 2040 5237 templum

605 5255 916 5319 Constituit,
945 5271 1052 5325 quo
1081 5259 1220 5310 clara
1249 5258 1455 5327 vigens,
1488 5258 1731 5318 Martiue,
1767 5269 1973 5314 tuorum

605 5348 786 5403 Gratia
813 5349 1086 5419 signorum
1115 5351 1256 5406 Votis
1305 5359 1355 5406 te
1384 5351 1574 5407 adesse
1602 5358 1866 5421 precatur.

2131 3471 2179 3533 C
2285 3467 2549 3538 Electum,
2587 3470 2964 3541 propriumque
3001 3483 3140 3530 tenet
3174 3486 3223 3529 te
3246 3474 3414 3530 Callia
3444 3476 3682 3546 gaudens

2287 3557 2582 3631 Pastorem,
2619 3555 2795 3619 teneat
2824 3566 3068 3621 Callaecia
3104 3576 3208 3622 tota
3242 3580 3540 3638 patronum.

2520 3685 2853 3734 EIUSDEM
2893 3685 2966 3734 IN
3007 3688 3497 3740 BBFEO‘I‘OBIO.

2285 3787 2399 3844 Non
2433 3789 2515 3845 hic
2547 3793 2748 3846 auratis
2779 3805 3035 3848 ornantur
3065 3797 3286 3866 prandia
3321 3797 3503 3852 fuleris
3530 3814 3544 3852 :

2359 3884 2610 3955 Assyrius
2642 3902 2828 3940 murex
2864 3903 2963 3942 nec
3005 3888 3097 3943 tibi
3130 3889 3297 3959 sigma
3324 3890 3487 3944 dedit.

2288 3974 2396 4029 Nec
2429 3992 2524 4042 per
2555 3979 2875 4048 multiplices
2906 3981 3072 4036 abaco
3103 3982 3418 4050 splendente
3447 3998 3722 4054 cavernas,

2362 4067 2636 4126 Ponentur
2666 4073 2849 4127 nitidm
2881 4074 3082 4130 codicis
3115 4086 3226 4131 arte
3253 4077 3439 4148 dapes.

2287 4157 2393 4214 Nec
2419 4166 2649 4232 scyphus
2679 4164 2765 4219 hic
2796 4165 3031 4232 dabitur,
3066 4165 3225 4222 rutilo
3247 4172 3330 4224 cui
3365 4171 3500 4226 forte
3527 4171 3744 4228 metallo

2362 4252 2668 4309 Crustatum
2700 4257 2932 4325 stringat
2961 4259 3158 4313 tortilis
3187 4275 3313 4313 ansa
3344 4261 3500 4318 latus.

2294 4346 2420 4401 Vina
2450 4349 2577 4401 mihi
2609 4364 2710 4401 non
2739 4359 2862 4403 sunt
2889 4349 3158 4417 Gazetica,
3188 4352 3345 4419 Chia,
3377 4355 3623 4422 Falerna,

2360 4441 2594 4508 Quaeque
2625 4440 2922 4508 Sarapteno
2954 4442 3172 4510 palmite
3213 4444 3375 4500 missa
3415 4445 3583 4501 bibas.

2289 4532 2393 4588 Sed
2424 4532 2674 4602 quidquid
2708 4535 2882 4588 tenuis
2911 4550 3014 4589 non
3049 4538 3282 4605 complet
3315 4540 3464 4606 copia
3498 4553 3725 4610 mensae,

2360 4629 2619 4699 Suppleat
2648 4629 2748 4682 hoc
2779 4631 3010 4699 petimus
3038 4634 3204 4702 gratia
3238 4632 3393 4699 plena
3428 4634 3539 4688 tibi.

2584 4766 3046 4818 EPITAPHIUM
3084 4770 3446 4823 EJUSDEM.

2292 4893 2581 4949 Pannoniis
2609 4897 2837 4964 genitus,
2873 4900 3253 4953 transcendens
3281 4913 3495 4968 aequora
3527 4913 3698 4972 vasta,

2252 5015 2256 5018 ~
2289 4986 2526 5042 Gallieno
2561 4989 2609 5040 in
2637 4989 2901 5057 gremium
2932 4989 3130 5043 divinis
3159 4990 3377 5045 nutibus
3401 5003 3573 5057 actus,

2287 5077 2596 5142 Coufessor.
2624 5077 2972 5146 MartiueJtua
3007 5082 3106 5136 hac
3136 5083 3342 5137 dicatus
3375 5093 3400 5121 ι
3430 5086 3482 5138 in
3515 5086 3630 5139 aula

2293 5177 2555 5241 Antistes,
2583 5176 2782 5227 cultum
2814 5175 3041 5229 instituit
3083 5179 3349 5247 ritumque
3387 5192 3695 5244 sacrorum;

2292 5265 2492 5334 Teque,
2521 5271 2761 5335 patrone,
2786 5269 3014 5336 seductis
3038 5265 3266 5322 Simulus
3289 5265 3542 5324 Martinus
3564 5270 3751 5324 eodem

2290 5357 2534 5422 Nomine,
2569 5357 2675 5412 non
2707 5359 2930 5427 merito,
2964 5360 3052 5418 hic
3083 5361 3135 5417 in
3161 5361 3362 5418 ChriSti
3407 5377 3538 5440 pace
3569 5363 3787 5433 quiesco

609 5514 637 5545 ⁸
666 5504 754 5562 Sic
777 5507 1106 5561 Bollandiani
1132 5509 1250 5560 Act.
1271 5515 1444 5561 sanet.
1477 5505 1684 5561 Martini
1711 5514 1839 5560 tom.
1867 5506 1952 5572 lll,
1977 5521 2097 5577 pag.
2117 5508 2206 5576 89,
2232 5523 2381 5564 num.
2412 5469 2499 5568 P5.
2529 5513 2638 5580 ΑΙ..
2662 5514 2885 5571 dicatur.
