4108 6352
1642 571 1813 616 ANNO
1854 573 2083 619 DOMINI
2127 574 2395 619 νιιινι.

656 750 1806 972 SANCTUS
1956 722 3029 976 GERMAN
3034 771 3344 987 US

1158 1108 1961 1219 PARISIENSIS
2045 1115 2791 1227 EPISCOPUS.

371 1332 3641 1375 mm

1788 1456 2245 1549 NOTITIA

1660 1612 1762 1684 (Ba:
1800 1621 1966 1673 Gallia
2004 1621 2323 1687 Christiana).

434 1834 488 1891 In
511 1850 647 1909 pago
677 1812 960 1903 Eduensi,
991 1835 1110 1893 vico
1136 1835 1349 1902 Lausia,
1383 1835 1688 1893 Eleutherio
1706 1816 1939 1894 etEuse-
2048 1836 2176 1892 Dec.
2208 1833 2346 1904 558;
2369 1852 2471 1907 qua
2495 1837 2582 1893 die
2603 1837 2889 1896 defunctus
2914 1838 3291 1900 Childebertus
3316 1820 3477 1915 paulo
3498 1818 3626 1933 post

353 1928 441 1987 bia
470 1929 775 2000 parentibus
815 1938 969 1986 natus
997 1927 1321 1994 Germanus,
1366 1928 1645 1993 diaconus,
1677 1928 1935 2009 triennio-

352 2036 461 2091 que
508 2032 625 2091 post
654 2021 929 2093 presbyter
977 2037 1008 2076 a
1059 2030 1246 2095 sancto
1277 2021 1572 2099 Agrippino
1600 2020 1940 2089 Augustodu-

354 2115 509 2168 nensi
541 2118 791 2184 episcopo
810 2113 1083 2169 ordinatus
1111 2157 1128 2180 ,
1160 2113 1432 2183 abbasque
1458 2112 1641 2169 Sancti
1673 2111 1938 2181 Sympho-

350 2206 490 2261 riani
526 2216 556 2262 a'
575 2206 827 2263 Nectario
872 2207 1155 2277 praefectus
1176 2254 1191 2278 ,
1219 2222 1338 2262 cum
1371 2222 1436 2262 eo
1459 2208 1690 2261 concilio
1718 2222 1747 2260 v
1768 2206 1941 2262 Aure-

353 2296 603 2364 Iianensi,
634 2296 776 2356 anno
822 2299 927 2356 549
948 2342 962 2364 ,
994 2298 1257 2354 interfuit.
1287 2298 1419 2353 Cum
1449 2309 1627 2353 autem
1658 2298 1938 2355 sanctitate

347 2391 495 2457 vita,
526 2393 764 2448 moribus
793 2393 1242 2449 et-miraculorum
1266 2393 1457 2447 virtute
1488 2393 1736 2469 clareret,
1778 2406 1938 2445 voca-

347 2490 433 2539 tur
453 2483 517 2539 ad
539 2485 777 2554 regimen
805 2484 1124 2540 Parisiensis
1159 2484 1432 2555 Ecclesize,
1459 2492 1670 2541 mortuo
1703 2483 1937 2541 Eusebio

346 2588 440 2631 In.
468 2575 573 2632 555
601 2577 740 2647 (Act.
767 2587 932 2631 sanet.
964 2576 1181 2644 Bened.,
1201 2587 1240 2631 t.
1263 2575 1315 2641 1,
1342 2594 1393 2644 p.
1418 2575 1571 2645 254),
1599 2588 1653 2632 ιιι
1676 2579 1827 2635 testis
1855 2562 1934 2633 est

346 2663 670 2723 Fortunatus
699 2677 906 2735 auctor,
933 2682 1149 2723 suorum
1179 2678 1482 2737 temporum
1510 2668 1790 2736 episcopus
1815 2668 1935 2723 Pic-

346 2757 602 2814 taviensis
665 2759 755 2829 qui
784 2759 959 2816 res-ab
980 2775 1045 2815 eo
1072 2762 1325 2831 praeclare
1349 2769 1528 2831 gestas
1559 2752 1693 2817 libro
1722 2762 1791 2817 de
1832 2764 1932 2817 vita

343 2851 460 2921 ejus
506 2851 709 2918 scriptu
769 2847 1021 2913 tradidit,
1069 2854 1442 2923 consentitque
1490 2852 1829 2909 Gissemarus
1880 2854 1930 2908 in

346 2942 468 2997 Vita
486 2943 665 3013 sancti
696 2932 1035 2999 Droctrovei.

412 3034 550 3089 Nihil
601 3050 770 3091 novus
809 3034 1081 3105 dignitatis
1123 3037 1319 3107 gradus
1370 3045 1593 3092 mutavrt
1641 3040 1692 3092 in
1746 3039 1930 3109 cultu,

342 3126 521 3195 vit-tu,
572 3127 761 3197 vigiliis
801 3136 855 3182 et
891 3130 1180 3197 aSperitate
1234 3128 1560 3198 poenitentiae
1608 3114 1929 3186 sanctissimi

2047 1928 2175 1984 inibi
2209 1930 2483 2001 sepelitur.
2516 1932 2806 1989 Successor
2848 1935 2965 2017 ejus
2993 1935 3270 2017 Clotarinsl
3305 1928 3633 2001 Francorum

2045 2035 2294 2076 coronam
2326 2023 2573 2093 adeptus,
2600 2024 2832 2081 Parisios
2861 2010 3024 2095 venit,
3050 2010 3136 2083 ubi
3170 2032 3238 2085 ob
3262 2010 3629 2104 contemptum

2043 2109 2255 2167 beatum
2284 2112 2605 2170 Germanum
2654 2118 2704 2169 in
2751 2132 2967 2186 gravem
2991 2120 3243 2176 morbum
3272 2120 3533 2193 incidens,
3567 2124 3635 2189 ab

2041 2204 2230 2260 eodem
2260 2219 2445 2260 sancto
2472 2216 2708 2276 sanatur,
2725 2210 2995 2265 scribente
3020 2212 3336 2269 Fortunato.
3365 2215 3626 2273 Eumdem

2042 2299 2273 2368 acceptis
2303 2302 2498 2370 reginae
2531 2300 2865 2371 Radegundis
2900 2288 3390 2371 ,sacramentalibus
3438 2307 3632 2365 litteris

2039 2406 2069 2445 a
2108 2392 2382 2461 proposito
2420 2392 2602 2446 uxoris
2640 2374 2962 2462 recipiendae
2985 2380 3222 2451 deterret
3251 2378 3466 2455 sanctus
3495 2398 3630 2455 Ger-

2041 2498 2231 2539 manus
2278 2481 2531 2551 an.'559;
2567 2492 2677 2538 tum
2706 2484 2948 2565 Pictavos
2975 2486 3243 2556 profectus
3272 2499 3325 2542 ut
3350 2488 3418 2565 ab
3438 2503 3501 2544 ea
3533 2503 3631 2560 pro

2039 2590 2164 2646 rege
2192 2567 2398 2630 veniam
2431 2574 2826 2645 deprecaretur,
2860 2558 3121 2649 Agnetem
3150 2594 3329 2636 coram
3357 2558 3480 2637 aliis
3508 2558 3625 2654 epi-

2037 2669 2215 2737 scopis
2244 2668 2294 2721 in
2319 2669 2647 2723 monasterio
2694 2668 3262 2749 sanctaaﬂadegundis
3296 2654 3625 2732 abbatissam

2036 2760 2391 2827 consecravit,
2445 2759 2586 2827 quod
2620 2760 2670 2815 in
2702 2748 2927 2830 epistola
2980 2763 3047 2818 ad
3097 2748 3379 2835 episc0pos
3410 2768 3627 2827 concilii

2036 2850 2369 2907 Turonensis
2426 2840 2539 2919 ipsa
2616 2864 2880 2906 memorat
2938 2836 3299 2926 Radegundis.
3347 2853 3628 2915 Ordinavit

2035 2956 2179 2997 anno
2204 2942 2413 2998 circiter
2442 2942 2548 2997 560
2574 2943 2856 3015 Syagrium
2909 2944 3237 3002 Alduensem
3286 2948 3619 3019 episcopum.

2035 3033 2178 3088 Inter
2218 3036 2321 3088 alia
2364 3026 2664 3106 privilegia,
2713 3036 3100 3091 immunitatem
3149 3038 3216 3092 ab
3246 3034 3498 3111 episcopo
3524 3042 3625 3098 Pa-

2035 3126 2244 3181 risiensi
2273 3138 2321 3182 et
2364 3127 2557 3196 quovis
2585 3128 2691 3183 alio
2722 3130 2993 3183 monachis
3026 3118 3206 3185 Sancti
3237 3130 3495 3187 Vincentii
3521 3132 3628 3188 lar-

343 3222 468 3276 viri.
498 3220 740 3276 Interfuit
759 3216 900 3275 anno
929 3220 1029 3277 557
1058 3220 1344 3276 I’arisiensi
1367 3235 1423 3273 ιιι
1457 3221 1688 3275 concilio
1710 3265 1722 3285 ,
1752 3221 1929 3277 habito
1960 3233 2009 3294 Β
2034 3219 2173 3289 gilus
2203 3231 2256 3273 et
2290 3236 2360 3273 xtl
2392 3218 2509 3273 Kal.
2534 3220 2866 3290 Septembris
2887 3237 3027 3277 anno
3057 3222 3089 3278 5
3119 3223 3418 3279 Chariberli
3447 3226 3623 3296 regis“

341 3311 406 3366 ad
434 3310 771 3368 resarcienda
803 3310 994 3366 damna
1026 3312 1204 3366 'omnia
1234 3310 1495 3389 Ecclesia:
1518 3326 1582 3364 ea
1615 3311 1767 3366 bellis
1798 3311 1925 3367 civi-

340 3407 479 3465 libus
546 3408 715 3463 illata.
780 3409 962 3464 Astitit
1019 3424 1163 3463 anno
1212 3405 1318 3463 558
1375 3407 1705 3461 translationi
1757 3405 1925 3461 sancti

340 3498 518 3556 Ursini
549 3500 893 3556 Bituricensis
933 3500 1191 3570 episcopi,
1253 3501 1393 3555 sicut
1420 3511 1473 3554 et
1525 3501 1694 3554 sancti
1747 3499 1924 3554 Albini

338 3591 741 3663 Andegavensis
768 3632 786 3660 ,
816 3580 971 3661 cujus
999 3600 1206 3662 tempus
1235 3606 1339 3647 non
1353 3590 1656 3646 adnotatur.
1686 3590 1850 3659 Hujus
1872 3592 1924 3646 in

338 3686 595 3743 honorem
628 3687 907 3743 ecclesiam
937 3688 1211 3742 voluntate
1251 3694 1305 3741 et
1352 3684 1574 3754 imperio
1595 3683 1925 3740 Chiltleberti

335 3781 480 3853 regis
521 3790 649 3838 ante
688 3790 893 3852 portam
924 3780 1326 3850 Andegavensis
1356 3780 1503 3835 urbis
1533 3778 1787 3849 fundasse
1814 3793 1925 3832 mc-

337 3883 577 3930 moratur
608 3875 661 3929 in
693 3875 877 3929 charta
920 3873 1138 3943 Nesingi
1181 3872 1439 3943 episcopi,
1474 3872 1526 3927 in
1560 3872 1699 3926 notis
1724 3871 1925 3927 Baluzii

337 3966 402 4022 ad
453 3966 735 4023 Servatum
788 3968 1016 4039 Lupum,
1059 3982 1183 4038 pag.
1241 3967 1369 4022 378.
1418 3965 1683 4034 Quantum
1736 3965 1926 4021 subeo

336 4062 568 4132 prasule
608 4061 985 4118 Childebertus
1024 4077 1120 4116 rex
1154 4062 1349 4131 pietate
1381 4061 1662 4125 euituerit,
1696 4060 1927 4114 ostendit

335 4152 621 4221 imprimis,
648 4152 788 4224 quod
817 4152 1071 4207 Ecclesiae
1096 4151 1383 4207 Parisieusi
1406 4196 1421 4220 ,
1449 4150 1677 4206 sanitate
1709 4160 1923 4221 recepta

336 4230 585 4316 precibus
605 4232 772 4299 sancti
804 4244 1075 4311 Praesulis,
1099 4242 1284 4309 cellas,
1317 4240 1514 4313 regiam
1544 4241 1719 4297 villam
1751 4242 1802 4296 in
1822 4256 1923 4312 qua

335 4337 714 4405 convaluerat,
748 4337 1050 4407 cellamque
1105 4336 1159 4391 in
1198 4335 1477 4417 provincia
1528 4350 1653 4401 cum
1706 4334 1925 4389 basilica

334 4427 516 4486 Sancti
567 4429 794 4484 Romani
834 4430 1109 4485 donaverit
1151 4422 1295 4483 anno
1337 4412 1487 4497 regtii
1533 4427 1624 4493 47;
1657 4425 1712 4482 in
1740 4418 1925 4484 mense

334 4524 590 4581 Januario
631 4523 797 4596 (-Hist.
848 4524 1040 4579 Eccles.
1073 4523 1269 4591 Paris.,
1302 4532 1344 4579 ι.
1399 4522 1450 4592 Ι,
1502 4539 1622 4596 pag.
1674 4520 1786 4590 81).
1818 4522 1923 4577 Sed

2028 3307 2223 3367 Christi
2258 3310 2362 3364 565
2412 3309 2576 3382 (Ibid.
2613 3331 2667 3383 p.
2718 3312 2831 3383 89).
2883 3315 3065 3369 Astitit
3112 3332 3200 3370 an.
3246 3317 3350 3371 566
3401 3333 3469 3371 xv
3500 3316 3621 3374 Kal.

2028 3402 2281 3458 Decemb.
2305 3405 2533 3457 concilio
2566 3405 2863 3461 Turonensi-
2888 3422 2961 3475 ιι,
2998 3406 3085 3463 ubi
3110 3407 3385 3463 decretum
3414 3424 3625 3475 episco-

2028 3512 2214 3568 porum
2239 3498 2306 3551 de
2353 3506 2598 3567 suscepta
2633 3500 2802 3553 beatae
2845 3498 3188 3567 Radeguntlis
3217 3494 3446 3571 epistola
3493 3518 3620 3558 con-

2027 3588 2283 3665 scriptum
2314 3595 2398 3644 est
2442 3588 2624 3661 (Cone.
2655 3587 2829 3646 Hard.
2856 3601 2980 3643 tam.
3018 3588 3140 3655 III,
3173 3593 3277 3647 col.
3302 3591 3451 3663 567).
3481 3595 3625 3649 Con-

2027 3681 2255 3755 secravit
2303 3695 2443 3734 anno
2494 3682 2597 3736 568
2647 3670 2878 3736 Felicem
2936 3682 3229 3757 Biturigum
3285 3686 3619 3757 episcopum.

2024 3772 2178 3828 Circa
2200 3773 2338 3828 idem
2356 3783 2583 3844 tempus,
2609 3784 2691 3830 est
2716 3774 3064 3832 Cliaribertus
3078 3773 3169 3833 rex
3186 3777 3626 3839 incesti~crimine

2027 3866 2363 3923 insimulatus
2395 3872 2631 3938 ;quippe
2678 3871 2769 3939 qui
2824 3869 3099 3939 repudiata
3143 3870 3378 3942 legitima
3400 3872 3626 3945 conjuge

2026 3960 2363 4043 Ingoberta,
2389 3960 2730 4018 Meroﬂedem
2775 3948 2836 4020 ac
2868 3977 3051 4034 poStea
3107 3964 3462 4023 Marcofevam
3507 3968 3625 4039 ejus

2025 4065 2264 4107 sororem
2296 4053 2537 4124 religiosa
2564 4063 2711 4109 veste
2742 4054 3003 4120 indutam,
3033 4057 3283 4127 conjugio
3313 4058 3413 4113 sibi
3446 4074 3619 4129 copu-

2030 4141 2250 4197 laverat.
2279 4140 2411 4198 Cum
2458 4145 2625 4199 nollet
2649 4160 2765 4201 eam
2800 4134 3072 4203 dimittere
3099 4188 3116 4215 ,
3148 4149 3215 4202 ab
3256 4132 3446 4204 eodem
3476 4130 3621 4205 Ger-

2026 4246 2186 4288 mano
2216 4234 2381 4288 sacris
2407 4234 2721 4289 interdictus
2750 4242 2833 4290 est
2874 4251 2887 4289 :
2912 4236 3055 4305 quod
3083 4236 3309 4293 recitaiit
3336 4236 3625 4308 Gregorius

2028 4326 2120 4381 lib.
2152 4342 2231 4390 tv,
2259 4341 2384 4396 cap.
2414 4325 2485 4380 96
2509 4369 2535 4407 ,ς
2558 4337 2613 4383 et
2641 4328 2803 4391 Gesta
2832 4338 3069 4384 veterum
3118 4329 3445 4385 Francorum
3495 4346 3616 4402 cap.

2027 4416 2117 4487 50,
2160 4408 2247 4476 tibi
2278 4431 2331 4476 et
2355 4416 2551 4492 legitdr
2581 4436 2610 4475 a
2643 4408 2766 4492 rege
2797 4420 3115 4478 Chariberto
3161 4422 3519 4481 Encolismam
3543 4425 3623 4479 ci-

2028 4513 2245 4568 vitatem
2277 4514 2498 4569 missum
2527 4510 2850 4569 Germanum
2875 4531 2995 4570 cum
3022 4513 3281 4585 Gregorio
3320 4516 3625 4574 Turonensi

336 4618 635 4687 praesertim
666 4626 851 4671 ηοωω
877 4619 1034 4685 digna
1077 4618 1218 4687 regis
1247 4615 1402 4686 huius
1442 4612 1610 4672 causa
1640 4614 1692 4670 in
1722 4626 1922 4685 paupe-
1949 4612 1997 4681 ε
2026 4610 2371 4683 consecrasse
2421 4606 2693 4685 basilicam
2750 4608 2918 4662 sancti
2975 4606 3225 4673 Eparchii
3267 4607 3457 4679 (Labb.
3485 4608 3617 4665 Nov.

335 4725 425 4766 res
468 4710 793 4778 liberalitas,
840 4710 911 4765 ita
940 4720 996 4765 ut
1022 4723 1241 4765 auream
1265 4719 1320 4765 et
1346 4716 1653 4778 argenteam
1686 4707 1922 4777 supelle-

347 4802 531 4858 ctilem
564 4802 631 4857 ad
660 4816 755 4857 eos
781 4801 1094 4857 nutriendos
1122 4811 1176 4856 et
1199 4800 1453 4855 fovendos
1481 4799 1839 4870 confringeret
1867 4808 1931 4855 ac

334 4892 597 4950 conﬂaret
620 4935 634 4959 ,
667 4893 894 4949 consilio
937 4906 992 4949 et
1025 4892 1285 4962 exemplis
1311 4890 1564 4946 Germani
1606 4898 1879 4957 permotus
1914 4907 1928 4944 :

336 4986 478 5041 unde
508 4989 646 5041 forte
673 4996 792 5042 nata
810 4986 991 5055 opinio
1012 4994 1255 5041 sanctum
1280 4984 1609 5040 Germanum
1636 4984 1801 5038 fuisse
1818 4999 1934 5055 regi

334 5078 403 5133 ab
430 5077 790 5149 eleemosynis
820 5072 1068 5147 primum,
1100 5085 1174 5143 et,
1205 5083 1262 5130 ut
1282 5075 1443 5131 modo
1484 5076 1772 5144 loquimur,
1806 5090 1922 5129 ina-

333 5181 494 5239 gnum
525 5167 1031 5238 eleemosynarium.
1064 5167 1483 5236 Caesaraugusta:
1528 5164 1672 5220 urbis
1699 5163 1926 5232 opulen-

336 5261 556 5316 tissima:
580 5260 632 5313 in
656 5259 900 5331 Hispania
932 5258 997 5312 ad
1025 5258 1166 5327 ripas
1190 5257 1321 5312 Iberi
1356 5252 1643 5312 obsidione
1661 5252 1853 5322 soluta,
1871 5262 1924 5311 et

335 5349 457 5407 inde
480 5351 638 5405 allata
665 5350 924 5406 Vincentii
957 5348 1166 5404 diaconi
1194 5358 1245 5404 et
1267 5351 1515 5419 martyris
1541 5348 1678 5417 stola
1696 5388 1712 5413 ,
1742 5362 1923 5421 rever-

333 5462 425 5502 sus
479 5446 743 5515 Lutetiam
771 5446 1148 5524 C-hildebertus
1202 5445 1468 5501 aedificare
1522 5430 1685 5517 cmpit
1730 5424 1916 5517 (ibim,

333 5556 386 5609 ρ.
424 5537 519 5611 87)
549 5541 716 5595 sancti
746 5538 995 5595 Germani
1028 5536 1294 5608 pontificis
1323 5537 1557 5607 hortatu,
1588 5538 1759 5592 sancti
1794 5537 1922 5591 Vin.-

332 5631 493 5686 centii
550 5631 801 5697 nomine,
852 5630 1112 5685 illustrem
1158 5629 1463 5694 basilicam,
1495 5629 1545 5683 in
1574 5643 1677 5698 qua
1726 5627 1920 5683 dictam

334 5722 527 5779 stolam
570 5722 835 5793 deposuit.
871 5722 1018 5777 Hanc
1046 5732 1222 5777 autem
1264 5720 1561 5776 absolutam
1593 5718 1837 5785 dicavit,
1869 5728 1923 5774 et

335 5813 579 5886 pluribus
634 5815 1011 5874 donationibus
1056 5817 1203 5872 auxit
1248 5824 1464 5871 sanctus
1510 5810 1808 5869 Germanus
1850 5810 1922 5864 23

2026 4696 2276 4751 Biblioth.
2333 4706 2372 4751 t.
2427 4695 2479 4763 1,
2512 4715 2563 4766 p.
2594 4696 2744 4766 159.),
2777 4699 2866 4767 qui
2896 4699 3023 4751 inibi
3050 4713 3221 4767 nuper
3243 4703 3483 4768 sepultus
3509 4700 3625 4757 fue—

2026 4796 2130 4843 rat.
2161 4790 2230 4843 At
2257 4802 2495 4843 errorem
2526 4788 2580 4840 in
2632 4787 2939 4843 nominibus
2965 4788 3377 4857 deprehendunt
3417 4790 3623 4845 doctis-

2028 4878 2150 4935 simi
2192 4876 2534 4934 Bollandislze
2564 4892 2627 4934 ex
2672 4878 2928 4949 temporis
2959 4880 3210 4935 ratione:
3255 4893 3378 4934 nam
3404 4891 3623 4943 sanctus

2033 4954 2332 5026 Germanus
2387 4984 2539 5039 teque
2568 4985 2631 5024 ac
2675 4969 3025 5025 Charibertus
3074 4985 3167 5026 rex
3220 4980 3345 5026 ante
3374 4980 3621 5028 sanctum

2035 5062 2357 5133 Eparchium
2386 5077 2416 5117 e
2448 5063 2583 5117 vivis
2602 5076 2917 5137 excessere,
2944 5077 2999 5117 ut
3030 5072 3218 5143 notant
3246 5075 3392 5119 torno
3425 5064 3443 5117 I
3470 5063 3624 5134 Julii,

2034 5172 2155 5228 pag.
2188 5158 2310 5211 109.
2337 5156 2588 5211 lnvitatur
2616 5171 2647 5211 a
2668 5157 2931 5213 Domnolo
2952 5144 3346 5213 Cenomanensi
3367 5158 3625 5227 episcopo

2030 5250 2097 5303 ad
2148 5248 2540 5303 dedicationem
2595 5250 2902 5303 monasterii
2946 5248 3128 5304 Sancti
3161 5248 3425 5303 Vincentii
3467 5248 3622 5319 juxta

2030 5343 2662 5415 urbemjllenomanorum
2690 5344 2865 5400 eidem
2889 5345 3213 5412 astititjanno
3232 5344 3365 5414 571,
3392 5344 3620 5403 Kalend.

2028 5422 2313 5501 Novemb,
2348 5424 2403 5485 iii
2430 5426 2637 5487 constat
2668 5424 2735 5488 ex
2767 5432 3224 5494 Iitteris,Domnoli
3254 5434 3425 5504 pridie
3446 5450 3619 5491 nonas

2030 5526 2243 5582 Martias
2273 5526 2411 5579 datis
2430 5526 2478 5578 in
2510 5526 2645 5579 hanc
2666 5538 2800 5589 rem,
2826 5508 3018 5594 quibus
3048 5522 3366 5594 subscripsit
3396 5518 3623 5581 Germa-

2026 5624 2147 5675 nos.
2197 5616 2438 5672 Interfuit
2466 5632 2606 5670 anno
2635 5614 2741 5671 573
2766 5612 2996 5670 concilio
3028 5610 3318 5671 Parisiensi
3350 5622 3402 5671 tv
3437 5615 3621 5687 (Cum.

2027 5713 2200 5768 Hard.
2227 5720 2356 5765 tom.
2388 5706 2505 5775 III,
2526 5709 2633 5765 col.
2659 5708 2810 5778 404),
2840 5706 2931 5763 ubi
2964 5702 3103 5767 inter
3129 5718 3322 5766 cetera
3346 5709 3624 5785 depositus

2027 5819 2109 5865 est
2134 5809 2439 5872 Promotus,
2470 5806 2559 5876 qui
2576 5802 2879 5874 episcopale
2900 5804 3141 5861 officium
3162 5805 3226 5860 in‘
3246 5804 3470 5865 dimcesi
3488 5813 3621 5866 (lare
