4108 6352
547 278 617 338 B5
1359 278 1668 337 SANCTUS
1706 277 2106 340 GERMANUS.
2145 276 2563 341 PARISIENSlS
2599 284 2993 344 EPISCOPUS;
3733 297 3799 350 56

546 392 766 452 notensi
786 400 1099 465 usurpant,
1124 394 1373 451 nimirum
1403 396 1457 450 in
1489 397 1923 463 Castrodunensi,
1949 404 2003 451 et
2025 391 2114 461 qui
2142 391 2192 451 Δ
2220 393 2326 448 dati
2371 394 2584 452 fuerant
2627 407 2874 467 parentes
2907 400 3022 470 ejus
3063 400 3408 460 Eleutherius
3449 413 3502 464 et
3549 405 3798 476 Eusebia,

545 489 614 543 ad
643 489 904 560 synodum
932 505 961 542 a
991 489 1255 544 Germano
1288 490 1536 547 invitatus
1564 492 1759 545 venire
1791 500 2125 560 contempse-

546 595 648 641 rat.
684 587 839 641 Anno
863 586 989 651 575,
1011 585 1404 641 Brunichildem
1432 586 1667 654 reginam
1696 585 1962 639 luculenta
2009 585 2122 639 hor-

509 736 514 742 _
548 687 690 732 tatus
724 686 806 733 cst
833 677 1061 748 epistola
1100 688 1158 732 ut
1195 677 1512 747 Sigibertum
1535 676 1813 747 conjugetn
1847 692 1875 730 a
1898 677 2124 732 consilio

509 749 514 760 ’
545 770 670 825 belli
697 770 839 840 quod
872 769 1018 824 fratri
1044 769 1303 824 inferebat
1335 785 1433 824 suo
1471 781 1747 826 revocaret
1781 768 1942 838 (Hist.
1976 767 2120 825 Eccl.

512 925 514 934 ᾖ
545 860 746 924 Puris.,
767 872 803 914 t.
828 861 879 926 l,
913 881 965 932 p.
994 860 1107 930 96).
1133 862 1280 918 llanc
1309 861 1471 917 habes
1495 863 1545 916 in
1574 861 1865 930 appendice
1892 863 2122 930 Operum

511 937 784 1022 :Gregorii
815 955 1142 1008 Turonensis
1184 955 1487 1010 novissimae
1536 954 1813 1020 editionis,
1857 954 1959 1008 col.
1986 954 2123 1009 1345

545 1042 696 1112 (Vid.
742 1044 876 1114 infra
907 1044 1007 1099 col.
1043 1044 1191 1113 900),
1243 1043 1484 1112 inﬁnitus
1506 1058 1679 1099 essem
1704 1045 1747 1098 si
1777 1045 1945 1099 sancti
1985 1047 2125 1098 anti-

543 1135 685 1188 stitis
738 1135 958 1191 virtutes
1004 1145 1058 1190 et
1097 1135 1349 1190 miracula
1402 1150 1682 1191 recensere
1721 1137 1934 1190 vellem.
1973 1135 2123 1192 llunc

543 1225 810 1280 Robertus
834 1242 924 1281 rex
954 1227 1005 1280 in
1027 1227 1314 1295 diplomate
1339 1227 1663 1283 Parisiorum
1695 1229 1943 1300 clypeum
1973 1231 2123 1286 inex-

542 1318 877 1388 pugnabilem
907 1328 1198 1389 nuncupat.
1221 1319 1467 1374 Celebrat
1500 1321 1817 1377 Fortunatus
1847 1324 1962 1393 ejus
2001 1340 2121 1380 mo-

541 1422 659 1464 rum
699 1408 1053 1476 sanctitatem,
1109 1409 1346 1479 clerique
1380 1408 1692 1466 Parisieusis
1714 1413 1813 1467 sub
1845 1428 1912 1468 eo
1941 1415 2116 1485 ponti-

541 1499 642 1554 ﬁce
663 1500 971 1570 religionem
991 1511 1042 1556 et
1070 1497 1416 1557 ecclesiastici
1440 1503 1584 1557 chori
1609 1516 1923 1562 concentum
1949 1523 1964 1562 :
1999 1522 2121 1563 nam

542 1601 791 1662 poemate
823 1592 909 1655 l9,
960 1591 1053 1646 lib.
1084 1607 1122 1647 ιι
1148 1635 1162 1659 ,
1192 1592 1310 1662 ejus
1340 1593 1633 1648 institutum
1661 1611 1849 1652 recens
1878 1599 1944 1654 de
1975 1601 2121 1668 psal-

541 1685 718 1739 modia
744 1685 1099 1749 commendat,
1132 1699 1287 1752 quam
1310 1701 1339 1740 a
1370 1687 1563 1756 populo
1583 1697 1637 1742 et
1663 1689 1806 1743 clero
1835 1691 2120 1748 Parisiensi

541 1778 674 1833 mira
705 1777 995 1846 frequentia
1045 1786 1098 1832 et
1126 1778 1423 1835 animorum
1453 1782 1724 1837 alacritate
1761 1785 2004 1851 perhibet
2032 1801 2122 1840 su-
2151 1762 2198 1823 Β

538 1879 777 1937 sceptam
825 1871 1004 1926 fuisse.
1051 1871 1271 1926 Demum
1309 1871 1422 1928 fere
1453 1877 1822 1945 octogenarius
1850 1879 1901 1933 in
1926 1883 2119 1937 coelum

547 1962 802 2033 migravit
856 1960 1155 2017 Germanus
1196 1979 1226 2017 v
1274 1963 1498 2019 Kalend.
1561 1967 1745 2023 .luuias
1792 1984 1934 2024 anno
1990 1971 2117 2041 576,

542 2053 705 2123 paulo
735 2059 853 2121 post
892 2067 1049 2121 quam
1081 2053 1348 2122 Sigiberto
1377 2057 1486 2125 regi
1510 2059 1862 2116 comminatus
1892 2073 2120 2118 mortem

541 2150 730 2204 fuisset
745 2164 807 2204 ac
832 2149 1184 2218 praedixisset,
1216 2160 1269 2203 ut
1303 2148 1467 2205 relert
1487 2151 1772 2221 Gregorius
1795 2154 2122 2210 Turonensis

540 2241 636 2294 lib.
672 2257 744 2307 tv,
773 2255 889 2308 cap.
942 2240 1031 2295 52.
1090 2241 1236 2294 Diem
1267 2257 1476 2308 quoque
1511 2245 1591 2297 sui
1622 2244 1735 2310 ipse
1762 2246 1937 2300 obitus
1965 2249 2122 2316 paulo

541 2341 666 2385 ante
721 2332 1173 2398 pronuntiaverat.
1235 2331 1310 2386 De
1339 2332 1457 2401 ejus
1515 2335 1697 2388 funere
1748 2335 1818 2388 ita
1877 2336 2122 2394 laudatus

545 2422 832 2493 Gregorius
856 2423 992 2477 libro
1025 2440 1080 2488 v,
1128 2438 1246 2492 cap.
1282 2425 1313 2477 8
1344 2443 1356 2477 :
1394 2443 1412 2476 ‹
1453 2426 1506 2480 In
1537 2427 1709 2496 cujus,
1741 2429 1926 2496 inquit,
1968 2447 2124 2488 exse-

542 2517 701 2585 quiis,
726 2516 905 2571 multis
932 2516 1215 2570 virtutibus
1246 2531 1378 2586 quas
1409 2519 1461 2571 in
1489 2532 1713 2588 corpore
1737 2532 1993 2589 gesserat,
2024 2526 2122 2580 hoc

543 2607 857 2662 miraculum
913 2606 1373 2663 confirmationem
1423 2609 1565 2664 fecit.
1627 2610 1756 2665 Nam
1813 2618 2122 2671 carcerariis

541 2698 982 2765 acclamantibus,
1011 2713 1205 2768 corpus
1228 2701 1278 2752 in
1305 2701 1472 2767 platea
1495 2710 1832 2769 aggravatum
1852 2717 1953 2770 est,
1978 2706 2122 2760 solu-

539 2791 716 2861 tisque
754 2791 979 2858 eisdem,
1024 2805 1207 2846 rursus
1237 2791 1352 2845 sine
1379 2792 1558 2846 labore
1592 2793 1793 2848 levatur
1824 2813 1837 2848 :
1867 2797 1963 2866 ipsi
1989 2813 2120 2867 quo-

541 2902 646 2958 que
674 2888 761 2956 qui
793 2885 952 2940 soluti
983 2885 1192 2938 fuerant
1219 2929 1233 2954 ,
1281 2887 1331 2938 in
1371 2887 1680 2955 obsequium
1709 2887 1909 2943 funeris
1954 2904 2120 2959 usque

540 2983 608 3036 ad
644 2982 918 3035 basilicam
945 2982 995 3034 in
1020 2995 1123 3049 qua
1147 2980 1386 3047 sepultus
1414 2991 1522 3045 est,
1558 2980 1706 3034 liberi
1737 2991 2115 3050 pervenerunt.

539 3070 619 3127 Ad
671 3070 972 3139 sepulcrum
1011 3081 1188 3124 autem
1221 3069 1337 3138 ejus
1385 3072 1574 3124 multas
1601 3071 1857 3138 virtutes,
1893 3072 2116 3128 Domino

542 3137 836 3229 tribuente,
881 3161 1164 3218 credentes
1193 3137 1558 3232 experiuntur.
1597 3181 1616 3215 ι
1643 3161 1768 3219 Haec
1797 3137 2110 3231 Gregorius,
2143 3137 2189 3199 Ο

536 3256 626 3324 qui
659 3265 841 3323 postea
867 3253 1204 3308 commendat
1226 3252 1415 3306 librum
1445 3253 1579 3307 Vitae
1605 3255 1770 3309 sancti
1800 3257 2061 3324 pontiﬁcis
2087 3273 2115 3312 a

533 3345 833 3400 Fortunato
862 3345 1171 3414 presbytero
1197 3345 1568 3410 compositum.
1588 3347 1687 3400 Alii
1715 3347 1890 3412 citius,
1918 3349 2117 3405 tardius

537 3436 624 3490 alii
671 3445 895 3490 mortem
937 3436 1051 3503 ejus
1076 3437 1379 3506 assignant,
1414 3450 1604 3505 nempe
1643 3438 1797 3491 annis
1823 3438 1958 3504 575,
1988 3440 2114 3494 577.

534 3526 795 3587 Baronius
824 3527 1034 3583 biennio
1066 3536 1186 3596 post
1227 3527 1536 3582 defunctum
1578 3529 1737 3582 tradit
1769 3530 2112 3597 Germanum,

539 3629 595 3674 et
622 3620 771 3687 lingu
801 3617 1220 3672 Flaviniacensis
1259 3633 1322 3673 ex
1340 3617 1604 3673 Chronico
1633 3618 1950 3674 Virdunensi
1978 3623 2116 3690 apud

535 3713 820 3770 Labhasum
851 3728 902 3781 p.
937 3713 1060 3778 101,
1094 3715 1124 3764 9
1155 3711 1411 3766 Februar.
1438 3712 1565 3777 582,
1597 3712 1685 3766 ubi
1715 3727 1990 3782 perperam
2015 3716 2120 3769 fra-

537 3818 675 3861 trem
707 3805 757 3858 ei
786 3805 953 3859 fuisse
997 3804 1216 3858 Paulum
1249 3804 1632 3858 Virdunensetn
1685 3805 1990 3875 episc0putn
2033 3822 2120 3862 as-

544 3897 696 3962 serit,
744 3896 833 3965 qui
877 3895 1085 3964 vigebat
1137 3908 1277 3949 attno
1305 3893 1428 3951 650.
1466 3895 1854 3950 Tumulaturiu
1885 3899 2120 3954 Oratorio

536 3989 706 4044 sancti
735 3987 1107 4059 Symphoriani
1134 4029 1150 4054 ,
1186 3989 1325 4059 quod
1376 3989 1489 4058 ipse
1535 3997 1908 4044 construxerat
1959 3990 2012 4046 in
2041 3993 2120 4046 in-

537 4096 724 4152 gressu
754 4081 988 4137 basilicae
1015 4079 1184 4136 sancti
1215 4079 1498 4148 Vincentii,
1522 4082 1608 4136 ubi
1634 4083 1780 4152 prius
1826 4085 2114 4153 sepulturae

2229 498 2324 551 pro
2351 500 2573 552 quorum
2606 489 2970 544 anniversario
2999 492 3162 546 multa
3194 493 3412 561 largitus
3437 494 3606 550 fuerat
3626 497 3796 553 eidem

2228 579 2493 633 ecclesiae.
2528 580 2781 636 Germani
2831 583 3154 654 epitaphium
3183 601 3212 640 a
3239 586 3543 655 Chilperico
3573 605 3720 661 rege,
3748 593 3800 648 in

2225 669 2448 736 poeticis
2477 670 2668 725 litteris
2689 673 2928 741 exculto,
2957 676 3321 744 conscriptum
3353 687 3502 732 notat
3523 680 3801 736 Aimoinus

2225 760 2316 814 lib.
2348 774 2424 825 nt,
2466 777 2585 830 cap.
2636 763 2731 827 l6;
2783 765 2922 832 quod
2955 775 3127 819 tamen
3168 767 3254 819 alii
3287 782 3315 818 a
3350 782 3474 835 rege
3501 769 3549 823 ei
3572 771 3800 836 positum

2225 853 2449 917 taﬁtum,
2479 853 2667 906 abillo
2717 868 2844 907 vero
2900 858 2987 922 qui
3025 855 3161 910 Vitae
3182 858 3348 912 sancti
3392 859 3640 913 Germani
3686 870 3802 916 acta

2223 953 2541 1016 composuit,
2602 948 2856 1016 scriptum
2909 963 3028 1004 esse
3078 952 3427 1006 contendunt.
3461 952 3803 1008 Mahillonius

2224 1037 2290 1090 ad
2319 1053 2514 1092 annum
2547 1038 2684 1104 576,
2715 1055 2768 1093 n.
2797 1039 2886 1103 63,
2912 1054 2940 1093 a
2965 1038 3267 1110 Chilperico
3297 1055 3420 1109 rege
3449 1043 3802 1110 compositum

2223 1129 2436 1197 quidem
2469 1131 2795 1199 epitaphium
2826 1131 3041 1200 conjicit
3060 1170 3080 1199 ,
3111 1131 3205 1186 sed
3233 1131 3300 1188 ab
3329 1133 3574 1187 Aimoiuo
3599 1133 3804 1204 expoli-

2224 1230 2358 1276 tum.
2387 1223 2475 1277 Sic
2503 1230 2681 1277 autem
2710 1221 2868 1277 habet
2898 1241 2912 1276 :

2224 1315 2470 1370 Ecclesia
2493 1317 2774 1383 speculum,
2800 1317 3153 1388 patriaevigor,
3178 1333 3273 1369 ara
3293 1333 3518 1383 reorum,

2295 1409 2361 1464 Et
2386 1420 2549 1479 pater,
2581 1421 2627 1464 et
2649 1411 2874 1464 medicus
2893 1450 2908 1474 ,
2934 1418 3130 1476 pastor,
3146 1426 3383 1480 amorque
3403 1412 3590 1482 gregis,

2224 1498 2510 1555 Germanus
2531 1502 2733 1564 virtute,
2761 1501 2885 1568 ﬁde,
2909 1500 3082 1566 corde,
3107 1516 3192 1554 ore
3215 1501 3410 1563 beatus,

2297 1592 2465 1646 Carne
2510 1602 2638 1647 tenet
2664 1595 2940 1657 tumulum,
2967 1595 3145 1646 mentis
3162 1593 3353 1646 honore
3373 1593 3567 1662 polum.

2232 1686 2326 1742 Vir
2343 1689 2424 1741 cui
2449 1689 2579 1741 dura
2601 1688 2734 1741 nihil
2753 1698 3030 1742 nocuerunt
3054 1690 3160 1758 fota
3179 1689 3419 1756 sepulcri,

2303 1780 2438 1834 Vivit
2465 1782 2620 1847 enim,
2647 1797 2762 1834 nam
2783 1798 2916 1835 mors
2936 1799 3080 1848 quem
3112 1784 3224 1836 tulit
3255 1784 3367 1850 ipsa
3391 1785 3550 1836 timet.

2224 1870 2388 1925 Crevit
2407 1871 2574 1924 adhuc
2598 1874 2763 1932 potius
2777 1875 2950 1945 justus
2975 1885 3081 1940 post
3107 1875 3311 1941 funera,
3336 1891 3401 1927 na
3423 1892 3450 1925 ιι
3473 1873 3558 1945 qui

2295 1962 2482 2017 Fictile
2499 1980 2584 2018 vas
2598 1967 2785 2031 fuerat,
2808 1980 3002 2033 gemma
3024 1967 3237 2034 superba
3253 1965 3424 2019 micat.

2225 2054 2397 2126 Hujus
2413 2072 2556 2123 apem
2576 2072 2635 2108 ac
2653 2057 2889 2110 meritum
2917 2058 3068 2110 mutis
3091 2061 3211 2110 data
3225 2057 3374 2110 verba
3394 2057 3694 2125 loquuntur,

2294 2147 2542 2202 Redditus
2581 2157 2629 2202 et
2652 2151 2795 2202 caecis
2820 2149 3061 2216 praedicat
3082 2164 3169 2202 ore
3199 2150 3322 2202 dies.

2224 2239 2277 2295 Ν
2285 2258 2380 2295 unc
2405 2242 2480 2294 vir
2491 2242 2801 2307 apostolicus
2832 2243 3038 2308 sapiens
3063 2243 3126 2295 (Ie
3147 2257 3302 2295 carne
3323 2243 3618 2312 traplttzum-

2292 2333 2419 2388 Jure
2440 2334 2736 2400 triumphali
2761 2334 2985 2387 considet
3009 2351 3126 2387 arce
3152 2334 3341 2387 throni.

2293 2429 2628 2483 Translatum
2656 2439 2738 2482 ρει
2765 2442 2975 2482 sacrum
3031 2426 3284 2482 Germani
3316 2440 3511 2496 corpus
3541 2427 3606 2482 ad
3641 2428 3808 2496 majo-

2221 2535 2332 2575 rem
2363 2519 2643 2574 ecclesiam
2694 2532 2786 2570 vnt
2831 2516 2948 2571 Kal.
3001 2515 3225 2585 Augusti
3254 2531 3395 2569 anno
3427 2514 3569 2583 754,
3601 2526 3808 2573 astante

2222 2611 2410 2680 Pipino
2439 2625 2584 2679 rege,
2637 2611 2774 2665 latus
2827 2609 2946 2678 ejus
3002 2609 3321 2677 stipantibus
3367 2607 3724 2663 Carlumanno
3751 2620 3808 2665 et

2221 2705 2414 2760 Carolo
2454 2705 2542 2772 qui
2598 2711 2779 2772 postea
2833 2703 3002 2754 dictus
3053 2713 3134 2755 est
3185 2701 3442 2768 Magnus.
3490 2700 3589 2754 sub
3636 2701 3808 2756 Lans—

2220 2798 2358 2854 frido
2401 2796 2569 2852 sancti
2624 2795 2873 2851 Germani
2916 2795 3141 2859 abbate,
3203 2796 3353 2863 cujus
3419 2794 3539 2849 festi
3603 2809 3809 2849 memo-

2218 2889 2296 2943 ria
2376 2888 2631 2942 recolitur
2708 2887 2792 2940 die
2861 2884 2931 2937 25
3003 2884 3148 2938 Julii.
3222 2884 3351 2954 Ejus
3416 2885 3467 2938 in
3546 2884 3806 2941 honorem

2220 2979 2677 3045 Bertichramnus,
2707 2977 3135 3032 Cenomanorum
3163 2977 3446 3045 epi~00pus
3470 3015 3487 3043 ,
3518 2978 3606 3044 qui
3652 2976 3717 3030 ab
3740 2991 3808 3031 eo

2219 3071 2500 3143 presbyter
2529 3071 2804 3124 ordinatus
2835 3070 3028 3133 fuerat,
3063 3068 3443 3122 monasterium
3469 3067 3607 3136 apud
3629 3065 3809 3123 Ceno-

2222 3179 2410 3219 manos
2458 3163 2593 3216 ultra
2635 3161 2852 3215 ﬂuvium
2902 3160 3109 3216 Sarlhzr
3157 3158 3390 3212 coodidit
3452 3170 3504 3212 et
3558 3158 3759 3212 dotavit
3791 3200 3806 3224 ,

2221 3257 2361 3328 quod
2393 3271 2533 3312 nunc
2589 3256 2860 3308 redactum
2901 3263 2985 3308 est
3030 3254 3081 3306 in
3126 3251 3461 3321 partecialem
3519 3251 3806 3305 ecclesiam

2223 3349 2605 3404 suburbanam.
2629 3346 2711 3400 Ab
2740 3345 2857 3415 ejus
2885 3359 3097 3413 quoque
3128 3343 3344 3396 nomine
3368 3343 3504 3396 dicta
3535 3342 3672 3410 apud
3709 3342 3809 3396 Pa-

2223 3444 2380 3497 risios
2411 3440 2634 3497 ecclesia
2665 3440 2844 3494 Sancti
2876 3437 3130 3492 Germani
3159 3437 3389 3500 veteris,
3423 3434 3570 3505 prius
3600 3434 3807 3502 capella

2224 3533 2405 3591 Sancti
2450 3532 2670 3586 Joannis
2729 3529 2977 3598 Baptistae
3032 3527 3099 3582 ab
3154 3528 3271 3596 ipso
3323 3536 3508 3580 sancto
3537 3525 3809 3580 Germano

2224 3639 2348 3681 tunc
2370 3627 2560 3680 abbate
2590 3623 2768 3678 Sancti
2799 3621 3172 3693 Symphoriani
3201 3628 3526 3685 constructa,
3561 3618 3613 3672 in
3641 3633 3807 3688 quam

2225 3719 2295 3773 ob
2350 3725 2548 3772 metum
2597 3715 3022 3769 Normanuorum
3093 3711 3333 3780 ejusdem
3384 3720 3552 3765 sanctt
3611 3723 3808 3777 corpus

2226 3810 2543 3866 translatum
2572 3823 2712 3862 anno
2743 3808 2866 3872 886,
2902 3821 2993 3874 per
3016 3805 3293 3861 biennium
3329 3804 3628 3874 depositum
3656 3819 3808 3858 man~

2225 3907 2314 3958 sit.
2351 3903 2547 3959 Sancto
2568 3901 2836 3956 Germano
2866 3899 3115 3955 tribuitur
3144 3912 3277 3967 opus
3306 3897 3371 3953 de
3397 3897 3553 3952 Missa
3583 3907 3730 3953 tomo
3762 3896 3808 3951 ν

2228 3995 2514 4062 Anecdot.,
2545 3996 2648 4050 col.
2681 3994 2771 4049 9l.

538 4220 3802 4262 Μ

1332 4363 1666 4492 SAN
1690 4363 1980 4491 ΟΤΙ
2076 4356 2841 4491 GERMAN
2863 4361 2912 4481 Ι
2964 4456 2993 4505 ,

1470 4600 2188 4688 PARISIENSIS
2234 4597 2771 4687 EPISCOPI

1832 4803 2420 4966 VITA
2452 4917 2495 4985 9

1007 5076 1378 5142 AUCTORE
1421 5075 1838 5141 VENANTIO
1880 5074 2374 5139 FORTUNATO
2413 5069 2796 5134 EPISCOPO
2838 5065 3336 5131 PICTAVIENSI

1536 5223 1633 5288 Ad
1659 5242 1807 5287 mss.
1844 5222 2043 5286 Codd.
2082 5221 2419 5301 diligenter
2445 5215 2794 5294 recognita.

1436 5393 2954 5448 w—

576 5497 648 5578 ll.
685 5496 880 5553 Beatus
920 5492 1079 5562 igitur
1119 5491 1414 5550 Germanus
1465 5492 1784 5546 Parisiorum
1835 5490 2101 5557 pontifex,
2133 5513 2184 5572 υ
2209 5488 2353 5558 quod
2389 5486 2529 5539 hunc
2562 5495 2680 5553 post
2710 5485 2932 5538 alterum
2963 5483 3098 5537 intra
3133 5483 3296 5536 breve
3326 5482 3552 5552 spatium
3586 5494 3798 5538 conce-

536 5590 792 5648 territorii
831 5588 1323 5658 Augustodunensis
1353 5587 1622 5657 indigena.
1659 5593 1808 5653 patre
1857 5582 2107 5637 Eleuthe-

535 5685 640 5749 rio,
673 5690 843 5737 matre
888 5696 1098 5751 quoque
1141 5680 1403 5743 Eusebia,
1451 5677 1688 5732 nonestis
1731 5674 2108 5743 honorotisque

537 5775 847 5846 parentibus
888 5782 1201 5846 procreatus
1247 5782 1351 5829 est.
1383 5770 1561 5839 'Cujus
1611 5767 1865 5853 genitriit,
1899 5781 1998 5836 pro
2044 5781 2109 5823 eo

2213 5581 2379 5652 pisset
2408 5579 2458 5631 in
2490 5587 2662 5637 utero,
2697 5577 2896 5644 pudore
2926 5586 3070 5629 mota
3113 5573 3359 5628 muliebri
3405 5574 3653 5643 cupiebat
3684 5581 3808 5630 ante

2217 5683 2422 5743 partum
2453 5669 2704 5724 infantem
2738 5669 3073 5736 exstinguere
3103 5684 3116 5720 :
3149 5675 3203 5720 et
3233 5674 3448 5734 accepta
3492 5666 3705 5732 potione
3744 5673 3802 5722 ut

2217 5765 2514 5819 abortivum
2548 5762 2860 5830 projiceret,
2891 5759 3020 5814 dum
3050 5774 3245 5815 nocere
3271 5773 3375 5814 non
3410 5768 3624 5829 posset,
3657 5760 3780 5814 incu
