4108 6352
354 298 423 353 ἲίἹ
1169 306 1176 312 ·
1899 307 2080 366 vm.
3536 302 3606 370 58

352 411 514 466 habnt
540 411 592 466 ia
623 406 833 482 ventre,
859 423 916 470 ut
939 414 1176 486 pondere
1199 410 1516 486 pratici-aret
1539 431 1696 488 quem
1722 433 1929 478 venena
1955 430 2006 486 Α
2102 417 2188 475 IV.
2232 418 2398 491 lgitur
2420 422 2648 490 quadam
2679 424 2797 480 vice
2830 423 2955 480 dum
2981 425 3159 481 cibum
3197 425 3372 482 fessus
3397 427 3607 496 accipe-

351 502 548 558 taedere
589 520 695 560 non
742 506 997 562 valerent.
1030 507 1281 564 Certabat
1322 520 1490 567 mater
1519 527 1639 567 cum
1685 513 1924 580 parvulo,

353 596 689 652 renitebatur
737 598 912 655 infans
941 601 1008 656 ab
1042 609 1230 656 utero:
1273 613 1390 661 erat
1417 619 1546 670 ergo
1577 622 1747 675 pugna
1787 607 1928 662 inter

348 688 626 742 mulierem
659 697 712 744 et
744 690 967 747 viscera.
990 691 1316 749 'Laedebatur
1342 704 1605 762 matrona,
1637 712 1734 752 nec
1761 712 1925 753 noce-

347 779 504 835 batur
534 779 754 836 infantia
780 799 794 834 :
830 783 1202 840 obluctabatur
1227 787 1454 852 sarcina,
1487 803 1552 841 ne
1579 789 1803 855 genitrix
1833 789 1926 845 ﬁe-

345 880 429 924 ret
460 871 742 940 parricida.
773 872 827 928 Id
868 883 1044 928 actum
1085 884 1197 939 est,
1228 887 1286 931 ut
1330 887 1574 932 servatus
1619 879 1923 946 incolumis,

344 961 459 1031 ipse
505 964 706 1020 illtcsus
751 967 1094 1035 procederet,
1128 976 1182 1022 et
1218 977 1438 1023 matrem
1482 970 1730 1024 redderet
1771 972 1924 1026 inno-

343 1064 577 1112 centem.
611 1055 738 1111 Erat
782 1059 905 1114 hinc
952 1059 1123 1113 futura
1168 1075 1522 1130 praenoscere,
1568 1073 1691 1120 ante
1732 1064 1924 1122 fecisse

343 1149 489 1222 [Al.,
530 1150 722 1207 factam
764 1167 862 1222 pro
903 1153 999 1226 eo]
1045 1155 1325 1224 virtutem,
1366 1171 1523 1228 quam
1562 1157 1708 1214 nasci
1751 1159 1924 1214 conti-

344 1245 503 1313 gerit.

417 1336 480 1390 ll.
527 1336 731 1392 Deinde
756 1352 876 1392 cum
917 1340 1176 1398 Avallone
1207 1354 1385 1397 castro
1417 1343 1494 1412 (a)
1517 1359 1635 1399 cum
1668 1345 1922 1406 Stratidio

341 1432 640 1500 propinquo
671 1447 798 1501 puer
817 1433 1014 1490 scholis
1031 1446 1343 1492 excurreret
1359 1480 1371 1503 ,
1397 1447 1564 1492 mater
1588 1440 1819 1507 parentis
1845 1440 1922 1510 (b)

342 1533 399 1576 ut
464 1523 580 1592 ejus
639 1525 1000 1580 ltmreditatem
1056 1530 1385 1596 acquireret,
1441 1531 1509 1585 de
1569 1533 1922 1591 adolescentis

341 1614 576 1670 fallitura
621 1631 751 1672 nece
799 1621 1062 1675 tractavit.
1104 1621 1232 1688 Quae
1263 1631 1605 1689 temperatam
1651 1626 1919 1695 potionem

340 1705 397 1761 in
426 1709 708 1776 ampullula
735 1711 1007 1779 condidit,
1039 1713 1220 1767 vinum
1245 1731 1454 1785 quoque
1482 1718 1530 1770 in
1563 1720 1752 1789 altera,
1783 1738 1920 1792 prae-

338 1798 545 1868 cipiens
570 1799 754 1867 puellm
779 1809 837 1854 ut
866 1803 1202 1860 venientibus
1226 1807 1485 1862 ambobus
1516 1809 1589 1862 illi
1623 1813 1918 1884 porrigeret
1948 1820 1996 1882 Β

336 1891 407 1946 de
445 1892 588 1956 vino,
623 1893 707 1947 isti
754 1891 822 1949 de
869 1895 1147 1951 maleﬁcio.
1191 1897 1295 1952 Sed
1338 1899 1587 1966 ignorans
1636 1903 1907 1972 ministra,

336 1982 676 2050 ampullulam
704 1994 870 2037 mutat
891 1993 944 2039 et
967 1988 1182 2054 pocula;
1208 1989 1388 2043 vinum
1414 2000 1598 2046 sancto
1626 1992 1914 2063 Germano,

337 2085 602 2128 venenum
632 2073 722 2128 dat
752 2076 1040 2146 Stratidio;
1078 2088 1129 2134 et
1174 2080 1298 2134 dum
1340 2083 1534 2137 insonti
1586 2097 1920 2154 praiparatur

337 2162 600 2231 interitus,
631 2177 816 2220 auctor
843 2169 982 2223 cadit
1026 2169 1078 2224 in
1129 2170 1400 2241 laqueum.
1432 2176 1547 2241 Qtto
1589 2185 1762 2232 mater
1801 2178 1916 2247 ejus

335 2257 563 2328 cognito,
606 2261 832 2327 pueliam
863 2261 1103 2329 increpat
1129 2277 1253 2318 cum
1296 2263 1454 2332 ﬂetu,
1493 2267 1820 2323 exstinxisse
1856 2284 1917 2324 se

337 2349 526 2404 ﬁlium.
554 2351 650 2405 Cui
696 2351 972 2420 Stratidio,
1008 2355 1237 2411 sollicite
1267 2356 1510 2426 impenso
1537 2359 1740 2426 studio,
1771 2357 1916 2416 facto

338 2439 407 2495 de
436 2439 567 2510 ipsis
594 2441 868 2497 maleﬁciis
895 2444 1062 2508 vario,
1092 2447 1191 2501 etsi
1220 2462 1364 2503 mors
1403 2448 1566 2505 vitam
1599 2465 1703 2506 non
1735 2453 1916 2508 abstu-

339 2530 432 2601 lit,
460 2543 634 2588 tamen
660 2536 866 2605 signum
895 2538 1080 2593 mortis
1107 2538 1298 2595 inﬁxit.

410 2621 493 2677 lll.
537 2622 670 2678 Hinc
694 2625 759 2679 ad
802 2636 1076 2697 parentem
1104 2645 1259 2684 suum
1289 2640 1530 2688 sanctum
1557 2634 1914 2705 Scopilionem

340 2715 532 2774 Lausia
574 2719 647 2790 (c)
687 2735 745 2775 se
771 2721 1074 2790 conferens,
1105 2725 1342 2782 moribus
1384 2717 1622 2785 honestis
1663 2733 1821 2787 alitus
1860 2742 1916 2789 et

340 2808 612 2865 institutus
636 2819 738 2866 est.
768 2813 868 2880 Qui
892 2830 1011 2869 cum
1045 2816 1154 2871 fere
1184 2818 1330 2874 mille
1357 2833 1541 2889 passus
1564 2824 1717 2893 longe
1743 2838 1773 2879 a
1796 2827 1915 2881 vico

325 2903 732 2970 consisterent,
771 2905 969 2976 jugiter
1009 2909 1073 2962 ad
1115 2912 1403 2966 matutinos
1430 2913 1737 2983 currebant,
1768 2917 1912 2974 ducti

339 2992 465 3050 ﬁdei
493 2995 670 3051 calore
698 3011 792 3065 per
819 3008 1187 3068 tempestatem
1205 3042 1221 3068 ,
1253 3017 1346 3072 per
1372 3003 1624 3061 hiemem.
1649 3009 1748 3074 Qui
1775 3010 1910 3064 intra

340 3089 479 3144 terni
512 3090 661 3144 lustri
707 3090 933 3158 spatium
963 3092 1044 3163 (ά)
1075 3109 1104 3147 a
1137 3095 1292 3151 beato
1323 3099 1614 3168 Agrippino
1658 3102 1912 3160 diaconus

340 3176 649 3248 instituitur,
678 3193 731 3238 et
757 3199 1010 3255 sequente
1041 3187 1269 3243 triennio
1301 3192 1576 3262 presbyter
1614 3195 1910 3252 ordinatur.
1942 3207 1987 3270 ο

340 3271 543 3329 Dehinc
569 3288 599 3328 a
631 3274 876 3344 pontiﬁce
911 3275 1156 3332 Nectario
1186 3280 1351 3335 abbas
1376 3285 1441 3336 ad
1481 3297 1720 3340 sanctum
1753 3288 1912 3357 Sym-

339 3368 620 3438 porianum
645 3369 833 3422 merito
858 3369 1050 3440 dignus
1079 3373 1376 3429 asciscitur.
1401 3377 1608 3443 Quanta
1634 3394 1761 3435 vero
1786 3381 1914 3437 inibi

339 3462 658 3517 abstinentia
709 3464 931 3530 vixerit,
977 3467 1194 3536 quantis
1238 3484 1448 3540 quoque
1500 3473 1689 3542 vigiliis
1741 3475 1914 3530 conti-

338 3552 556 3607 nuando
591 3553 891 3622 duraverit,
920 3557 1112 3626 quibus
1158 3557 1514 3632 eleemosynis
1544 3563 1792 3630 profusus
1821 3581 1917 3620 ex-

337 3642 568 3710 stiterit,
602 3643 688 3698 illa
719 3658 805 3699 res
846 3659 946 3698 una
984 3647 1133 3702 testis
1163 3657 1272 3714 est,
1302 3663 1423 3704 cum
1457 3651 1564 3720 jam
1597 3654 1755 3708 rebus
1793 3655 1917 3710 reli-

340 3734 462 3806 quis
510 3735 830 3804 pauperibus
876 3739 1106 3806 erogatis
1149 3753 1246 3794 nec
1301 3743 1451 3809 panis
1497 3743 1609 3812 ipse
1655 3746 1916 3802 resideret

336 3838 599 3899 quatenus
633 3828 823 3885 fratres
849 3830 1216 3886 reﬁcerentur.
1242 3832 1356 3900 Qua
1398 3835 1467 3890 de
1497 3851 1554 3891 re
1592 3837 1915 3907 insurgenti-

339 3920 441 3975 bus
471 3918 751 3974 adversum
789 3934 846 3975 se
889 3922 1186 3986 monachis,
1215 3923 1496 3979 retrudens
1533 3941 1591 3981 se
1619 3927 1669 3982 in
1702 3929 1912 3999 cellula,

335 4025 522 4065 amare
550 4008 696 4064 ﬂevit
717 4019 770 4064 et
799 4010 987 4066 doluit.
1019 4011 1160 4066 lnter
1183 4011 1298 4068 haec
1326 4015 1439 4080 ipso
1463 4027 1648 4073 orante
1670 4021 1912 4089 quardam

335 4103 490 4158 Anna
533 4097 777 4156 matrona
818 4102 1045 4158 duorum
1087 4106 1472 4162 saumariorum
1506 4110 1579 4182 (ε)
1619 4127 1740 4167 cum
1778 4129 1914 4183 pane

337 4191 521 4262 dirigit
547 4207 733 4248 onera.
766 4191 1021 4264 Sequenti
1052 4196 1211 4250 etiam
1247 4198 1333 4253 die
1358 4215 1477 4254 cum
1509 4217 1719 4259 annona
1750 4206 1916 4264 desti-

335 4283 484 4337 navit
527 4283 684 4354 plena
723 4286 961 4355 carpenti
1005 4287 1289 4342 vehicula:
1323 4289 1392 4343 ita
1423 4300 1484 4345 ut
1512 4293 1702 4349 exinde
1733 4313 1915 4355 mona-

334 4373 425 4430 chi
460 4389 580 4430 cum
610 4386 978 4432 saturarentur
1002 4379 1145 4448 cibo,
1179 4390 1506 4437 terrerentur
1536 4387 1790 4443 miraculo
1823 4391 1910 4462 (ﬂ.

336 4463 436 4520 His
464 4465 642 4536 itaque
665 4468 944 4525 celebriter
972 4470 1206 4526 intentus
1231 4471 1443 4542 ofﬁciis,
1475 4490 1576 4530 non
1601 4477 1757 4534 desiit
1777 4496 1914 4552 prae-

334 4551 579 4615 dicandis
605 4563 930 4618 manifestari
961 4565 1250 4619 miraculis.

403 4716 488 4786 (a)
525 4715 713 4793 Avallo
729 4733 824 4775 seu
840 4719 1026 4793 Aballo
1043 4721 1327 4792 (Aeolion),
1350 4725 1604 4793 oppidum
1631 4727 1685 4782 in
1712 4727 1910 4788 ducatu

333 4786 656 4855 Burgundiae
685 4789 824 4845 inter
845 4786 1362 4857 Augustodunum'et
1384 4786 1835 4855 Kntissiodorum.
1877 4840 1883 4846 -

416 4859 494 4929 (b)
533 4862 648 4913 Alia
663 4862 984 4941 exemplaria
1005 4864 1219 4941 habent,
1251 4866 1545 4937 propinqui,
1568 4869 1660 4922 sed
1687 4881 1911 4941 utraque

330 4941 462 5010 vos,
498 4945 681 5010 parem
709 4943 764 4985 et
784 4935 1120 5002 propinquus,
1160 4935 1456 5010 Fortunato
1479 4952 1773 5010 synonyma
1803 4935 1904 5000 est.

331 4998 470 5124 ἔξω
514 5002 582 5052 ad
619 4998 891 5126 pgren'tem'
921 4998 1068 5058 suum
1095 4998 1327 5072 sanctum
1373 4998 1744 5078 Scapilioném,
1776 4998 1901 5081 etc.,

370 5076 438 5126 ic.
469 5085 616 5126 num.
682 5112 696 5126 .

329 5071 438 5135 hic,
469 5071 625 5126 num.
644 5071 696 5126 ὅ.

402 5142 476 5208 (c)
505 5140 705 5217 _l.ausia
721 5144 1037 5217 seu_l.ansea
1063 5144 1274 5216 (Luzy),
1303 5148 1614 5217 oppidulum
1630 5150 1771 5208 inter
1793 5157 1904 5210 Au-

326 5211 685 5292 gustodunum
729 5223 785 5269 et
823 5211 1278 5286 Ligerim'medio
1319 5211 1432 5275 fere
1484 5221 1772 5279 intervallo
1808 5242 1902 5296 ρος

297 5372 318 5454 ι
403 5353 504 5454 (ft).
524 5352 858 5454 Dubiumlest
883 5371 949 5454 an
977 5358 1702 5454 spati-um.istudquindecim
1737 5383 1904 5422 anno-

327 5437 444 5508 rum
469 5437 521 5508 an
551 5426 720 5508 sancti
756 5425 1016 5508 Ger-mani
1041 5432 1337 5508 nativitate.
1369 5425 1434 5484 an
1457 5449 1493 5508 _a
1528 5445 1765 5508 tempore
1797 5456 1900 5508 quo

323 5491 646 5566 Scopilionis
668 5495 1000 5564 disciplinam
1031 5500 1214 5561 subi=t,
1247 5504 1316 5554 sit
1345 5491 1690 5561 inetiendum.
1721 5491 1902 5566 Poste;

324 5565 436 5618 rius
466 5567 868 5646 magisa’rridet
900 5587 912 5620 :
938 5586 1059 5624 nam
1101 5573 1422 5646 Agrippinus
1454 5573 1738 5632 Aidaensis
1788 5565 1901 5646 epi-

324 5649 539 5711 scopus,
571 5636 661 5711 qui
689 5635 1011 5694 Germ-anum
1043 5635 1307 5696 ordinavit
1336 5641 1638 5711 diaconum,
1664 5635 1896 5704 nondum

323 5706 827 5787 sedettt_o_hti_nebat
867 5725 1006 5787 anno
1033 5713 1157 5778 517,
1205 5729 1310 5784 quo
1354 5706 1682 5787 Pragmatius
1730 5717 1898 5787 ipsius

319 5777 597 5847 Agrippini
636 5783 885 5837 decessor
941 5777 1244 5853 Epaonensi
1279 5777 1509 5844 concilio
1556 5777 1893 5859 subscripsit.

2033 517 2147 574 ret,
2181 513 2515 581 ingrediente
2546 517 2786 571 Amando
2815 519 3075 574 monacho
3104 519 3159 574 in
3188 519 3348 574 fenile
3375 534 3493 574 cum
3526 521 3606 575 lu-

2029 601 2192 668 mine,
2219 605 2762 674 carbonedecidente,
2783 608 2992 665 flamma
3024 612 3204 666 fenum
3235 612 3521 682 corripuit,
3551 623 3606 669 et

2029 691 2174 746 arida
2207 697 2529 751 nutrimenta
2573 714 2734 754 vorax
2777 701 2912 771 ignis
2941 702 3196 757 allambit.
3225 704 3603 759 Concurrenti-

2027 780 2127 836 bus
2174 786 2410 855 reliquis,
2443 805 2538 845 nec
2568 801 2737 846 tamen
2790 794 3206 861 incurrentibus,
3239 795 3439 852 tardius
3489 797 3604 867 ipse

2028 876 2334 945 prosiliens,
2370 892 2515 951 rapta
2544 883 2610 937 de
2651 885 2766 940 loco
2808 900 3060 955 cucuma,
3103 890 3394 945 ascendens
3440 907 3601 962 supra

2026 967 2281 1024 fabricam
2315 975 2600 1030 concinens
2631 977 2872 1044 Alleluia,
2899 977 3124 1036 fundens
3148 982 3416 1050 paululum
3447 999 3599 1052 aqua

2026 1057 2079 1110 in
2111 1060 2289 1114 crucis
2335 1062 2613 1132 imaginem
2654 1068 2901 1122 restinxit
2938 1071 3178 1126 incendia
3206 1089 3218 1125 :
3249 1087 3310 1127 ac
3338 1074 3405 1128 de
3441 1089 3601 1130 manu

2025 1144 2206 1203 Sancti
2233 1149 2401 1205 imbre
2431 1153 2608 1206 sedata
2634 1164 2716 1209 est
2741 1157 2879 1225 ignis
2911 1160 3071 1224 unda,
3103 1176 3259 1230 quam
3286 1164 3373 1217 vix
3401 1154 3605 1219 exstin-

2024 1250 2246 1311 guerent
2275 1242 2509 1298 ﬂumina.
2537 1247 2686 1314 Quod
2712 1255 2887 1304 tamen
2921 1263 3134 1319 postero
3171 1255 3259 1310 die
3291 1257 3442 1325 cujus
3471 1258 3601 1313 insi-

2023 1332 2126 1388 diis
2151 1344 2329 1389 actuin
2351 1347 2432 1391 est
2461 1338 2627 1393 hostis
2649 1339 2763 1408 ipse
2782 1343 3058 1398 confessus
3080 1353 3182 1400 est.

2096 1424 2162 1480 ν.
2203 1426 2512 1484 Charinlfus
2538 1430 2751 1498 quidam
2785 1432 3022 1489 Francus
3052 1435 3242 1503 partim
3275 1437 3416 1493 villae
3460 1440 3604 1495 basi-

2023 1511 2142 1568 licae
2173 1530 2261 1570 res
2289 1519 2586 1574 obstinatus
2620 1521 2906 1578 invaserat.
2941 1525 3108 1591 Quem
3136 1543 3254 1581 cum
3289 1527 3380 1583 Vir
3417 1529 3506 1584 Dei
3535 1531 3601 1587 ad

2021 1604 2349 1662 reddendum
2375 1610 2703 1680 aliquatenus
2729 1627 3120 1680 commoneret,
3149 1633 3246 1672 nec
3271 1627 3446 1675 tamen
3476 1637 3598 1691 pro-

2022 1692 2234 1764 ﬁceret,
2275 1697 2340 1751 ad
2383 1701 2677 1756 orationem
2722 1718 2781 1758 se
2823 1707 3118 1774 Convertit,
3161 1723 3259 1763 nec
3304 1708 3438 1764 ﬁdes
3483 1713 3599 1764 vin-

2020 1787 2217 1844 dictam
2262 1792 2486 1849 distulit.
2520 1794 2707 1850 Statim
2747 1812 2810 1852 ex
2853 1801 3030 1854 vicmo
3066 1800 3208 1856 ferus
3257 1818 3408 1858 ursus
3449 1808 3602 1859 exsi-

2025 1879 2162 1934 liens
2200 1890 2309 1937 tres
2349 1883 2492 1939 illius
2527 1900 2690 1956 equos
2732 1889 3027 1953 interfecit.
3076 1908 3171 1947 nec
3217 1896 3293 1948 sic
3339 1910 3369 1950 a
3407 1896 3602 1953 duritia

2020 1973 2307 2042 resipiscit.
2350 1976 2603 2046 Sequenti
2632 1995 2756 2034 vero
2798 1993 2954 2036 nocte
2984 1985 3268 2051 duplicavit
3307 1992 3444 2042 ultor
3482 2004 3598 2057 per-

2018 2063 2234 2119 niciem.
2265 2066 2368 2122 Sex
2395 2067 2634 2135 jumenta
2659 2072 2959 2141 interemit,
2989 2091 3088 2130 nec
3114 2079 3190 2131 sic
3211 2094 3420 2149 quoque
3443 2096 3599 2150 poena

2019 2153 2245 2210 suffecit.
2276 2156 2450 2211 Tertia
2497 2159 2635 2213 idem
2667 2170 2822 2217 nocte
2860 2180 3048 2219 nctem
3090 2169 3332 2224 vehicula
3365 2187 3599 2240 proster-

2020 2247 2126 2311 nit,
2164 2249 2424 2317 U‘lpllCth
2467 2252 2760 2307 cadavere:
2791 2255 2867 2309 sic
2909 2255 3058 2310 labor
3096 2261 3374 2315 crescebat
3406 2265 3456 2316 iu
3488 2266 3598 2317 cla-

2018 2335 2161 2392 dem.
2198 2338 2403 2394 Deltinc
2431 2343 2495 2396 ad
2531 2342 2739 2398 beatum
2772 2343 2956 2400 Virum
3004 2347 3200 2403 tardius
3243 2350 3422 2422 dirigit
3467 2367 3597 2420 pue-

2018 2446 2171 2498 rum;
2223 2447 2407 2501 agrum
2461 2434 2717 2489 reformat
2769 2437 3031 2503 invasum,
3062 2441 3335 2497 calamitas
3387 2457 3597 2514 compe-

2017 2524 2201 2577 scitur.
2230 2524 2286 2578 ld
2317 2538 2490 2579 actum
2518 2537 2627 2596 est,
2661 2537 2718 2583 ut
2750 2531 2915 2586 bestia
2943 2534 3237 2606 castig-ante
3273 2535 3433 2590 homo
3478 2552 3596 2593 sen~

2016 2627 2134 2669 sum
2173 2619 2465 2686 acciperet,
2497 2629 2552 2674 et
2595 2623 2744 2676 daret
2787 2638 2891 2678 non
2936 2626 3248 2698 intelligenti
3293 2629 3465 2686 bellua
3512 2647 3596 2686 ra-

2019 2712 2237 2766 tionem.

2091 2803 2174 2860 Vl.
2208 2804 2408 2858 Dehinc
2432 2805 2620 2860 beatus
2642 2807 2884 2877 Agricola
2909 2809 3296 2869 Cabillonensis
3325 2815 3592 2886 (Chelones

2015 2894 2322 2966 sur-Satine)
2369 2898 2648 2966 episcopus
2693 2900 2892 2956 habens
2937 2903 3319 2960 cubicularium
3364 2911 3592 2978 graviter

2017 2985 2068 3038 vi
2098 2986 2321 3042 febrium
2352 2985 2586 3055 fessum,
2615 2991 2703 3058 qui
2730 2993 2997 3048 destinato
3025 3001 3203 3052 animo
3231 3009 3369 3054 totus
3398 3003 3590 3070 pende-

2015 3078 2104 3130 bat
2143 3078 2197 3132 in
2236 3080 2488 3145 transitu,
2535 3081 2713 3152 dtrigit
2750 3084 2815 3137 ad
2855 3099 3095 3141 sanctum
3141 3089 3318 3145 Vtrum
3362 3095 3590 3148 interce-

2017 3165 2174 3220 dendi
2223 3168 2553 3240 suﬁ‘iagium.
2601 3171 2750 3227 Tunc
2800 3179 3057 3243 perceptis
3101 3181 3336 3248 apicibus
3363 3181 3592 3240 basilicus

2016 3261 2116 3311 sub
2161 3261 2364 3328 porticu
2405 3264 2470 3314 ad
2511 3266 2680 3319 sancti
2721 3267 3092 3338 Symphoriaui
3135 3280 3434 3338 sepulcrum
3474 3293 3592 3344 pro.

2014 3351 2269 3421 greditur.
2301 3352 2506 3409 Interea
2535 3357 2614 3411 vir
2636 3358 2812 3426 jusms
2841 3363 3064 3417 orationi
3097 3366 3365 3434 inciibutt,
3396 3379 3590 3426 terram

2013 3459 2240 3515 corpore
2279 3462 2527 3517 premens
2565 3461 2619 3506 et
2663 3452 2838 3508 sidera
2883 3465 3060 3509 mente
3098 3461 3507 3527 transcenderis;
3539 3474 3591 3519 et

2015 3540 2164 3607 quasi
2206 3547 2328 3594 ante
2365 3554 2425 3595 se
2454 3541 2655 3597 habens
2684 3549 3022 3613 praesentiam
3053 3548 3295 3616 Domini,
3334 3567 3430 3620 pro
3469 3565 3590 3610 voto

2014 3634 2264 3703 supplicis
2291 3635 2600 3692 obsecrator
2641 3638 2866 3694 accedit.
2902 3638 3034 3694 Nam
3081 3657 3202 3696 mox
3247 3647 3456 3701 vicinus
3499 3645 3589 3703 Be-

2016 3726 2308 3796 demptoris
2350 3731 2568 3785 auribus
2616 3732 2928 3800 exauditur,
2965 3743 3020 3789 et
3066 3736 3240 3792 adhuc
3287 3738 3391 3794 isto
3435 3757 3590 3798 recu'

2017 3818 2176 3875 hante
2221 3821 2273 3875 in
2325 3823 2569 3890 pulvere,
2613 3833 2870 3895 aegrotum
2922 3828 3184 3884 medicina
3230 3832 3487 3900 perfudit;
3530 3849 3590 3894 ac

2010 3910 2158 3980 justo
2185 3913 2395 3980 jaceute
2427 3916 2477 3968 in
2510 3929 2810 3987 pavunento
2835 3959 2853 3988 ,
2887 3919 3168 3988 languidus
3209 3926 3378 3994 surgit
3415 3927 3480 3982 de
3519 3929 3589 3982 le-

2017 4006 2181 4069 ctulo,
2211 4017 2334 4062 ante
2383 4019 2685 4064 currentem
2721 4013 2986 4067 int-delum
3018 4013 3150 4081 [Pro
3189 4027 3434 4072 currente
3483 4034 3589 4074 me-

2015 4097 2158 4169 dela]
2187 4115 2340 4167 quam
2375 4112 2584 4169 peroret
2606 4103 2696 4173 qui
2725 4105 3020 4174 supplicat:
3052 4109 3119 4160 ita
3153 4121 3207 4161 ut
3237 4113 3478 4178 portitori
3509 4130 3587 4167 re-

2015 4188 2201 4243 deunti
2230 4192 2435 4245 obviam
2468 4209 2597 4262 puer
2632 4209 2936 4252 occurreret
2965 4201 3046 4252 cui
3086 4201 3407 4268 parabantur
3438 4219 3587 4260 exse.

2016 4285 2184 4351 quiaa';
2211 4293 2267 4337 ut
2288 4299 2392 4338 non
2414 4295 2559 4341 esset
2585 4290 2885 4358 ambiguum
2913 4292 3097 4346 eadem
3128 4295 3258 4348 hora
3287 4295 3586 4366 languidum

2017 4375 2172 4430 saluti
2215 4374 2380 4432 fuisse
2428 4379 2728 4448 redditum,
2768 4397 2870 4451 qua
2909 4381 3004 4437 Vir
3056 4383 3393 4441 beatissimus
3440 4388 3586 4449 fusus

2017 4482 2200 4523 orasse
2225 4469 2566 4538 comperitur.

1938 4593 1988 4654 Β
2091 4559 2199 4618 Vll.
2240 4560 2348 4617 Nec
2377 4561 2506 4617 illud
2545 4563 2716 4618 omitti
2759 4565 3038 4636 convenit,
3078 4569 3222 4640 quod
3261 4574 3329 4628 ad
3371 4575 3586 4634 domum

2015 4738 2083 4790 At
2113 4751 2240 4792 vero
2267 4748 2481 4819 sanctus
2508 4739 2806 4819 Germanus
2836 4745 3195 4819 annogcitato,
3219 4748 3404 4819 viginti
3433 4753 3583 4810 mini-

2014 4822 2158 4887 mum
2207 4824 2376 4893 anpos
2411 4810 2519 4893 jam
2568 4815 3127 4893 attigerathiqu‘idem
3159 4810 3555 4893 fere'octogena

2011 4877 2125 4932 rius
2174 4877 2513 5004 gvolavit'ad
2565 4877 2730 4938 caelos
2783 4877 2892 4956 (-Ea:
2933 4877 3231 4942 Fortunato
3290 4877 3452 4946 num."
3495 4877 3581 4965 76)

2012 4963 2150 5003 anno
2213 4951 2298 5003 7U.

2012 4963 2150 5003 anno
2175 4951 2298 5003 57b.

2086 5019 2484 5095 (e)_Saum_arii,
2531 5025 2653 5095 equi
2692 5025 2990 5094 sarcinarii,
3039 5030 3206 5087 Gallis
3250 5034 3513 5088 sommiers
3550 5051 3581 5094 a

2011 5093 2224 5164 σαγμὰὶ
2239 5093 2460 5146 sarcina.

2084 5161 2158 5231 (Ῑ)
2199 5161 2327 5237 Post
2355 5164 2470 5219 haec
2500 5165 2661 5237 verba
2690 5167 2829 5237 apud
2856 5171 3071 5226 Surium
3113 5180 3170 5228 et
3213 5174 3264 5227 in
3313 5177 3580 5234 nonnullis

2009 5232 2330 5305 apographis
2372 5235 2680 5303 posterioris
2703 5232 2874 5294 altatis
2905 5241 3213 5298 inseruntur
3257 5247 3307 5298 lii
3349 5232 3574 5305 versusit

2027 5302 2412 5384 I‘CUjU‘SHbOIIlS
2441 5307 2712 5384 operibus
2723 5309 3082 5384 inflammatus
3113 5315 3415 5384 episcOpus,
3445 5302 3575 5374 san;

2007 5380 2150 5452 ctum
2207 5373 2382 5458 Virum
2438 5393 2608 5458 ineque
2638 5379 2971 5458 _adbuc_ista_
3015 5373 3370 5452 recusantem,
3403 5373 3575 5458 'quem

2008 5444 2165 5517 etiam
2211 5444 2570 5512 praedicabant
2619 5448 2904 5517 daemonia,
2958 5454 3012 5507 in
3057 5444 3366 5512 custodiam
3399 5444 3572 5516 trusit.

2007 5514 2102 5566 Cui
2133 5512 2302 5595 fateor
2327 5531 2455 5570 nutu
2473 5518 2661 5595 divino
2689 5512 3028 5595 aperiebatur
3074 5533 3425 5595 ergastulum,
3459 5512 3573 5586 sed

2007 5597 2112 5668 non
2157 5587 2277 5639 hinc
2323 5587 2849 5668 egrediebatuginisi
2889 5595 3108 5662 supplex
3135 5587 3210 5651 vet
3254 5587 3572 5668 episcopalis

2004 5653 2219 5735 daretur
2248 5653 2554 5739 praeceptio.
2593 5678 2611 5711 ι
2658 5653 2739 5739 _At
2792 5677 2913 5739 cum
2954 5653 3049 5739 ista
3094 5667 3145 5720 in
3184 5653 3570 5739 antiquioribus

2002 5725 2484 5809 sincer-ipribusque
2512 5731 2834 5809 membranis
2863 5749 2967 5791 non
2996 5737 3260 5809 legantur,
3293 5725 3396 5794 huc
3418 5725 3570 5797 revo;

1998 5800 2168 5852 cauda
2198 5797 2250 5854 in
2273 5814 2545 5857 secessum
2569 5802 2836 5858 duximus.
