4108 6352
536 424 618 489 59

1289 424 1606 486 SANCTUS
1644 419 2059 491 GERMANUS,
2101 418 2529 479 FABISIENSIS
2566 416 2963 480 EPISCOPUS.‘
3749 415 3817 475 60

539 546 773 604 Ebronis
819 560 920 619 pro
960 545 1065 603 ﬁde
1107 543 1244 603 Justi
1289 546 1541 602 collatum
1590 552 1695 601 est.
1734 540 1898 613 Cujus
1945 540 2127 611 ingre-
2156 540 2563 604 Atestimonio.
2608 538 2723 605 Qua
2765 538 3051 593 occasione
3092 526 3184 591 ﬁlii
3229 533 3312 593 vel
3360 533 3485 592 ﬁlia!
3524 535 3598 593 ita
3639 546 3824 595 sancte

538 641 717 697 diente
742 639 991 705 domum,
1022 634 1176 694 Anna
1213 647 1455 693 matrona
1496 636 1787 708 proclamat
1824 649 1937 689 rem
1966 632 2129 688 mira;

542 732 700 789 bilem
732 747 791 787 se
819 731 1021 787 videre.
1054 718 1311 799 Inquisita
1344 746 1372 785 a
1407 745 1632 800 conjuge
1660 727 1786 799 quid
1818 735 1962 784 esset
1986 725 2129 798 quod

538 824 862 895 inspiceret,
886 826 959 879 ait
986 843 997 877 :
1036 823 1171 879 Ecce
1199 823 1385 877 beatus
1415 820 1714 877 Germanus
1743 829 1968 875 cornuta
1996 820 2131 874 facie

541 918 671 974 mill‘i
703 915 915 972 videtur
954 915 1242 972 incedere:
1275 912 1413 985 quod
1445 927 1583 983 pene
1610 913 1701 967 vix
1736 913 1886 966 valeo
1917 919 2007 965 aut
2049 908 2133 964 in-

542 1012 675 1067 tueri
714 1011 934 1079 lumine,
965 1017 1057 1064 aut
1094 1022 1342 1064 sermone
1386 1005 1655 1074 conferre,
1686 1016 1927 1060 sanctum
1957 996 2128 1060 virum'

540 1118 682 1163 novo
710 1116 861 1158 more
890 1100 1144 1157 cornibus
1185 1098 1501 1154 radiantem.
1540 1094 1997 1167 Consternataque
2028 1096 2129 1151 mi-

539 1194 761 1251 rabatur
805 1192 994 1248 mulier
1044 1192 1312 1247 hominem
1356 1202 1539 1246 nostro
1584 1202 1823 1259 tempore
1866 1190 1917 1246 in
1965 1189 2130 1261 ﬁgura

537 1284 706 1356 Moysi
747 1286 978 1355 potuisse
1005 1284 1339 1354 conspicere.
1378 1282 1717 1337 Credendum
1749 1281 1889 1353 quod
1936 1293 1989 1338 et
2031 1278 2132 1338 iste

539 1388 664 1449 post
717 1379 1039 1448 colloquium
1102 1374 1313 1430 Domini
1372 1374 1541 1443 potuit
1590 1390 1620 1429 a
1674 1374 1902 1430 muliere
1958 1368 2125 1430 cornu

540 1469 806 1525 exaltatus
831 1467 1065 1538 agnosci.
1102 1466 1267 1533 Cujus
1306 1482 1484 1523 causae
1526 1481 1720 1536 pavore
1770 1465 1914 1521 Ebro
1944 1452 2131 1523 eadem

541 1539 629 1617 die
651 1560 800 1633 juxta
824 1550 1077 1615 Sanctum
1110 1560 1301 1614 sedere
1331 1554 1629 1614 nullatenus
1667 1548 2006 1629 praesumpsit
2035 1560 2136 1615 du-

542 1652 665 1724 plici
700 1668 796 1721 pro
824 1653 1040 1717 merito,
1067 1666 1299 1706 mcerore
1326 1652 1523 1719 pariter
1545 1665 1597 1707 et
1621 1662 1847 1707 terrore.

619 1738 749 1799 Vill.
783 1743 1016 1813 Contigit
1044 1752 1102 1798 ut
1129 1758 1226 1814 pro
1257 1742 1397 1799 villis
1428 1744 1922 1814 Augustodunensis
1950 1744 2133 1802 Eccleo

540 1839 633 1896 size
663 1828 1039 1895 Tlteodeberto
1080 1838 1189 1909 regi
1234 1838 1509 1896 Cabillone
1558 1853 1885 1897 occurreret.
1932 1844 2136 1899 Memor

2232 632 2535 686 conversati
2564 641 2719 695 sunt,
2754 637 2810 683 ut
2853 643 2949 697 per
2982 626 3305 683 monasteria
3348 640 3491 683 nunc
3519 636 3706 697 regant
3735 643 3823 699 ag-

2232 722 2375 775 mina
2402 721 2808 776 monachorum.
2838 720 2968 786 Quae
2992 733 3147 773 causa
3182 718 3341 773 modo
3368 717 3601 773 mirabili
3626 719 3825 789 profuit

2233 810 2367 876 patri
2398 811 2481 865 vel
2514 812 2741 879 germirii
2763 855 2775 876 ,
2816 819 2869 862 nt
2900 822 3119 879 parvum
3152 806 3409 878 genitoris
3442 808 3701 879 ﬂagitium
3733 825 3827 879 po.

2232 906 2390 959 steris
2418 906 2670 958 transiret
2692 903 2743 957 in
2776 901 2998 957 luctum.

2306 999 2395 1054 χι.
2429 999 2483 1055 In
2518 1014 2653 1070 pago
2696 998 2965 1054 Alisiense
2994 998 3071 1069 (ὁ)
3099 995 3214 1053 haec
3254 1013 3341 1054 res
3371 998 3521 1069 gesta
3549 1011 3647 1055 est.
3688 999 3829 1057 Con-

2229 1092 2321 1165 juit
2371 1093 2591 1149 illustris
2634 1092 2733 1147 viri
2783 1091 3037 1159 Vull'arli,
3088 1091 3329 1148 Destasia
3381 1093 3621 1157 nomine,
3654 1094 3831 1151 vitalis

2235 1184 2347 1255 spei
2377 1184 2631 1241 destituta
2663 1183 2891 1249 solatiis,
2924 1182 3117 1254 lingua:
3148 1198 3339 1239 carens
3371 1182 3585 1251 ofﬁciis,
3615 1198 3713 1254 per
3750 1184 3834 1239 bi-

2234 1280 2395 1334 duum
2419 1280 2528 1349 jam
2563 1289 2729 1347 muta,
2754 1280 2950 1349 spiritu
2980 1278 3267 1335 deﬁciente
3292 1278 3644 1344 decumbens,
3672 1294 3833 1350 appa-

2236 1376 2366 1431 ratis
2394 1375 2666 1445 exsequiis
2687 1375 2797 1445 jam
2829 1362 3121 1446 palpitabat
3151 1375 3433 1431 exanimis.
3464 1374 3563 1430 Cui
3604 1374 3837 1446 culogiis

2236 1466 2331 1539 per
2361 1469 2728 1539 presbyterum
2758 1483 2913 1524 suum
2940 1469 3157 1523 directis
3182 1478 3235 1523 et
3262 1467 3527 1523 violenter
3555 1466 3838 1539 adapertis

2237 1571 2578 1630 prtemortua:
2606 1561 2860 1616 dentibus
2890 1560 2944 1616 in
2975 1576 3069 1616 ore
3108 1559 3437 1630 transjectis,
3472 1576 3595 1615 mox
3628 1571 3686 1616 ut
3718 1561 3840 1618 fau-

2238 1667 2330 1708 ces
2380 1654 2661 1708 semiviva:
2713 1654 2887 1724 liquor
2935 1652 3325 1709 benedictionis
3373 1653 3612 1719 introiit,
3654 1654 3842 1710 statim

2238 1745 2429 1814 incipit
2460 1753 2781 1815 praemortua
2812 1745 2934 1800 vitae
2966 1744 3178 1800 llatibus
3208 1746 3485 1813 anhelare,
3516 1746 3659 1801 oculi
3705 1761 3845 1802 nece

2241 1840 2486 1908 prteclusi
2520 1838 2698 1895 lumen
2725 1839 2831 1895 diei
2865 1838 3156 1911 requirere,
3189 1849 3245 1893 ut
3281 1850 3399 1908 post
3431 1838 3681 1894 funerum
3718 1840 3842 1907 pal-

542 1928 714 1987 sancti
766 1930 1142 2001 Symphoriani
1183 1922 1236 1983 in
1273 1928 1518 2000 ingressu
1565 1934 1783 2001 palatii,
1824 1934 1892 1988 ita
1933 1934 2137 2003 Spiritu
2168 1931 2409 1993 Bloretn
2463 1929 2628 1986 [acies
2676 1932 2725 1985 in
2770 1931 3022 1986 ruborem
3073 1932 3358 1996 transiret,
3411 1932 3585 1987 donec
3631 1930 3846 1987 cunctis

546 2022 639 2078 Dei
688 2021 1019 2079 redundante
1062 2022 1268 2075 locutus
1309 2032 1425 2088 est,
1459 2034 1513 2075 ut
1544 2033 1667 2079 ante
1706 2040 1800 2079 rex
1839 2036 2131 2093 annueret,

544 2118 704 2183 quam
742 2112 903 2168 verba
933 2113 1129 2184 petitor
1156 2111 1471 2181 eXplicaret.
1497 2112 1589 2168 Cui
1621 2126 1673 2170 et
1704 2130 1797 2171 ore
1826 2116 2137 2187 prophetico

542 2206 703 2261 linem
744 2204 877 2259 dixit
921 2204 989 2260 de
1036 2204 1284 2259 transitu.
1330 2203 1481 2272 Quod
1532 2207 1713 2274 paucis
1757 2207 1970 2262 interim
2015 2209 2135 2263 die-

544 2294 646 2352 bus
691 2296 771 2370 (a)
816 2295 942 2351 dum
986 2295 1063 2351 ad'
1090 2297 1325 2355 ltliemos
1369 2300 1653 2367 remeavit,
1690 2300 1741 2354 in
1789 2299 1906 2367 ipso
1948 2301 2137 2357 itinere

544 2384 637 2443 rex
682 2380 925 2442 extrema
974 2386 1121 2445 sorte
1152 2391 1384 2459 defecit,
1414 2392 1562 2459 quasi
1594 2391 1763 2444 sancti
1804 2389 1919 2445 Viri
1960 2406 2140 2447 sermo

542 2474 721 2531 dictus
748 2475 935 2531 fuisset
962 2476 1029 2531 ab
1054 2479 1269 2549 angelo.

617 2560 708 2623 IX.
752 2567 817 2625 Et
845 2566 1097 2640 quoniam
1132 2556 1451 2628 Bealissimo
1476 2583 1589 2627 erat
1619 2572 1881 2629 familiare
1918 2574 1967 2629 in
2002 2574 2139 2629 basi-

548 2658 650 2718 lica
684 2660 853 2717 sancti
884 2654 1257 2737 Symphoriani
1288 2665 1388 2720 soli
1427 2664 1637 2736 vigilias
1666 2662 1885 2732 ducere,
1920 2675 2138 2723 euntem

546 2770 669 2811 eum
715 2759 1009 2813 monachus
1059 2758 1337 2830 Sylvester
1384 2760 1750 2831 prosequitur.
1796 2760 1864 2813 Et
1911 2760 2140 2831 ingressi

548 2847 750 2919 pariter
791 2849 855 2903 ad
904 2848 1072 2903 sancti
1118 2850 1368 2922 martyris
1420 2836 1725 2917 tumulum,
1778 2851 1920 2907 circa
1971 2855 2143 2908 noctis

548 2940 785 2996 medium
816 2940 883 2995 ab
912 2940 1065 2995 altari
1101 2943 1386 2997 tumultum
1428 2941 1856 3012 irequentantem
1899 2958 2142 2999 rumores

549 3033 846 3101 accipiunt,
880 3028 1134 3103 tanquam
1171 3035 1215 3089 si
1252 3033 1318 3091 ad
1349 3035 1590 3106 rapinam
1632 3036 1858 3092 collecta
1901 3046 2145 3094 curreret

548 3125 853 3181 multitudo.
895 3125 1136 3183 Credens
1176 3126 1320 3183 enim
1369 3129 1450 3182 vir
1490 3118 1582 3183 Dei
1629 3131 1833 3183 versari
1876 3130 2143 3186 latronum

551 3216 853 3290 incursum,
897 3219 1127 3289 imperat
1174 3220 1440 3276 monacho
1480 3229 1607 3276 ante
1654 3222 1960 3291 sepulcrutn
2005 3223 2142 3291 psal-

2240 2022 2581 2091 stupentibus
2628 2022 2892 2076 viviﬁcata
2924 2032 3307 2092 consurgeret,
3342 2030 3395 2076 et
3424 2024 3846 2079 circumstantes

2240 2124 2512 2169 auctorem
2540 2114 2777 2170 muneris
2800 2098 3430 2184 gratiatn'prtndicurent.
3460 2115 3587 2181 Qua:
3611 2114 3847 2185 singulis

2240 2206 2395 2260 anuis
2421 2206 2676 2259 tributum
2708 2206 2829 2260 vitae
2855 2205 3017 2261 solvit
3049 2221 3147 2275 pro
3179 2205 3374 2276 pretio.

2319 2288 2431 2352 XII.
2465 2296 2732 2352 Cteterum
2765 2292 3161 2353 ‘revelationum
3188 2314 3402 2353 suarum
3426 2297 3547 2369 quis
3575 2304 3847 2352 scrutator

2258 2387 2489 2443 introeat
2511 2430 2524 2455 ,
2556 2390 2640 2443 cui
2672 2399 2797 2444 ante
2826 2392 3057 2460 qualuOr
3095 2404 3354 2445 annorum
3396 2386 3690 2453 curricula,
3727 2389 3849 2460 ipsa

2244 2480 2584 2552 episc0patus
2628 2482 2708 2537 sui
2760 2497 2919 2536 causa
2976 2484 3080 2537 non
3131 2468 3214 2538 est
3262 2480 3615 2537 abscondita?
3661 2478 3847 2551 Itaque

2246 2572 2451 2641 positus
2497 2574 2549 2627 in
2601 2589 2827 2641 sopore,
2879 2572 3093 2643 inspicit
3136 2589 3169 2651 ra
3208 2573 3441 2643 quodam
3490 2589 3617 2629 sene
3661 2574 3848 2629 claves

2243 2664 2343 2721 Sibi
2388 2678 2553 2738 portae
2596 2660 2878 2722 Parisiacae
2922 2665 3143 2739 porrigi.
3191 2656 3533 2739 Interrogans
3574 2662 3701 2738 Quid
3739 2666 3848 2722 Itoc

2244 2750 2434 2823 ﬁeret,
2485 2759 2691 2828 accepit
2741 2774 3095 2828 responsum,
3143 2766 3201 2813 ut
3242 2760 3423 2814 salvas
3468 2756 3561 2813 eas
3615 2760 3840 2814 faceiet.

2244 2850 2395 2917 Quod
2439 2859 2556 2919 post
2580 2850 2812 2905 civitatis
2845 2850 2962 2919 ejus
2989 2848 3245 2920 episcopo
3282 2852 3353 2924 (c)
3386 2849 3682 2905 decedente
3714 2850 3846 2905 dum

2245 2942 2740 3013 praecellentissimo
2768 2942 2880 3015 regi
2907 2942 3255 2998 Childeberto
3280 2952 3623 3008 occurreret,
3650 2944 3701 2995 in
3726 2942 3848 3011 ejus

2256 3032 2527 3089 elecﬁone
2560 3032 2810 3089 elfectum
2847 3034 2933 3088 illa
2963 3050 3066 3089 vox
3098 3035 3409 3104 promeruit.
3453 3028 3847 3105 Ordinatusque

2248 3125 2486 3196 pontifex
2512 3127 2685 3195 qualis
2715 3136 3051 3197 qtlattlusque
3082 3141 3140 3182 se
3168 3125 3425 3197 gesserit,
3463 3127 3563 3180 hoc
3591 3124 3848 3197 exlio-dire

2247 3222 2424 3293 lingua
2466 3220 2711 3277 mortalis
2752 3237 2859 3277 non
2901 3200 3132 3285 sul‘licit,
3166 3220 3417 3291 quoniam
3463 3214 3621 3289 supra
3665 3210 3846 3275 homi-

556 3300 690 3368 lere.
727 3304 845 3383 Ipse
880 3328 1010 3369 Vcro
1041 3304 1249 3369 accedit
1292 3314 1356 3369 ad
1389 3315 1577 3370 altare.
1621 3313 1823 3371 Dehinc
1862 3316 1950 3370 illa
1990 3316 2141 3371 turba
2171 3318 2219 3386 C
2249 3314 2369 3370 neni
2405 3314 2502 3369 fuit
2526 3330 2685 3370 omne
2712 3311 2851 3385 quod
2879 3313 3065 3369 edidit.
3092 3313 3332 3383 Denique
3358 3312 3582 3382 adeptus
3609 3312 3841 3383 gradum

554 3404 620 3461 aii
650 3400 968 3461 monachum
1001 3420 1108 3476 quo
1139 3394 1401 3477 psallebat
1432 3407 1681 3462 alacriter
1724 3418 1996 3478 properat.
2029 3408 2147 3476 Quo

552 3494 784 3555 mactato
809 3488 1049 3569 graviter
1087 3486 1141 3555 et
1186 3494 1238 3554 in
1260 3490 1466 3557 terram
1508 3501 1746 3573 projecto
1787 3517 1849 3556 ac
1888 3503 2149 3558 semivivo

553 3578 765 3663 relicto,
797 3590 1008 3651 veloces
1034 3584 1317 3668 effugiunt.
1344 3578 1445 3665 Qui
1472 3599 1560 3649 vix
1589 3611 1719 3651 voce
1750 3594 1911 3649 ﬁebili
1942 3596 2146 3651 cladem

553 3678 704 3742 suam
737 3670 1029 3755 replicans,
1067 3702 1097 3740 a
1126 3674 1461 3743 daemonibus
1502 3702 1564 3742 se
1601 3700 1803 3742 cassum
1843 3688 1991 3757 gravi
2021 3680 2152 3744 con-

554 3762 742 3850 grcSSu
770 3770 1051 3832 cenl‘esSus
1072 3760 1175 3833 est.

630 3870 694 3925 Χ.
740 3856 949 3925 Accidit
998 3854 1056 3924 ut
1096 3868 1337 3925 Sabarici
1374 3870 1605 3925 famulus
1648 3868 1895 3927 Esarius
1933 3873 2152 3930 nomine

558 3944 623 4021 uti
664 3964 838 4018 virum
870 3954 1076 4041 dequo
1118 3954 1389 4041 loquimur
1428 3960 1678 4033 injuriam
1725 3979 1913 4033 passus
1961 3965 2153 4020 coniu-

566 4052 744 4127 geret,
788 4038 1095 4125 supplicans
1149 4038 1206 4109 ut
1250 4042 1490 4126 quolibet
1528 4057 1699 4125 pretio
1730 4071 1850 4111 eum
1895 4056 1965 4112 de
2008 4057 2155 4112 inso-

563 4148 723 4205 lentis
749 4146 952 4202 domini
980 4146 1199 4227 servitio
1229 4144 1503 4201 liberaret.
1533 4146 1687 4213 Quod
1720 4146 2025 4218 indignatus
2055 4149 2153 4205 Sa-

561 4236 777 4295 liaricus
810 4234 907 4307 pro
950 4228 1171 4294 IEsario
1197 4245 1252 4292 et
1290 4237 1518 4308 conjuge
1548 4237 1631 4293 vel
1681 4238 1839 4293 unico
1876 4239 1992 4308 ejus
2022 4240 2185 4308 ﬁlio,.

560 4326 833 4401 Octoginta
864 4324 1074 4385 solidos
1114 4330 1269 4401 pretii
1310 4345 1505 4409 nomen
1551 4320 1729 4398 petiit,
1768 4332 2050 4409 quominus
2081 4332 2157 4387 fa-

562 4414 737 4479 mulos
768 4418 947 4477 servili
982 4418 1183 4477 ditiOne
1225 4414 1446 4477 latraret.
1481 4404 1681 4477 Tamen
1724 4422 1823 4479 hoc
1851 4440 1958 4480 non
1999 4404 2154 4480 dubi-

564 4517 697 4571 tavit
737 4516 1109 4572 misericordia
1149 4514 1285 4570 Justi
1332 4516 1413 4569 vel
1466 4516 1775 4595 perquirere
1812 4522 1891 4574 vel
1930 4519 2153 4578 donare.

563 4598 682 4677 Quo
712 4598 884 4679 pretio
915 4598 1210 4677 persoluto,
1239 4610 1459 4679 contigit
1482 4620 1537 4664 ut
1561 4600 1685 4665 ante
1714 4600 1984 4668 basilicam
2009 4629 2155 4684 saepe

2251 3410 2394 3465 cur.e
2432 3407 2745 3480 pastoralis,
2790 3406 2856 3462 de
2904 3408 3113 3478 reliquo
3157 3409 3457 3463 monachus
3502 3404 3843 3480 perSistebat.

2254 3494 2392 3559 Hinc
2421 3519 2481 3558 se
2528 3500 2900 3571 frequentibus
2936 3499 3221 3556 exercebat
3256 3500 3467 3571 vigiliis,
3501 3500 3626 3555 inde
3667 3499 3846 3555 conti-

2252 3598 2428 3654 nuatis
2450 3594 2755 3651 macerabat
2778 3594 2986 3649 iuediis.
3016 3592 3373 3647 I’erno'cmbat
3395 3584 3847 3662 algidalseuectus

2253 3704 2349 3760 per
2396 3680 2627 3742 hiemem
2678 3685 2951 3740 sustinens
2998 3680 3284 3753 dupliciter
3329 3682 3527 3754 frigus,
3569 3676 3743 3737 aetatis
3790 3670 3845 3736 et

2254 3768 2530 3852 temporis,
2563 3779 2703 3850 quod
2737 3795 2834 3834 nec
2869 3778 3097 3834 tolerare
3132 3776 3337 3847 possint
3388 3778 3644 3849 petulenti
3685 3778 3844 3848 juve-

2253 3886 2385 3926 nes:
2413 3870 2645 3941 seipsum
2681 3868 2816 3941 pene
2850 3856 3179 3925 obliviscens
3208 3885 3303 3939 pro
3324 3869 3546 3923 victoria
3577 3871 3840 3941 corporis,

2256 3975 2501 4034 tanquam
2530 3966 2575 4018 si
2610 3963 2766 4017 simul
2795 3963 3150 4018 accessissent
3178 3951 3412 4033 dignitas
3432 3971 3486 4017 et
3513 3963 3841 4029 necessitas;

2254 4056 2372 4129 qua:
2405 4045 2527 4113 vero
2558 4047 2916 4128 eleemosynm
2957 4046 3062 4112 iam
3092 4054 3160 4112 de
3203 4056 3363 4112 rebus
3407 4055 3651 4112 ecclesia:
3684 4072 3843 4127 quam

2257 4142 2435 4221 populi
2469 4150 2742 4205 oblatione
2772 4146 2854 4204 vel
2888 4142 3037 4219 regio
3068 4164 3288 4203 munere
3320 4134 3415 4218 per
3445 4164 3631 4202 manus
3664 4141 3844 4204 Sancti

2255 4242 2411 4297 facta:
2440 4253 2595 4310 sunt,
2629 4245 2775 4299 solus
2815 4241 2906 4299 ille
2950 4241 3040 4313 qui
3072 4234 3254 4297 omnia
3295 4242 3426 4309 scit,
3464 4244 3609 4297 novit
3650 4250 3707 4299 et
3746 4259 3845 4297 nu-

2257 4332 2448 4391 merat.
3734 4402 3739 4417 ι

2328 4428 2464 4484 XIII.
2496 4414 2732 4500 Denique
2755 4422 2983 4500 quadam
3004 4429 3114 4484 vice
3140 4428 3663 4497 praecellentissimus
3685 4414 3834 4486 Chil-

2256 4524 2515 4581 debertus
2546 4540 2639 4579 rex
2668 4538 2787 4578 cum
2816 4522 2864 4578 ei
2914 4522 3195 4577 direxisset
3224 4536 3313 4577 sex
3348 4521 3507 4575 millia
3554 4520 3847 4579 solidorum

2258 4615 2583 4689 pauperibus
2613 4614 2901 4683 eroganda.
2935 4614 3246 4683 expendens
3297 4616 3393 4668 tria
3423 4613 3587 4667 millia
3625 4615 3847 4669 reverti-

564 4704 741 4757 dictus
791 4702 1077 4757 Sabarieus
1136 4702 1475 4781 praeteriret,
1534 4716 1635 4757 nec
1690 4712 1866 4758 tamen
1920 4708 2153 4762 orationi
2184 4701 2237 4761 1)
2264 4721 2348 4766 tur
2378 4710 2443 4763 ad
2490 4705 2777 4779 palatium;
2814 4708 3172 4775 interrogatus
3201 4720 3229 4758 a
3257 4720 3382 4775 rege
3417 4705 3463 4759 si
3503 4705 3675 4760 adhuc
3708 4708 3848 4760 resi-

570 4811 784 4866 quoque
831 4805 1162 4850 occurreret.
1208 4794 1307 4862 Qui
1361 4795 1579 4849 domum
1630 4811 1781 4850 suam
1830 4799 2151 4869 ingrediens,

565 4888 745 4943 statim
802 4884 1087 4955 alﬁigitur,
1134 4884 1355 4955 ligatur,
1406 4893 1460 4941 et
1512 4890 1710 4941 catenis
1765 4890 2037 4945 revinctus
2089 4892 2154 4945 ad

565 4980 822 5057 Sanctum
860 4980 1188 5057 perducitur.
1234 4979 1417 5050 Neque
1461 4981 1537 5036 sic
1580 4997 1608 5036 a
1656 4984 1741 5053 pio
1784 4983 1908 5039 Viro
1946 4985 2156 5040 iniseri-

566 5054 749 5131 COrdia
798 5054 1023 5137 tollitur,
1069 5066 1167 5128 sed
1215 5083 1393 5127 statim
1448 5077 1607 5130 missa
1657 5092 1815 5146 prece
1861 5078 1977 5147 ejus
2022 5080 2159 5133 obti-

568 5180 729 5224 nente
774 5167 877 5223 ﬁde
921 5174 1193 5238 purgatur.
1235 5165 1383 5220 Tunc
1425 5167 1621 5238 adjecit
1660 5170 1945 5225 Sabaricus
1984 5171 2157 5226 adhuc

570 5256 755 5328 viginti
804 5266 995 5313 aureos
1044 5254 1109 5311 ad
1161 5258 1390 5327 pretium
1444 5259 1581 5326 quod
1632 5262 1941 5330 acceperat,
1986 5270 2041 5316 et
2091 5263 2157 5318 de

569 5338 784 5427 centum
816 5346 998 5403 solidis
1025 5364 1154 5404 crux
1180 5349 1245 5403 ad
1273 5350 1577 5418 sepulcrum
1605 5352 1747 5406 beati
1770 5354 2154 5424 Symphoriani

569 5444 641 5500 ab
679 5432 796 5512 ipso
822 5456 1081 5512 suspensa
1111 5450 1233 5499 est:
1267 5460 1387 5514 qua:
1435 5460 1601 5516 usque
1649 5445 1807 5501 hodie
1854 5460 1941 5505 res
1981 5458 2064 5503 est
2101 5450 2152 5504 in

643 5581 721 5651 (a)
762 5579 830 5653 Et
858 5589 1033 5653 tamen
1073 5580 1361 5650 Gregorius
1409 5583 1610 5637 Turon.
1653 5584 1704 5637 in
1753 5584 1845 5637 lib.
1877 5599 1935 5638 tu
1994 5585 2152 5653 lIist.,

573 5650 707 5722 cap.
729 5650 1031 5726 Sﬁjgscribit
1055 5653 1495 5726 r'i‘lieodobertum
1519 5654 1820 5709 diutissime
1840 5650 2151 5726 aegmtasse,

575 5733 630 5795 et
645 5721 765 5793 cap.
784 5721 869 5781 57,
892 5740 1032 5779 anno
1050 5725 1115 5781 57
1140 5733 1259 5794 post
1279 5724 1528 5781 Cloduvei
1544 5727 1770 5793 obitum,
1791 5721 1939 5795 regni
1954 5727 2036 5781 sui
2066 5726 2149 5793 14,

574 5794 770 5853 Christi
800 5794 1002 5851 scilicet
1024 5795 1148 5862 558,
1179 5797 1429 5852 obiisse..

649 5868 725 5941 (ὁ)
758 5867 952 5941 Alesia
1001 5867 1227 5941 (Aliae),
1272 5867 1542 5941 Oppidum
1578 5868 1848 5940 quondam
1887 5867 2153 5926 validissi-

576 5937 724 6003 mum
754 5940 805 5999 in
835 5940 974 5999 colle
1005 5937 1139 6013 apud
1167 5937 1485 5998 'Maudubios
1530 5937 1609 5999 in'
1631 5941 1937 6017 Burgundio
1964 5942 2150 6016 situm,

2259 4802 2409 4856 deret
2457 4800 2600 4869 quod
2642 4800 2825 4868 egenis
2867 4797 3158 4859 tribueret.
3197 4797 3469 4866 respondit
3508 4798 3847 4855 medietatem

2261 4888 2557 4962 resedisse,
2584 4907 2681 4948 nec
2714 4891 2983 4947 invenisse
3015 4891 3197 4961 inopes
3227 4891 3419 4962 quibus
3446 4894 3611 4946 tutum
3643 4907 3848 4962 expen-

2261 4991 2435 5046 deret.
2467 4974 2562 5044 Cui
2594 5004 2689 5044 rex
2712 4988 2882 5056 inquit
2910 5004 2922 5040 :
2960 5006 2978 5038 ι
3011 4986 3252 5051 Domine,
3276 4987 3415 5043 dona
3441 4987 3583 5057 quod
3610 4989 3844 5045 restitit:

2268 5098 2391 5137 nam
2426 5082 2639 5134 Christo
2671 5080 2926 5149 largiente
2960 5080 3097 5149 quod
3140 5079 3367 5134 donetur
3394 5095 3498 5135 non
3529 5079 3777 5136 deﬁciet:
3821 5102 3841 5135 ι

2265 5174 2502 5229 incidens
2525 5182 2704 5227 aurata
2734 5172 3000 5237 tnissorla‘,
3025 5178 3276 5244 argentea
3300 5172 3422 5228 vasa
3450 5175 3845 5243 couirninuens,

2264 5265 2522 5336 quidquid
2558 5258 2788 5334 primum
2814 5262 2995 5319 ltabuit
3025 5264 3159 5319 dans
3180 5265 3441 5319 sacerdoti
3475 5254 3545 5320 ne
3577 5266 3843 5334 perderet.

2265 5358 2541 5428 Eratergo
2568 5357 2927 5426 exspectanda
2959 5360 3233 5414 contentio
3262 5358 3402 5412 inter
3434 5356 3766 5414 sacerdotem
3795 5366 3851 5414 et

2266 5449 2578 5521 principem.
2605 5448 2890 5506 Faciebant
2912 5452 3050 5521 apud
3073 5463 3131 5505 se
3146 5449 3210 5504 de
3231 5449 3593 5505 misencordia
3615 5444 3847 5521 pugnam

2262 5590 2459 5645 Caesari
2491 5590 2827 5645 notissimum
2870 5589 2959 5643 lih.
2992 5584 3063 5641 ui
3092 5587 3157 5641 de
3186 5588 3319 5643 Bell.
3344 5585 3503 5653 Gail.,
3535 5600 3676 5641 nunc
3696 5586 3847 5643 vicus

2258 5671 2344 5717 est
2371 5662 2490 5716 colli
2521 5663 2743 5717 declivis
2775 5662 3072 5728 impositus.

2335 5738 2407 5804 (c)
2451 5734 2681 5788 Eusebio
2708 5741 2922 5785 sanctus
2949 5730 3254 5804 ﬁerllla‘ﬂlls
3291 5729 3550 5804 successit
3582 5728 3636 5783 in
3662 5728 3845 5804 sedent

2261 5798 2584 5861 Parisiacam
2642 5812 2764 5858 ante
2811 5798 3095 5855 canclliunt
3138 5799 3543 5870 Parisiensetll,
3571 5814 3713 5856 attito
3739 5800 3841 5856 557

2259 5878 2607 5943 celebratum,
2640 5875 2724 5929 cui
2753 5871 3052 5929 Germanus
3075 5870 3412 5945 subscripsit.
