4108 6352
293 440 365 503 61
1872 431 2050 492 VI'I‘A.
3507 431 3580 494 se

296 557 355 610 et
388 551 455 609 de
484 543 685 620 pietate
711 545 1008 614 certamen,
1043 545 1325 602 thesauros
1369 553 1428 601 ut
1456 551 1803 616 spargerent,
1837 554 1892 600 et
1915 545 1972 607 Δ
1994 542 2192 599 Christi
2224 529 2441 599 nomine
2463 543 2730 613 invocato,
2762 541 3025 603 ‘c'ortcussa
3061 545 3261 602 Sanctis
3293 543 3476 617 digitis
3505 547 3572 601 ad

299 648 373 704 de
402 662 510 701 suis
543 645 755 700 talentis
790 644 944 713 egeni
989 642 1348 706 ditescerent,
1381 639 1561 696 festini
1612 639 1678 694 ad
1723 638 1897 694 futura
2003 650 2064 692 se
2087 634 2336 706 ju‘nctura
2383 635 2689 707 revertitur,
2735 641 2790 695 et
2834 624 2948 694 stite
2997 637 3120 695 lidei
3165 641 3358 696 merito
3399 639 3579 695 salvus

299 741 473 804 lucra;
497 746 556 793 ut
585 735 866 792 brntbeum
895 733 1080 790 semen
1112 734 1191 806 (α)
1229 740 1494 799 sererent,
1524 740 1579 788 et
1609 741 1728 802 post
1757 747 1898 786 mes-

297 839 456 888 sores
471 831 792 886 accederent
805 827 1141 883 aurulentam
1167 841 1258 895 per
1279 837 1514 895 segetem
1537 842 1550 878 :
1570 833 1627 879 ut
1643 824 1898 880 sacerdos

309 923 733 992 locupletaretur
756 919 1329 999 regalibus‘tltesaur‘ts,
1361 919 1410 974 ei
1444 919 1494 973 in
1527 931 1708 987 regem
1739 915 1900 972 ﬂore-

301 1027 389 1072 ret
413 1011 585 1086 gratia
631 1014 962 1080 sacerdotis,
994 1013 1084 1084 qui
1115 1021 1270 1067 suum
1302 1012 1474 1067 solum
1507 1009 1608 1067 hoc
1638 1009 1895 1079 credidit,

299 1110 448 1181 quod
477 1108 653 1163 nudus
680 1115 773 1161 aut
801 1117 1002 1176 egenus
1029 1107 1250 1175 accepit.

369 1200 501 1255 XIV.
524 1199 630 1255 Sed
655 1208 984 1255 revertamur
1009 1200 1074 1253 ad
1099 1197 1362 1254 ordinem.
1389 1196 1615 1265 Quidam
1639 1196 1690 1250 in
1706 1195 1896 1249 Exona

300 1293 548 1365 (Eamne,
579 1303 746 1363 prope
773 1290 1107 1363 Gorbolium)
1139 1293 1257 1346 vice
1286 1292 1354 1347 dc
1383 1291 1653 1346 Iiscallbus
1685 1288 1896 1344 famulis

301 1386 630 1442 Gildomeris
659 1389 896 1452 nomine,
917 1391 1037 1441 cum
1067 1387 1155 1442 die
1183 1386 1462 1441 Dominico
1486 1381 1736 1452 quiddam
1768 1395 1898 1451 ope-

302 1489 457 1536 ratus
485 1479 574 1547 sit,
604 1478 675 1532 ita
697 1477 1032 1533 contrahithr
1061 1478 1260 1549 digitis,
1303 1483 1359 1532 ut
1386 1476 1640 1546 unguium
1673 1485 1894 1529 acumen

309 1580 522 1644 partem
555 1570 811 1626 transiret
838 1571 892 1626 in
915 1571 1156 1626 alteram.
1183 1571 1283 1637 Qui
1315 1568 1545 1623 Parisius
1573 1577 1758 1622 sancto
1785 1567 1896 1620 viro

310 1665 552 1720 occurrit
579 1666 634 1719 in
665 1665 933 1730 oratorio;
967 1673 1021 1720 et
1047 1665 1290 1719 oratione
1316 1663 1457 1728 data,
1487 1669 1755 1732 manuque
1779 1669 1895 1731 per-

306 1768 470 1815 uncta
501 1760 644 1821 oleo,
687 1765 890 1828 ungues
928 1759 995 1812 de
1026 1759 1197 1827 palma
1243 1763 1487 1812 retracta:
1534 1763 1677 1809 sunt.
1712 1752 1895 1823 Digitis

306 1849 553 1906 redditur
579 1855 837 1919 organum
862 1851 992 1906 etin
1025 1850 1244 1918 antiquo
1265 1846 1444 1902 ofﬁcio
1471 1858 1755 1900 nervorum
1784 1844 1889 1898 tela

2000 729 2218 786 domum
2249 729 2540 788 reducitur.

2071 808 2211 878 XIX.
2254 823 2382 878 Item
2413 824 2580 890 faber,
2610 816 2857 896 Ligerius
2885 811 3125 890 nomine,
3153 825 3442 881 turbulenti
3471 823 3580 880 daa-

2002 914 2176 970 monis
2207 925 2452 985 arreptus
2491 913 2693 971 insania
2726 957 2741 982 ,
2776 915 2844 972 ita
2890 916 3098 972 bestiali
3147 915 3356 973 feritate
3397 917 3582 986 pr‘dru—

1997 1016 2171 1075 perat,
2209 1015 2264 1060 ut
2293 1005 2500 1062 catenis
2525 1007 2669 1063 collo
2708 1005 3064 1078 inanibuSQue
3103 1009 3375 1065 revinctus
3403 1005 3490 1064 vix
3517 1011 3584 1066 ad

1998 1097 2152 1152 beati.
2172 1097 2282 1153 Viri
2315 1099 2614 1154 traheretur
2645 1089 3003 1170 praesentiam.
3036 1099 3165 1158 Inde
3205 1101 3580 1170 miserabilior,

1997 1198 2057 1243 ut
2087 1192 2174 1258 qui
2201 1188 2501 1244 sustinebat
2529 1190 2595 1245 ab
2621 1187 2775 1248 hoste
2806 1190 3141 1261 vidieutiam‘,
3167 1197 3265 1263 ipsi
3291 1186 3584 1252 adderetur

1996 1277 2162 1335 altera
2192 1293 2347 1352 ptena
2380 1296 2473 1352 per
2500 1281 2730 1339 vincula.
2761 1283 2928 1352 Quem
2957 1277 3133 1342 tamen
3162 1284 3416 1343 sacerdos
3440 1287 3582 1358 apud

1995 1389 2056 1430 se
2103 1374 2333 1445 imperat
2375 1375 2641 1444 detineri;
2691 1383 2781 1447 et,
2841 1379 2981 1434 sicut
3028 1381 3259 1449 septimo
3307 1380 3392 1436 die
3442 1379 3581 1439 Deus

1995 1465 2207 1541 ’quievit
2229 1469 2297 1525 ab
2322 1474 2510 1540 Opere,
2552 1470 2624 1526 ita
2652 1475 2707 1527 et
2747 1485 2909 1541 opera
2942 1472 3034 1529 Dei
3067 1469 3331 1529 transacta
3377 1473 3588 1542 bebdo-_-

1996 1565 2150 1620 mada
2197 1565 2427 1633 eripitur
2469 1576 2500 1619 a‘
2531 1561 2813 1632 dtemone;
2845 1561 3030 1636 sieQue
3076 1561 3130 1622 in
3163 1567 3373 1638 propria
3412 1559 3590 1625 redire

2001 1669 2225 1713 securus
2255 1655 2451 1711 meruit
2482 1653 2736 1710 liberatus
2764 1653 2833 1711 ab
2865 1655 3045 1712 hoste.

2065 1747 2186 1804 X‘X.‘
2228 1745 2436 1805 Waddo
2463 1747 2541 1804 vir
2564 1741 2796 1815 illuster,
2833 1747 3076 1806 consiliis
3120 1749 3262 1820 regis
3295 1752 3584 1822 particeps,

2001 1854 2181 1918 typum
2207 1847 2490 1920 dupliciter
2513 1845 2795 1906 incurrens
2827 1841 2987 1905 febris
3017 1837 3072 1906 et
3097 1841 3328 1922 frigoris,
3357 1841 3588 1920 ets'pur-

305 1941 592 1998 retexitm.
625 1943 792 2009 Quem
821 1941 1072 1997 cle‘ricum
1105 1949 1228 2010 post
1256 1939 1504 1995 effectum
1527 1982 1540 2005 ,
1573 1946 1626 1993 et
1655 1941 1714 1990 ut
1753 1937 1892 1990 inte-
1926 1928 1975 1990 B
1999 1937 2204 2008 gandu‘s
2241 1938 2410 1994 sancti
2462 1938 2572 1994 Viri
2631 1935 2986 2010 praesentatur
3040 1931 3336 1996 'obtutibus.
3381 1938 3589 1996 Interea

304 2043 469 2105 grum
499 2033 704 2087 salvum
739 2033 960 2100 faceret,
977 2041 1142 2105 pws
1173 2031 1419 2085 liberavit
1443 2038 1497 2084 et
1525 2029 1770 2083 crimine.

388 2124 504 2180 XV.
547 2125 757 2180 Rursus
807 2117 1069 2196 quierim
1090 2123 1280 2178 mulier
1316 2121 1530 2177 nomine
1570 2119 1802 2174 Favonia
1845 2117 1898 2172 in

309 2216 454 2274 urbe
491 2217 764 2273 Parisiaca
800 2231 896 2287 per
921 2231 1111 2272 novem
1142 2217 1258 2271 dies
1281 2213 1576 2284 percipiens
1606 2208 1736 2266 nihil
1765 2226 1899 2279 prae-

316 2318 403 2364 ter
435 2307 773 2378 pulticulam,
796 2318 891 2362 ore
917 2317 1101 2378 aperto
1127 2306 1336 2361 inhians
1361 2313 1545 2359 sancto
1567 2302 1694 2358 Viro
1723 2303 1900 2358 oblata

307 2407 417 2455 est.
449 2396 580 2468 Quae
606 2400 751 2455 velut
779 2399 922 2456 ferro
949 2400 1198 2470 apposito
1223 2398 1366 2453 nulla
1400 2399 1518 2465 lege
1545 2405 1752 2466 patera!
1770 2394 1896 2465 jun-

309 2505 444 2562 gere
489 2492 682 2548 dentes
715 2497 807 2547 aut
837 2491 1000 2548 labia.
1033 2492 1202 2559 Quam
1245 2491 1299 2548 in
1330 2487 1566 2545 oratorio
1591 2503 1745 2543 sacro
1774 2502 1898 2557 per-

314 2595 521 2653 ungens
567 2583 710 2653 oleo,
745 2583 961 2654 palpate
1009 2584 1244 2654 undique
1288 2583 1462 2652 capite
1505 2581 1622 2637 sine
1652 2579 1900 2636 tarditate

307 2675 471 2732 saluti
505 2676 757 2731 restituit.

385 2767 525 2825 XVI.
568 2768 776 2824 Accidit
801 2779 858 2824 ut
880 2768 1057 2836 puella
1087 2766 1330 2838 quaedam
1353 2767 1423 2823 de
1453 2767 1688 2824 Mcdardi
1713 2764 1901 2835 Mogli-

305 2863 566 2919 dunensis
597 2859 681 2935 (bi
707 2860 907 2916 familia
932 2861 1090 2916 ﬁlans
1136 2861 1224 2916 die
1257 2860 1535 2916 Dominico
1561 2899 1575 2925 ,
1627 2871 1899 2914 contracta

305 2968 473 3010 rnauu
494 2954 844 3010 damnaretur
865 2952 1151 3024 supplicio.
1177 2951 1292 3020 Qua
1319 2960 1560 3008 contacta
1587 2951 1710 3008 oleo
1732 2953 1900 3008 virtus

305 3048 510 3108 infudit
538 3050 861 3106 remedium.
885 3049 1021 3104 IIinc
1049 3055 1329 3117 stupentes
1356 3046 1505 3116 digiti
1535 3060 1768 3118 vigorem
1793 3046 1902 3115 pri-

307 3143 514 3197 stinum
544 3142 888 3210 resipiscunt,
919 3137 1142 3195 oblitum
1165 3138 1294 3193 artis
1319 3136 1557 3192 officium
1588 3136 1788 3191 reducti
1808 3151 1897 3191 ar-

306 3235 460 3291 ticuli
492 3235 839 3297 meditantur,
873 3233 1065 3288 manus
1087 3243 1298 3286 ramosa
1329 3231 1669 3297 distenditur,
1699 3239 1754 3284 et
1773 3243 1899 3299 pur-

304 3337 430 3396 gata
460 3327 586 3382 vitio
615 3327 836 3382 dextera
869 3324 1028 3379 saluti
1058 3324 1349 3379 reducitur.

386 3417 549 3474 XVII.
590 3417 756 3474 Recte
781 3418 1020 3472 creditur
1043 3417 1385 3471 inserendum
1414 3413 1543 3469 illud
1568 3427 1778 3484 quoque
1799 3411 1900 3468 rli-

306 3516 574 3570 raculum.
604 3512 893 3568 Boboliuus
915 3510 1130 3580 quidam
1147 3510 1215 3566 de
1240 3509 1357 3565 vico
1385 3510 1641 3564 Noviomo
1664 3507 1900 3580 (Noyon,

306 3601 366 3660 in
397 3600 660 3672 Picardia)
687 3602 1040 3658 vehementer
1069 3602 1269 3656 inimici
1301 3613 1556 3671 pervasus
1579 3599 1803 3667 insidiis,
1833 3598 1900 3654 ad

311 3693 600 3750 Hominem
632 3693 725 3749 Dei
768 3694 995 3749 viticulis
1027 3686 1198 3749 ticius
1226 3693 1527 3759 adducitur,
1557 3692 1744 3750 rebelli
1785 3693 1897 3761 spi-

311 3789 424 3846 ritu
477 3797 685 3844 rotatus
735 3789 1006 3843 excutitur
1047 3797 1147 3841 nec
1190 3787 1439 3841 lassatur.
1469 3787 1601 3854 Qui,
1645 3795 1902 3842 exui-ante

309 3890 501 3935 sancto
532 3877 682 3945 Viro,
713 3879 866 3948 quasi
916 3882 982 3933 de
1013 3879 1171 3946 longo
1200 3879 1394 3932 itinere
1438 3879 1503 3932 ad
1547 3893 1606 3932 so
1646 3885 1903 3948 altamque

309 3981 550 4029 mentem
583 3974 811 4042 septimo
839 3971 927 4026 die
971 3968 1279 4026 revertitur.
1316 3971 1407 4028 Sic
1457 3972 1740 4042 dupliciter
1768 3972 1900 4028 libe-

310 4076 485 4134 ratus,
514 4065 639 4121 dum
672 4065 804 4137 tugit
839 4066 1025 4121 umbra
1053 4065 1122 4120 de
1149 4067 1415 4132 sensibus,
1451 4075 1638 4122 catena
1667 4066 1808 4136 cadit
1836 4067 1904 4122 de

312 4158 589 4228 manibus,
624 4167 676 4214 et
705 4171 867 4214 sanus
899 4159 1142 4214 redditur
1168 4167 1223 4214 et
1248 4160 1475 4214 solutus.

390 4249 576 4306 XVIII.
620 4251 733 4306 Hoc
763 4257 938 4306 autem
969 4252 1240 4306 memerite
1264 4252 1383 4320 jure
1408 4253 1663 4321 pe'rpettlo
1689 4258 1769 4307 est
1797 4253 1904 4307 tra-

313 4344 574 4402 deudum.
621 4343 850 4411 Quidam
903 4355 970 4398 ex
1022 4330 1329 4398 Nantllarici
1374 4343 1907 4417 [An‘ﬁemplodori’

315 4436 578 4494 Nanterre
592 4436 638 4508 2]
669 4435 892 4503 familia,
922 4436 1184 4505 separatis
1208 4435 1274 4488 ab
1301 4434 1529 4490 invicem
1565 4435 1903 4490 maxillarum

316 4529 614 4601 iuncturis,
649 4541 744 4583 ore
775 4539 962 4596 aperio
988 4527 1054 4582 ad
1083 4538 1326 4583 sanctum
1361 4527 1538 4583 Virmn
1579 4529 1902 4608 perducitur.

2003 2029 2135 2087 It‘ora
2164 2034 2318 2088 solita
2349 2031 2494 2107 febre
2520 2029 2811 2089 cbncusSus
2842 2027 3180 2105 g'ravisSinta,
3206 2045 3266 2089 ut
3298 2021 3585 2106 refrigera-

2003 2125 2150 2180 ret'ur
2180 2125 2261 2180 vel
2293 2119 2486 2194 aquam
2508 2125 2772 2181 instanter
2797 2128 3122 2196 expostulat.
3155 2128 3265 2195 Qua
3291 2127 3389 2182 sibi
3419 2125 3590 2182 dene-

2006 2227 2126 2287 gata
2172 2218 2223 2271 in
2271 2219 2439 2272 sancti
2473 2211 2739 2286 pontificis
2770 2215 3043 2274 insolescit
3084 2207 3352 2288 injtiriam.
3392 2205 3480 2274 Vir
3507 2209 3588 2273 ta-

2004 2323 2125 2361 men
2159 2301 2253 2362 Dei
2299 2297 2586 2362 contentus
2619 2305 2675 2362 ut
2703 2303 2971 2364 obtineret
2999 2301 3315 2376 victoriam,
3347 2305 3591 2366 oratione

2007 2400 2269 2470 explicata
2293 2443 2306 2465 ,
2344 2391 2521 2469 polum
2553 2401 2600 2454 ei
2643 2399 2847 2454 donans
2880 2395 2930 2453 in
2975 2399 3171 2466 calida,
3198 2397 3468 2454 hominem
3499 2416 3591 2456 re-

2003 2495 2213 2547 vocavit
2237 2477 2459 2547 Saluteni
2491 2481 2555 2546 ad
2582 2487 2880 2560 pristinam,
2905 2500 2958 2546 et
2981 2485 3270 2548 imminens
3292 2481 3588 2562 periculum

2004 2583 2095 2637 tali
2127 2582 2338 2637 curavit
2368 2582 2629 2648 antidoto,
2662 2577 2863 2638 febrem
2895 2598 3090 2638 curans
3120 2599 3216 2653 per
3243 2575 3490 2639 calidam.

2074 2665 2217 2730 XXI.
2257 2675 2366 2731 Nec
2417 2663 2546 2731 illud
2585 2683 2669 2732 est
2700 2671 3129 2746 praetereundum
3174 2665 3367 2732 similis
3411 2665 3590 2750 causae

2012 2761 2352 2824 miraculum.
2377 2761 2594 2839 Reginae
2621 2768 2995 2824 Clirodosintaz
3024 2762 3095 2842 (ε)
3135 2769 3399 2834 minister,
3436 2767 3588 2828 Ulfus

2008 2861 2250 2926 nomine,
2284 2871 2408 2933 typo
2441 2860 2532 2932 [Id
2562 2868 2656 2924 est,
2683 2859 2811 2930 febri
2840 2857 3120 2933 periodicd]
3151 2851 3443 2916 vexabatur
3472 2876 3590 2933 gra.

2001 2951 2238 3006 vissime.
2274 2941 2508 3005 Poscens
2530 2948 2782 3019 suffragia
2816 2945 3063 3016 medelae,
3098 2952 3331 3019 perrexit
3360 2941 3425 3006 ad
3459 2945 3592 3024 pon-

2005 3041 2222 3100 tificem.
2257 3046 2426 3111 Quem
2461 3041 2540 3098 vir
2577 3043 2666 3099 Dei
2712 3055 3022 3100 constanter
3046 3033 3194 3102 ducit
3224 3035 3291 3102 ad
3336 3038 3591 3118 baptiste-

2002 3137 2161 3191 rium.
2199 3135 2302 3192 Sed
2335 3133 2592 3192 erora'nte
2640 3135 2840 3192 Sancto
2877 3136 3039 3207 coepit
3083 3135 3246 3209 affligi
3296 3131 3507 3210 gravius
3538 3137 3591 3198 iit

2005 3224 2249 3298 proximo
2269 3217 2600 3284 liberandus.
2629 3223 2867 3283 Postulat
2890 3230 3085 3285 ardens
3105 3221 3159 3285 et
3182 3227 3415 3287 aestuans
3438 3247 3591 3302 aquae

1926 3299 1970 3360 (ἶ
2004 3318 2296 3384 modicum,
2329 3320 2423 3374 sed
2452 3313 2693 3389 negat'ur'.
2727 3315 2826 3385 Qlii
2854 3317 2990 3375 fellis
3021 3315 3378 3389 amaritudine
3415 3299 3591 3378 susci-

2004 3415 2149 3464 tatus
2199 3412 2491 3474 acerrime,
2529 3387 2776 3465 ibaIteum
2822 3405 2977 3465 suum
3026 3387 3092 3466 ad
3138 3413 3316 3468 Sancti
3367 3414 3592 3485 vestigia

2003 3501 2230 3572 projecit
2275 3502 2550 3556 clamans:
2579 3495 2657 3554 Tu
2703 3515 2789 3555 me
2809 3541 2824 3566 ,
2856 3495 3108 3570 du'tnine,
3135 3503 3390 3560 interficis
3415 3547 3432 3572 ,
3463 3522 3588 3563 cum

2003 3593 2202 3649 Saliare
2252 3591 2536 3648 debueras;
2570 3583 2677 3648 Sed
2717 3585 2818 3646 liuc
2846 3591 2940 3648 tibi
2971 3595 3153 3649 hotdm
3200 3596 3290 3664 sit,
3325 3593 3446 3668 quia
3502 3614 3594 3668 per

2005 3700 2058 3746 te
2088 3687 2314 3744 morior.
2353 3685 2466 3742 Vlla
2498 3693 2614 3742 mea
2643 3702 2672 3741 a
2707 3697 2756 3743 te
2785 3681 2889 3742 erit
2930 3679 3257 3759 reqdirenda
3285 3699 3314 3745 a
3345 3707 3469 3762 rege
3507 3693 3594 3755 vel

2001 3795 2033 3835 a
2077 3777 2410 3850 parentibus.
2456 3775 2730 3834 Ittterdum
2770 3795 2880 3849 pra:
2931 3780 3112 3836 calore
3156 3795 3252 3852 per
3296 3779 3596 3853 baptisterii

2005 3875 2373 3946 pavimentum
2402 3857 2686 3927 volutatur.
2735 3872 2934 3931 Oraute
2980 3875 3140 3931 beato
3179 3869 3302 3932 Viro
3351 3863 3402 3933 in
3432 3868 3595 3948 sopo-

2003 3980 2117 4022 rem
2148 3966 2475 4022 coitv'ertitur
2496 4005 2511 4031 ,
2541 3973 2597 4021 et
2626 3961 3014 4036 aliquantulum
3049 3979 3167 4036 post
3209 3969 3458 4025 somnum
3498 3986 3593 4026 ex-

2004 4059 2218 4125 citatus,
2253 4056 2320 4113 ab
2359 4049 2477 4126 ipso
2507 4057 2559 4112 itt
2611 4065 2825 4112 omnem
2860 4060 3284 4115 incolumitatem
3319 4058 3597 4132 languidus

2007 4145 2346 4210 reformatur.
2375 4147 2664 4222 Inquisitus
2687 4168 2717 4207 a
2749 4151 3000 4220 pontifice
3025 4151 3122 4210 ‘cu'r
3152 4149 3357 4212 tantum
3375 4153 3597 4212 ‘lo'cu'tus

2006 4241 2075 4301 ait
2106 4244 2174 4299 ad
2204 4241 2455 4316 Ittjuriam
2484 4241 2801 4314 sacerdotis,
2831 4239 3112 4316 respohdil
3131 4239 3302 4302 s'o'lu‘m
3327 4241 3372 4303 ei
3400 4245 3597 4320 gratias

2014 4333 2280 4403 referens,
2315 4336 2450 4393 nihil
2477 4347 2536 4393 se
2563 4337 2631 4393 de
2660 4337 2776 4394 silis
2809 4331 2980 4394 turbis
3021 4335 3292 4395 recordari
3320 4331 3598 4396 confessus

2007 4443 2110 4489 8814

2080 4521 2246 4581 XXII.
2313 4517 2845 4580 Praecelieutisslmlis
2891 4519 3270 4580 Cbildeberttis
3319 4541 3415 4582 rex
3466 4541 3589 4583 cum

319 4620 492 4688 Quem
519 4621 676 4689 signo
704 4618 880 4673 crucis
906 4619 1171 4687 impresso
1202 4619 1413 4673 sanitati
1445 4620 1709 4674 redditum
1743 4622 1906 4676 vetuit
1939 4681 1980 4689 κ
2010 4623 2203 4687 equum
2253 4614 2614 4670 necessarium
2661 4609 2727 4671 ad
2780 4615 2967 4670 sellam
3016 4613 3160 4671 beati
3204 4617 3301 4672 viri
3341 4617 3597 4676 donasset

318 4681 390 4768 tie
419 4681 688 4783 acciperet
715 4713 820 4767 vini
854 4681 1033 4782 potum
1075 4723 1168 4768 aut
1191 4714 1368 4769 carnis
1412 4714 1645 4770 edulium
1675 4716 1767 4789 (ε).
1801 4717 1901 4785 Qui
1939 4681 1988 4740 D
2014 4681 2338 4778 veiticulum,
2372 4713 2523 4777 rogat
2552 4708 2668 4777 ipse
2695 4708 2786 4797 qui
2820 4707 3042 4763 dederat
3075 4717 3130 4763 ut
3159 4723 3280 4765 eum
3323 4711 3424 4766 sibi
3454 4713 3593 4768 reti-

320 4815 593 4878 praecepto
622 4808 916 4876 pbstposito
947 4807 1011 4861 ad
1041 4817 1281 4862 normam
1313 4809 1392 4862 sui
1423 4807 1692 4877 languoris
1723 4807 1904 4864 statim

327 4899 585 4956 reductus
610 4909 713 4955 est.
753 4902 860 4956 Sed
899 4915 964 4955 ne
994 4902 1390 4969 pra-varicantis
1422 4901 1738 4971 negligentia
1766 4903 1912 4973 jusw

2011 4813 2186 4871 heret,
2230 4819 2330 4860 nec
2377 4802 2623 4875 cuiduam
2667 4801 2944 4860 tribueret.
2980 4797 3196 4860 Interim
3245 4805 3434 4863 beatus
3483 4811 3588 4879 vir,

2015 4900 2325 4970 postulante
2357 4896 2590 4966 captivo,
2623 4910 2816 4964 equum
2841 4897 3006 4951 donat
3037 4897 3089 4950 in
3123 4898 3312 4967 pretio,
3346 4914 3594 4968 quoniam

317 4995 659 5052 subtraheret
691 4997 936 5067 gloriam,
969 4997 1020 5050 in
1049 4996 1356 5065 Spedoleno
1390 4998 1467 5068 (ά)
1495 4999 1614 5051 villa
1646 5013 1830 5053 rursus
1861 5008 1916 5062 ei
2019 4994 2155 5062 apud
2186 4990 2489 5062 pontificem
2532 4990 2649 5058 plus
2697 4989 2792 5043 fuit
2826 4989 2982 5072 quam
3045 4989 3129 5043 illa
3163 4981 3299 5059 regis
3337 5006 3437 5046 vox
3470 5007 3599 5062 pau-
3682 4973 3689 4976 II

318 5089 532 5145 oblatus
546 5087 650 5144 est.
671 5089 835 5158 Cujus
857 5089 967 5143 loca
998 5089 1338 5144 maxillarum
1359 5095 1547 5145 Sancto
1569 5100 1907 5160 perunguens

319 5181 475 5249 olea,
517 5195 581 5236 ac
627 5181 800 5238 beatis
835 5179 1082 5237 manibus
1113 5185 1349 5238 mentum
1375 5184 1672 5254 astringeus
1691 5196 1744 5241 et
1768 5184 1904 5243 labia

397 5359 473 5432 (η)
513 5357 589 5432 Ita
621 5368 750 5415 mss.
775 5359 968 5425 Codd.,
997 5358 1086 5415 ubi
1113 5360 1395 5431 legendum
1425 5359 1634 5417 videtur
1654 5362 1908 5417 bracleum

317 5431 510 5494 semen,
540 5431 643 5486 Itoc
663 5446 884 5486 aureum
914 5433 998 5486 vel
1043 5442 1356 5498 argenteum
1385 5452 1400 5488 :
1429 5449 1552 5488 nam
1583 5433 1796 5490 bractea
1825 5445 1909 5490 est

320 5503 438 5574 auri
467 5503 548 5557 vel
571 5505 774 5572 argenti
809 5505 1002 5574 lamina
1030 5504 1297 5558 subtilior.
1331 5503 1428 5557 Cui
1471 5507 1904 5574 interpretationi

321 5565 466 5628 favet
491 5565 660 5642 ἀμιοῶ
676 5569 916 5643 sequitur
939 5577 1005 5627 de
1031 5575 1308 5627 aurulenta
1342 5585 1543 5644 segete.

396 5644 472 5716 (ο)
507 5644 854 5716 Μειίιὼιμιιιη
882 5644 1132 5716 (Metuit),
1157 5645 1222 5698 ad
1255 5646 1555 5716 Sequanam
1583 5645 1770 5716 decem
1795 5648 1907 5700 leu-

324 5706 594 5785 cls's'ttpra
636 5706 916 5785 Lliletiani
950 5706 1294 5785 Par'is'ibru‘m.
1329 5706 1382 5768 l'u
1413 5709 1731 5785 quibusdam
1775 5716 1901 5774 Mss.

323 5781 848 5860 legiturhdedomo
893 5782 1132 5860 Medardi
1183 5781 1600 5860 gMegliduit'eitsis
1671 5785 1902 5860 Ιιιηιίζὶίυ.

329 5927 342 5940 ο
383 5856 473 5985 'Sq)
507 5858 695 5941 Simile
724 5858 850 5928 quid
881 5858 950 5913 de
971 5865 1158 5942 sancto
1183 5856 1337 5912 Patre
1377 5860 1672 5943 Dettedicto
1718 5858 1908 5929 legitur

329 5943 387 5985 tu
434 5932 508 5985 th.
527 5945 585 5985 ιι.
607 5931 741 5985 Dial.
769 5927 927 5985 Grec.
951 5930 1144 5985 Magni.
1174 5944 1295 5985 can.
1328 5929 1414 5985 Ib.

327 5943 387 5988 ID

434 5927 508 5987 ib.
527 5945 585 5985 ιι.
607 5927 927 6004 υἱιιιξϐιθε.
951 5928 1144 6002 Magni,
1174 5944 1295 6002 cap.
1328 5929 1414 5988 16.

2026 5083 2185 5156 petis.
2217 5083 2375 5138 .lub'et
2405 5071 2564 5153 igitur
2594 5090 2649 5135 ut
2677 5081 2978 5152 quindecim
3007 5099 3129 5138 eum
3155 5079 3482 5139 venundaret
3510 5100 3601 5140 so-

2013 5165 2135 5233 li'dis
2177 5184 2375 5238 :quem‘
2429 5190 2630 5245 pauper
2673 5175 2788 5245 ipse
2832 5166 2952 5231 cun'i
3001 5167 3257 5243 duceret,
3300 5177 3597 5249 negotiator

2082 5359 2166 5432 (ἀ)
2206 5361 2316 5428 AL,
2352 5359 2662 5434 Spedenoto
2688 5345 2958 5434 (Espone),
2997 5349 3347 5434 vicus‘prope
3370 5343 3593 5434 Meduli-

2011 5429 2116 5488 lam
2144 5429 2672 5503 CaStrumldfantes)
2699 5429 2895 5486 decem
2920 5429 3104 5503 ’iettcis
3151 5429 3287 5503 infra
3327 5429 3591 5490 Lutetiam

2014 5504 2365 5568 Parisiorum,-
2418 5499 2521 5558 non
2561 5505 2717 5574 longe
2757 5519 2784 5554 a
2824 5500 3127 5558 conﬂuente
3153 5499 3387 5558 Mandrte
3414 5503 3466 5558 in
3499 5507 3600 5562 Se-

1981 5579 1984 5582 ’
2022 5587 2262 5646 νμιξιιιιιευ.

2082 5644 2158 5714 (ε)
2197 5643 2773 5718 ῦιξεοιιίοη-Τιιιοιιηίιι
2803 5642 2895 5698 lib.
2939 5658 3013 5711 tv,
3047 5659 3165 5718 cap.
3223 5645 3597 5718 3,_Cl0tsinda

2016 5713 2254 5786 vocatur,
2283 5713 2502 5771 Clotarii
2533 5715 2671 5784 regis
2693 5714 2978 5784 lilia...ch
3010 5715 3240 5778 Alhoino
3290 5715 3597 5784 Langobar-

2015 5783 2206 5843 dorum
2257 5791 2365 5857 regi
2435 5783 2892 5857 pusteéﬂuupsit.’
2936 5787 3018 5840 Ex
3079 5791 3180 5841 lioc
3238 5787 3356 5842 loco
3413 5783 3603 5844 'Videas

2014 5873 2198 5929 regum
2239 5855 2562 5913 Francorum
2604 5855 2739 5929 tilias
2778 5857 2830 5913 in
2874 5866 3092 5928 paterna
3123 5857 3284 5912 domo
3308 5857 3480 5914 adhuc
3505 5859 3604 5914 de-

2016 5926 2206 6002 gentes
2231 5930 2441 6002 reginas
2467 5926 2744 6000 appellari.
