4108 6352
590 317 669 371 63
1338 275 1648 382 SANIITUS
1689 323 2062 382 GERMANUS
2095 367 2111 393 ,
2151 322 2571 386 PARISIENSIS
2609 329 2996 390 EPISCOPUS.
3781 347 3855 400 64

599 428 858 495 occurrit,
889 427 1135 499 eruitque
1172 431 1483 501 pradictum
1514 437 1710 504 equuin
1749 437 2030 491 duodecim
2071 453 2169 498 an-
2199 440 2255 500 Α
2279 449 2446 507 retur,
2479 444 2751 513 ingressus
2798 462 2850 500 in
2895 449 3186 506 oratorium
3227 453 3406 509 statim
3456 456 3670 516 mulieri
3718 464 3854 522 alter

593 519 729 574 reis.
761 522 876 586 Quo
899 531 1080 590 empto
1103 522 1401 592 negotiator
1419 525 1634 580 adducit
1659 527 1726 583 ad
1747 527 2031 583 stabulum.
2061 528 2166 584 Sed
2202 581 2204 584 .

595 611 846 679 quoniam
894 613 1069 668 minus
1100 613 1320 669 dederat
1361 632 1518 687 quam
1550 620 1634 672 vir
1669 619 1760 674 Dei
1806 632 2163 689 prmceperat,

601 716 772 772 equus
801 703 900 756 sub
922 715 1077 758 nocte
1115 707 1358 774 moritur,
1394 725 1461 764 ne
1493 709 1671 764 Sancti
1701 711 1921 766 verbum
1953 712 2052 766 iret
2083 713 2157 768 in-

602 806 837 848 cassum.
869 793 1016 849 Unde
1041 799 1281 865 sequenti
1313 799 1398 853 die
1422 799 1669 854 sellarem
1717 801 1782 857 de
1807 802 2019 858 stabulo
2039 803 2165 875 jun-

595 883 697 938 ctis
725 885 893 942 bobus
936 890 1252 944 exstinctum
1287 893 1506 946 retraxit
1534 905 1742 961 emptor
1784 905 2047 951 mortuum
2074 912 2164 952 ve-

584 974 838 1031 hiculum.
867 979 965 1042 Qui
994 995 1142 1034 versa
1174 982 1290 1036 vice
1318 984 1550 1052 capistro
1582 999 1686 1038 non
1709 986 1904 1055 capite,
1936 987 2029 1042 sed
2063 1003 2159 1057 pe-

591 1067 747 1122 dibus
779 1069 1026 1137 alligatus
1050 1071 1314 1127 educitur.

662 1161 851 1216 XXIII.
897 1163 992 1218 Est
1016 1180 1192 1232 opciac
1224 1167 1448 1234 pretium
1474 1165 1598 1220 illud
1627 1169 1896 1224 memoria:
1926 1170 2154 1238 tradere,

599 1253 830 1322 qualiter
850 1256 1110 1309 Sacerdos
1131 1258 1328 1311 Christi
1353 1260 1542 1312 solitus
1567 1272 1676 1312 erat
1699 1261 1766 1315 de
1794 1262 1920 1330 ipsis
1949 1280 2158 1334 quoque

587 1345 798 1414 regibus
822 1349 1176 1416 triumphare.
1206 1351 1366 1419 Igitur
1387 1366 1504 1404 cum
1530 1353 1762 1420 glorioso
1788 1353 2019 1410 Clotario
2046 1358 2157 1428 regi

581 1439 899 1491 occurrisset
919 1455 980 1493 ex
1012 1442 1198 1507 solito,
1224 1456 1322 1495 nec
1347 1452 1523 1497 tamen
1548 1445 1614 1498 de
1631 1457 1813 1499 sancto
1839 1448 1961 1504 Viro
1981 1460 2156 1507 stante

548 1539 701 1597 _ante
732 1531 979 1597 palatium
1010 1533 1058 1586 ei
1093 1535 1256 1588 luerit
1304 1545 1599 1590 nuntiatum
1629 1581 1644 1606 ,
1679 1555 1827 1595 mora
1870 1545 1999 1598 facta
2031 1555 2154 1604 ante

576 1623 896 1677 vestibulum
943 1640 1048 1680 non
1083 1638 1497 1695 repraesentatus
1530 1633 1651 1687 inde
1680 1635 1894 1690 domum
1927 1643 2153 1694 reverti-

581 1722 683 1768 tur.
721 1716 962 1785 Sequens
995 1733 1096 1772 nox
1128 1721 1178 1772 in
1211 1724 1446 1777 oratorio
1469 1725 1664 1794 vigiliis
1689 1728 1916 1795 ducitur,
1943 1748 2032 1788 rex
2055 1734 2151 1788 do-

576 1804 689 1859 Ioi-e
717 1814 876 1874 atque
918 1806 1081 1862 febris
1124 1809 1466 1869 inlcstatione
1517 1825 1810 1887 torquetur.
1848 1821 1946 1877 Vix
1976 1827 2150 1893 primo
2181 1827 2226 1888 Β

576 1893 806 1948 diluculo
838 1899 900 1950 ad
931 1898 1146 1954 domum
1191 1904 1433 1960 ecclesia:
1477 1923 1502 1960 a
1537 1913 1844 1978 proceribus
1872 1933 2155 1972 concursa-

575 1992 691 2049 tur;
725 1999 878 2054 pana
923 1988 1060 2057 regis
1093 1995 1398 2061 exponitur,
1431 2006 1487 2052 ut
1534 2016 1627 2055 sua
1676 2004 1980 2063 visitatione
2014 2013 2152 2081 regis

574 2073 773 2129 doloris
807 2079 906 2132 vim
936 2082 1140 2149 mitiget
1162 2088 1442 2152 optimates
1464 2091 1837 2161 deprecantur.
1866 2100 1986 2155 Mox
2011 2105 2151 2172 apud

572 2164 819 2233 pietatem
872 2170 1082 2240 injuritn
1138 2189 1301 2229 causa
1352 2186 1714 2250 postponitur,
1753 2190 1845 2258 qui
1884 2201 2008 2247 ante
2049 2164 2150 2251 nec

573 2261 935 2329 nuntiabatur,
967 2265 1126 2320 intrat
1159 2267 1448 2327 honoratus
1477 2285 1527 2330 et
1570 2293 1823 2336 exoratus
1871 2287 2145 2354 palatium.

569 2346 683 2403 Rex
715 2352 796 2405 vix
824 2356 1053 2423 assurgit
1077 2358 1142 2412 de
1176 2360 1391 2426 lectulo,
1420 2379 1616 2420 caesum
1649 2386 1707 2425 se
1734 2373 1913 2428 divino
1939 2377 2148 2448 ﬂagello

569 2442 928 2509 conqueritur.
961 2447 1214 2504 Allambit
1244 2456 1413 2508 sancti
1462 2458 1728 2525 palliolum
1756 2506 1770 2530 ,
1805 2477 2007 2524 vestem
2052 2473 2149 2529 Sa-

569 2534 808 2588 cerdotis
838 2537 1053 2594 deducit
1087 2557 1180 2610 per
1206 2544 1323 2600 loca
1367 2549 1586 2606 doloris.
1617 2557 1833 2626 Culpam
1875 2565 2147 2624 confessus

570 2623 831 2695 criminis,
859 2644 980 2684 mox
1005 2631 1158 2687 dolor
1187 2637 1360 2690 omnis
1385 2639 1595 2709 fugatur
1624 2664 1636 2700 :
1665 2623 1821 2716 idque
1842 2661 2016 2709 actum
2039 2667 2141 2725 est,

569 2724 629 2768 tit
657 2717 809 2786 cujus
840 2721 1137 2778 incurrerat
1166 2725 1234 2781 de
1264 2741 1571 2803 contemptu
1617 2740 1942 2809 periculum,
1976 2717 2143 2804 senti;

566 2816 648 2862 ret
675 2817 813 2863 tactu
840 2813 1152 2869 remedium.

639 2899 827 2957 XXIV.
871 2905 926 2959 In
960 2922 1091 2977 pago
1118 2909 1386 2972 Parisiaco
1418 2917 1548 2976 Vico
1575 2921 1720 2978 Novo
1771 2927 1964 2999 (Infra,
1998 2951 2140 2992 num.

567 2992 662 3063 1:0)
717 3012 800 3050 res
844 3011 989 3070 gesta
1029 3012 1130 3057 est.
1187 3007 1408 3072 Quidam
1453 3013 1506 3068 in
1556 3018 1743 3074 eodem
1779 2992 1904 3078 loco
1942 3027 2141 3098 impetu

564 3086 674 3156 lupi
707 3091 872 3146 rabidi
909 3095 1169 3152 laceratus
1201 3110 1254 3155 et
1293 3117 1438 3158 cura
1471 3123 1684 3166 sensum
1727 3115 1947 3174 effectus
1986 3121 2140 3179 beato

564 3181 840 3238 Sacerdoti
874 3188 1191 3246 miseranter
1218 3194 1435 3253 oblatus
1465 3211 1565 3256 est.
1595 3204 1691 3260 llic
1711 3208 1774 3261 ad
1804 3210 1892 3266 illa
1923 3227 2031 3270 suae
2054 3233 2141 3272 ar-
2166 3203 2214 3269 C

563 3275 629 3328 tis
675 3289 956 3332 recurrens
1001 3281 1285 3353 suffragia,
1321 3305 1444 3346 mox
1489 3293 1707 3354 brachio
1741 3302 1842 3356 olei
1873 3305 2140 3366 benedicti

569 3363 775 3435 liquore
807 3367 1109 3428 circumlito
1139 3388 1193 3432 et
1229 3381 1393 3436 sacris
1435 3399 1500 3438 eo
1528 3386 1705 3460 digitis
1752 3396 2139 3458 medicabiliter

558 3469 857 3529 attrectato,
890 3470 1054 3535 pestis
1102 3472 1193 3527 illa
1237 3490 1356 3545 quae
1383 3467 1603 3538 viscera
1633 3485 1818 3544 dolore
1864 3508 2138 3559 grassante

562 3567 888 3624 pervaserat,
919 3561 1030 3615 loca
1056 3563 1190 3635 fugit
1214 3567 1452 3640 obsessa,
1481 3575 1658 3641 etjam
1688 3582 1964 3646 putredine
1993 3602 2137 3642 reso-

556 3645 685 3712 luta,
720 3649 901 3721 vigore
927 3656 1154 3722 pristino
1183 3661 1446 3728 restituto,
1475 3671 1592 3721 sine
1623 3674 1961 3730 cunctatione
1991 3681 2135 3734 velut

566 3753 888 3807 experrecto
919 3747 985 3799 de
1014 3762 1206 3816 sopore
1234 3753 1387 3806 dolor
1415 3759 1653 3827 recessit,
1684 3778 1836 3820 mens
1863 3767 2038 3824 rediit.

630 3830 796 3886 XXV.
840 3835 967 3888 Item
999 3839 1064 3892 dc
1086 3842 1202 3894 vico
1227 3843 1450 3900 Illantola
1479 3851 1554 3920 (a)
1581 3851 1830 3910 Waldulli
1855 3859 2128 3928 cuju~dam

551 3929 762 3992 ancilla,
797 3943 937 3983 anno
965 3941 1020 3986 et
1052 3950 1241 3989 novem
1278 3941 1550 3996 mensibus
1578 3949 1720 4012 gravi
1746 3951 1983 4006 caecitate
2013 3971 2131 4021 per-

549 4033 724 4086 cussa,
758 4035 851 4087 per
876 4038 1126 4092 soporem
1167 4027 1436 4085 admonita
1469 4045 1522 4087 ut
1569 4035 1826 4093 ﬁmbriam
1874 4041 2055 4099 Sancti
2083 4048 2128 4101 si

553 4120 620 4165 ta'
645 4123 814 4178 geret,
852 4132 972 4171 mox
1003 4123 1172 4172 visum
1199 4123 1484 4191 reciperet,
1511 4127 1598 4183 die
1620 4132 1843 4199 quadam
1866 4140 2125 4195 sacerdoti

547 4206 815 4274 occurrit;
851 4210 942 4264 sed
978 4215 1138 4266 multa
1175 4226 1333 4272 nocte
1359 4220 1684 4278 circumdata
1725 4227 1795 4281 ita
1825 4234 2126 4292 constrictis

546 4295 856 4369 luminibus,
897 4313 952 4358 ut
983 4307 1121 4361 unde
1165 4310 1339 4364 oleum
1373 4312 1708 4374 benedictum
1741 4322 2013 4395 injiceret,
2047 4329 2125 4384 lu-

545 4394 700 4445 mines
730 4396 932 4450 aditum
956 4413 1059 4453 non
1092 4415 1386 4482 praestaret.
1415 4408 1614 4466 Tamen
1641 4419 1908 4482 perunctis
1937 4423 2121 4490 palpe-

548 4481 658 4534 bris
689 4483 919 4555 desuper
952 4499 1004 4544 et
1037 4491 1167 4548 locis
1197 4496 1413 4565 reliquis
1450 4481 1668 4572 capitis,
1692 4512 1931 4567 oratione
1960 4514 2078 4570 data
2098 4558 2114 4584 ,

543 4588 678 4641 pane
708 4581 897 4647 etsale
917 4583 1151 4658 signato,
1179 4591 1383 4647 mulieri
1415 4600 1667 4669 prazcepit
1692 4602 1756 4656 ad
1785 4609 2116 4668 mansionem
2143 4585 2199 4648 D

543 4682 599 4718 se.
631 4669 882 4725 condere.
909 4673 1023 4741 Ipse
1050 4690 1079 4729 a
1111 4679 1283 4746 primo
1309 4697 1499 4741 somno
1531 4689 1584 4744 in
1610 4693 1843 4750 oratorio
1875 4701 2115 4772 pervigil,

538 4759 676 4813 circa
730 4762 959 4818 medium
1015 4771 1185 4824 noctis
1239 4775 1432 4832 mulier
1485 4780 1682 4838 clamat
1740 4784 2003 4856 hospitem
2023 4759 2117 4852 vso

539 4849 835 4921 lacrymare
892 4856 1126 4924 profuse.
1184 4861 1315 4917 Tum
1374 4881 1600 4926 accenso
1655 4873 1855 4932 Iuinine
1885 4881 1952 4934 ab
1981 4897 2114 4940 ocu-

540 4942 710 4997 lorum
740 4961 997 5018 compage
1025 4953 1194 5008 cernit
1225 4971 1441 5014 manare
1470 4967 1800 5034 sanguinem.
1834 4971 1961 5039 Quae
1989 4991 2110 5034 cum

538 5035 725 5089 eodem
756 5051 946 5094 cruore
967 5056 1122 5098 mane
1151 5045 1216 5099 ad
1243 5046 1496 5108 Sanctum
1519 5057 1697 5126 rediit,
1721 5062 1815 5116 sed
1846 5065 1960 5134 ipse
1983 5083 2104 5125 cum

535 5139 670 5195 aqua
699 5129 979 5197 palpebras
1011 5134 1196 5192 fovens
1227 5151 1280 5194 et
1308 5143 1548 5216 abluens,
1595 5129 1927 5214 orationibus
1955 5162 2109 5218 addi-

537 5226 605 5271 tts
623 5257 640 5283 ,
667 5217 851 5275 oculus
882 5238 1017 5280 unus
1044 5239 1260 5294 apertus
1288 5243 1398 5298 est;
1423 5236 1616 5296 deinde
1645 5245 1817 5300 altero
1849 5263 2106 5316 peruncto

537 5307 724 5362 mulier
753 5309 966 5367 domum
999 5320 1306 5377 revertitur.
1338 5322 1539 5382 Deltinc
1563 5333 1749 5389 eadem
1781 5340 1880 5393 sub
1925 5353 2101 5410 nocte,

528 5398 748 5476 nimium
781 5401 896 5457 fuso
925 5408 1202 5478 sanguine,
1227 5417 1679 5487 appropinquante
1704 5427 1809 5494 die,
1825 5398 2100 5490 Sacerdoti

525 5503 586 5544 se
607 5491 810 5549 obtulit.
843 5495 941 5563 Qui
967 5514 1084 5554 cum
1108 5501 1175 5558 de
1201 5507 1341 5576 regis
1370 5525 1592 5569 occursu
1620 5515 1832 5574 domum
1863 5536 2098 5581 reverte-

594 5645 1342 5743 goljnhcastrnmlledunta
1387 5668 1504 5743 aliis
1539 5675 1898 5742 appellatum?
1940 5682 2095 5743 Certe

518 5721 863 5842 zﬁrgatinélum
893 5740 1087 5786 nomen
1114 5729 1343 5804 Manta,
1367 5721 1889 5804 satis
1907 5721 2089 5826 5.75}:

2277 533 2464 588 oculus
2498 539 2758 603 aperitur,
2782 548 2832 593 et
2861 550 3146 609 praestante
3173 543 3396 601 Domino
3421 551 3658 619 gemello
3686 570 3743 611 se
3771 559 3852 612 vi-

2269 625 2395 682 dere
2423 627 2623 685 lumine
2653 632 2972 700 gratulatur.

2339 741 2477 796 XVI.
2515 743 3375 826 Magnoﬂedis.[.4l.,lRannolIidis]
3396 759 3568 826 puella
3591 775 3711 817 cum
3730 765 3848 819 tali-

2265 831 2594 904 busldecepta
2615 837 3169 909 illudereturinsidiis,
3185 853 3241 898 ut
3255 848 3465 916 quoties
3479 852 3542 906 ad
3563 855 3843 914 ecclesiam

2266 926 2522 983 voluisset
2543 931 2822 999 accudere,
2844 949 3081 1001 gressum
3107 937 3283 996 facere
3307 957 3412 997 non
3439 947 3657 1012 valeret,
3688 965 3846 1007 δριννο

2265 1014 2356 1070 Dei
2390 1019 2440 1072 in
2471 1020 2594 1075 villa
2625 1021 2828 1076 Savara
2861 1024 2934 1096 (ὁ)
2970 1040 3284 1095 prmsentata
3317 1043 3419 1089 est.
3461 1036 3754 1095 Confestim
3786 1052 3843 1098 ut

2260 1109 2438 1166 Sancti
2466 1129 2654 1170 manus
2704 1132 2864 1186 super
2894 1132 3052 1191 caput
3084 1125 3275 1192 puella:
3307 1129 3583 1187 titubantis
3614 1135 3842 1204 imponi-

2262 1213 2362 1268 tur,
2394 1207 2484 1260 tali
2515 1208 2924 1280 investigatione
2973 1217 3214 1272 occultus
3264 1219 3459 1286 hospes
3487 1224 3615 1296 [Al.,
3651 1228 3839 1304 hostis]

2258 1295 2541 1367 detegitur,
2573 1310 2627 1356 et
2654 1317 2712 1357 se
2739 1304 2827 1358 diu
2861 1305 3081 1363 latuisse
3111 1313 3276 1364 multo
3305 1316 3501 1382 gemitu
3531 1295 3836 1392 confitetur,

2257 1405 2356 1446 nec
2388 1393 2438 1446 in
2471 1393 2615 1448 Beati
2650 1396 2930 1464 praesentia
2973 1401 3169 1457 clamat
3215 1408 3430 1472 proprio
3475 1424 3534 1464 se
3557 1426 3716 1480 posse
3745 1431 3839 1471 i-e-

2256 1483 2366 1536 lare
2393 1487 2678 1554 pra-.stigio.
2731 1488 2868 1554 Ergo
2912 1490 2982 1544 ita
3025 1507 3081 1547 se
3115 1497 3382 1559 proditum
3413 1509 3468 1554 et
3493 1517 3836 1570 egressurum

2255 1576 2398 1642 gravi
2430 1577 2622 1632 ardore
2662 1584 3027 1650 conqueritur.
3084 1584 3303 1642 Interim
3337 1606 3439 1645 non
3471 1609 3720 1654 cessante
3748 1615 3838 1654 sa-

2252 1668 2472 1723 cerdote
2502 1687 2659 1738 manu
2691 1675 2866 1727 crucis
2898 1675 3106 1742 signum
3137 1678 3444 1749 depingere,
3467 1693 3834 1756 exspectanti-

2253 1759 2353 1813 bus
2382 1763 2629 1816 omnibus
2678 1766 2728 1819 in
2773 1781 2972 1821 muscae
3013 1769 3414 1829 similitudinem
3459 1793 3836 1850 prorumpens,

2253 1865 2374 1906 cum
2406 1856 2664 1922 sanguine
2693 1857 2758 1910 ile
2787 1860 3000 1912 naribus
3044 1863 3282 1919 mulieris
3314 1867 3556 1924 inimicus
3585 1887 3838 1941 egressus

2182 1985 2192 2001 ι
2255 1954 2355 1997 est.
2387 1944 2555 2011 Quam
2604 1949 2814 2004 sanitati
2847 1954 3167 2022 restitutam,
3204 1960 3500 2016 monachali
3532 1975 3682 2019 veste
3722 1983 3835 2024 mu-

2259 2045 2442 2103 tatam,
2484 2040 2572 2095 Dei
2619 2046 2836 2097 servitio
2881 2048 3132 2129 traditam.
3179 2051 3260 2106 bis
3310 2054 3638 2125 triumphare
3687 2060 3836 2129 fecit,

2252 2128 2404 2184 hoste
2430 2134 2569 2187 victo
2593 2135 2674 2188 vel
2709 2140 2925 2193 szeculo.

2325 2224 2587 2280 XXXVII.
2619 2228 2756 2296 Quid
2783 2232 2906 2284 illu-zl
2937 2236 3077 2302 quod
3106 2236 3220 2291 sine
3263 2254 3410 2294 mora
3442 2243 3650 2297 curavit
3679 2245 3835 2302 debi-

2252 2316 2356 2370 lem
2399 2318 2724 2375 dexteram?
2753 2323 2882 2377 Cum
2914 2326 2980 2380 ad
3029 2327 3366 2386 festivitatem
3409 2336 3577 2388 sancti
3620 2336 3833 2393 Martini

2250 2407 2480 2466 Turonis
2508 2414 2843 2478 accessisset,
2884 2433 3100 2487 egresso
3130 2422 3198 2475 de
3227 2425 3553 2479 monasterio
3584 2427 3738 2482 olfert
3769 2444 3834 2486 se

2250 2503 2443 2559 mulier
2491 2505 2736 2567 barbara.
2787 2525 2944 2565 manu
2995 2513 3172 2568 nervis
3216 2524 3506 2581 contracta,
3556 2522 3832 2588 postulans

2250 2596 2584 2652 medicinam.
2619 2601 2788 2666 Quam
2836 2605 2936 2657 sub
2983 2607 3165 2661 casula
3209 2621 3498 2679 receptam,
3529 2628 3625 2668 suo
3671 2627 3831 2684 sputo

2246 2687 2431 2742 illitam
2483 2692 2631 2745 velut
2670 2703 2920 2761 sparsum
2971 2699 3152 2755 farina:
3199 2704 3479 2758 collectum
3528 2723 3829 2764 commace—

2247 2793 2347 2837 rat.
2376 2782 2511 2839 Hinc
2542 2787 2827 2842 resudante
2871 2789 3098 2846 dextvra
3129 2793 3324 2863 digitos
3379 2798 3546 2851 tendit
3577 2807 3630 2853 et
3658 2801 3824 2869 repli-

2247 2884 2352 2942 cat,
2388 2887 2654 2947 torporem
2685 2890 2980 2954 veteratum
3029 2887 3092 2939 ad
3145 2889 3480 2946 vivacitatem
3519 2896 3820 2952 resuscitat.

2248 2967 2310 3020 Et
2345 2970 2651 3040 priusquam
2675 2975 2882 3029 veniret
2911 2977 2977 3031 ad
3012 2979 3150 3034 beati
3178 2981 3382 3037 Martini
3404 2985 3616 3054 januam
3645 2988 3824 3057 digitis

2244 3060 2354 3114 suis
2385 3071 2656 3117 extensam
2689 3067 2916 3122 reddidit
2966 3070 3282 3129 incolumem
3315 3077 3608 3135 dexteram.
3648 3081 3820 3148 Quam

2247 3168 2366 3207 mox
2399 3156 2636 3211 sentiens
2662 3173 2781 3214 esse
2809 3160 3392 3226 directamgi‘nulierem
3424 3184 3452 3222 a
3482 3185 3541 3226 se
3571 3174 3821 3242 repulsus

2244 3243 2478 3315 est[Pro
2515 3249 2759 3320 repulit],
2795 3251 3065 3322 ingressus
3096 3256 3390 3314 basilicam.

2315 3335 2547 3392 XXVIII.
2594 3339 2793 3395 Deinde
2834 3345 3141 3410 egrediente
3180 3349 3247 3404 de
3288 3353 3536 3420 pradicta
3572 3356 3813 3422 basilica,

2241 3443 2359 3483 cum
2406 3446 2464 3484 se
2505 3433 2567 3484 ad
2619 3435 2948 3489 mansionem
2999 3455 3188 3494 servus
3223 3443 3312 3498 Dei
3348 3449 3625 3514 reciperet,
3659 3451 3815 3505 oliet't

2239 3533 2300 3574 se
2329 3535 2512 3576 manca
2535 3525 2701 3578 altera
2737 3526 2906 3592 palma
2931 3528 3108 3598 digitis
3138 3533 3317 3598 affixa,
3351 3553 3470 3606 qua:
3505 3541 3647 3604 prius
3675 3551 3810 3598 tacta

2239 3606 2306 3661 de
2354 3612 2537 3677 saliva,
2573 3614 2770 3670 deliine
2816 3618 2934 3671 oleo
2987 3635 3280 3691 pcrtincta,
3315 3629 3550 3695 pristime
3595 3634 3812 3689 sanitati

2235 3700 2302 3753 de
2335 3706 2578 3768 praesenti
2611 3714 2691 3759 est
2721 3707 2949 3764 reddita.
2981 3710 3112 3767 Nam
3135 3729 3324 3771 causns
3354 3719 3676 3780 inﬁrmitatis
3710 3727 3808 3783 hoc

2235 3800 2349 3844 erat
2379 3805 2564 3846 sancto
2599 3795 2720 3850 Viro
2750 3811 2936 3854 curare
2965 3805 3103 3871 quod
3139 3815 3372 3878 tangere.
3781 3871 3783 3874 .

2307 3881 2495 3937 XXIX.
2551 3887 2675 3940 Erat
2719 3904 2846 3943 sane
2899 3895 3172 3962 mirabile,
3201 3902 3410 3967 quoties
3453 3905 3681 3964 famulus
3715 3913 3807 3968 Dei

2233 3977 2299 4029 ad
2327 3981 2765 4046 Augustodunum
2809 3988 3067 4045 voluisset
3107 3996 3381 4062 accedere,
3408 4015 3528 4056 mox
3557 4004 3623 4058 ad
3672 4006 3807 4063 San-

2233 4077 2376 4123 ctum
2402 4071 2848 4142 Syn'ipliorianum
2873 4081 3144 4139 daemones
3167 4091 3501 4147 nuntiabant.
3527 4095 3591 4148 Et
3616 4113 3808 4154 occur-

2233 4170 2414 4216 rentes
2461 4178 2558 4232 per
2606 4166 2900 4224 Murvinnm
2953 4173 3143 4242 (Num.
3177 4177 3289 4248 52),
3322 4181 3448 4237 ﬂetu
3495 4189 3800 4260 gemituque

2229 4253 2527 4309 clamabant
2554 4274 2564 4309 :
2593 4257 2683 4312 Vir
2724 4271 2904 4316 sancte
2929 4306 2941 4327 ,
2973 4265 3019 4319 si
3044 4267 3109 4320 de
3138 4268 3270 4322 locis
3297 4273 3458 4328 cultis
3486 4253 3582 4334 nos
3612 4281 3801 4335 incon-

2229 4343 2525 4401 sideranter
2570 4351 2784 4420 repellis
2837 4356 2917 4410 vel
2969 4356 3230 4430 habitare,
3261 4368 3498 4422 concede
3545 4372 3797 4429 silvarum

2229 4450 2326 4504 per
2355 4439 2715 4509 solitudinem,
2737 4453 2794 4498 ut
2819 4447 2973 4502 liceat
2994 4452 3203 4507 miseris
3228 4469 3322 4523 per
3343 4457 3550 4515 deserta
3578 4477 3800 4523 securos

2223 4541 2425 4583 errare.
2459 4534 2595 4586 Ante
2645 4541 2765 4589 tuos
2813 4539 2994 4592 oculos
3042 4557 3139 4595 nec
3179 4559 3402 4615 corpora
3457 4567 3552 4606 nos
3597 4557 3796 4624 celant,

2225 4634 2322 4674 nec
2365 4637 2604 4678 nemora.
2637 4625 2735 4693 Qui
2767 4628 3024 4688 deﬂentes
3065 4646 3115 4688 et
3157 4635 3340 4694 Sancti
3367 4657 3476 4697 non
3509 4647 3796 4722 tolerantes

2222 4717 2579 4782 praesentiam,
2609 4721 2824 4775 admota
2853 4725 2968 4794 ejus
2993 4726 3310 4787 dexterade
3340 4736 3574 4794 obsessis
3602 4757 3791 4812 corpo-

2219 4801 2366 4857 ribus
2396 4807 2596 4876 passim
2630 4814 2969 4870 vertebantur
2995 4818 3048 4871 in
3078 4818 3250 4888 fugam
3276 4864 3290 4890 ,
3322 4834 3376 4880 et
3405 4827 3471 4884 de
3492 4832 3663 4887 salute
3691 4801 3792 4902 po-

2217 4897 2323 4966 pttli
2357 4900 2590 4969 projecta
2622 4903 2885 4961 daemonia
2916 4911 3361 4974 lamentabantur.

2291 4989 2453 5044 XXX.
2488 4993 2816 5052 Producatur
2845 5000 2895 5053 in
2926 5003 3157 5058 medium
3193 5010 3371 5066 nobile
3401 5013 3527 5068 illud
3559 4983 3788 5078 miracu-

2217 5081 2347 5136 lum.
2379 5082 2510 5138 Cum
2538 5088 2908 5156 regrederetur
2939 5095 3174 5161 pontifex
3207 5100 3272 5156 de
3303 5114 3490 5160 sancto
3517 5107 3786 5179 Sympho-

2212 5173 2364 5226 riano
2387 5214 2400 5238 ,
2433 5179 2651 5232 castello
2691 5179 2948 5238 Avallone
2991 5187 3190 5257 (Supra
3218 5209 3354 5247 num.
3387 5197 3440 5266 l)
3483 5173 3583 5254 iter
3619 5173 3784 5271 agens

2213 5264 2524 5333 ingreditur,
2544 5268 2634 5322 ubi
2660 5286 2871 5327 reorum
2887 5277 3168 5336 nmltitudo
3193 5264 3471 5343 tenebatur
3489 5264 3781 5362 ergastulo.

2210 5357 2344 5413 Hinc
2371 5373 2399 5410 a
2431 5359 2640 5416 Nicasio
2682 5367 2878 5424 comite
2927 5369 3175 5429 invitatus
3222 5378 3286 5431 ad
3335 5357 3614 5444 prandium
3641 5429 3657 5452 ,
3693 5390 3782 5444 Vir

2208 5448 2301 5504 Dei
2347 5451 2511 5516 ccepit
2556 5454 2622 5508 dc
2671 5459 3034 5518 misericordia
3086 5465 3282 5525 habere
3322 5478 3644 5544 conoquium
3679 5498 3694 5536 :
3724 5493 3779 5538 ut

2199 5539 2338 5596 datis
2369 5544 2771 5614 Iidejussoribus
2799 5553 3102 5610 laxarentur
3131 5559 3197 5615 de
3225 5552 3457 5631 vinculo,
3489 5579 3541 5624 et
3571 5585 3776 5640 partem

2274 5697 2350 5769 (ὁ.)
2388 5700 2584 5796 Ξειντιλιιθ
2609 5703 3092 5796 (Séisres),'iluabt‘is
3137 5713 3301 5796 Ieucis
3344 5721 3477 5778 infra
3520 5723 3774 5796 Parisios,

2195 5785 2357 5840 prope
2387 5773 2662 5830 Meudonis
2684 5773 2958 5834 castellum
2983 5781 3274 5859 (Meudon).
