4108 6352
280 474 352 532 65
1799 470 1860 525 VI

1965 507 1974 523 .
2735 488 2737 491 ·
3457 467 3527 523 66

280 585 456 651 culpae
481 584 694 641 cederet
720 581 928 654 pietatis
955 583 1169 636 intuitu.
1193 581 1342 649 Quod
1372 581 1460 636 ille
1486 581 1659 636 facere
1682 580 1853 634 distu—
1879 585 1934 642 Α
1956 562 2150 633 suinthi
2178 579 2194 649 J
2245 589 2486 636 matrona
2514 621 2530 646 ,
2579 580 2703 636 dum
2763 589 3002 649 tempore
3059 578 3361 635 litaniarum
3417 596 3527 650 prae

280 677 346 730 Iit
375 677 641 730 obstinato
686 665 895 742 spiritu.
931 673 1080 729 Unde
1127 682 1406 742 antequam
1452 672 1855 740 perpranderet,

282 783 349 824 se
376 770 442 822 de
469 782 651 823 mensa
681 766 907 823 Sanctus
955 766 1234 834 proripuit,
1264 777 1315 819 et
1340 767 1540 819 carceri
1591 768 1858 820 subterra-

283 878 390 919 neo
419 863 748 933 superjectus
776 862 970 916 diutius
1014 861 1184 913 oravit
1233 877 1350 913 cum
1400 860 1547 925 fletu,
1580 869 1636 914 ut
1679 859 1858 914 divino

283 957 620 1011 conferretur
642 955 840 1009 auxilio
862 954 1000 1020 quod
1028 968 1056 1005 a
1085 955 1359 1021 temporali
1387 953 1563 1021 judice
1591 969 1695 1006 non
1718 962 1860 1008 esset

283 1049 583 1103 obtentum.
606 1046 694 1101 Sic
716 1061 902 1100 cursus
935 1046 1020 1099 ille
1053 1047 1296 1115 lacrymat
1315 1061 1398 1098 um
1435 1061 1526 1114 per
1546 1061 1669 1099 aera
1692 1046 1860 1116 surgit

285 1138 344 1192 in
374 1137 592 1202 emtum,
623 1146 676 1192 et
705 1137 929 1205 gemitus
962 1137 1200 1205 pervenit
1227 1137 1290 1190 ad
1327 1147 1522 1191 votum.
1557 1138 1738 1207 Itaque
1765 1141 1858 1192 de-

282 1241 501 1300 putatur
545 1231 762 1301 angelus
796 1230 860 1284 ad
896 1229 1162 1284 efl'rctum.
1215 1229 1412 1283 Drhinc
1437 1231 1516 1284 vir
1543 1231 1859 1286 venerabilis

281 1337 438 1391 spem
464 1326 775 1391 promittens
797 1323 1027 1376 inclusos
1057 1323 1314 1376 hortatur.
1347 1322 1451 1377 Nec
1481 1323 1654 1390 perdit
1683 1338 1861 1378 sermo

284 1417 427 1486 quod
457 1418 732 1486 loquitur:
768 1403 898 1470 fides
933 1416 1093 1485 gestis
1138 1415 1405 1483 impletur.
1448 1415 1524 1469 Eo
1554 1415 1860 1471 discedente

285 1524 410 1563 t‘ttox
449 1513 766 1564 catenarum
800 1507 948 1563 baca:
979 1509 1052 1579 (a)
1085 1506 1396 1577 l'ranguutm
1421 1550 1436 1574 ,
1471 1511 1658 1566 vincta:
1683 1512 1861 1580 januaa

283 1615 610 1666 reserantur,
644 1601 758 1655 dies
802 1600 852 1654 in
884 1616 1152 1654 caret-rem
1206 1598 1496 1666 reducitur,
1529 1601 1765 1655 damnati
1792 1600 1860 1656 de

287 1694 522 1748 tenebris
567 1695 618 1747 in
659 1693 830 1747 lucem
881 1691 1190 1761 procedunt,
1226 1708 1322 1746 nec
1351 1692 1548 1745 diutius
1580 1708 1733 1760 pteua
1782 1701 1860 1747 te-

286 1784 402 1839 nuit
431 1800 564 1854 quos
595 1791 887 1853 torqueret.
939 1784 1025 1838 Sic
1074 1785 1239 1851 erepti
1265 1825 1280 1847 ,
1314 1781 1545 1838 Parisios
1575 1791 1860 1839 occurrunt

284 1878 544 1947 pontifici,
575 1877 662 1947 qui
696 1876 1126 1946 periclitabantur
1156 1876 1363 1929 inclusi.
1396 1877 1498 1931 Sed
1529 1887 1583 1929 ttt
1611 1876 1855 1946 culp-bi-

1961 672 2170 727 caecatis
2222 674 2390 728 oculis
2434 689 2538 729 non
2603 684 2783 744 posset
2833 675 2909 729 ire
2963 691 3081 730 cum
3143 677 3374 743 populo,
3426 690 3523 728 au-

1960 763 2113 818 diens
2174 765 2395 820 chorum
2459 767 2794 836 psallentium
2851 782 2971 822 cum
3024 765 3270 840 lacrymis
3325 764 3527 821 domini

1961 856 2210 912 Germani
2256 859 2502 929 implorat
2541 860 2814 915 auxilium.
2863 859 3041 914 Tertia
3087 860 3327 928 sequenti
3371 867 3528 913 nocte

1964 963 2056 1014 per
2081 964 2325 1016 Soporem
2368 953 2512 1004 visus
2531 960 2613 1006 est
2629 952 2678 1005 ei
2705 951 2785 1006 vir
2807 951 3145 1006 beatissimus
3165 959 3339 1004 astare
3365 964 3530 1019 prope

1961 1041 2208 1096 lectulum
2236 1052 2289 1098 et
2321 1045 2472 1114 quasi
2522 1043 2677 1099 caecis
2723 1045 2890 1100 oculis
2939 1045 3128 1100 fecisse
3171 1044 3525 1115 signaculum.

1962 1130 2232 1200 Evigilans
2263 1133 2453 1190 mulier
2481 1138 2671 1188 marito
2710 1145 2890 1189 narrat
2915 1151 3031 1202 qua:
3058 1145 3205 1204 gesta
3236 1147 3379 1190 sunt.
3407 1135 3526 1189 Mox

1960 1205 2194 1278 stillante
2222 1223 2477 1295 sanguine
2499 1225 2614 1280 dies
2645 1226 2814 1280 oculis
2850 1225 3108 1292 redditur,
3137 1235 3190 1280 et
3220 1227 3524 1280 diuturnum

1962 1325 2080 1383 post
2115 1316 2354 1370 nubilum
2393 1317 2590 1370 lumina
2629 1331 2819 1372 Sereno
2855 1319 3004 1372 radio
3048 1319 3366 1374 micuerunt.
3410 1317 3529 1372 Cla-

1960 1417 2203 1463 resceute
2227 1425 2440 1479 quoque
2467 1410 2553 1464 die
2581 1411 2647 1465 ad
2683 1414 2899 1466 missam
2925 1427 3043 1466 cum
3075 1412 3270 1481 populo
3304 1426 3518 1480 progre-

1959 1499 2101 1554 ditur
2132 1501 2322 1556 mulier
2368 1502 2419 1555 in
2463 1517 2751 1570 processu,
2782 1501 2852 1557 ita
2879 1513 2935 1557 ut
2963 1505 3128 1559 sancti
3154 1504 3252 1558 viri
3298 1518 3376 1559 Slc
3417 1505 3529 1559 visa

1961 1609 2053 1662 per
2078 1595 2340 1649 somniqu
2371 1609 2490 1649 esse
2519 1596 2692 1665 imago
2721 1596 3038 1651 remedium.

2035 1685 2270 1740 XXXIV.
2316 1688 2481 1742 Adest
2511 1704 2609 1743 nec
2648 1692 2823 1742 minus
2865 1689 3126 1745 laudabile
3172 1691 3378 1746 reddita
3426 1690 3531 1744 vita

1960 1778 2252 1834 infantulae.
2285 1781 2418 1834 Cum
2463 1782 2514 1836 iu
2548 1781 2816 1837 Turonico
2845 1782 3063 1838 illustris
3093 1785 3189 1839 viri
3222 1784 3390 1839 Pienti
3420 1799 3532 1836 ma-

1960 1880 2108 1924 trona
2138 1873 2392 1942 expositae
2425 1873 2544 1928 filia:
2576 1875 3169 1939 lamentaretextrema,
3197 1887 3250 1932 et
3270 1880 3530 1932 theratis

283 1969 423 2023 libus
467 1969 662 2037 aliquid
711 1970 825 2037 plus
876 1967 1159 2029 conferret,
1201 1983 1230 2021 a
1276 1984 1397 2036 rege
1444 1967 1692 2038 quidquid
1727 1968 1855 2021 lisco
1883 1961 1932 2023 Β
1959 1964 2128 2019 oculis
2176 1980 2273 2020 nec
2315 1966 2553 2022 anhelitu
2604 1968 2783 2022 mobili
2827 1971 3116 2038 respiraret
3158 1969 3435 2034 infautula,
3465 1971 3532 2026 ad

279 2076 379 2130 pro
416 2060 494 2113 his
522 2059 815 2114 debebatur
843 2059 1088 2112 obtinuit.

361 2149 551 2204 XXXI.
601 2149 800 2204 Dehinc
844 2149 907 2203 ad
969 2158 1207 2202 sanctum
1241 2150 1408 2202 virum
1454 2149 1691 2213 Nicasius
1739 2164 1860 2206 cum

285 2244 446 2298 Vellet
475 2257 774 2310 occurrere,
794 2254 848 2297 et
863 2241 970 2310 jam
997 2251 1367 2312 praasentatus,
1397 2259 1514 2296 mox
1544 2244 1861 2312 gravissimo

284 2354 411 2391 casu
443 2337 493 2390 in
526 2345 662 2391 terra
692 2346 986 2405 prostratus
1013 2344 1114 2402 est,
1151 2346 1199 2390 et
1234 2352 1366 2404 pene
1398 2337 1646 2393 omnibus
1676 2340 1861 2392 salutis

284 2430 539 2484 destituto
578 2429 804 2496 solatiis,
837 2429 952 2498 ipso
1000 2429 1195 2484 Sancto
1243 2429 1610 2486 intercedente
1658 2432 1859 2486 homini

285 2521 566 2590 desperato
597 2521 763 2574 virtus
793 2531 845 2574 et
893 2536 1081 2575 sensus
1132 2537 1408 2588 regressus
1453 2531 1553 2578 est.
1600 2523 1716 2578 Mox
1749 2523 1861 2578 bal-

285 2624 426 2669 teum
457 2630 561 2680 quo
609 2613 921 2686 cingebagur
948 2623 1002 2668 et
1044 2625 1245 2684 spatam
1297 2633 1388 2682 pro
1434 2633 1652 2671 munere
1702 2617 1860 2672 beato

286 2701 552 2758 Germano
598 2705 1119 2776 contradiditzquod
1166 2707 1278 2776 ipse
1307 2722 1488 2762 comes
1533 2709 1656 2762 dato
1689 2709 1860 2778 pretio

283 2805 407 2866 post
438 2797 683 2851 redemit.
710 2797 764 2850 Id
787 2808 962 2851 actum
991 2808 1071 2853 est
1098 2802 1308 2870 utquod
1339 2803 1487 2869 prius
1514 2801 1858 2858 ittcarceratis

285 2887 585 2944 concedere
608 2889 825 2955 distulit,
861 2889 947 2944 hic
973 2890 1236 2958 duplicato
1271 2894 1449 2948 fenore
1477 2895 1684 2949 debitor
1713 2909 1858 2948 com-

285 2989 553 3048 pensaret,
579 2992 629 3035 et
659 2990 810 3036 aucta
842 2983 965 3037 dote
997 2986 1182 3036 damna
1211 2985 1452 3052 sarciret,
1491 2987 1633 3055 prius
1657 3003 1751 3056 pro
1779 2987 1859 3042 eis

287 3073 556 3141 differens,
591 3085 712 3145 post
741 3085 794 3130 et
837 3078 1066 3143 seipsum
1113 3077 1400 3132 redimens.
1451 3081 1587 3133 Ante
1618 3097 1718 3133 non
1751 3079 1859 3134 illis

284 3167 424 3235 pius,
459 3167 616 3220 modo
666 3177 719 3221 et
767 3168 832 3222 dc
862 3185 919 3220 se
953 3168 1188 3237 trepidus
1213 3209 1229 3234 ,
1262 3169 1598 3224 didicitcasu
1643 3173 1858 3240 proprio

287 3259 536 3312 aerumnis
563 3273 875 3316 succurrere
914 3262 1122 3316 alienis.

1963 2058 2132 2136 sancti
2168 2058 2274 2113 Viri
2303 2064 2643 2128 praesentiam
2676 2072 2782 2115 tota
2827 2064 3110 2118 committit
3140 2065 3400 2130 praesidia.
3433 2065 3532 2132 Qui

1962 2166 2056 2221 per
2082 2151 2304 2207 missum
2338 2156 2605 2217 invitatus,
2638 2166 2888 2223 quantum
2921 2157 3059 2211 valet
3099 2158 3164 2212 ad
3188 2159 3533 2214 conclamatas

1961 2241 2150 2309 puellae
2179 2243 2404 2298 cadaver
2428 2241 2634 2314 [Antiq.
2664 2242 2849 2307 Codd.,
2878 2246 3232 2318 cadaverem]
3260 2257 3534 2317 properat.

1962 2330 2230 2400 Exceptus
2260 2334 2440 2387 inultis
2473 2334 2680 2390 fletibus
2702 2377 2716 2401 ,
2743 2335 3055 2404 deplorante
3083 2336 3278 2391 familia
3299 2380 3314 2405 ,
3337 2355 3534 2409 appro-

1961 2423 2179 2493 pinquat
2226 2425 2478 2481 subsellio
2520 2443 2625 2496 quo
2660 2427 2769 2497 jam
2823 2430 3028 2498 rigebat
3079 2431 3353 2487 infantula.
3385 2433 3535 2490 leo

1960 2517 2066 2569 vim
2099 2517 2223 2570 facit
2252 2520 2547 2586 questibus.
2598 2520 2730 2576 Fere
2761 2530 3030 2576 transacto
3059 2524 3198 2578 inter
3227 2525 3341 2579 haec
3377 2525 3533 2580 unius

1961 2607 2106 2663 bene
2131 2613 2325 2679 spatio,
2361 2610 2543 2666 mobili
2575 2613 2804 2681 singultu
2834 2613 2989 2668 ﬂatus
3021 2615 3209 2684 puellae
3241 2616 3534 2682 reducitur.

1960 2702 2230 2757 viscerum
2276 2703 2454 2758 vitalis
2485 2703 2629 2758 calor
2662 2719 2756 2772 per
2801 2708 3038 2760 membra
3071 2705 3402 2760 diffunditur.
3437 2707 3534 2762 De-

1963 2793 2086 2848 hinc
2116 2795 2368 2864 paulatim
2413 2797 2644 2850 animata
2687 2812 2869 2866 putum
2919 2801 3158 2867 poposcit
3205 2783 3260 2854 ut
3308 2799 3534 2856 biberet.

1964 2886 2112 2944 Tunc
2140 2905 2170 2943 a
2200 2892 2356 2945 beato
2383 2890 2505 2946 Viro
2537 2907 2674 2960 pane
2701 2894 2908 2962 signato
2937 2893 3019 2948 vel
3048 2895 3213 2949 calice
3237 2897 3534 2964 degustato,

1965 2984 2234 3039 infantulae
2265 2995 2527 3040 revocata:
2559 2984 2624 3040 de
2658 2987 2841 3041 funere
2872 2996 3036 3042 totum
3071 2989 3299 3043 vertitur
3329 2990 3379 3042 in
3405 2991 3533 3044 salu.

1966 3083 2094 3130 tem.
2126 3078 2254 3141 Quae
2287 3086 2408 3146 post
2431 3077 2484 3130 in
2512 3079 2832 3134 monasterio
2862 3079 3032 3134 beatae
3055 3079 3392 3150 Radegundis
3419 3081 3535 3137 feli-

1962 3167 2121 3221 cioris
2156 3166 2272 3220 iitae
2305 3170 2588 3224 terminum
2617 3173 3025 3226 Consummavit.

2034 3255 2250 3310 XXXV.
2285 3257 2507 3324 Quidam
2536 3259 2762 3314 clericus
2785 3261 2850 3316 de
2869 3262 3025 3330 juxta
3047 3264 3372 3320 monasterio
3394 3265 3536 3324 beati

357 3349 551 3404 XXXII
611 3351 832 3405 Prorsus
861 3352 987 3406 illud
1011 3355 1243 3422 stuporis
1265 3362 1538 3409 retexatur
1566 3355 1615 3409 in
1645 3358 1856 3425 pagina.
1887 3338 1934 3402 Ο
1963 3351 2224 3422 Sylvestri
2256 3351 2309 3404 in
2357 3352 2746 3409 Ternoderinse
2774 3353 2848 3425 (c)
2877 3370 2996 3409 cum
3029 3358 3116 3411 die
3162 3357 3460 3424 Dominico,
3481 3368 3536 3416 ut

288 3441 460 3496 Euute
516 3453 698 3497 Sancto
744 3445 858 3497 viro
888 3446 949 3498 ad
1002 3445 1141 3499 beati
1189 3447 1437 3516 martyris
1485 3447 1860 3516 Symphoriani

289 3552 589 3603 occursum,
621 3539 745 3592 dum
792 3539 859 3594 de
904 3539 1019 3593 vico
1048 3540 1356 3595 (Σθι-νιιιιυηθ
1410 3542 1460 3594 in
1512 3543 1753 3597 Murviuo
1785 3542 1860 3614 (ὁ)

289 3629 644 3698 progreditur,
679 3630 999 3685 habitatores
1049 3634 1145 3686 loci
1185 3641 1528 3686 OCISUI'I'BIIIGS
1575 3644 1864 3701 suggerunt

289 3729 347 3775 ut
377 3729 607 3790 segetem
659 3722 876 3776 Pauitiae
906 3721 1049 3792 [An.,
1082 3723 1384 3794 Pislolicia']
1425 3725 1661 3777 mulir-ris
1694 3725 1861 3777 vidua:

290 3815 421 3870 nihil
451 3816 694 3871 habentis
724 3818 944 3882 residui,
973 3833 1089 3885 qum
1118 3818 1183 3871 ab
1215 3817 1350 3872 ursis
1378 3818 1702 3884 vaSIahutur,
1736 3816 1862 3871 visi-

291 3919 406 3962 tare
439 3911 771 3978 praaciperet,
803 3919 854 3964 et
899 3920 1084 3964 sancto
1112 3925 1210 3964 suo
1253 3912 1479 3965 adventu
1513 3911 1864 3978 repelleretur

291 4001 549 4057 incursio.
578 4005 674 4070 Qui
723 4005 960 4059 ceucitus
985 4004 1262 4060 .miniStris
1313 4005 1657 4060 irridentibus
1685 4006 1747 4059 ad
1781 4005 1862 4059 lo-

291 4110 413 4148 cum
447 4085 768 4163 perducitur,
787 4108 848 4150 et
876 4098 1116 4152 oratione
1137 4099 1254 4151 data
1287 4096 1514 4165 desuper
1537 4095 1659 4152 fecit
1687 4098 1863 4166 signa-

289 4179 658 4242 culum.'llinc
705 4187 955 4242 instinctu
1002 4188 1186 4242 divino
1236 4189 1286 4241 in
1320 4189 1620 4255 parentales
1666 4188 1865 4244 bestias

291 4273 478 4334 feralis
508 4281 582 4332 ira
607 4279 982 4346 succenditur,
1014 4279 1188 4334 odium
1222 4280 1457 4334 nascitur
1487 4283 1538 4334 in
1568 4281 1780 4348 affectu,
1811 4282 1864 4336 iu

292 4385 424 4440 pace
470 4384 645 4442 pugna
683 4371 1052 4425 committitur.
1090 4371 1288 4427 FurOre
1331 4371 1512 4427 bestiae
1541 4372 1622 4427 bis
1652 4387 1867 4426 arman—

292 4470 398 4524 tur,
433 4463 610 4515 statim
648 4462 962 4530 prmfocatur
991 4477 1125 4517 unus
1166 4478 1323 4518 ursus
1351 4465 1418 4516 ab
1448 4463 1637 4529 altero,
1667 4474 1719 4519 et
1750 4464 1865 4531 ipse

293 4555 383 4624 qui
426 4555 696 4610 restiterat
741 4555 864 4609 dum
916 4557 1077 4610 vellet
1131 4555 1273 4611 foras
1323 4556 1520 4626 egredi,
1553 4572 1696 4625 septs
1743 4556 1862 4624 palo

295 4646 664 4704 transfoditur.
712 4649 802 4705 Sic
851 4650 1057 4718 utrique
1104 4661 1397 4704 vastatores
1441 4664 1548 4703 uno
1590 4659 1864 4704 momento

1968 3442 2234 3512 loquimur
2258 3458 2322 3496 ex
2354 3444 2758 3510 consuetudine,
2799 3446 2996 3514 caligas
3025 3447 3355 3511 cirt-inasset,
3387 3449 3538 3503 debi-

1967 3529 2168 3586 litatem
2220 3548 2468 3587 manuum
2500 3534 2580 3588 vel
2611 3537 2801 3602 pedum
2850 3535 3114 3610 incurrit.
3141 3537 3244 3592 Sed
3271 3539 3358 3606 de
3386 3539 3538 3595 beato

1967 3624 2243 3696 Sylvestro
2268 3641 2483 3697 gressus
2524 3629 2724 3696 recepit
2753 3628 2984 3682 officium
3009 3646 3023 3693 ;
3056 3644 3149 3698 per
3174 3645 3417 3698 sottorem
3446 3633 3539 3687 ad-

1968 3717 2201 3771 monitus
2255 3719 2490 3772 occurrit
2539 3727 2726 3773 sancto
2773 3719 3036 3774 Germano
3083 3735 3308 3790 poscens
3354 3722 3537 3777 salutis

1967 3809 2358 3878 compendium.
2394 3813 2435 3862 A
2459 3825 2562 3879 quo
2585 3812 2960 3881 interrogatus,
2980 3826 3194 3867 causam
3217 3814 3383 3887 culpa:
3406 3829 3534 3870 cou-

1968 3900 2140 3956 Iessus
2166 3911 2267 3957 est.
2300 3901 2434 3956 Tum
2463 3902 2691 3973 imperat
2733 3905 2928 3959 clerico
2957 3915 3015 3959 ut
3039 3904 3294 3961 clamaret
3325 3922 3420 3974 per
3448 3923 3539 3976 po-

1970 3995 2184 4065 pulum,
2220 4011 2320 4051 nec
2367 3999 2486 4065 quis
2535 4006 2740 4056 temere,
2774 3996 2861 4053 die
2899 4007 3212 4066 operaretur
3242 3998 3538 4055 Dominico.

1969 4089 2105 4156 Quo,
2157 4091 2344 4160 quinto
2375 4091 2462 4146 die
2515 4081 2810 4155 transacto,
2857 4091 3137 4160 superfuso
3183 4091 3302 4148 oleo
3350 4092 3541 4148 debilis

1971 4182 2145 4248 palma
2173 4181 2451 4251 dirigitur,
2483 4191 2537 4239 et
2571 4184 2638 4238 ad
2684 4183 2896 4254 propria
2941 4183 3102 4240 eundi
3143 4198 3264 4239 cum
3298 4184 3542 4242 libertate

1969 4271 2271 4326 dimittitur.

2042 4363 2284 4418 XXXVI.
2325 4361 2382 4419 In
2423 4353 2569 4436 pago
2623 4366 2948 4424 Amuniense
2997 4367 3213 4451 .(Mosny
3265 4369 3319 4424 in
3371 4369 3540 4442 Bria),

1948 4456 2111 4537 quod
2143 4467 2350 4528 gestum
2381 4468 2461 4513 est
2494 4460 2803 4529 replicetur.
2836 4459 3125 4531 Rotegiaco
3161 4462 3380 4536 [Rozoy]
3419 4464 3544 4521 villa

1927 4549 2250 4605 -Parisiacae
2318 4550 2570 4606 Ecclesia:
2632 4561 2838 4622 septem
2894 4554 2945 4608 ei
3005 4554 3107 4609 viri
3158 4554 3545 4613 debaccbautes

1970 4641 2130 4696 ohlati
2163 4650 2304 4696 sunt.
2337 4641 2544 4709 Quibus
2586 4645 2782 4698 curatis
2826 4660 2962 4700 unus
2997 4646 3085 4716 qui
3114 4649 3356 4716 graviore
3385 4663 3546 4703 vexa-

291 4740 628 4809 perimuutur
651 4747 708 4794 et
732 4739 832 4808 ipsi
863 4739 964 4794 sibi
990 4739 1269 4794 confestim
1301 4755 1448 4794 arma
1470 4744 1662 4794 mortis
1685 4741 1863 4795 effecti
1893 4730 1943 4792 B
1968 4735 2122 4791 batur
2153 4737 2340 4806 spiritu
2369 4751 2488 4791 cum
2531 4738 2679 4792 exire
2707 4747 3005 4807 cogeretur,
3051 4739 3252 4795 homini
3284 4741 3379 4796 Dei
3421 4757 3546 4812 pro-

291 4841 436 4886 sunt.
469 4832 596 4887 Post
623 4832 723 4901 ipsi
754 4832 992 4888 redeunti
1025 4834 1214 4887 mulicr
1238 4833 1401 4901 pelles
1435 4849 1681 4888 ursorum
1711 4836 1865 4891 obtu-

293 4925 355 4979 lit
375 4939 440 4979 ex
469 4924 666 4988 studio,
693 4933 749 4979 et
778 4925 928 4993 quasi
975 4924 1160 4979 victori
1214 4940 1312 4980 suo
1343 4934 1693 4995 repraesentat
1738 4941 1864 4995 spo-

292 5016 444 5077 lium.
474 5017 613 5086 quod
645 5026 819 5070 tamen
845 5017 1061 5071 omnino
1091 5017 1205 5086 ipse
1226 5017 1491 5072 recusavit
1512 5018 1789 5087 accipere;
1813 5025 1868 5073 et

293 5111 380 5180 qui
411 5111 560 5180 prius
587 5110 817 5164 riserant
841 5149 856 5176 ,
891 5109 1149 5179 paenitere
1179 5121 1456 5181 creperum
1499 5109 1739 5165 videntes
1763 5109 1867 5163 mi-

292 5201 558 5256 raculum.
1501 5218 1503 5220 ·

360 5291 600 5347 XXXIII.
635 5293 697 5347 Et
724 5292 973 5363 quoniam
1005 5292 1071 5347 de
1102 5293 1193 5348 Dei
1227 5293 1369 5349 dono
1399 5309 1502 5348 non
1547 5293 1704 5349 debet
1746 5306 1866 5349 esse

292 5379 586 5448 fastidium,
611 5382 736 5436 illud
759 5384 920 5437 etiam
944 5382 1176 5436 breviter
1199 5382 1444 5437 ducimus
1470 5383 1863 5453 explicandum.

201 5517 209 5523 .
288 5472 598 5530 Beretrudis
646 5475 894 5544 quaedam
930 5474 1123 5530 mulier
1172 5474 1475 5530 Munsunthi
1525 5476 1657 5547 [AL,
1711 5477 1866 5532 Mun-

365 5608 439 5680 (ιι)
483 5607 650 5675 Baete,
685 5608 1025 5674 seuBaccae,
1084 5609 1212 5664 lauri
1263 5611 1348 5664 vel
1385 5609 1612 5679 juuiperi
1645 5613 1866 5680 fructus.

289 5681 412 5733 item
449 5695 683 5745 geminas
712 5688 765 5733 et
803 5693 1126 5746 t'nortuoruut
1173 5682 1418 5746 capulum
1467 5683 1751 5750 significat,
1786 5684 1870 5738 hic

291 5753 506 5804 insolito
535 5751 748 5818 quidem
777 5764 1083 5816 catenarum
1111 5753 1354 5805 annulos.

243 5831 255 5866 ι
361 5822 435 5890 (b)
478 5820 716 5873 Cvrxedo
766 5821 1026 5891 (Cervou),
1082 5823 1230 5876 vicus
1270 5837 1433 5891 prope
1474 5821 1866 5890 COI‘ililllﬂCllm,

288 5899 444 5960 Vulgo
478 5891 792 5946 S.-Léunurtt
813 5894 874 5942 dc
896 5891 1164 5961 Corbiqny,
1195 5894 1244 5944 iu
1263 5903 1429 5946 tractu
1455 5893 1770 5947 Morviuensi
1800 5893 1870 5959 (Ic

291 5962 526 6033 servon)
550 6016 562 6035 ,
595 5963 686 6033 qui
720 5974 916 6019 tractus
943 5964 1293 6034 Burgundiam
1322 5979 1351 6018 a
1376 5963 1619 6022 Niveruis
1645 5964 1866 6020 dirimit.

1972 4829 2141 4886 fessus
2168 4840 2274 4896 est,
2312 4833 2534 4899 expulso
2557 4846 2615 4886 se
2644 4831 2711 4886 de
2746 4831 2838 4886 illo
2868 4834 2984 4888 loco
3019 4827 3242 4904 gravem
3286 4829 3544 4891 lamenta-

1973 4922 2168 4978 tionem
2224 4923 2506 4978 Parisiacis
2557 4923 2750 4979 facere.
2809 4924 2958 4980 Tunc
3007 4926 3181 4996 fugata
3247 4929 3410 4999 pesds
3477 4929 3545 4985 de

1971 5016 2141 5072 sancti
2173 5015 2272 5069 viri
2307 5012 2557 5069 Germani
2589 5017 2809 5071 transitu
2839 5015 3035 5072 famam
3074 5017 3211 5075 fudit
3239 5035 3332 5090 per
3369 5036 3540 5092 popu-

1970 5108 2072 5172 los,
2096 5118 2150 5162 et
2180 5107 2407 5177 pastoris
2451 5122 2548 5177 pro
2591 5107 2736 5163 obitu
2779 5124 2993 5179 gregem
3032 5112 3219 5165 movits
3238 5112 3290 5166 in
3335 5111 3538 5170 fletum.

1974 5198 2074 5266 Qui
2105 5207 2283 5254 tamen
2327 5214 2717 5268 energumenus
2745 5201 2842 5257 etsi
2874 5202 3156 5257 seminavit
3182 5205 3541 5275 mendacium,

1972 5292 2220 5361 expulsus
2252 5307 2357 5346 non
2386 5290 2622 5348 defendit
2648 5293 2944 5350 obsessum.

1989 5367 1996 5372 ’
2044 5383 2308 5440 XXXVII.
2351 5385 2416 5439 Et
2455 5385 2576 5456 quia
2623 5385 2760 5442 Iusti
2804 5401 2967 5456 opera
3002 5400 3244 5444 crescere
3286 5389 3546 5459 cogebant

1974 5476 2252 5543 miracula,
2285 5477 2412 5532 item
2445 5474 2501 5532 in
2527 5477 2780 5548 praedicto
2818 5477 2938 5534 loco
2961 5477 3182 5534 affertur
3213 5481 3260 5535 ei
3295 5483 3546 5554 paralyti-

2050 5614 2136 5686 (c)”
2158 5613 2577 5686 Ternodoren‘sls
2594 5620 2794 5686 tractus
2811 5614 3138 5686 cujus_caput
3151 5615 3460 5674 Ternodoru
3469 5635 3541 5686 m,

1976 5676 2070 5740 seu
2097 5676 2465 5739 Tornodorum
2496 5676 2825 5752 (Tannerre),
2967 5676 3282 5756 Burgundiae
3325 5676 3541 5756 ducatu,

1976 5757 2290 5828 extenditur:
2305 5767 2476 5828 usque
2514 5756 2579 5804 ad
2610 5754 2988 5828 monasterium
3023 5754 3352 5825 Réomcnse,
3387 5754 3545 5828 volgo

1979 5827 2031 5880 Μ
2041 5823 2580 5887 oustier-Saint-Jtan,
2606 5823 2690 5875 cui
2713 5831 2823 5876 tum
2854 5836 3069 5881 sanctus
3099 5823 3352 5883 Silvestcr
3381 5823 3544 5884 abbas

1980 5907 2222 5967 prrcrat.
2260 5896 2396 5964 Lege
2438 5895 2608 5948 Vitam
2632 5897 2798 5949 sancti
2824 5897 3040 5952 Joannis
3073 5898 3398 5954 Iit-emensis.
