4108 6352
569 308 634 367 67
1264 368 1265 371 η
1354 308 1664 372 SANCTUS
1701 306 2078 372 GERMANUS
2104 356 2119 379 ,
2161 312 2582 375 PARISIENSIS
2621 316 3019 377 EPISCOPUS.
3762 324 3836 385 68

572 444 666 507 cus
696 430 952 487 membris
977 429 1288 496 dissolutus,
1320 442 1575 501 carpento
1620 433 1927 499 subvectus,
1967 446 2152 502 gressu
2181 431 2235 513 Α
2258 435 2480 501 pecunia
2514 433 2567 487 in
2616 434 2777 488 domo
2830 435 3028 489 lumina
3078 432 3431 504 dispensaret.
3468 439 3577 497 Sed
3622 440 3741 500 hac
3783 446 3838 509 in

573 524 857 580 destitutus
879 533 932 582 et
962 535 1102 608 actu.
1134 526 1251 593 Quo
1290 528 1604 607 sanctificati
1648 527 1752 583 olei
1795 528 2004 598 liquore
2032 542 2153 598 per-

573 617 692 673 fuso
715 633 835 674 cum
863 619 1001 672 cutis
1030 600 1238 673 summa
1272 600 1559 689 tetigisset,
1588 620 1739 690 vigor
1768 619 2027 673 medullas
2073 619 2155 697 in-

573 712 739 767 troiit.
802 710 1000 764 Dehine
1058 711 1312 783 rediviva;
1361 727 1548 767 manus
1588 711 1652 766 ad
1696 727 1850 766 usum
1901 712 2153 767 mobilem

574 803 837 858 redeunt:
871 790 1087 857 thorace
1108 802 1338 872 pectoris
1380 803 1520 857 vitali
1551 786 1803 872 appulsus
1850 802 1907 856 fit
1946 802 2153 879 fortior,

573 909 743 963 genua
770 892 1095 971 columnaria
1144 893 1483 971 imbecillitas
1521 894 1799 947 roboratur
1827 894 1933 964 (α),
1962 894 2155 963 plantae

570 988 812 1055 solidatis
840 986 1057 1041 basibus
1102 987 1461 1057 subriguntur.
1516 986 1659 1039 Inter
1707 987 1823 1041 haec
1852 993 1959 1039 tota
1990 1000 2157 1040 mem-

577 1081 793 1149 brorum
830 1066 1029 1135 fabrica
1055 1076 1333 1146 reparatur
1359 1093 1375 1133 :
1405 1077 1493 1147 qui
1535 1077 1762 1131 sanitate
1805 1086 2038 1144 recepta,
2072 1089 2158 1130 re-

576 1156 777 1232 deunte
829 1160 1171 1251 sanctoviro
1201 1170 1431 1226 occurrit
1472 1170 1524 1223 in
1575 1168 1801 1232 itinere,
1858 1175 2157 1237 praeparato

579 1256 777 1347 exenio
818 1266 1016 1347 gratias
1065 1246 1276 1319 Christo
1350 1259 1589 1319 referens
1645 1260 1712 1315 de
1763 1258 1975 1315 reddito
2032 1273 2157 1339 cor-

578 1342 837 1432 pusculo.
898 1342 915 1349 ﬁ
1000 1344 1007 1350 ⁷
1210 1344 1217 1347 ’

648 1451 942 1508 XXXVIII.
980 1450 1091 1506 Nec
1128 1448 1233 1505 hoc
1280 1448 1706 1519 praetereundum
1755 1455 1875 1512 est,
1925 1444 2159 1525 qualiter

580 1546 739 1603 simili
770 1526 961 1601 merito
982 1542 1170 1598 claruit
1196 1543 1361 1597 virtus
1390 1526 1445 1595 in
1476 1538 1664 1593 altero.
1692 1537 1858 1607 Igitur
1878 1537 2161 1607 Emmege-

580 1637 709 1699 silus
740 1635 805 1690 de
832 1635 952 1707 vico
993 1634 1249 1711 Bucciaco.
1289 1631 1395 1702 (b),
1440 1631 1655 1700 quidam
1703 1645 1833 1698 puer
1868 1628 2159 1711 admodum

581 1727 837 1798 parvulus
885 1724 1139 1780 membris
1191 1723 1510 1794 paralyticos
1555 1722 1608 1777 in
1663 1722 1793 1777 sella
1827 1721 2061 1776 Parisios
2091 1719 2161 1774 ad

2256 524 2502 579 cubiculo
2529 536 2795 601 przesente
2826 542 2911 585 me
2943 536 3091 599 gesta
3124 538 3264 584 sunt.

2328 614 2463 670 XLI.
2505 618 2635 671 Cum
2677 618 2741 673 ad
2772 620 3167 689 possessionem
3216 622 3465 679 ecclesia:
3492 641 3612 697 quae
3642 626 3839 691 dicitur

2256 707 2439 763 lnethe
2468 709 2604 782 (AL,
2636 712 2687 765 in
2718 710 2924 783 Λεώς),
2980 713 3243 793 sacerdos
3282 718 3588 786 accederet,
3620 722 3835 791 quidam

2258 799 2305 854 ei
2340 800 2398 855 fit
2424 800 2633 868 obvius,
2665 818 3007 875 conquerens
3047 806 3115 862 de
3145 808 3373 877 quadam
3413 811 3537 885 villa
3573 828 3634 889 se
3664 815 3835 885 solum

2264 892 2567 950 incolumen
2594 909 2740 965 esse,
2774 898 3052 973 universos
3094 914 3223 971 vero
3252 902 3462 969 accolas
3499 906 3647 979 gravi
3685 908 3841 983 taedio

2261 980 2527 1039 laborare.
2558 984 2725 1056 Cujus
2747 988 2972 1059 eulogiis
2998 988 3065 1044 ad
3106 990 3348 1049 inﬁrmos
3386 999 3628 1066 portatis,
3658 980 3841 1067 statim

2257 1071 2565 1167 ab-a‘grotis
2595 1076 2818 1147 languor
2845 1082 3020 1134 omnis
3051 1082 3258 1153 fugatus
3283 1095 3384 1152 est,
3409 1098 3461 1142 et
3484 1088 3655 1159 primo
3684 1102 3842 1167 gustu

2257 1164 2585 1255 eulogiarum
2629 1168 2847 1249 morbus
2882 1186 3004 1227 cum
3036 1188 3171 1243 pane
3214 1187 3564 1255 consumptus
3602 1164 3707 1255 est.
3732 1164 3844 1243 Sic

2257 1252 2357 1310 fuit
2385 1257 2452 1312 ab
2474 1258 2559 1312 illa
2584 1260 2735 1315 turba
2768 1278 2887 1317 cum
2912 1277 3032 1319 esca
3056 1264 3255 1323 sanitas
3277 1252 3588 1347 manducata
3614 1272 3629 1341 !_

2329 1371 2487 1445 XLII.
2530 1372 2662 1431 Item
2692 1390 2814 1433 cum
2846 1376 3084 1435 Parisios
3110 1379 3179 1436 ad
3220 1380 3493 1445 basilicam
3523 1385 3692 1449 beata:
3722 1404 3845 1447 crn-

2258 1467 2335 1521 eis
2363 1468 2438 1537 (ε)
2469 1468 2549 1541 vir
2582 1469 2675 1525 Dei
2703 1470 3036 1539 procederet,
3065 1472 3259 1531 mulier
3298 1477 3574 1549 parvulum
3623 1480 3674 1535 in
3706 1481 3846 1541 albis

2259 1557 2446 1613 ultimo
2497 1558 2624 1617 flatu
2680 1561 3026 1631 palpitantem
3071 1574 3125 1619 et
3165 1562 3279 1636 jam
3330 1567 3675 1640 migraturum
3718 1581 3848 1629 ante

2266 1648 2520 1719 Sanctum
2545 1654 2792 1723 exposuit
2820 1652 3044 1710 dicens:
3072 1654 3166 1713 Pie
3194 1655 3374 1724 Pater.
3413 1659 3457 1715 si
3486 1661 3649 1721 velles
3677 1661 3743 1719 ad
3770 1663 3849 1718 la-

2260 1751 2587 1815 mentantem
2638 1743 2928 1815 respicere,
2989 1754 3160 1805 mater
3216 1746 3408 1806 ﬂebilis
3451 1764 3556 1807 nou
3597 1753 3847 1811 orbarer.

580 1830 819 1916 sanctum
848 1816 1017 1916 virum
1045 1814 1676 1916 manibusnbajulantium
1703 1812 1925 1916 delatus
1951 1820 2031 1865 est
2059 1811 2153 1916 (ς).
2192 1818 2235 1879 Β
2263 1806 2443 1907 Neque
2466 1836 2587 1892 hinc
2609 1806 2887 1911 dim-mere
2904 1806 3093 1896 l'mues
3111 1839 3321 1911 plenam
3348 1843 3548 1916 gemiw

578 1910 689 1967 Nec
718 1909 905 1965 dextra
935 1909 1115 1979 vigens
1164 1906 1383 1973 mobili,
1410 1902 1520 1961 nec
1568 1905 1748 1977 planta
1802 1919 2024 1975 surgens
2052 1914 2159 1957 sta-

579 1984 695 2068 bili,
739 2018 837 2057 nec
883 2002 1058 2070 lingua
1111 2013 1308 2055 sonans
1344 1992 1562 2057 velubili
1590 2038 1606 2064 ,
1660 1999 1820 2052 totius
1867 1994 2161 2050 debilitatis

582 2107 822 2148 marcore
852 2090 1111 2160 captivus,
1147 2086 1542 2158 quodammodo
1582 2086 1697 2142 sine
1740 2094 1945 2140 natura:
1973 2085 2163 2140 ordine

583 2184 636 2238 in
667 2198 843 2238 rerum
872 2190 1063 2236 natura
1095 2180 1373 2249 praefusus.
1404 2179 1572 2248 Quem
1619 2178 1849 2235 Sanctus
1878 2179 2161 2233 continua-

582 2274 674 2330 tim
725 2280 820 2345 per
865 2273 1099 2330 triduum
1157 2258 1319 2328 sacro
1352 2271 1542 2328 liniens
1569 2256 1709 2338 oleo,
1758 2272 1967 2325 sanitati
2001 2268 2161 2323 resti-

583 2378 738 2424 tuens
786 2350 891 2423 uno
952 2370 1054 2423 sub
1101 2376 1375 2421 momento
1436 2380 1598 2431 voce,
1657 2378 1858 2430 manu,
1914 2361 2159 2433 vestigio.

585 2462 814 2514 Cunctos
837 2469 1022 2526 stupor
1055 2457 1410 2525 amplectitur,
1444 2456 1647 2509 clamor
1700 2454 1751 2507 in
1809 2452 2003 2508 caelum
2036 2450 2165 2505 edu-

584 2554 722 2609 citur
750 2566 961 2607 omuem
1009 2560 1179 2607 artem
1224 2548 1555 2605 medicorum
1586 2554 1834 2602 sanctum
1880 2558 2164 2615 superasse

584 2625 923 2701 Germanum.

659 2742 902 2799 XXXIX.
946 2742 1075 2798 Item
1116 2743 1183 2798 de
1218 2742 1405 2798 eodem
1446 2741 1565 2796 vico
1612 2741 1873 2795 Bucciaco
1922 2738 2165 2810 quaedam

588 2834 822 2891 occurrit
868 2834 1105 2890 Parisios
1148 2835 1218 2888 ita
1267 2850 1423 2887 manu
1462 2841 1766 2899 contracta,
1809 2841 1868 2886 ut
1912 2831 2167 2901 unguium

589 2945 811 2987 acumen
844 2931 1072 3001 palmam
1102 2923 1299 2984 foraret
1326 2928 1376 2982 iu
1404 2927 1662 2982 intimam.
1688 2926 1789 2993 Qui
1823 2933 2026 2979 tantum
2055 2925 2166 2977 oris

596 3025 675 3078 sui
699 3024 857 3079 ducta
886 3022 1050 3078 saliva
1075 3021 1285 3092 pollice,
1314 3034 1600 3075 nervorum
1628 3017 2027 3083 distentionem,
2056 3028 2168 3069 ma-

592 3131 694 3172 nus
723 3100 976 3171 reformat
1006 3098 1311 3184 imaginem.
1896 3098 1897 3101 “

2262 1925 2328 1980 de
2360 1924 2553 1980 fructu.
2589 1926 2654 1981 Et
2684 1927 2786 1983 nisi
2842 1927 3066 1985 festines
3106 1945 3442 1999 succurrere,
3495 1934 3645 1993 vides
3676 1936 3850 1993 infdin

2263 2033 2380 2073 cem
2412 2027 2767 2089 extorquente
2791 2033 2964 2077 morte
2994 2025 3106 2094 rapi
3135 2034 3314 2081 natum
3340 2026 3409 2082 ab
3434 2029 3615 2093 ubere.
3646 2034 3754 2089 Aut
3779 2032 3849 2087 ﬁ-

2265 2110 2390 2185 lium
2422 2113 2662 2181 reSIitue,
2709 2125 2797 2171 aut
2842 2117 3041 2185 pariter
3068 2132 3189 2174 cum
3220 2118 3341 2189 ipso
3366 2121 3723 2190 funeraturam
3761 2140 3852 2180 me

2262 2201 2467 2258 obtine.
2522 2202 2767 2276 Indulge,
2810 2216 3025 2276 pastor,
3060 2209 3268 2266 miserae
3306 2225 3462 2280 quam
3521 2227 3649 2269 suus
3694 2215 3852 2273 dolor

2269 2295 2395 2371 facit
2417 2296 2693 2352 audacem.
2724 2297 2835 2365 Qua
2871 2298 3118 2357 ﬂebiliter
3140 2312 3410 2373 poscente,
3452 2320 3575 2369 mox
3608 2317 3664 2361 ut
3696 2305 3851 2373 Beati

2264 2384 2484 2441 dextera
2517 2402 2673 2458 supra
2703 2389 3035 2457 expirantem
3066 2394 3278 2463 signum
3328 2398 3509 2467 crucis
3552 2399 3850 2468 impressit,

2265 2480 2417 2549 quasi
2446 2482 2569 2551 vigil
2596 2483 2662 2539 de
2692 2498 2886 2555 sopore
2909 2486 2989 2541 lac
3019 2488 3205 2555 matris
3225 2490 3470 2560 expetiit,
3502 2493 3590 2561 qui
3613 2494 3720 2561 jam
3756 2495 3852 2555 fri-

2266 2572 2424 2642 gebat
2480 2574 2530 2626 in
2580 2575 2784 2630 funere.
2841 2575 2911 2629 Ita
2970 2590 3242 2639 momento
3289 2584 3543 2652 temporis
3592 2583 3737 2651 (ilius
3782 2587 3851 2651 de

2266 2665 2454 2719 mortis
2486 2664 2658 2734 fauce,
2711 2678 2881 2724 mater
2909 2670 3110 2727 tollitur
3152 2671 3219 2727 de
3265 2688 3517 2743 maerore.
3569 2676 3703 2743 Hinc
3750 2680 3852 2735 cit-

2268 2767 2541 2811 cumstans
2590 2760 2813 2829 pepulus
2875 2770 3093 2830 stupore
3160 2767 3501 2835 concutitur,
3560 2769 3735 2841 fragor
3792 2772 3850 2847 λῃ

2270 2858 2448 2915 partes
2471 2849 2754 2917 attollitur,
2801 2855 3001 2923 gratias
3025 2855 3263 2923 Creatori
3289 2858 3585 2919 referentes
3611 2862 3681 2921 de
3707 2878 3849 2935 pra:-

2271 2941 2377 2994 mio
2405 2951 2643 3012 tempore
2682 2944 2987 3002 Sacerdotis
3016 2951 3309 3021 praecipuo,
3339 2967 3369 3023 a
3409 2968 3515 3025 quo
3540 2956 3739 3019 morbis
3760 2956 3848 3028 ju-

2268 3032 2408 3115 giter
2436 3045 2489 3088 et
2517 3036 2777 3093 mortibus
2803 3037 3111 3109 imperetur.

2342 3124 2522 3181 XLIII.
2570 3127 2769 3185 Deinde
2822 3132 3112 3189 accedente
3160 3135 3213 3191 In
3265 3134 3489 3195 Bradeia
3520 3138 3635 3195 vico
3681 3138 3848 3209 (Bris-

666 3205 777 3260 XL.
802 3205 1016 3299 Retinet
1040 3202 1155 3273 ejus
1177 3203 1383 3299 laureas
1402 3212 1460 3299 gl
1500 3216 1662 3299 98305
1692 3199 1972 3299 Βίίξπξξξυετ
2002 3197 2167 3299 Igitur
2190 3198 2237 3263 C
2270 3218 2695 3290 Comte-Robert,
2729 3223 2780 3275 in
2822 3223 3000 3296 Bria),
3034 3227 3151 3297 pagi
3182 3227 3453 3299 Parisiaci,
3492 3231 3649 3285 missa
3686 3197 3847 3289 ‘cele-

587 3297 776 3355 Pastor
809 3298 978 3367 bonus
1008 3312 1127 3351 cum
1159 3296 1226 3351 de
1246 3284 1370 3349 Vvico
1402 3294 1693 3364 Novigentu
1732 3294 2014 3366 adVVicum
2056 3292 2165 3348 No-

591 3404 715 3443 vum
743 3386 824 3461 (d)
856 3372 1106 3441 visitandi
1148 3386 1288 3455 regis
1324 3399 1453 3439 cura
1492 3382 1642 3439 solita
1691 3385 2043 3453 pervenisset,
2080 3382 2163 3436 of-

587 3478 692 3535 fert
712 3493 771 3535 se
794 3478 1033 3550 quaedam
1058 3479 1231 3532 vetula
1255 3493 1511 3531 annorum
1558 3476 1637 3531 bis
1677 3485 1931 3545 quaterna
1973 3488 2166 3544 gerens

587 3574 640 3630 in
690 3572 931 3628 caecitate
977 3570 1262 3627 curricula.
1298 3570 1463 3641 Cujus
1507 3585 1670 3639 super
1723 3570 1909 3623 oculos
1957 3570 2165 3638 signum

587 3672 783 3721 nostra:
811 3662 1193 3732 redemptionis
1222 3660 1489 3717 Sacerdos
1524 3662 1831 3730 imponens,
1862 3662 2087 3729 imperat
2108 3668 2168 3714 ut

585 3774 819 3830 sequens
867 3760 971 3815 iret
1010 3775 1114 3830 qua
1144 3757 1390 3813 Pontifex
1424 3766 1689 3828 pergeret.
1723 3758 1905 3813 Altera
1956 3772 2168 3828 quoque

586 3851 674 3909 die
697 3867 818 3908 cum
843 3847 1098 3921 praedicto
1127 3859 1432 3905 occurreret
1456 3849 1505 3904 ei
1528 3865 1594 3903 ex
1618 3849 1928 3918 improviso,
1958 3847 2169 3917 sangui-

585 3958 708 3999 nem
739 3953 1043 3999 manantem
1073 3945 1140 3998 de
1173 3943 1375 3998 lumine
1404 3943 1554 4013 largo
1583 3942 1728 3997 fonte
1762 3944 1982 3997 salutem
2014 3958 2165 3996 suam

586 4036 727 4091 oculi
754 4035 1143 4107 lacrymabant.
1173 4036 1303 4103 Quae
1329 4036 1464 4090 inter
1492 4035 1724 4104 reliquos
1747 4044 1950 4089 astante
1980 4044 2166 4089 sancto

585 4128 702 4183 viro
726 4128 1071 4198 conspicitur.
1097 4129 1195 4196 Qui
1228 4128 1418 4183 tollens
1458 4142 1518 4183 se
1548 4127 1614 4181 de
1642 4143 1902 4183 consessu
1929 4170 1941 4194 ,
1975 4128 2164 4181 mulie-

586 4235 700 4275 rem
724 4230 782 4274 ut
831 4228 953 4289 pote
982 4235 1177 4275 caecam
1224 4220 1385 4276 trahit
1426 4220 1478 4275 in
1524 4220 1899 4287 diversorium,
1930 4236 2033 4290 quo
2062 4216 2167 4274 sibi

590 4323 703 4369 erat
732 4313 1061 4370 cubiculum.
1090 4312 1255 4383 Cujus
1296 4313 1495 4389 lumina
1524 4331 1657 4385 aqua
1704 4315 1875 4385 tepida
1907 4315 2017 4370 suis
2047 4330 2163 4369 ma-

589 4408 747 4463 nibus
772 4406 1016 4475 abluens,
1046 4406 1185 4461 diem
1212 4408 1406 4461 refudit
1435 4408 1488 4461 in
1536 4407 1724 4461 oculis.
1768 4405 1897 4473 Quae
1930 4421 2052 4460 mox
2076 4404 2163 4458 lu-

586 4490 701 4557 cem
730 4500 972 4571 inspicit,
1004 4500 1175 4555 sancti
1206 4501 1305 4554 viri
1329 4500 1522 4572 digitos
1553 4488 1799 4557 insatiata
1830 4500 2023 4570 gaudio
2053 4499 2163 4554 suis

2269 3312 2439 3379 brata,
2469 3314 2516 3369 ei
2543 3315 2595 3367 in
2632 3316 2870 3371 sacrario
2900 3317 3156 3373 cathedra
3178 3318 3455 3389 deportata
3494 3321 3719 3377 offertur
3755 3338 3847 3393 pa-

2268 3406 2489 3475 ralytica
2538 3407 2907 3462 universorum
2954 3409 3313 3464 membrorum
3360 3411 3611 3467 damnata
3654 3427 3847 3486 gerens

2267 3496 2465 3563 officia,
2498 3497 2698 3553 nullum
2730 3498 2963 3569 vigorem
2996 3502 3231 3555 retinens
3255 3503 3447 3571 planta:
3474 3504 3554 3559 vel
3587 3506 3841 3575 dextera.

2271 3588 2389 3642 Mox
2416 3587 2620 3641 habens
2645 3589 2695 3640 iu
2725 3603 2789 3644 eo
2822 3589 3088 3653 fiduciam,
3120 3592 3209 3661 qui
3233 3594 3367 3649 dona
3407 3594 3508 3650 sibi
3537 3595 3683 3667 larga
3720 3612 3845 3671 prae.

2275 3677 2472 3744 stabat,
2506 3694 2624 3733 eam
2648 3691 2706 3733 ut
2734 3680 2909 3733 vitalis
2936 3681 3034 3735 olei
3083 3680 3448 3740 benedictione
3477 3688 3844 3757 superliuivit;

2267 3771 2446 3823 statim
2495 3771 2713 3825 morbus
2759 3771 3086 3841 excluditur,
3124 3773 3352 3829 salubris
3396 3776 3546 3847 vigor
3580 3756 3844 3845 illabitur;

2268 3864 2627 3934 recreatisque
2654 3866 2963 3931 visceribus,
2987 3868 3176 3922 melius
3193 3870 3489 3923 renascitur
3509 3871 3662 3925 saluti
3688 3886 3843 3941 quam

2267 3959 2515 4026 germini,
2563 3962 2679 4028 plus
2703 3959 2987 4029 acquirens
3016 3975 3077 4029 ex
3125 3976 3343 4017 munere
3388 3976 3543 4035 quam
3591 3965 3844 4034 sumpsis-

2269 4060 2351 4103 set
2391 4051 2618 4121 origine.
2678 4052 2748 4105 lta
2807 4061 2863 4107 ut
2911 4052 3021 4107 suis
3080 4062 3262 4123 poSIea
3312 4054 3555 4111 manibus
3609 4057 3841 4135 tunicam

2268 4142 2467 4198 Sancto
2499 4142 2698 4199 faceret
2735 4145 2886 4215 quasi
2919 4144 3187 4216 acquisita:
3227 4146 3499 4205 tributaria
3545 4130 3839 4205 medicinas.

2341 4237 2522 4293 XLIV.
2568 4236 2806 4295 Tradidit
2852 4239 3121 4295 memoria:
3170 4239 3311 4313 quod
3372 4240 3523 4310 juvat
3572 4242 3625 4311 in
3666 4242 3840 4297 laude.

2267 4324 2447 4401 Itaque
2473 4332 2808 4403 Audegisilus
2831 4332 3004 4401 major
3033 4332 3224 4388 domus
3248 4332 3405 4407 regiae
3434 4347 3554 4405 cum
3585 4344 3843 4409 quartano

2269 4430 2396 4491 typo
2424 4424 2658 4493 graviter
2706 4432 2978 4493 ageretur,
3009 4423 3238 4479 occurrit
3286 4425 3441 4487 beato
3471 4425 3621 4495 viro,
3675 4426 3842 4491 fidens

2271 4512 2337 4565 de
2370 4511 2653 4567 beneﬁcio.
2687 4513 2854 4589 Homo
2886 4513 2975 4568 Dei
3010 4514 3061 4567 in
3085 4529 3177 4568 sua
3214 4514 3347 4571 cella
3377 4514 3616 4585 deputat.
3639 4526 3694 4575 et
3725 4532 3842 4589 cum

592 4591 857 4648 immersit
913 4591 1185 4658 fallCibllS.
1246 4594 1549 4665 pariterque
1607 4595 1862 4667 milli-“Iris
1921 4607 2169 4661 οοηιρυῐι·
2192 4578 2248 4642 Ῑ)
2273 4619 2378 4659 uno
2398 4604 2623 4660 diacono
2649 4588 2888 4664 residere
2912 4607 3064 4673 jubet
3090 4605 3372 4665 inclusum.
3406 4608 3539 4667 Tum
3572 4582 3767 4668 anxius
3790 4623 3842 4667 et

587 4684 767 4741 ctione
786 4683 1103 4765 dedentibus
1129 4685 1311 4741 videre
1338 4701 1397 4742 se
1429 4686 1695 4763 hominem
1742 4688 1831 4758 qui
1872 4688 2031 4763 caecis
2060 4702 2157 4756 pro

653 4825 733 4897 (α)
771 4825 847 4887 Ita
896 4826 1024 4882 Mss.
1082 4826 1247 4882 Codd.
1308 4826 1614 4896 Legendum
1665 4836 1842 4893 tamen
1899 4830 2157 4886 videtur:

585 4896 790 4951 Thorax
818 4899 1030 4969 pectoris
1054 4898 1195 4951 vitali
1223 4898 1374 4967 pulsu
1394 4900 1451 4968 ﬁt
1478 4900 1659 4969 fortior
1702 4916 1916 4967 genuum
1963 4903 2157 4956 colum-

581 4969 721 5021 naris
770 4964 1108 5047 imbecillitas,
1158 4964 1265 5023 et'c.
1300 4987 1311 5022 :
1345 4964 1445 5024 nisi
1478 4964 1633 5027 "forte
1674 4964 1847 5040 genua
1893 4973 2160 5043 adjective

582 5049 842 5093 sumatur.
888 5048 893 5053 ’

654 5108 728 5182 (b)
760 5108 1058 5164 .Bucciacus
1087 5108 1340 5182 (Poissy),
1370 5109 1528 5180 paulo
1554 5125 1712 5181 supra
1744 5112 2032 5182 Lutetiam,
2078 5115 2161 5168 in-

580 5180 1466 5256 ιον,ἓεειυαηέξηρνδιξῐτοηαξη·.
1622 5180 1631 5181 ί
1840 5246 1849 5252 .

655 5250 724 5325 ίε)
769 5248 1103 5325 In‘pluribtis
1149 5250 1275 5321 Mss.
1328 5252 1414 5306 hic
1456 5253 1760 5325 inseruntur
1803 5248 1897 5325 ista
1943 5256 2151 5314 verba:

587 5340 613 5395 ‹Δ
650 5320 752 5375 Per
781 5321 1010 5375 triduum
1039 5337 1190 5387 voce,
1226 5320 1402 5395 manu,
1438 5320 1913 5395 vevsligio,'pudore
1959 5342 2156 5389 concu-

579 5392 727 5453 titur,
760 5406 939 5463 ruinur
962 5394 1015 5447 in
1044 5403 1215 5461 partes
1244 5392 1463 5458 tollitur,
1494 5392 1694 5463 gratias
1717 5392 1982 5449 creatoris
2012 5398 2150 5451 refe-

578 5461 1154 5542 rentes-hominem}
1192 5478 1297 5533 quo
1342 5461 1542 5523 morbis
1584 5465 1781 5542 jugiter
1821 5475 1875 5519 et
1916 5467 2154 5542 moribus

578 5533 888 5656 imdjgeretur.
925 5550 944 5584 ι
999 5533 1103 5588 Sed
1155 5549 1274 5587 cum
1326 5544 1471 5587 textu
1521 5548 1628 5587 non
1681 5535 1818 5589 bene
1878 5535 2152 5594 cohaerere

579 5616 631 5655 v1
703 5610 841 5656 ntur.

579 5610 841 5667 videntur,

647 5668 1107 5743 (diFortunatus,
1138 5687 1315 5739 supra,
1344 5686 1490 5743 num.
1523 5668 1616 5739 26,
1657 5675 1984 5743 mentionem
2027 5677 2151 5734 fecit

580 5740 688 5796 Vici
710 5740 838 5795 Novi
863 5757 1018 5812 quem
1038 5744 1187 5812 juxta
1212 5742 1445 5796 Parisios
1468 5742 1627 5795 locat.
1655 5742 1911 5812 llicidem
1930 5749 2147 5804 omnino

574 5827 694 5871 esse
719 5811 925 5867 videtur
953 5813 1093 5881 apud
1123 5812 1378 5867 Bituricus
1405 5824 1434 5864 a
1461 5813 1692 5867 quodam
1743 5811 1944 5868 Gallico
1991 5832 2145 5888 para-

2259 4697 2509 4768 jejunans
2559 4699 2821 4765 minister,
2875 4700 3000 4770 quid
3046 4701 3243 4757 faceret
3292 4703 3557 4776 excogitat
3604 4706 3841 4778 trepidus

2264 4836 2480 4906 pbraste
2507 4850 2784 4904 perperam
2805 4838 3077 4905 qursitus.
3111 4853 3232 4892 cum
3262 4839 3410 4894 solita
3442 4856 3569 4895 cura
3598 4857 3628 4896 a
3653 4854 3841 4899 saneto

2264 4908 2532 4962 Germano
2558 4908 2882 4964 visitaretur.
2915 4907 3097 4963 Fuerit
3127 4911 3345 4975 proinde
3377 4912 3566 4967 mulier
3589 4914 3677 4967 illa
3700 4916 3842 4968 Bitu-

2264 4977 2792 5055 ricerisis_dimcesis,
2844 4978 3317 5055 sedmnequaquam
3358 4981 3731 5055 Novigentum,
3761 4986 3841 5055 vel

2274 5046 2429 5121 [licus
2472 5046 2672 5121 Novus.
2706 5046 2885 5121 _S_an_cti
2927 5046 3195 5121 Clodoaldi
3230 5052 3406 5121 vicus,
3452 5046 3609 5121 vulgo
3638 5046 3841 5109 sane;

2267 5116 2470 5185 Claud,
2526 5119 2653 5172 olim
2704 5118 3049 5186 Novigentum
3103 5116 3402 5175 dicebatur.
3462 5116 3602 5177 Vero
3668 5126 3838 5181 tamen

2264 5189 2547 5266 simileest
2577 5190 2716 5243 hunc
2742 5189 2917 5266 locum
2963 5189 3414 5266 interpretandum
3450 5193 3516 5248 de
3544 5193 3839 5266 Novig'ento

2262 5260 2410 5335 silva:
2445 5259 2755 5335 Vincenensi
2797 5258 3136 5335 incennes)
3172 5262 3444 5335 proximo,
3498 5282 3525 5316 ει
3577 5258 3711 5335 ρηοέ
3737 5284 3838 5334 non

2298 5416 2325 5452 ι)
2530 5441 2545 5452 _

2260 5404 2545 5467 appellata.
3372 5404 3380 5411 -
3518 5406 3521 5409 λ
3560 5404 3587 5417 η-

2330 5471 2405 5540 (ε)
2450 5470 2907 5543 BasilicaAsanctze
2939 5471 3144 5543 Crucis,
3185 5472 3317 5527 alias
3342 5474 3513 5529 sancti
3542 5474 3832 5543 Vincentii,

2259 5555 2399 5594 nunc
2446 5541 2612 5611 sancti
2648 5540 2913 5611 iGermani
2964 5542 3252 5611 Pratensis,
3299 5544 3351 5599 in
3400 5546 3656 5603 suburbio
3686 5540 3837 5603 Pari-1

2254 5612 2439 5666 siensi.
2465 5610 2607 5679 Lege
2622 5610 2793 5664 Vitam
2815 5613 2983 5665 sancti
3006 5610 3317 5669 Droctrovei
3335 5616 3563 5681 abbatis,
3590 5619 3835 5673 num.I3.

2253 5682 2670 5755 Amanuensium
2719 5682 3085 5755 interpretatio
3114 5692 3195 5736 est
3224 5684 3277 5739 id
3305 5686 3445 5755 quod
3479 5687 3532 5741 in
3563 5691 3834 5743 nonnullis

2252 5752 2380 5833 Mss.
2432 5753 2705 5833 l-Lditisque
2754 5749 2900 5805 libris
2945 5749 3176 5820 additur,
3221 5755 3277 5810 in
3313 5749 3554 5812 suburbio
3607 5760 3835 5833 ejusdem

2252 5823 2467 5877 civitatis
2492 5826 2732 5892 positam.
