4108 6352
261 299 334 357 69
1794 279 1859 339 VI

1962 319 1978 340 .
2552 302 2563 317 ε
3458 268 3530 331 70

261 416 407 475 unde
451 419 732 468 curaretur
769 408 1033 465 infirmus.
1083 407 1287 463 Idcirco
1330 405 1723 479 febricitantem
1765 402 1845 457 vi-
1870 398 2071 460 Ates:
2106 398 2251 454 Bone
2292 405 2494 479 pastor,
2536 398 2708 479 adhuc
2749 397 2891 471 quod
2920 398 3043 454 huit.
3073 396 3336 468 languida
3364 396 3529 479 medi-

261 526 382 566 rum
418 506 512 562 Dei
539 506 692 563 Servi
728 504 955 559 rachena
988 502 1063 574 (a)
1097 502 1328 571 undique
1369 488 1678 556 obvolutum
1701 512 1847 552 com-

186 574 195 581 ‘
262 603 415 674 ponit
440 600 558 669 ejus
583 598 637 651 in
666 594 885 651 lectulo.
917 593 1116 648 Eadem
1147 606 1362 662 quoque
1396 590 1484 645 die
1508 599 1651 643 tactu
1681 587 1848 643 vestis

265 692 463 750 nobilis
491 689 639 761 quasi
682 688 881 756 impetu
932 685 1186 748 ﬂuminis,
1235 683 1307 738 ita
1358 691 1635 752 quartana
1681 679 1849 734 lebris

266 786 406 858 ignis
427 785 604 840 omnis
633 782 930 837 exStinctus
970 786 1070 833 est.
1112 777 1179 832 Et
1217 776 1473 832 redeunte
1504 775 1572 831 de
1603 773 1846 844 prandio,

266 888 514 936 reserato
542 875 810 942 cubiculo,
857 881 1023 930 sanus
1070 874 1303 928 surrexit
1329 885 1362 926 e
1410 869 1626 935 lectulo,
1675 867 1853 923 exsul-

266 979 417 1027 tante
450 968 697 1023 ministro
742 978 840 1037 pro
866 964 1109 1019 sanitatis
1137 961 1375 1032 pramio,
1408 972 1534 1017 tunc
1572 962 1673 1016 sibi
1704 974 1854 1016 reso-

268 1050 381 1117 luto
401 1059 631 1131 jejunio.
657 1056 748 1115 Sic
769 1065 914 1113 tactu
956 1056 1104 1112 Beati
1155 1056 1323 1111 vestis
1349 1055 1572 1111 salutem
1598 1062 1853 1125 operatus

267 1165 350 1211 est
380 1153 597 1209 absens.

342 1242 505 1299 XLV.
550 1243 920 1313 Exsequamur
960 1241 1168 1297 itineris
1212 1241 1417 1307 accepti
1443 1238 1716 1293 viaticum.
1747 1238 1851 1293 Ita-

271 1352 377 1407 que
404 1351 525 1391 cum
555 1334 782 1390 Pictavis
806 1332 1073 1405 (Poitiers)
1118 1333 1199 1386 vir
1240 1332 1336 1386 Dei
1377 1331 1441 1385 ad
1478 1330 1685 1385 beatum
1725 1345 1853 1385 con-

273 1432 532 1486 fessorem
582 1419 1014 1498 proficisceretur
1060 1427 1339 1491 Hilarium,
1373 1427 1616 1495 quaedam
1672 1427 1854 1481 Baudo

271 1520 423 1576 Feifa
448 1510 517 1575 de
542 1520 683 1575 Sene
703 1519 963 1575 Corbiaco
998 1519 1278 1589 (Secorbi),
1302 1518 1427 1573 villa
1455 1520 1595 1575 inter
1609 1519 1745 1575 duos
1767 1518 1855 1574 vix

272 1614 492 1669 advecta
522 1613 572 1668 ei
601 1620 977 1682 reprasentata
1009 1621 1111 1677 est,
1158 1626 1276 1681 qua
1308 1623 1421 1667 erat
1459 1620 1625 1677 muta,
1666 1612 1852 1666 clauda

275 1706 361 1760 vel
388 1718 598 1759 manca.
624 1704 824 1773 Lingua
865 1704 1071 1774 rigebat
1102 1703 1411 1767 immobilis,
1463 1704 1698 1759 anhelitu
1740 1704 1855 1774 pal-

1948 492 2084 546 cina
2110 497 2277 545 restat
2301 474 2571 559 impende.
2606 489 2736 545 Nam
2762 490 2855 546 tibi
2882 489 3148 546 credimus
3174 478 3527 557 reservatum,

1950 583 2093 639 unde
2119 591 2334 639 teneres
2356 584 2706 653 praeconium,
2732 592 2789 638 ut
2810 584 3052 639 restituta
3074 582 3270 638 familia
3291 583 3535 653 acquirat
3576 575 3583 589 ’

1952 687 1984 727 a
2010 673 2290 730 sacerdote
2318 674 2460 744 quod
2490 675 2672 730 amisit
2692 675 2761 731 de
2782 675 3038 745 germine.
3071 674 3219 730 Tunc
3250 675 3422 743 pietas
3451 691 3533 730 tn-

1951 767 2118 837 signis
2148 766 2444 827 advocatur
2482 768 2537 823 in
2566 769 2866 839 Iacrymas;
2897 784 3018 823 mox
3064 768 3135 822 ad
3176 767 3383 823 militia
3423 783 3535 823 sua

1952 854 2174 925 belliger
2219 871 2368 913 arma
2412 859 2762 925 convertitur,
2808 868 2862 915 et
2890 858 2957 913 ad
2984 857 3326 916 obtinendam
3361 858 3531 914 victo-

1952 949 2087 1007 riam
2119 965 2305 1020 preces
2325 951 2482 1007 oﬂ‘ert
2507 951 2660 1009 fortis
2684 963 2885 1008 orator.
2918 953 3068 1008 'I‘unc
3087 953 3185 1022 (vir
3215 953 3400 1009 beatus
3426 969 3534 1009 sur-

1952 1058 2084 1113 gens
2108 1041 2177 1097 ab
2199 1043 2461 1108 oratione,
2495 1045 2614 1099 oleo
2652 1044 2934 1099 benedicta
2962 1044 3075 1099 loca
3105 1059 3404 1114 perungens
3447 1059 3535 1100 ca-

1954 1132 2108 1203 pitis,
2152 1134 2205 1189 in
2258 1131 2533 1191 Trinitatis
2581 1136 2798 1191 nomine
2828 1136 2971 1192 trino
3003 1136 3227 1206 depulso
3256 1137 3529 1207 languore,

1954 1228 2134 1284 statim
2186 1227 2465 1298 patefactis
2524 1228 2731 1283 attrium
2785 1229 3172 1300 oculorumque
3232 1230 3535 1297 meatibus,

1956 1319 2333 1389 plaudentibus
2361 1319 2625 1375 universis
2652 1333 2793 1375 muta
2835 1323 3028 1390 loquax
3068 1320 3255 1377 eﬂecta
3286 1330 3387 1377 est.
3419 1321 3538 1388 Quo

1957 1412 2096 1467 facto
2126 1412 2484 1483 negotiatores
2514 1412 2743 1467 civitatis
2767 1395 3075 1469 Nannetica
3102 1413 3326 1483 quisque
3348 1413 3431 1467 sui
3454 1427 3533 1469 re-

1956 1506 2211 1573 medium,
2267 1509 2572 1575 pecuniam,
2619 1516 2677 1562 ut
2731 1509 2934 1578 potuit,
2960 1517 3149 1564 sancto
3174 1508 3292 1564 viro
3320 1509 3539 1580 dispen-

1957 1600 2177 1657 sandam
2209 1600 2525 1669 pauperibus
2560 1600 2748 1656 devote
2776 1602 2857 1657 vel
2888 1601 3077 1657 obtulit
3109 1603 3191 1657 vel
3214 1602 3428 1658 direxit.

2031 1691 2218 1747 XLIX.
2259 1692 2643 1762 Leudegesilus
2672 1694 2757 1748 vir
2804 1694 3010 1748 illuster
3051 1695 3203 1765 juxta
3235 1695 3379 1766 quod
3426 1695 3543 1764 ipse

274 1798 498 1867 pitante,
532 1810 656 1865 pars
677 1805 792 1851 erat
814 1803 923 1850 tota
956 1796 1022 1851 de
1044 1793 1250 1862 funere,
1276 1805 1331 1850 ut
1357 1795 1659 1851 videntibus
1688 1798 1857 1851 oculis
1891 1785 1941 1847 Β
1969 1784 2240 1855 Ρνοῖθθευδ
2269 1797 2371 1852 es"
2420 1801 2543 1841 cum
2571 1786 2759 1856 aliquis
2784 1802 2851 1843 ex
2882 1787 3083 1843 “milia
3114 1803 3208 1843 sua
3234 1788 3425 1843 ἀοῐηιιε
3455 1790 3541 1844 in‘

274 1889 537 1959 reliquum
563 1898 709 1944 esset
728 1888 1029 1943 cadaveris.
1056 1888 1227 1958 Super
1252 1903 1408 1958 quam
1441 1888 1864 1943 misericorditer

276 1990 333 2035 ut
360 1982 571 2051 signum
618 1995 786 2035 sacra
829 1981 1006 2034 crucis
1045 1980 1329 2049 expressit,
1364 1979 1644 2034 confestim
1684 1979 1861 2035 omnis

272 2072 430 2142 vigor
482 2087 574 2141 per
622 2071 858 2126 membra
914 2070 1229 2127 diII‘unditur
1259 2112 1273 2137 ,
1324 2088 1581 2127 venarum
1630 2070 1861 2127 ﬂuxuosi

274 2165 440 2221 rivuli
471 2166 815 2231 suscitantur,
855 2180 1140 2220 nervorum
1173 2166 1454 2220 imbecillis
1484 2178 1671 2236 stupor
1695 2182 1860 2221 excu-

274 2260 428 2321 titur,
463 2257 794 2313 naturalibus
835 2258 1068 2313 motibus
1110 2260 1175 2313 ad
1206 2260 1417 2314 vitalem
1462 2276 1614 2314 ttsum
1649 2268 1757 2315 tota
1788 2262 1862 2313 fa-

277 2349 426 2405 brica
459 2359 770 2404 renovatur.
825 2350 942 2406 Mox
999 2353 1188 2421 lingua
1240 2354 1497 2422 plectrum
1545 2355 1858 2419 resolvitur,

273 2439 562 2510 digitorum
608 2442 771 2512 glomi
805 2442 1116 2512 tenduntur,
1170 2445 1361 2513 pedum
1418 2446 1576 2499 bases
1632 2446 1861 2500 solidan-

276 2544 395 2600 tur,
427 2542 697 2605 totamque
730 2535 991 2591 viscerum
1026 2535 1223 2590 molem
1276 2538 1375 2593 hoc
1425 2538 1519 2593 fuit
1547 2539 1683 2609 apud
1767 2554 1861 2594 an-

278 2636 423 2681 ctum
476 2627 743 2684 vivilicare
782 2628 924 2697 quod
967 2639 1205 2699 tangere.
1266 2631 1394 2698 Qua
1451 2634 1861 2690 convalescente

277 2718 490 2775 medela
522 2721 674 2774 tertia
705 2719 792 2776 die
831 2722 897 2775 ad
927 2720 1198 2777 civitatem
1246 2722 1443 2779 Sancto
1474 2727 1672 2792 gratias
1722 2726 1861 2781 refe-

277 2821 406 2863 rens
434 2810 545 2862 suis
570 2811 807 2865 occurrit
849 2812 1103 2881 vestigiis.

358 2903 539 2959 XLVI.
583 2904 775 2975 Opera
814 2909 1039 2975 pretium
1073 2908 1310 2963 creditur
1348 2911 1510 2964 etiam
1558 2911 1686 2965 illud
1722 2915 1860 2968 inse-

276 3009 401 3067 rere
427 2996 722 3051 curationis
771 2998 1112 3065 praconium.
1163 2984 1724 3079 Pztgtt‘VintIOCinettSI
1767 3002 1863 3075 (Le

282 3086 653 3162 Vendomois),
683 3091 768 3145 vir
817 3092 1001 3153 beatus
1050 3093 1171 3146 dum
1201 3095 1533 3163 praterirct,
1574 3094 1627 3148 in
1671 3096 1861 3150 Ilansi-

1961 1888 2203 1934 curreret
2233 1887 2413 1948 typum
2443 1877 2807 1948 cujuscunque
2831 1878 2996 1935 febris
3020 1890 3113 1937 aut
3138 1882 3335 1953 aliquid
3380 1882 3543 1955 frigo-

1963 1971 2057 2035 ris,
2090 1969 2271 2025 lavans
2305 1969 2421 2024 illas
2453 1970 2659 2025 litteras
2689 1986 2823 2039 quas
2852 1971 2906 2027 in
2934 1972 3328 2043 subscriptione
3354 1990 3546 2031 manus

1964 2060 2150 2117 Sancti
2177 2062 2511 2132 depinxerat,
2537 2064 2885 2134 quamplures
2926 2079 3054 2122 suos
3095 2064 3196 2122 bac
3221 2066 3434 2125 medela
3461 2081 3571 2143 ειη

1965 2153 2063 2211 luti
2093 2156 2345 2211 restituit.

2033 2251 2096 2305 L.
2138 2250 2377 2305 Breviter
2407 2248 2491 2305 bis
2520 2249 2821 2320 perstrictis
2871 2265 3261 2321 prosequamur
3305 2266 3373 2307 ex
3413 2253 3546 2309 reli-

1963 2344 2103 2414 quis.
2152 2342 2422 2398 Cbusinus
2479 2341 2695 2413 quidam
2740 2344 3030 2414 incongrue
3068 2344 3196 2400 dum
3245 2343 3336 2401 die
3371 2345 3546 2401 Domi-

1963 2438 2161 2493 minico
2190 2451 2328 2507 equo
2357 2452 2541 2492 curam
2568 2438 2920 2507 impenderet,
2954 2440 3113 2494 missa
3159 2454 3318 2495 manu
3344 2440 3398 2496 in
3429 2440 3548 2496 vul-

1966 2547 2116 2599 nere,
2148 2533 2342 2604 digitus
2373 2533 2490 2601 ejus
2538 2533 2804 2588 intumuit.
2840 2534 2994 2597 Hinc,
3021 2543 3296 2605 grassante
3316 2535 3546 2602 fervore,

1966 2633 2070 2680 tota
2102 2639 2225 2695 pars
2257 2624 2459 2680 brachii
2490 2624 2764 2680 relaxatur
2810 2626 3109 2695 putredine.
3149 2628 3248 2694 Qui
3293 2643 3388 2699 per
3434 2629 3547 2685 Bel-

1940 2790 1943 2793 ἤ
1965 2738 2076 2777 sam
2113 2720 2211 2785 (La
2227 2719 2447 2793 Beauce)
2464 2722 2660 2778 Sancto
2684 2722 2966 2778 itinerante
2991 2732 3047 2777 ut
3072 2723 3139 2778 ad
3162 2722 3375 2778 domum
3398 2738 3547 2779 suam

1964 2813 2257 2870 diverteret
2312 2813 2559 2882 precibus
2618 2811 2750 2867 fusis
2796 2813 3044 2868 obtinuit.
3099 2815 3215 2869 Mox
3267 2817 3381 2883 ejus
3426 2816 3547 2872 bra-

1966 2907 2149 2961 chium
2193 2907 2277 2961 vir
2309 2908 2399 2963 Dei
2448 2921 2585 2979 aqua
2608 2907 2800 2962 callida
2848 2908 3122 2973 confovit;
3169 2909 3385 2979 insuper
3430 2910 3547 2966 oleo

1964 3000 2253 3055 benedicta
2282 3015 2581 3072 perungens
2610 3000 2960 3071 superpositis
2991 3002 3157 3057 caulis
3188 3002 3328 3058 foliis
3357 3004 3542 3059 miriﬁ-

1967 3108 2060 3148 cus
2092 3092 2332 3150 medicns
2369 3092 2623 3163 alligavit.
2677 3092 2768 3147 Sic
2816 3094 3071 3165 quidquid
3119 3095 3291 3151 inerat
3335 3097 3547 3164 ulceris,

276 3182 473 3238 donem
506 3183 752 3256 (Ranscé)
788 3185 1035 3241 manendi
1061 3187 1226 3257 gratia
1253 3186 1540 3242 declinavit
1570 3206 1582 3242 :
1618 3187 1703 3242 ubi
1729 3190 1859 3243 tanti
1890 3170 1938 3235 C
1967 3185 2200 3257 pretiosa
2247 3198 2373 3240 cura
2423 3185 2686 3240 restinxit.
2718 3185 2845 3240 Post
2893 3187 3006 3257 ipse
3062 3186 3258 3258 gratias
3314 3190 3548 3248 referens

278 3274 445 3330 robur
473 3276 866 3332 benedictionis
912 3277 1160 3349 invaluit,
1212 3289 1273 3334 ut
1303 3281 1553 3347 stipulam
1599 3282 1775 3335 lectuli
1808 3283 1860 3336 in

278 3384 388 3438 quo
419 3371 503 3423 vir
534 3381 753 3426 sanctus
780 3372 1069 3440 requievit,
1100 3374 1344 3443 quisquis
1371 3373 1603 3428 lideliter
1622 3374 1860 3439 abstulit,

278 3463 480 3515 donum
511 3462 739 3517 medela
788 3465 1099 3532 portaverit,
1133 3475 1188 3520 et
1213 3465 1281 3520 de
1309 3468 1512 3521 semine
1544 3468 1708 3535 palea
1755 3468 1867 3521 Iru-

277 3576 399 3634 gem
426 3570 651 3615 meteret
681 3561 979 3616 medicina.
1206 3605 1214 3612 .

355 3651 560 3707 XLVII.
600 3652 809 3708 Reddat
833 3653 921 3708 hic
952 3652 1315 3708 testimOnium
1347 3655 1538 3710 nobilis
1589 3656 1708 3710 facti
1737 3656 1867 3713 urbs

278 3744 578 3802 Nannetuni
611 3744 834 3816 (Nautes
864 3748 915 3800 in
949 3746 1266 3816 Artuorica).
1301 3748 1414 3813 Quo
1453 3749 1530 3801 vir
1578 3749 1669 3802 Dei
1710 3764 1866 3804 acce-

277 3836 436 3903 dens,
462 3837 719 3908 religioso
744 3839 1029 3894 admodum
1051 3850 1305 3909 exceptus
1329 3843 1608 3910 obsequio,
1633 3842 1868 3897 occurrit

277 3930 330 3984 ei
353 3928 515 3984 Tecla
545 3929 784 3983 Damiani
816 3941 1056 3984 matrona
1088 3930 1318 3987 hominis
1354 3933 1583 4002 prompti
1616 3933 1863 4002 negotiis,

276 4021 586 4090 supplicans
609 4032 669 4076 ut
697 4023 870 4077 virum
900 4037 1053 4077 suum
1096 4034 1185 4077 aut
1222 4024 1337 4090 ipse
1367 4036 1565 4094 pastor,
1598 4036 1692 4079 aut
1717 4027 1865 4082 missi

279 4112 367 4165 sui
397 4096 757 4181 requirerent.
788 4112 905 4181 Quo
936 4113 1059 4183 quia
1084 4113 1185 4183 ipsi
1209 4113 1308 4169 fuit
1330 4129 1579 4170 accessus
1610 4115 1863 4183 difﬁcilis,

280 4219 404 4259 cum
432 4204 763 4260 chrismariis
793 4204 869 4275 (b)
901 4207 1011 4261 suis
1050 4206 1331 4261 diaconum
1373 4208 1588 4263 direxit.
1621 4208 1719 4274 Qui
1746 4225 1855 4278 pcr-

278 4310 503 4351 currens
536 4297 599 4350 ad
646 4296 915 4352 hominem
960 4306 1018 4352 ut
1056 4298 1154 4353 sibi
1183 4297 1390 4368 jussum
1440 4300 1634 4367 fuerat,
1666 4299 1866 4354 infirmi

278 4391 488 4445 viscera
522 4393 706 4461 tangit.
743 4392 922 4446 Altera
965 4392 1051 4448 die
1080 4401 1335 4449 exoratus
1364 4394 1477 4462 ipse
1499 4393 1751 4450 sacerdos
1778 4408 1866 4448 ac—

277 4479 425 4536 cedit
454 4480 519 4535 ad
553 4482 804 4549 debilem,
831 4481 920 4552 qui
948 4482 1147 4553 duplici
1189 4483 1288 4537 sub
1314 4492 1539 4546 tortore,
1570 4484 1693 4538 hinc
1718 4499 1864 4553 pres-

1966 3288 2151 3332 sancto
2175 3276 2289 3332 viro
2313 3279 2547 3334 occurrit
2569 3278 2657 3333 tali
2685 3291 2900 3335 curatus
2929 3282 3262 3352 malagmate.

2038 3367 2121 3423 LI.
2161 3368 2291 3424 Item
2337 3384 2530 3424 servus
2573 3371 2844 3437 ecclesia,
2896 3373 3147 3428 Libanius
3192 3376 3429 3445 nomine,
3462 3378 3548 3434 die

1968 3461 2243 3518 Dominico
2269 3477 2452 3532 sepem
2480 3463 2776 3518 inconsulte
2798 3463 2923 3517 dum
2954 3466 3248 3533 clauderet,
3284 3484 3474 3524 manus
3492 3470 3542 3524 ei

1966 3565 2257 3614 contracta
2295 3564 2424 3613 sunt
2465 3556 2669 3613 ultione
2721 3559 2969 3627 prasenti
2997 3575 3010 3611 :
3039 3561 3125 3629 qui
3178 3560 3244 3614 ad
3303 3571 3546 3618 sanctum

1966 3651 2141 3706 virum
2185 3650 2422 3705 Parisios
2467 3649 2653 3704 morbo
2705 3650 2999 3719 castigante
3049 3653 3328 3720 percurrit.
3374 3652 3545 3719 Quem

1967 3743 2070 3798 olei
2102 3741 2369 3797 benedicti
2400 3741 2608 3811 liquore
2657 3741 2925 3809 perfusum
2978 3756 3039 3795 ac
3090 3744 3325 3814 mysterii
3376 3745 3548 3815 potius

1970 3843 2241 3904 unguento
2296 3848 2602 3903 respersum
2657 3832 2835 3888 addita
2890 3832 3133 3890 oratione
3196 3835 3547 3892 incolumitati

1970 3927 2220 3982 restituit.

2039 4018 2150 4074 LII.
2191 4018 2293 4074 Per
2354 4018 2683 4088 singulorum
2732 4017 3047 4086 compendia
3100 4030 3317 4075 currant
3368 4037 3549 4077 rerum

1969 4112 2246 4168 miracula.
2281 4110 2520 4193 Namque
2564 4108 2826 4164 Audulfus
2855 4110 3107 4165 Ecclesia
3130 4109 3412 4168 Parisiaca
3440 4115 3548 4168 cle-

1970 4204 2113 4259 ricus
2141 4204 2266 4258 dum
2297 4202 2383 4257 die
2414 4201 2842 4258 Besurrectiouis
2890 4199 2980 4273 [Id
3004 4211 3077 4257 est
3125 4203 3209 4258 die
3256 4204 3548 4279 Dominico]

1968 4297 2022 4353 in
2045 4298 2252 4353 vincula
2273 4310 2369 4350 sua
2390 4310 2553 4351 nuces
2581 4296 2647 4350 ab
2676 4295 2869 4349 arbore
2890 4304 3180 4355 excuteret.
3207 4312 3302 4367 pro
3323 4312 3388 4353 co
3408 4298 3549 4368 quod

1970 4397 2221 4459 operatus
2237 4397 2321 4443 est
2352 4388 2402 4441 iu
2432 4386 2518 4442 die
2544 4386 2975 4455 illmuinationis,
3001 4391 3242 4443 cacitate
3264 4403 3549 4458 percussus

1971 4492 2073 4551 est,
2105 4492 2159 4537 et
2190 4481 2337 4537 vultu
2366 4481 2651 4536 tenebroso
2684 4482 2914 4549 perstitit
2967 4481 3091 4536 anni
3120 4483 3314 4551 spatio.
3348 4481 3548 4539 Dehinc

276 4586 372 4627 sus
404 4573 734 4640 valetudine,
786 4575 908 4628 inde
949 4573 1195 4645 podagra
1234 4574 1474 4639 vulnere,
1520 4574 1862 4631 cruciabatur
1886 4558 1945 4620 D
1971 4578 2216 4633 Pontifici
2250 4576 2484 4640 oblatus,
2511 4584 2567 4629 et
2592 4584 2776 4629 sancto
2829 4575 3061 4645 unguine
3115 4576 3381 4645 perfusus,
3439 4578 3547 4633 diei

277 4666 441 4720 homo
459 4667 789 4721 miserandus
818 4668 1127 4735 procaciter.
1152 4668 1285 4721 Tum
1310 4667 1572 4721 Sacerdos
1601 4668 1857 4721 Altissimi

277 4757 547 4812 inﬁrmum
576 4758 695 4812 oleo
723 4758 1004 4815 benedicto
1032 4762 1305 4830 perunxit.
1342 4760 1418 4815 Eo
1448 4768 1718 4817 momento
1766 4763 1860 4819 de-

276 4852 401 4907 bilis
429 4853 607 4905 statim
655 4853 899 4907 manibus
935 4853 1149 4908 directis
1181 4854 1470 4925 longinquo
1500 4857 1566 4911 de
1604 4856 1861 4928 languore

272 4960 461 5016 gressu
488 4945 713 5001 solidato
737 4947 1020 5016 prosilivit.

352 5038 581 5095 XLVIII.
623 5039 725 5093 Sed
760 5046 818 5093 ut
851 5039 1216 5109 duplicaretur
1245 5040 1299 5093 in
1338 5051 1445 5093 una
1473 5040 1634 5094 domo
1661 5048 1857 5109 myste-

278 5134 445 5197 rium,
473 5140 529 5187 et
557 5146 674 5202 qua
706 5135 975 5200 praecessit
1018 5134 1070 5189 in
1102 5144 1255 5205 patre
1301 5134 1507 5191 medela
1552 5138 1863 5205 perveniret

278 5226 345 5281 ad
376 5226 603 5294 prolem,
634 5226 891 5282 habentes
922 5226 1107 5295 filiam,
1135 5228 1365 5285 oﬁ‘eruut
1393 5231 1461 5295 ei,
1505 5231 1720 5287 nomine
1751 5231 1861 5287 Ma-

273 5320 408 5375 riam
450 5333 670 5386 cacam,
715 5321 929 5375 surdam
977 5329 1034 5375 et
1076 5330 1297 5377 mutam.
1350 5323 1637 5394 Exponnnt
1679 5325 1860 5380 vivum

273 5410 510 5479 cadaver
538 5410 673 5486 [41η
705 5411 1043 5485 cadaveretn]
1067 5422 1191 5468 ante
1224 5412 1407 5469 Sancti
1437 5418 1655 5487 vestigia
1679 5418 1861 5474 dicen-

345 5527 421 5601 (ᾳ)
465 5528 568 5601 A_lii
616 5528 857 5583 scribunt
892 5529 1150 5601 racltanw,
1174 5529 1277 5601 sed
1319 5540 1599 5601 utrumque
1628 5543 1792 5601 recte,
1823 5548 1854 5589 a

273 5598 441 5674 verbo
471 5596 658 5674 Graec
681 5601 845 5674 ρἁη,
871 5600 1011 5670 quod
1040 5600 1370 5674 divulsiones
1390 5596 1673 5674 significat.
1704 5596 1855 5660 Unde

274 5669 526 5736 rachaua,
556 5669 689 5725 vilis'
721 5669 969 5726 etlacera
1003 5672 1164 5728 vestis
1196 5672 1379 5727 Vossio
1408 5669 1477 5727 de
1506 5672 1656 5727 Vitiis
1687 5690 1851 5731 serm.

272 5741 501 5795 videtur.
528 5740 633 5798 Sed
659 5744 829 5810 aptior
860 5742 982 5797 huic
1022 5746 1138 5799 loco
1182 5744 1417 5799 Mcuardi
1469 5744 1633 5799 nostri
1684 5744 1853 5801 inter-

271 5812 513 5885 pretatio
536 5814 587 5867 in
617 5811 881 5868 Concord.
916 5815 1108 5886 regul.,
1148 5829 1263 5885 pag.
1297 5816 1419 5879 92f,
1471 5815 1555 5868 ubi
1604 5817 1853 5873 rachanas
1888 5830 1889 5833 ‘

1970 4684 2155 4725 rursus
2180 4668 2438 4733 redditus,
2469 4674 2523 4720 et
2552 4666 2847 4721 sacerdotis
2875 4682 3125 4722 serenum
3168 4668 3413 4739 purgavit
3442 4670 3549 4725 cle-

1969 4763 2066 4818 rici
2094 4762 2357 4817 nubilum.
2388 4760 2479 4815 Sic
2519 4760 2774 4829 quidquid
2799 4760 3042 4816 minister
3083 4763 3282 4827 amisit,
3315 4765 3549 4820 medica-

1972 4855 2093 4909 bilis
2122 4853 2314 4923 prasul
2337 4852 2582 4907 obtinuit.

2041 4949 2170 5007 LIII.
2213 4948 2281 5001 Et
2325 4948 2449 5016 quia
2494 4954 2746 5000 crescunt
2794 4960 2993 5016 genera
3039 4946 3419 5007 miraculorum
3455 4962 3548 5019 per

1972 5052 2379 5110 tempora;cum
2412 5036 2521 5107 regi
2551 5037 2952 5106 prasentandus
2983 5039 3062 5093 vir
3090 5038 3275 5094 beatus
3296 5055 3547 5096 occurre-

1965 5146 2049 5193 ret
2074 5135 2198 5190 villa
2231 5134 2508 5199 Boteiaco,
2531 5132 2758 5187 clericus
2790 5131 2838 5187 ei
2878 5132 3127 5207 nequitia
3166 5132 3353 5202 spiritu
3391 5148 3547 5188 vexa-

1968 5237 2053 5284 tus
2082 5224 2383 5282 adducitur.
2418 5222 2569 5280 Unde
2603 5224 2830 5292 expulso
2877 5212 3186 5280 adversario
3242 5223 3544 5280 videntibus

1962 5318 2455 5383 circumstantibus,
2503 5317 2649 5373 velut
2687 5316 2803 5371 avis
2834 5316 3052 5385 parvula
3082 5316 3149 5371 de
3178 5317 3351 5385 capite
3373 5331 3540 5374 ener-

1966 5412 2203 5493 gunieui,
2234 5409 2421 5465 umbra
2451 5407 2651 5479 fugata,
2676 5406 2970 5478 egreditur.
3001 5408 3168 5473 Quam
3197 5406 3319 5463 dum
3352 5408 3544 5481 reliqui

1967 5544 2066 5600 pro
2095 5530 2351 5600 lectorum
2382 5520 3172 5600 operimentisusurpatzﬁlibi
3206 5522 3546 5600 tainen‘Vos-

1963 5591 2029 5656 sii
2058 5596 2320 5667 expositio
2360 5591 2605 5667 quadrat,
2648 5602 2705 5647 ut
2730 5592 2782 5645 in
2809 5591 2897 5645 lib.
2932 5608 2966 5645 ιι
2989 5591 3124 5649 Vita
3144 5603 3344 5649 sanctae
3370 5593 3543 5648 Bade-

1964 5664 2189 5742 gundis,
2199 5682 2357 5742 num.
2386 5664 2440 5742 ιτ

2034 5739 2116 5812 (b)
2153 5734 2480 5796 Chrismaria
2506 5748 2634 5789 vasa
2664 5743 2816 5788 erant
2856 5737 2920 5788 ad
2975 5735 3341 5807 recipiendum
3390 5734 3543 5791 Chri-
