4108 6352
578 465 637 528 7i
1378 476 1691 535 SANCTUS
1731 472 2124 537 GERMANUS,
2172 469 2588 529 PARISIENSIS
2626 467 3010 526 EPISCOPUS.

3754 465 3833 524 1'2

580 605 672 660 per
700 574 920 647 domum
949 589 1255 646 volitantem
1302 590 1731 663 insequerentur,
1765 592 1880 659 ipse
1921 591 2147 645 Sanctus
2175 593 2225 652 Α
2254 587 2456 656 potuit:
2489 585 2841 654 manibusque
2885 581 3172 638 contractis
3219 582 3284 637 ad
3328 582 3590 654 reliquias
3630 585 3832 653 sancti,

579 683 690 737 suis
712 697 832 737 eam
862 683 1112 738 contrivit
1139 683 1378 753 vestigiis
1407 701 1421 738 :
1450 694 1506 739 et
1532 698 1652 737 cum
1677 681 1810 751 pede
1830 682 2149 749 comprime-

579 782 745 839 retur,
777 787 1035 828 conversa
1064 783 1147 829 est
1176 782 1397 845 repente
1421 774 1576 828 fallax
1607 775 1659 828 in
1691 775 2028 843 sanguinem,
2053 789 2144 843 ge-

579 867 778 923 minato
807 869 1098 937 praeconio,
1129 879 1188 923 ut
1217 883 1315 924 nec
1341 869 1660 931 calcaretur,
1691 876 1745 923 et
1771 867 1854 922 sui
1883 881 2040 922 casus
2067 866 2152 920 in-

578 958 716 1013 dicio
743 958 1061 1014 multifarius
1087 959 1275 1015 artifex
1306 957 1460 1014 fieret
1485 959 1701 1028 sanguis
1722 1001 1737 1026 ,
1771 973 1894 1012 reus
1935 956 2150 1026 sangui-

579 1065 726 1105 nunt.

649 1141 783 1198 LIV.
814 1142 1079 1198 Producat
1134 1157 1296 1213 pagus
1324 1142 1632 1196 Oximensis
1666 1140 1742 1211 (a)
1789 1140 1929 1194 inter
1970 1149 2151 1192 nostra

579 1233 718 1303 quod
745 1249 896 1288 suum
923 1243 1025 1296 est,
1057 1249 1123 1288 ne
1148 1242 1392 1287 teneatur
1415 1232 1468 1286 in
1489 1232 1722 1285 obscuro
1744 1231 2044 1299 pesteritati
2065 1244 2152 1284 res

580 1325 789 1379 uminis.
825 1325 1098 1394 Siquidem
1139 1325 1218 1378 vir
1240 1322 1609 1378 sanctissimus
1669 1323 1734 1377 ad
1783 1321 1968 1376 villam
1999 1320 2153 1374 Tasi-

588 1415 782 1471 Iiacum
818 1415 1232 1486 (Ville-Taillac)
1261 1431 1380 1469 cum
1405 1414 1722 1469 declinassct
1757 1414 1970 1478 itinere,
1996 1412 2155 1467 offer-

580 1516 664 1562 tur
686 1507 734 1562 ei
765 1506 954 1562 mulier
979 1509 1061 1563 cui
1087 1510 1282 1576 duplex
1314 1506 1533 1561 morbus
1561 1513 1697 1572 erat,
1743 1505 1865 1560 inde
1896 1513 2150 1568 vetustas,

581 1597 704 1652 hinc
733 1600 968 1654 caecitas.
1007 1599 1246 1653 Salutem
1276 1598 1552 1667 deprecari
1585 1599 1761 1653 verbis
1799 1597 2153 1653 trementibus

577 1687 793 1757 incepit.
824 1690 936 1756 Qua
987 1688 1380 1759 supplicatione
1427 1698 1602 1743 motus
1646 1689 1789 1744 senis
1837 1686 2076 1742 mulieris
2103 1697 2156 1741 et

575 1781 766 1836 debilis
795 1782 1040 1836 oratione
1072 1782 1411 1850 praet-edente
1437 1783 1558 1837 oleo
1586 1780 1888 1849 superfuso,
1922 1780 2156 1834 lucernae

577 1872 853 1928 oculorum
885 1873 1113 1928 reddunt
1142 1873 1356 1927 luminis
1385 1873 1584 1934 radios,
1615 1881 1672 1928 et
1697 1873 1832 1927 datis
1855 1871 2153 1941 speculari-

2252 696 2408 734 manu
2441 678 2616 734 mariti
2649 687 2854 746 portata
2895 687 2994 730 est.
3028 674 3171 728 Inter
3202 675 3315 730 haec
3359 675 3488 748 dicti
3521 681 3830 744 paenitens,

2253 773 2537 826 miserante
2563 771 2650 840 pio
2681 771 2794 824 viro
2822 768 2981 823 saluti
3011 767 3230 822 reducta
3258 777 3342 821 est
3364 807 3381 833 ,
3423 768 3685 823 confitens
3714 769 3840 837 ejus

2251 865 2505 932 despectu
2535 864 2633 918 sibi
2665 863 3001 932 repentinum
3033 862 3327 916 accessisse
3357 861 3673 930 periculum.

2324 957 2505 1011 LVIII.
2539 957 2604 1010 Et
2632 957 2880 1026 quoniam
2927 971 3024 1010 suo
3057 956 3250 1009 merito
3279 957 3486 1010 semina
3515 956 3708 1010 salutis
3739 971 3844 1025 per

2259 1065 2477 1119 quaque
2511 1051 2626 1103 lora
2677 1051 2914 1118 dispersa
2963 1058 3106 1114 sunt,
3139 1048 3360 1118 contigit
3408 1059 3465 1102 ut
3505 1049 3843 1104 venerabilis

2255 1142 2514 1196 Flameris
2545 1141 2678 1194 abba
2721 1142 2787 1195 de
2835 1140 3051 1194 (ladone
3089 1138 3330 1208 (Chinon,
3374 1154 3528 1209 supra
3573 1139 3839 1210 Ligerim)

2255 1231 2543 1297 Turouit-o,
2591 1246 2750 1285 manu
2794 1231 2933 1284 beati
2982 1230 3233 1284 Germani
3284 1228 3642 1300 subscriptam
3680 1245 3845 1285 acce-

2255 1325 2420 1394 pisset
2448 1325 2754 1393 epistolam.
2775 1324 2875 1388 Qui
2900 1339 3021 1378 cum
3052 1338 3207 1377 suum
3235 1323 3555 1378 monachum
3584 1339 3676 1392 per
3699 1324 3844 1380 duos

2254 1430 2421 1469 annos
2451 1415 2686 1470 febribus
2713 1415 3064 1470 decubautem
3091 1415 3158 1468 ad
3181 1414 3436 1469 lectulum
3461 1414 3727 1483 visitaret,
3752 1432 3846 1471 re-

2257 1509 2419 1578 quirit
2447 1507 2686 1561 infirmus
2707 1507 2848 1562 unde
2871 1507 3117 1562 venisset
3150 1509 3360 1576 pagina.
3395 1507 3684 1576 Respondit
3699 1508 3845 1565 abba

2255 1615 2286 1654 a
2313 1600 2531 1655 domino
2554 1600 2824 1656 Germano
2852 1601 2951 1654 sibi
2982 1597 3147 1654 fuisse
3167 1598 3447 1655 directam.
3479 1599 3648 1667 Quam
3676 1603 3846 1668 petiit

2258 1693 2355 1747 sibi
2382 1693 2598 1762 porrigi.
2631 1693 2731 1758 Qui
2761 1691 2829 1745 de
2858 1691 3247 1759 subscriptione
3282 1690 3404 1762 ejus
3441 1693 3619 1761 lingua
3661 1692 3846 1748 deter-

2256 1801 2387 1857 gens
2435 1788 2700 1849 litteram,
2732 1785 2873 1839 salus
2915 1784 3194 1839 descendit
3232 1787 3284 1840 in
3338 1786 3568 1848 viscera,
3602 1794 3659 1840 et
3696 1799 3846 1840 atra—

2258 1881 2418 1935 menti
2454 1881 2656 1949 pictura
2688 1889 2876 1934 concta
2906 1880 3031 1933 vicit
3061 1889 3345 1949 unguenta.
3380 1876 3532 1934 Unde
3569 1880 3846 1948 approba-

578 1965 675 2022 bus
697 1967 929 2022 tenebrae
952 1967 1218 2039 fugerunt.
1253 1968 1367 2036 Qua
1391 1968 1703 2034 illotuinata,
1731 1969 1838 2022 Deo
1867 1966 2153 2022 reddeutcs

2270 1983 2369 2029 tum
2393 1984 2473 2027 est
2505 1973 2750 2043 langtttdo
2771 1982 3087 2040 recuperato
3111 1983 3166 2026 ut
3185 1973 3428 2027 dicamus
3459 1973 3844 2040 communiter,

579 2060 803 2128 gloriam
834 2077 930 2130 per
961 2077 1116 2124 quem
1145 2061 1387 2116 Christus
1415 2069 1689 2131 operatur,
1719 2070 1956 2116 astantes
1985 2060 2156 2115 sancti

586 2152 836 2209 Germani
868 2156 1154 2224 pracouati
1185 2164 1306 2209 sunt
1336 2157 1548 2211 merita.

649 2246 757 2302 LV.
792 2247 1164 2304 Dinumerandi
1197 2258 1322 2302 sunt
1361 2247 1554 2314 morbi,
1589 2257 1647 2301 ut
1680 2247 1998 2315 przedicetur
2039 2246 2157 2300 fons

580 2340 794 2394 medici.
831 2341 1099 2410 Dauingus
1131 2340 1335 2394 Ardulfi
1385 2339 1525 2393 filius
1567 2340 1637 2392 ita
1667 2339 1862 2407 capite,
1901 2338 2067 2393 oculis
2105 2347 2160 2392 et

581 2431 704 2484 t0tis
742 2428 998 2500 hydrOpis
1047 2431 1231 2484 morbo
1274 2439 1462 2483 tensus
1501 2439 1618 2483 erat
1648 2429 1960 2491 visceribus,
2007 2437 2062 2480 ut
2106 2429 2158 2481 in

590 2520 724 2574 utris
753 2520 1149 2575 similitudinem
1179 2521 1328 2590 quasi
1376 2530 1519 2575 tutus
1563 2529 1748 2574 venter
1791 2529 1954 2584 esset,
1998 2535 2162 2588 pene-

584 2611 735 2666 tralis
765 2611 1013 2666 vitalibus
1042 2612 1187 2666 velut
1216 2614 1412 2666 vitrum
1464 2611 1762 2680 perluceret
1803 2611 1994 2666 infecta
2025 2612 2163 2666 cutis

587 2707 929 2762 intrinsecus.
959 2707 1056 2774 Qui
1089 2722 1120 2761 a
1149 2707 1370 2760 medicis
1401 2707 1738 2775 desperatus,
1767 2706 1830 2759 ad
1857 2705 2003 2760 Beati
2031 2720 2162 2759 con-

584 2797 717 2867 fugit
744 2807 978 2853 extrema
1008 2807 1152 2852 sorte
1183 2797 1500 2852 remedium.
1532 2797 1700 2863 Quem
1749 2813 1875 2851 mox
1925 2797 2162 2852 vestibus

583 2899 800 2945 exutum
832 2900 888 2945 et
912 2891 1078 2944 sacris
1124 2890 1371 2943 manibus
1404 2899 1754 2957 perunctum,
1789 2889 2039 2958 hydropis
2082 2887 2164 2942 in-

583 2984 761 3039 clusus
789 2984 956 3053 liquor
984 2984 1195 3053 liquore
1226 2983 1584 3051 consumitur,
1625 2993 1683 3039 et
1729 2998 1861 3050 aqua
1896 2982 2165 3038 inlusione

585 3079 684 3134 olei
718 3079 1034 3134 desiccatur.
1060 3078 1149 3132 Sic
1182 3077 1340 3130 modo
1367 3077 1666 3131 admirabili
1690 3091 1787 3132 nec
1818 3077 2006 3131 humor
2035 3077 2164 3130 foris

585 3187 832 3241 egressus
880 3179 991 3233 est,
1038 3185 1136 3223 nec
1168 3170 1310 3223 intus
1339 3168 1561 3237 languor
1609 3179 1846 3223 retentus
1889 3178 2003 3235 est,
2052 3177 2167 3224 arte

553 3263 910 3335 ‘pra-dicaliili
943 3264 1217 3317 humorem
1247 3278 1313 3316 ex
1353 3262 1576 3316 hutnore
1606 3261 1814 3317 siccari.

2258 2063 2325 2119 de
2347 2064 2527 2120 Sancti
2552 2063 2944 2130 subscriptione
2966 2063 3066 2117 sibi
3097 2066 3321 2116 salutem
3346 2063 3587 2118 liniisse.

2331 2155 2464 2210 LIX.
2501 2155 2699 2210 Dehinc
2724 2171 2844 2209 cum
2876 2155 2942 2210 ad
2968 2156 3264 2209 Carnonam
3289 2154 3512 2224 (Charuy
3532 2195 3547 2218 ,
3588 2156 3637 2208 in
3670 2162 3849 2209 tractu

2261 2248 2612 2317 Wastineusi)
2645 2248 2923 2304 castellum
2976 2248 3294 2312 accederet;
3329 2246 3545 2316 quidam
3589 2262 3646 2301 se
3683 2245 3733 2301 ei
3764 2247 3848 2299 itt-

2261 2343 2397 2412 gerit
2419 2355 2574 2394 manu
2607 2348 2882 2394 contraeta
2911 2338 3098 2394 debitis
3129 2354 3221 2407 pro
3251 2353 3316 2393 eo
3347 2338 3489 2408 quod
3517 2338 3604 2393 die
3657 2337 3848 2392 Domi-

2270 2434 2390 2487 nico
2417 2432 2614 2502 aliquid
2658 2443 2910 2502 operatus
2957 2430 3045 2485 sit.
3095 2433 3261 2497 Quem
3314 2431 3568 2500 praecepit
3612 2430 3667 2484 'tu
3719 2429 3850 2485 villa

2266 2523 2334 2578 Ca
2345 2524 2486 2578 riaco
2507 2521 2744 2593 (Chevry)
2772 2530 2891 2590 post
2919 2537 2976 2578 se
3004 2520 3252 2576 festiuum
3285 2536 3590 2578 occurrere.
3613 2523 3726 2588 Quo
3747 2535 3850 2574 ac-

2265 2616 2512 2683 cedente,
2547 2615 2671 2669 dom
2723 2614 2915 2683 digitos
2969 2613 3084 2684 ejus
3135 2630 3289 2672 sacro
3342 2624 3662 2686 peruttgcret
3689 2613 3850 2679 oleo,

2265 2707 2441 2763 subito
2471 2708 2610 2761 sicca
2645 2708 2816 2776 palma
2871 2706 3152 2762 revirescit
3181 2722 3244 2762 ex
3275 2707 3460 2762 altera.
3497 2706 3721 2762 Astricta
3751 2721 3850 2760 cu-

2267 2800 2334 2853 tis
2365 2799 2574 2852 ossibns
2606 2800 2990 2853 intercurrente
3021 2797 3245 2852 humore
3266 2799 3524 2853 relaxavit
3564 2797 3847 2853 articulos.

2266 2890 2544 2947 Juuctura:
2571 2905 2705 2958 pene
2729 2890 3005 2953 disiunctae
3031 2890 3383 2944 retenduntur
3411 2890 3462 2944 in
3491 2889 3706 2958 digitos,
3741 2891 3852 2943 ari-

2269 2983 2410 3040 ditas
2450 2983 2701 3036 diuturna
2734 2981 2932 3036 stll'usa
2961 2981 3253 3036 reflorescit
3283 2983 3332 3036 in
3360 2998 3511 3042 vena.
3559 2985 3854 3051 statimque

2267 3076 2490 3130 vulnere
2519 3077 2697 3130 clausa
2735 3075 2954 3131 dextera
2978 3075 3116 3131 inter
3145 3091 3334 3131 manus
3357 3077 3546 3132 medici
3568 3091 3697 3133 sana
3724 3077 3855 3131 red-

2274 3167 2420 3223 ditur
2447 3176 2502 3223 et
2527 3168 2783 3223 distensa.
3197 3153 3208 3160 ’

2341 3263 2452 3319 LX.
2494 3266 2699 3320 Accidit
2734 3274 2792 3319 ttt
2819 3275 3034 3321 sanctus
3075 3265 3158 3321 vir
3203 3280 3449 3321 remeans
3494 3265 3564 3320 de
3610 3264 3852 3320 Namne-

657 3355 786 3410 LVI.
822 3354 952 3408 Item
983 3370 1104 3409 cum
1137 3354 1200 3406 ad
1237 3354 1510 3408 basilicam
1560 3353 1988 3408 beatissimorum
2029 3353 2158 3407 Ger-
2185 3327 2234 3388 θ
2267 3359 2393 3422 tico,
2438 3359 2652 3412 domum
2715 3359 2978 3414 Nuunichi
3025 3359 3243 3415 illustris
3285 3359 3394 3432 [AL
3442 3357 3672 3430 illuster]
3721 3359 3849 3412 illu-

585 3448 718 3503 vasii
748 3455 799 3502 et
831 3446 1054 3500 Protasii
1106 3444 1763 3514 vigilaturus_accederet,
1795 3441 2010 3513 quidam
2058 3458 2161 3496 ete-

582 3556 677 3598 cus
723 3540 912 3595 institit
958 3536 1378 3593 misericordiam
1433 3537 1734 3604 postulans.
1780 3533 1878 3587 Cui
1927 3535 2007 3587 vir
2054 3532 2149 3587 Dei

585 3632 836 3705 praecepit
863 3635 997 3686 inter
1019 3631 1185 3683 altare
1212 3639 1264 3681 et
1295 3637 1603 3681 sanctorum
1637 3624 1892 3694 reliquias
1925 3634 1981 3678 ut
2015 3623 2162 3692 jace-

583 3738 683 3783 ret.
714 3727 832 3792 Quo
880 3734 1098 3793 peracto
1126 3723 1301 3791 primo
1344 3719 1601 3782 diluculo,
1633 3732 1757 3771 mox
1788 3732 1949 3784 super
1978 3716 2163 3770 oculos

585 3822 795 3892 signum
820 3819 991 3871 crucis
1019 3815 1216 3878 intulit,
1244 3814 1328 3866 lux
1361 3811 1578 3866 ellulsit.
1616 3811 1682 3863 Et
1712 3819 1852 3864 totus
1875 3809 2028 3865 labor
2051 3823 2163 3864 me-

591 3909 698 3966 dici
724 3922 906 3962 curam
931 3915 1122 3959 virtute
1150 3907 1326 3959 crucis
1358 3902 1635 3970 impendit.

659 4001 815 4058 LVII.
847 3998 1036 4055 Mulier
1064 3998 1130 4052 de
1162 3997 1448 4051 Oximense
1475 4004 1662 4064 petens
1689 3994 2111 4062 redemptionem
2135 4011 2162 4047 a

587 4105 771 4153 sancto
793 4094 909 4148 viro
931 4134 946 4157 ,
973 4106 1073 4161 qua
1097 4097 1262 4152 sorte,
1289 4087 1420 4141 nihil
1449 4087 1696 4154 accipere
1722 4087 1931 4141 meruit.
1958 4086 2164 4140 Dehinc

591 4190 901 4245 Britannum
931 4185 1304 4254 presbyterum
1332 4196 1431 4250 pro
1465 4180 1776 4234 infirmitate
1817 4179 2039 4233 rectoris
2067 4193 2164 4248 pa-

589 4281 702 4335 triae
728 4294 838 4334 suae
868 4275 1294 4332 benedictionem
1345 4273 1585 4342 praedicti
1628 4280 1682 4326 et
1727 4271 1976 4341 reliquias
2006 4287 2168 4341 expe-

590 4373 692 4427 tiit.
722 4368 822 4438 Qui
844 4370 944 4424 iter
965 4383 1120 4422 suum
1149 4365 1450 4436 egrediens,
1480 4363 1810 4417 mansionem
1841 4365 1889 4416 iit
1923 4362 2165 4432 villaftjua

593 4463 841 4534 prmdicta
887 4459 1080 4514 mulier
1121 4457 1396 4513 habitabat
1436 4456 1682 4510 obtinuit.
1733 4455 1900 4520 Quam
1947 4454 2168 4509 maritus

591 4559 852 4612 allocutus
876 4564 932 4608 ut
960 4555 1097 4609 sicut
1123 4553 1211 4606 alii
1239 4562 1294 4605 et
1321 4552 1371 4618 ip
1405 4552 1416 4602 i
1447 4549 1510 4603 ad
1547 4552 1802 4619 reliquias
1831 4549 2016 4604 domui
2037 4547 2168 4605 Ger-

597 4647 740 4703 mani
771 4655 1136 4702 occurrerent.
1169 4645 1297 4710 Qute
1329 4641 1569 4711 despexit
1602 4657 1695 4711 pro
1717 4659 1780 4696 co
1803 4644 1942 4711 quod
1968 4642 2016 4696 ei
2046 4657 2166 4697 san-

594 4752 711 4794 ctus
738 4739 816 4793 vir
847 4739 1268 4804 redemptionem
1318 4750 1422 4788 nou
1478 4735 1717 4789 dederat.
1751 4737 1856 4791 Sed
1889 4738 2066 4792 statim
2118 4737 2170 4790 in

596 4834 716 4889 loco
743 4847 848 4903 quo
875 4831 1022 4885 stetit
1044 4829 1185 4884 velut
1214 4828 1316 4882 lixa
1348 4829 1527 4898 stipite
1555 4843 1798 4897 gressum
1823 4845 2037 4884 movere
2065 4845 2170 4885 non

670 4967 746 5038 (a)
786 4966 958 5038 Vicus
980 4964 1289 5038 _0ximensis
1310 4963 1619 5038 (Hyesme),
1647 4965 1695 5018 in
1729 4964 2084 5029 Normannia,
2109 4979 2172 5038 ex

605 5035 772 5092 saneti
803 5036 1003 5106 Ebrnlti
1034 5035 1354 5090 monasterio
1393 5052 1584 5090 nomen
1627 5037 1851 5106 accepit,
1889 5035 2174 5090 vernacule

609 5105 1013 5164 Saittl-Ettroul.

674 5179 746 5249 (b)
789 5177 1001 5230 Pltrasis
1033 5177 1289 5249 inusitata
1324 5186 1375 5231 et
1412 5177 1702 5233 Fortunato
1747 5177 2048 5249 peculiaris,
2098 5175 2180 5249 ab

603 5267 668 5304 eo
696 5247 884 5301 iterum
918 5250 968 5300 in
993 5248 1084 5303 lib.
1113 5265 1124 5302 I
1149 5247 1281 5302 Vita:
1311 5258 1506 5303 sancttc
1528 5248 1888 5318 Radegundis,
1915 5265 2060 5301 num.
2090 5247 2176 5311 Μ,

606 5333 880 5385 usurpata,
931 5319 1021 5372 sed
1077 5319 1355 5387 utrobique
1396 5321 1446 5372 in
1490 5321 1636 5374 libris
1685 5320 1841 5374 editis
1895 5319 2181 5386 depravata

606 5389 927 5444 foedissime.
979 5389 1127 5442 Hunc
1158 5392 1326 5443 locum
1363 5391 1550 5444 Surins
1599 5389 1951 5445 recentiorum
2001 5402 2184 5441 exent-

613 5460 835 5529 plarium
865 5460 1016 5512 [idem
1041 5474 1250 5515 seetttus
1276 5461 1344 5512 ita
1367 5462 1604 5524 exhibet,
1642 5481 1656 5511 l
1682 5459 1884 5529 Vigiliis
1908 5462 1958 5509 itt
1983 5457 2183 5512 honore

611 5528 779 5584 sancti
809 5529 993 5583 eodem
1024 5532 1073 5585 iu
1101 5533 1336 5586 oratorio
1372 5532 1563 5584 devote
1593 5528 1872 5584 celebratis
1910 5543 1971 5580 ac
1998 5529 2184 5590 missa,

612 5602 678 5655 de
709 5603 952 5669 praesenti
979 5613 1156 5657 curata
1189 5613 1292 5657 est.
1331 5623 1347 5654 ι
1385 5601 1614 5655 Omnino
1637 5614 1764 5652 vero
1793 5597 2185 5669 exemplaribus

613 5668 916 5727 veterrimis
949 5675 996 5726 itt
1033 5686 1263 5728 nosmim
1301 5673 1580 5734 lectionem
1613 5687 1656 5724 cl
1678 5669 1926 5723 euntibus
1955 5668 2188 5721 Subscri-

613 5743 865 5798 liendum.
913 5744 1049 5810 Quid
1104 5759 1231 5811 ergo
1281 5744 1432 5796 missa
1487 5741 1768 5795 revocata?
1824 5739 2025 5804 Nempe
2073 5738 2188 5792 dies

619 5816 782 5868 festus
833 5831 1006 5869 annua
1055 5815 1311 5878 vertigine
1361 5826 1661 5866 recurrens.
1716 5811 1866 5864 Patet
1917 5825 1980 5860 ex
2033 5823 2186 5863 conc.

621 5886 870 5940 I’isteusis
892 5902 1010 5954 cap.
1039 5882 1072 5936 5
1098 5903 1109 5936 ;
1141 5905 1157 5935 ‹
1186 5885 1467 5938 Communi
1493 5884 1683 5952 placito
1698 5879 2191 5954 conSIituituustnt

620 5972 782 6028 usque
813 5956 878 6012 ad
917 5948 1129 6012 missam
1158 5955 1350 6027 (sancti
1390 5948 1662 6024 ilcririgii),
1697 5953 1794 6010 hoc
1825 5961 1900 6005 cst
1936 5948 2188 6005 kalendas

2264 3458 2458 3504 straret
2487 3462 2540 3505 ct
2593 3452 2834 3519 vestigia.
2881 3451 2954 3506 De
2980 3451 3134 3522 cujus
3186 3461 3332 3506 veste
3381 3461 3645 3515 matrona.
3694 3460 3852 3519 rapto

2267 3539 2496 3595 fideliter
2523 3540 2629 3606 filo,
2662 3541 2904 3594 recondit
2948 3541 2999 3595 in
3032 3543 3296 3607 oratorio;
3343 3557 3459 3611 quae
3494 3541 3855 3596 valetudinem

2265 3632 2473 3686 irruens
2500 3631 2844 3705 [incurrens].
2880 3634 3075 3705 vigitiis
3106 3635 3156 3687 itt
3190 3634 3394 3688 honore
3423 3634 3593 3688 sancti
3632 3631 3846 3687 solent-

2265 3725 2404 3778 niter
2441 3725 2724 3779 celebratis
2764 3740 2826 3779 ac
2871 3728 3034 3780 missa
3088 3735 3334 3781 revocata
3384 3727 3458 3796 (ὁ)
3500 3727 3568 3782 de
3599 3727 3852 3796 praisehti

2264 3826 2442 3870 curata
2474 3826 2573 3871 est.
2627 3818 2698 3872 Ita
2731 3819 3068 3875 Beatissimus
3101 3837 3205 3874 non
3237 3821 3412 3874 solum
3443 3836 3606 3877 manu
3635 3822 3848 3877 sanavit

2265 3908 2404 3980 quod
2437 3910 2633 3980 tetigit.
2666 3911 2757 3964 sed
2790 3912 3097 3967 netninatus
3127 3927 3285 3967 curas
3309 3912 3528 3980 sparsit.

2337 4003 2475 4057 LXI.
2517 4004 2678 4058 Attila
2723 4004 2804 4057 vir
2837 4004 3045 4059 illuster
3093 4019 3156 4059 ac
3188 4005 3379 4074 regalis
3410 4005 3546 4060 aulae
3591 4005 3856 4060 domesti-

2268 4109 2658 4159 cus,corruens
2685 4095 2737 4149 in
2762 4095 2974 4162 balneo,
3011 4097 3136 4152 lreso
3167 4098 3398 4167 graviter
3427 4097 3668 4163 brachio,
3702 4115 3844 4152 cont-

2269 4197 2542 4256 pntrnerat
2577 4188 2691 4251 ipsa
2723 4199 2830 4244 tota
2861 4205 3050 4246 manus
3075 4191 3142 4246 ab
3192 4190 3436 4247 humero.
3490 4191 3590 4258 Qui
3643 4190 3855 4246 medico

2268 4278 2506 4333 adhibito
2535 4279 2661 4335 dttm
2710 4297 2890 4335 curam
2937 4281 3097 4338 vellet
3152 4282 3474 4352 impendere,
3530 4292 3687 4352 rupta
3723 4296 3856 4337 vena

2268 4368 2532 4424 viscerum
2579 4385 2714 4440 pene
2755 4372 2930 4425 omnis
2961 4371 3012 4424 in
3055 4384 3325 4426 momento
3369 4373 3490 4426 vitae
3529 4374 3742 4442 sanguis
3772 4372 3856 4426 ef-

2271 4458 2418 4514 fusus
2450 4470 2556 4515 est.
2598 4460 2884 4515 Nuntiatur
2933 4461 3176 4517 Pontilici
3236 4463 3504 4516 hominem
3551 4477 3669 4517 esse
3697 4464 3745 4516 itt
3780 4461 3860 4515 fu-

2270 4566 2416 4606 nere.
2452 4552 2669 4605 Pietatis
2723 4551 2974 4619 impnlsu,
3025 4553 3260 4607 occurrit
3298 4554 3499 4608 senior.
3550 4554 3718 4619 Quem
3779 4553 3860 4606 Ia-

2274 4645 2474 4715 crymis
2526 4643 2952 4698 conclamantum
2998 4646 3114 4699 sine
3144 4646 3249 4699 ulla
3305 4659 3400 4712 spe
3447 4647 3616 4699 oculis
3666 4645 3862 4698 clausis

2278 4754 2593 4811 oppressum
2653 4739 2853 4793 invenit
2899 4742 3221 4808 expositum.
3270 4738 3433 4808 Cujus
3486 4738 3568 4794 vix
3621 4739 3863 4807 adaperit

2279 4829 2456 4886 fauces
2483 4847 2601 4885 cum
2641 4830 2843 4885 cultelli
2874 4830 3178 4896 manubrio,
3225 4830 3465 4885 oratione
3518 4830 3667 4899 prius
3713 4829 3859 4896 data,

2280 4965 2494 5029 0ctob.,
2535 4964 2764 5031 Spatium
2795 4964 3015 5016 habeant
3059 4963 3133 5016 illi
3164 4963 3251 5029 qui
3286 4963 3338 5016 in
3370 4963 3486 5017 istis
3532 4965 3863 5027 temporibus

2285 5037 2415 5090 istas
2441 5035 2866 5103 depraedationes
2892 5044 2944 5086 et
2968 5033 3070 5086 alia
3103 5034 3241 5086 male
3271 5033 3406 5087 facta
3439 5035 3790 5088 criminaliter
3809 5047 3864 5090 et

2289 5107 2502 5173 publice
2527 5106 2787 5168 fecerunt,
2820 5112 2876 5156 ttt
2909 5104 3029 5157 inde
3049 5104 3188 5172 apud
3216 5105 3494 5158 Dominum
3519 5116 3572 5158 et
3600 5106 3743 5174 apud
3770 5121 3867 5162 eos

2287 5177 2524 5245 (quibus)
2580 5175 2940 5245 malefeccrunt
2997 5189 3054 5227 se
3108 5175 3401 5243 pacilicent.
3456 5193 3474 5226 ι
3535 5177 3586 5227 lu
3644 5178 3863 5242 capitul.

2287 5247 2382 5300 I’tb.
2417 5262 2477 5310 tt,
2509 5244 2626 5314 cap.
2663 5246 2749 5309 Ili,
2775 5244 2995 5299 Carolus
3023 5245 3243 5314 Magnus
3273 5256 3497 5299 monetae
3517 5246 3868 5301 emendandi:

2286 5317 2534 5372 eoncetlit
2561 5317 2787 5384 spatium
2824 5330 2990 5385 usque
3037 5317 3101 5369 ad
3147 5317 3358 5369 missam
3401 5315 3570 5370 sancti
3618 5316 3866 5382 Martini;

2289 5397 2340 5441 et
2373 5402 2491 5454 cap.
2525 5388 2617 5450 9.0,
2651 5386 2902 5453 pontibus
2931 5386 3281 5440 resarciendis
3322 5387 3385 5439 ad
3433 5386 3648 5440 missam
3697 5390 3868 5442 sancti

2289 5456 2536 5512 Andrem.
2569 5459 2628 5511 Si
2659 5456 2816 5526 igitur
2845 5458 3002 5511 missa
3034 5455 3201 5511 sancti
3233 5456 3477 5525 Ilemigii,
3523 5456 3690 5511 sancti
3731 5458 3872 5514 Mar.

2292 5528 2409 5593 tini,
2434 5528 2599 5581 sancti
2628 5529 2852 5582 Andreae
2879 5543 2971 5593 pro
2987 5527 3072 5580 die
3101 5528 3227 5594 ipsis
3248 5526 3422 5580 dicato
3447 5530 3694 5590 sumitur,
3725 5538 3784 5581 ut
3802 5545 3867 5584 ex

2291 5598 2421 5652 locis
2471 5599 2712 5653 adductis
2760 5597 3095 5650 manifestum
3135 5608 3239 5660 est,
3285 5606 3431 5652 recte
3473 5607 3528 5650 et
3546 5599 3610 5651 ad
3665 5607 3863 5653 textum

2293 5671 2534 5737 apposite
2562 5669 2905 5723 Fortunatum
2941 5668 3024 5719 hic
3054 5669 3120 5720 de
3147 5668 3528 5733 anniversario,
3558 5677 3614 5721 ut
3642 5667 3870 5735 loquun-

2296 5749 2401 5804 tur,
2437 5742 2554 5793 testi
2586 5743 2750 5792 sancti
2781 5738 3028 5808 Germani
3055 5753 3290 5808 recursu
3339 5738 3676 5808 interpretari
3721 5742 3867 5803 licet.

2292 5826 2390 5863 nec
2416 5811 2570 5864 aliter
2598 5813 2821 5863 fortasse
2854 5805 2993 5860 licet.
3039 5807 3173 5861 Cum
3200 5807 3342 5863 enim
3380 5811 3447 5862 de
3480 5805 3640 5863 sacro
3681 5823 3869 5866 sancto

2293 5880 2470 5934 missae
2493 5880 2754 5935 sacriﬁcio
2784 5878 2829 5932 is
2857 5886 3042 5932 auctor
3070 5879 3200 5948 agit.
3235 5895 3339 5934 non
3367 5881 3568 5936 recedit
3583 5879 3650 5934 ab
3675 5885 3870 5938 usitato

2296 5950 2546 6020 loquendi
2583 5966 2748 6015 more,
2782 5962 2962 6017 Supra,
2987 5964 3135 6005 num.
3167 5949 3257 6004 45.
