  <div class='ocr_page' id='page_1' title='image "/cluster/home/n/w/nwhite01/storage/ocr_20150623/72/hvd.32044015469364/044.png"; bbox 0 0 4108 6352; ppageno 0'>
   <div class='ocr_carea' id='block_1_1' title="bbox 297 426 1885 493">
    <p class='ocr_par' dir='ltr' id='par_1_1' title="bbox 297 427 1884 482">
     <span class='ocr_line' id='line_1_1' title="bbox 297 427 1884 482; baseline 0.001 -2"><span class='ocrx_word' id='word_1_1' title='bbox 297 427 365 480; x_wconf 71' lang='grc'><strong>73</strong></span> <span class='ocrx_word' id='word_1_2' title='bbox 1821 428 1884 482; x_wconf 92' lang='lat' dir='ltr'><strong>VI</strong></span> 
     </span>
    </p>
   </div>
   <div class='ocr_carea' id='block_1_2' title="bbox 1989 426 3557 493">
    <p class='ocr_par' dir='ltr' id='par_1_2' title="bbox 1989 436 3557 493">
     <span class='ocr_line' id='line_1_2' title="bbox 1989 436 3557 493; baseline 0.007 -12"><span class='ocrx_word' id='word_1_3' title='bbox 1989 466 2001 481; x_wconf 91' lang='lat'><strong>.</strong></span> <span class='ocrx_word' id='word_1_4' title='bbox 3487 436 3557 493; x_wconf 67' lang='grc'><strong>74</strong></span> 
     </span>
    </p>
   </div>
   <div class='ocr_carea' id='block_1_3' title="bbox 297 539 3557 615">
    <p class='ocr_par' dir='ltr' id='par_1_3' title="bbox 297 539 3557 615">
     <span class='ocr_line' id='line_1_3' title="bbox 297 539 3557 615; baseline 0.002 -19"><span class='ocrx_word' id='word_1_5' title='bbox 297 541 480 596; x_wconf 88' lang='lat' dir='ltr'><strong>intulit</strong></span> <span class='ocrx_word' id='word_1_6' title='bbox 519 539 569 596; x_wconf 92' lang='lat' dir='ltr'><strong>ei</strong></span> <span class='ocrx_word' id='word_1_7' title='bbox 600 542 652 595; x_wconf 91' lang='lat' dir='ltr'><strong>in</strong></span> <span class='ocrx_word' id='word_1_8' title='bbox 691 555 784 594; x_wconf 89' lang='lat' dir='ltr'><strong>ore</strong></span> <span class='ocrx_word' id='word_1_9' title='bbox 813 539 1082 609; x_wconf 85' lang='lat' dir='ltr'><strong>paululum</strong></span> <span class='ocrx_word' id='word_1_10' title='bbox 1116 555 1265 610; x_wconf 78' lang='lat' dir='ltr'><strong>aqua:</strong></span> <span class='ocrx_word' id='word_1_11' title='bbox 1314 541 1520 612; x_wconf 72' lang='lat' dir='ltr'><strong>frigidm</strong></span> <span class='ocrx_word' id='word_1_12' title='bbox 1567 541 1755 606; x_wconf 80' lang='lat' dir='ltr'><strong>semel,</strong></span> <span class='ocrx_word' id='word_1_13' title='bbox 1782 555 1866 595; x_wconf 86' lang='lat' dir='ltr'><strong>se-</strong></span> <span class='ocrx_word' id='word_1_14' title='bbox 1892 547 1944 601; x_wconf 79' lang='grc' dir='ltr'>Α</span> <span class='ocrx_word' id='word_1_15' title='bbox 1969 541 2201 593; x_wconf 88' lang='lat' dir='ltr'><strong>clamore</strong></span> <span class='ocrx_word' id='word_1_16' title='bbox 2256 539 2606 608; x_wconf 72' lang='lat' dir='ltr'><strong>prosequitur,</strong></span> <span class='ocrx_word' id='word_1_17' title='bbox 2664 541 2828 596; x_wconf 91' lang='lat' dir='ltr'><strong>multa</strong></span> <span class='ocrx_word' id='word_1_18' title='bbox 2884 543 2998 611; x_wconf 89' lang='lat' dir='ltr'><strong>ipse</strong></span> <span class='ocrx_word' id='word_1_19' title='bbox 3050 545 3448 615; x_wconf 82' lang='lat' dir='ltr'><strong>concrepitans,</strong></span> <span class='ocrx_word' id='word_1_20' title='bbox 3497 548 3557 604; x_wconf 63' lang='lat' dir='ltr'><strong>ut</strong></span> 
     </span>
    </p>
   </div>
   <div class='ocr_carea' id='block_1_4' title="bbox 297 632 1877 703">
    <p class='ocr_par' dir='ltr' id='par_1_4' title="bbox 297 632 1877 703">
     <span class='ocr_line' id='line_1_4' title="bbox 297 632 1877 703; baseline -0.001 -15"><span class='ocrx_word' id='word_1_21' title='bbox 297 633 474 688; x_wconf 90' lang='lat' dir='ltr'><strong>cundo</strong></span> <span class='ocrx_word' id='word_1_22' title='bbox 513 632 598 687; x_wconf 89' lang='lat' dir='ltr'><strong>vel</strong></span> <span class='ocrx_word' id='word_1_23' title='bbox 641 633 812 686; x_wconf 91' lang='lat' dir='ltr'><strong>tertio.</strong></span> <span class='ocrx_word' id='word_1_24' title='bbox 864 632 1076 687; x_wconf 90' lang='lat' dir='ltr'><strong>Interim</strong></span> <span class='ocrx_word' id='word_1_25' title='bbox 1107 643 1422 702; x_wconf 84' lang='lat' dir='ltr'><strong>exspectans</strong></span> <span class='ocrx_word' id='word_1_26' title='bbox 1452 635 1569 703; x_wconf 85' lang='lat' dir='ltr'><strong>quis</strong></span> <span class='ocrx_word' id='word_1_27' title='bbox 1619 643 1754 690; x_wconf 91' lang='lat' dir='ltr'><strong>esset</strong></span> <span class='ocrx_word' id='word_1_28' title='bbox 1803 634 1877 688; x_wconf 88' lang='lat' dir='ltr'><strong>rei</strong></span> 
     </span>
    </p>
   </div>
   <div class='ocr_carea' id='block_1_5' title="bbox 298 725 1874 793">
    <p class='ocr_par' dir='ltr' id='par_1_5' title="bbox 298 725 1874 793">
     <span class='ocr_line' id='line_1_5' title="bbox 298 725 1874 793; baseline 0.002 -13"><span class='ocrx_word' id='word_1_29' title='bbox 298 725 493 789; x_wconf 70' lang='lat' dir='ltr'><strong>exitus,</strong></span> <span class='ocrx_word' id='word_1_30' title='bbox 524 725 722 780; x_wconf 77' lang='lat' dir='ltr'><strong>assedit</strong></span> <span class='ocrx_word' id='word_1_31' title='bbox 750 726 893 780; x_wconf 92' lang='lat' dir='ltr'><strong>circa</strong></span> <span class='ocrx_word' id='word_1_32' title='bbox 925 725 1193 782; x_wconf 78' lang='lat' dir='ltr'><strong>lectulum.</strong></span> <span class='ocrx_word' id='word_1_33' title='bbox 1241 728 1532 783; x_wconf 85' lang='lat' dir='ltr'><strong>Transacta</strong></span> <span class='ocrx_word' id='word_1_34' title='bbox 1579 729 1687 785; x_wconf 90' lang='lat' dir='ltr'><strong>fere</strong></span> <span class='ocrx_word' id='word_1_35' title='bbox 1726 729 1874 793; x_wconf 91' lang='lat' dir='ltr'><strong>hora,</strong></span> 
     </span>
    </p>
   </div>
   <div class='ocr_carea' id='block_1_6' title="bbox 301 820 1879 890">
    <p class='ocr_par' dir='ltr' id='par_1_6' title="bbox 301 820 1879 890">
     <span class='ocr_line' id='line_1_6' title="bbox 301 820 1879 890; baseline 0.004 -16"><span class='ocrx_word' id='word_1_36' title='bbox 301 820 538 874; x_wconf 84' lang='lat' dir='ltr'><strong>redivivo</strong></span> <span class='ocrx_word' id='word_1_37' title='bbox 577 820 808 890; x_wconf 76' lang='lat' dir='ltr'><strong>singultu</strong></span> <span class='ocrx_word' id='word_1_38' title='bbox 859 823 1194 876; x_wconf 87' lang='lat' dir='ltr'><strong>exanimatus</strong></span> <span class='ocrx_word' id='word_1_39' title='bbox 1246 827 1568 890; x_wconf 77' lang='lat' dir='ltr'><strong>concutitur,</strong></span> <span class='ocrx_word' id='word_1_40' title='bbox 1619 841 1683 882; x_wconf 88' lang='lat' dir='ltr'><strong>ac</strong></span> <span class='ocrx_word' id='word_1_41' title='bbox 1705 825 1879 880; x_wconf 83' lang='lat' dir='ltr'><strong>mollis</strong></span> 
     </span>
    </p>
   </div>
   <div class='ocr_carea' id='block_1_7' title="bbox 299 912 1878 972">
    <p class='ocr_par' dir='ltr' id='par_1_7' title="bbox 299 912 1878 972">
     <span class='ocr_line' id='line_1_7' title="bbox 299 912 1878 972; baseline 0.006 -10"><span class='ocrx_word' id='word_1_42' title='bbox 299 922 446 965; x_wconf 87' lang='lat' dir='ltr'><strong>motu</strong></span> <span class='ocrx_word' id='word_1_43' title='bbox 475 912 744 966; x_wconf 84' lang='lat' dir='ltr'><strong>anhelitus</strong></span> <span class='ocrx_word' id='word_1_44' title='bbox 774 925 1028 968; x_wconf 82' lang='lat' dir='ltr'><strong>evocatus</strong></span> <span class='ocrx_word' id='word_1_45' title='bbox 1056 914 1345 970; x_wconf 90' lang='lat' dir='ltr'><strong>reducitur.</strong></span> <span class='ocrx_word' id='word_1_46' title='bbox 1390 916 1642 972; x_wconf 85' lang='lat' dir='ltr'><strong>Faucium</strong></span> <span class='ocrx_word' id='word_1_47' title='bbox 1674 927 1878 972; x_wconf 87' lang='lat' dir='ltr'><strong>meatus</strong></span> 
     </span>
    </p>
   </div>
   <div class='ocr_carea' id='block_1_8' title="bbox 299 1001 1876 1075">
    <p class='ocr_par' dir='ltr' id='par_1_8' title="bbox 299 1001 1876 1075">
     <span class='ocr_line' id='line_1_8' title="bbox 299 1001 1876 1075; baseline 0.004 -19"><span class='ocrx_word' id='word_1_48' title='bbox 299 1002 552 1056; x_wconf 79' lang='lat' dir='ltr'><strong>relaxatis</strong></span> <span class='ocrx_word' id='word_1_49' title='bbox 597 1001 890 1058; x_wconf 81' lang='lat' dir='ltr'><strong>visceribus</strong></span> <span class='ocrx_word' id='word_1_50' title='bbox 914 1005 1104 1073; x_wconf 86' lang='lat' dir='ltr'><strong>spiritu</strong></span> <span class='ocrx_word' id='word_1_51' title='bbox 1147 1006 1537 1063; x_wconf 88' lang='lat' dir='ltr'><strong>intercurrente</strong></span> <span class='ocrx_word' id='word_1_52' title='bbox 1578 1009 1876 1075; x_wconf 88' lang='lat' dir='ltr'><strong>reducitur,</strong></span> 
     </span>
    </p>
   </div>
   <div class='ocr_carea' id='block_1_9' title="bbox 298 1093 1875 1161">
    <p class='ocr_par' dir='ltr' id='par_1_9' title="bbox 298 1093 1875 1161">
     <span class='ocr_line' id='line_1_9' title="bbox 298 1093 1875 1161; baseline 0.006 -16"><span class='ocrx_word' id='word_1_53' title='bbox 298 1093 553 1161; x_wconf 81' lang='lat' dir='ltr'><strong>paulatim</strong></span> <span class='ocrx_word' id='word_1_54' title='bbox 590 1095 989 1160; x_wconf 85' lang='lat' dir='ltr'><strong>convalescens,</strong></span> <span class='ocrx_word' id='word_1_55' title='bbox 1046 1097 1151 1152; x_wconf 88' lang='lat' dir='ltr'><strong>vita</strong></span> <span class='ocrx_word' id='word_1_56' title='bbox 1209 1097 1276 1152; x_wconf 91' lang='lat' dir='ltr'><strong>de</strong></span> <span class='ocrx_word' id='word_1_57' title='bbox 1333 1108 1506 1154; x_wconf 86' lang='lat' dir='ltr'><strong>morte</strong></span> <span class='ocrx_word' id='word_1_58' title='bbox 1565 1099 1875 1155; x_wconf 86' lang='lat' dir='ltr'><strong>revertitur.</strong></span> 
     </span>
    </p>
   </div>
   <div class='ocr_carea' id='block_1_10' title="bbox 302 1182 1878 1259">
    <p class='ocr_par' dir='ltr' id='par_1_10' title="bbox 302 1182 1878 1259">
     <span class='ocr_line' id='line_1_10' title="bbox 302 1182 1878 1259; baseline 0.006 -22"><span class='ocrx_word' id='word_1_59' title='bbox 302 1182 504 1239; x_wconf 89' lang='lat' dir='ltr'><strong>Dehine</strong></span> <span class='ocrx_word' id='word_1_60' title='bbox 532 1186 681 1255; x_wconf 89' lang='lat' dir='ltr'><strong>quasi</strong></span> <span class='ocrx_word' id='word_1_61' title='bbox 709 1185 774 1240; x_wconf 93' lang='lat' dir='ltr'><strong>de</strong></span> <span class='ocrx_word' id='word_1_62' title='bbox 796 1200 988 1256; x_wconf 90' lang='lat' dir='ltr'><strong>sopore</strong></span> <span class='ocrx_word' id='word_1_63' title='bbox 1032 1188 1459 1258; x_wconf 75' lang='lat' dir='ltr'><strong>expergefactus,</strong></span> <span class='ocrx_word' id='word_1_64' title='bbox 1494 1190 1783 1259; x_wconf 81' lang='lat' dir='ltr'><strong>interrogat</strong></span> <span class='ocrx_word' id='word_1_65' title='bbox 1811 1190 1878 1246; x_wconf 89' lang='lat' dir='ltr'><strong>ad</strong></span> 
     </span>
    </p>
   </div>
   <div class='ocr_carea' id='block_1_11' title="bbox 297 1275 1878 1346">
    <p class='ocr_par' dir='ltr' id='par_1_11' title="bbox 297 1275 1878 1346">
     <span class='ocr_line' id='line_1_11' title="bbox 297 1275 1878 1346; baseline 0.004 -16"><span class='ocrx_word' id='word_1_66' title='bbox 297 1285 456 1344; x_wconf 84' lang='lat' dir='ltr'><strong>caput</strong></span> <span class='ocrx_word' id='word_1_67' title='bbox 485 1275 600 1346; x_wconf 89' lang='lat' dir='ltr'><strong>ejus</strong></span> <span class='ocrx_word' id='word_1_68' title='bbox 626 1276 745 1346; x_wconf 90' lang='lat' dir='ltr'><strong>quis</strong></span> <span class='ocrx_word' id='word_1_69' title='bbox 789 1276 904 1331; x_wconf 92' lang='lat' dir='ltr'><strong>fuit.</strong></span> <span class='ocrx_word' id='word_1_70' title='bbox 937 1277 1140 1332; x_wconf 86' lang='lat' dir='ltr'><strong>Adesse</strong></span> <span class='ocrx_word' id='word_1_71' title='bbox 1171 1279 1423 1334; x_wconf 88' lang='lat' dir='ltr'><strong>domuum</strong></span> <span class='ocrx_word' id='word_1_72' title='bbox 1472 1280 1798 1334; x_wconf 87' lang='lat' dir='ltr'><strong>Germanum</strong></span> <span class='ocrx_word' id='word_1_73' title='bbox 1848 1295 1878 1336; x_wconf 89' lang='lat' dir='ltr'><strong>a</strong></span> 
     </span>
    </p>
   </div>
   <div class='ocr_carea' id='block_1_12' title="bbox 297 1367 1874 1428">
    <p class='ocr_par' dir='ltr' id='par_1_12' title="bbox 297 1367 1874 1428">
     <span class='ocr_line' id='line_1_12' title="bbox 297 1367 1874 1428; baseline 0.005 -8"><span class='ocrx_word' id='word_1_74' title='bbox 297 1367 769 1424; x_wconf 87' lang='lat' dir='ltr'><strong>circumstantibus</strong></span> <span class='ocrx_word' id='word_1_75' title='bbox 838 1368 1050 1424; x_wconf 89' lang='lat' dir='ltr'><strong>dicitur.</strong></span> <span class='ocrx_word' id='word_1_76' title='bbox 1127 1370 1365 1425; x_wconf 84' lang='lat' dir='ltr'><strong>Postulat</strong></span> <span class='ocrx_word' id='word_1_77' title='bbox 1421 1387 1635 1426; x_wconf 85' lang='lat' dir='ltr'><strong>manum</strong></span> <span class='ocrx_word' id='word_1_78' title='bbox 1689 1372 1874 1428; x_wconf 87' lang='lat' dir='ltr'><strong>Sancti</strong></span> 
     </span>
    </p>
   </div>
   <div class='ocr_carea' id='block_1_13' title="bbox 300 1457 1874 1532">
    <p class='ocr_par' dir='ltr' id='par_1_13' title="bbox 300 1457 1874 1532">
     <span class='ocr_line' id='line_1_13' title="bbox 300 1457 1874 1532; baseline 0.006 -22"><span class='ocrx_word' id='word_1_79' title='bbox 300 1458 402 1526; x_wconf 81' lang='lat' dir='ltr'><strong>sibi</strong></span> <span class='ocrx_word' id='word_1_80' title='bbox 434 1457 712 1529; x_wconf 81' lang='lat' dir='ltr'><strong>dignanter</strong></span> <span class='ocrx_word' id='word_1_81' title='bbox 741 1459 960 1530; x_wconf 83' lang='lat' dir='ltr'><strong>porrigi,</strong></span> <span class='ocrx_word' id='word_1_82' title='bbox 995 1461 1064 1515; x_wconf 90' lang='lat' dir='ltr'><strong>ita</strong></span> <span class='ocrx_word' id='word_1_83' title='bbox 1092 1460 1356 1530; x_wconf 86' lang='lat' dir='ltr'><strong>incipiens</strong></span> <span class='ocrx_word' id='word_1_84' title='bbox 1385 1461 1620 1532; x_wconf 89' lang='lat' dir='ltr'><strong>alloqui:</strong></span> <span class='ocrx_word' id='word_1_85' title='bbox 1649 1463 1874 1530; x_wconf 89' lang='lat' dir='ltr'><strong>Domne,</strong></span> 
     </span>
    </p>
   </div>
   <div class='ocr_carea' id='block_1_14' title="bbox 263 1550 1880 1626">
    <p class='ocr_par' dir='ltr' id='par_1_14' title="bbox 263 1550 1880 1626">
     <span class='ocr_line' id='line_1_14' title="bbox 263 1550 1880 1626; baseline 0.004 -24"><span class='ocrx_word' id='word_1_86' title='bbox 263 1564 368 1626; x_wconf 57' lang='grc' dir='ltr'><strong>,ια</strong></span> <span class='ocrx_word' id='word_1_87' title='bbox 410 1564 494 1604; x_wconf 90' lang='lat' dir='ltr'><strong>me</strong></span> <span class='ocrx_word' id='word_1_88' title='bbox 548 1550 811 1604; x_wconf 88' lang='lat' dir='ltr'><strong>revocasti</strong></span> <span class='ocrx_word' id='word_1_89' title='bbox 885 1550 1044 1621; x_wconf 87' lang='lat' dir='ltr'><strong>longo</strong></span> <span class='ocrx_word' id='word_1_90' title='bbox 1120 1562 1335 1607; x_wconf 90' lang='lat' dir='ltr'><strong>euntem</strong></span> <span class='ocrx_word' id='word_1_91' title='bbox 1390 1552 1603 1608; x_wconf 88' lang='lat' dir='ltr'><strong>itinere.</strong></span> <span class='ocrx_word' id='word_1_92' title='bbox 1665 1555 1880 1611; x_wconf 91' lang='lat' dir='ltr'><strong>Statim-</strong></span> 
     </span>
    </p>
   </div>
   <div class='ocr_carea' id='block_1_15' title="bbox 291 1639 1877 1713">
    <p class='ocr_par' dir='ltr' id='par_1_15' title="bbox 291 1639 1877 1713">
     <span class='ocr_line' id='line_1_15' title="bbox 291 1639 1877 1713; baseline 0.006 -22"><span class='ocrx_word' id='word_1_93' title='bbox 291 1666 402 1713; x_wconf 57' lang='grc' dir='ltr'><strong>,ενδ</strong></span> <span class='ocrx_word' id='word_1_94' title='bbox 429 1639 617 1694; x_wconf 85' lang='lat' dir='ltr'><strong>obtulit</strong></span> <span class='ocrx_word' id='word_1_95' title='bbox 643 1641 910 1697; x_wconf 90' lang='lat' dir='ltr'><strong>sacculum</strong></span> <span class='ocrx_word' id='word_1_96' title='bbox 942 1643 1153 1712; x_wconf 92' lang='lat' dir='ltr'><strong>plenum</strong></span> <span class='ocrx_word' id='word_1_97' title='bbox 1178 1647 1401 1712; x_wconf 90' lang='lat' dir='ltr'><strong>pecunia</strong></span> <span class='ocrx_word' id='word_1_98' title='bbox 1429 1655 1480 1699; x_wconf 91' lang='lat' dir='ltr'><strong>et</strong></span> <span class='ocrx_word' id='word_1_99' title='bbox 1507 1646 1739 1701; x_wconf 87' lang='lat' dir='ltr'><strong>balteum</strong></span> <span class='ocrx_word' id='word_1_100' title='bbox 1765 1663 1877 1701; x_wconf 91' lang='lat' dir='ltr'><strong>am-</strong></span> 
     </span>
    </p>
   </div>
   <div class='ocr_carea' id='block_1_16' title="bbox 295 1730 1880 1807">
    <p class='ocr_par' dir='ltr' id='par_1_16' title="bbox 295 1730 1880 1807">
     <span class='ocr_line' id='line_1_16' title="bbox 295 1730 1880 1807; baseline 0.01 -29"><span class='ocrx_word' id='word_1_101' title='bbox 295 1735 366 1804; x_wconf 77' lang='lat' dir='ltr'><strong>pli</strong></span> <span class='ocrx_word' id='word_1_102' title='bbox 385 1730 655 1804; x_wconf 88' lang='lat' dir='ltr'><strong>ponderis,</strong></span> <span class='ocrx_word' id='word_1_103' title='bbox 678 1746 812 1802; x_wconf 92' lang='lat' dir='ltr'><strong>quos</strong></span> <span class='ocrx_word' id='word_1_104' title='bbox 828 1735 1146 1804; x_wconf 86' lang='lat' dir='ltr'><strong>pauperibus</strong></span> <span class='ocrx_word' id='word_1_105' title='bbox 1167 1747 1412 1807; x_wconf 81' lang='lat' dir='ltr'><strong>erogaret</strong></span> <span class='ocrx_word' id='word_1_106' title='bbox 1435 1739 1733 1795; x_wconf 88' lang='lat' dir='ltr'><strong>mercedem</strong></span> <span class='ocrx_word' id='word_1_107' title='bbox 1757 1740 1880 1795; x_wconf 64' lang='lat' dir='ltr'><strong>vitae</strong></span> 
     </span>
    </p>
   </div>
   <div class='ocr_carea' id='block_1_17' title="bbox 291 1821 615 1895">
    <p class='ocr_par' dir='ltr' id='par_1_17' title="bbox 291 1821 615 1895">
     <span class='ocr_line' id='line_1_17' title="bbox 291 1821 615 1895; baseline 0 -18"><span class='ocrx_word' id='word_1_108' title='bbox 291 1825 378 1878; x_wconf 80' lang='lat' dir='ltr'><strong>vel</strong></span> <span class='ocrx_word' id='word_1_109' title='bbox 407 1821 615 1895; x_wconf 67' lang='lat' dir='ltr'><strong>gratiae.</strong></span> 
     </span>
    </p>
   </div>
   <div class='ocr_carea' id='block_1_18' title="bbox 1981 631 3554 700">
    <p class='ocr_par' dir='ltr' id='par_1_18' title="bbox 1981 631 3554 700">
     <span class='ocr_line' id='line_1_18' title="bbox 1981 631 3554 700; baseline 0.005 -14"><span class='ocrx_word' id='word_1_110' title='bbox 1981 631 2124 700; x_wconf 89' lang='lat' dir='ltr'><strong>loqui</strong></span> <span class='ocrx_word' id='word_1_111' title='bbox 2154 632 2287 686; x_wconf 91' lang='lat' dir='ltr'><strong>solet</strong></span> <span class='ocrx_word' id='word_1_112' title='bbox 2309 632 2600 688; x_wconf 86' lang='lat' dir='ltr'><strong>calamitas.</strong></span> <span class='ocrx_word' id='word_1_113' title='bbox 2632 633 2780 688; x_wconf 91' lang='lat' dir='ltr'><strong>Tunc</strong></span> <span class='ocrx_word' id='word_1_114' title='bbox 2809 635 2978 689; x_wconf 91' lang='lat' dir='ltr'><strong>sancti</strong></span> <span class='ocrx_word' id='word_1_115' title='bbox 3008 634 3259 691; x_wconf 89' lang='lat' dir='ltr'><strong>Germani</strong></span> <span class='ocrx_word' id='word_1_116' title='bbox 3285 652 3447 693; x_wconf 91' lang='lat' dir='ltr'><strong>manu</strong></span> <span class='ocrx_word' id='word_1_117' title='bbox 3473 639 3554 694; x_wconf 84' lang='lat' dir='ltr'><strong>lu-</strong></span> 
     </span>
    </p>
   </div>
   <div class='ocr_carea' id='block_1_19' title="bbox 1981 724 3556 802">
    <p class='ocr_par' dir='ltr' id='par_1_19' title="bbox 1981 724 3556 802">
     <span class='ocr_line' id='line_1_19' title="bbox 1981 724 3556 802; baseline 0.005 -25"><span class='ocrx_word' id='word_1_118' title='bbox 1981 739 2104 778; x_wconf 91' lang='lat' dir='ltr'><strong>men</strong></span> <span class='ocrx_word' id='word_1_119' title='bbox 2135 725 2186 778; x_wconf 94' lang='lat' dir='ltr'><strong>in</strong></span> <span class='ocrx_word' id='word_1_120' title='bbox 2211 724 2382 779; x_wconf 88' lang='lat' dir='ltr'><strong>locum</strong></span> <span class='ocrx_word' id='word_1_121' title='bbox 2414 725 2706 790; x_wconf 89' lang='lat' dir='ltr'><strong>reducitur,</strong></span> <span class='ocrx_word' id='word_1_122' title='bbox 2755 736 2808 782; x_wconf 92' lang='lat' dir='ltr'><strong>et</strong></span> <span class='ocrx_word' id='word_1_123' title='bbox 2851 727 2918 782; x_wconf 91' lang='lat' dir='ltr'><strong>ab</strong></span> <span class='ocrx_word' id='word_1_124' title='bbox 2943 742 3008 783; x_wconf 93' lang='lat' dir='ltr'><strong>eo</strong></span> <span class='ocrx_word' id='word_1_125' title='bbox 3048 728 3112 784; x_wconf 91' lang='lat' dir='ltr'><strong>ad</strong></span> <span class='ocrx_word' id='word_1_126' title='bbox 3152 729 3365 785; x_wconf 88' lang='lat' dir='ltr'><strong>beatum</strong></span> <span class='ocrx_word' id='word_1_127' title='bbox 3399 732 3556 802; x_wconf 84' lang='lat' dir='ltr'><strong>Sym-</strong></span> 
     </span>
    </p>
   </div>
   <div class='ocr_carea' id='block_1_20' title="bbox 1981 811 3552 890">
    <p class='ocr_par' dir='ltr' id='par_1_20' title="bbox 1981 811 3552 890">
     <span class='ocr_line' id='line_1_20' title="bbox 1981 811 3552 890; baseline 0.007 -25"><span class='ocrx_word' id='word_1_128' title='bbox 1981 811 2294 880; x_wconf 91' lang='lat' dir='ltr'><strong>phorianum</strong></span> <span class='ocrx_word' id='word_1_129' title='bbox 2325 814 2592 884; x_wconf 86' lang='lat' dir='ltr'><strong>dirigitur.</strong></span> <span class='ocrx_word' id='word_1_130' title='bbox 2653 815 2757 882; x_wconf 87' lang='lat' dir='ltr'><strong>Qui</strong></span> <span class='ocrx_word' id='word_1_131' title='bbox 2810 831 2908 886; x_wconf 90' lang='lat' dir='ltr'><strong>pro</strong></span> <span class='ocrx_word' id='word_1_132' title='bbox 2959 818 3074 886; x_wconf 92' lang='lat' dir='ltr'><strong>ipso</strong></span> <span class='ocrx_word' id='word_1_133' title='bbox 3120 819 3300 874; x_wconf 89' lang='lat' dir='ltr'><strong>tandiu</strong></span> <span class='ocrx_word' id='word_1_134' title='bbox 3357 821 3552 890; x_wconf 83' lang='lat' dir='ltr'><strong>vigiliis</strong></span> 
     </span>
    </p>
   </div>
   <div class='ocr_carea' id='block_1_21' title="bbox 1980 900 3559 979">
    <p class='ocr_par' dir='ltr' id='par_1_21' title="bbox 1980 900 3559 979">
     <span class='ocr_line' id='line_1_21' title="bbox 1980 900 3559 979; baseline 0.008 -24"><span class='ocrx_word' id='word_1_135' title='bbox 1980 902 2191 970; x_wconf 91' lang='lat' dir='ltr'><strong>institit,</strong></span> <span class='ocrx_word' id='word_1_136' title='bbox 2223 900 2394 960; x_wconf 92' lang='lat' dir='ltr'><strong>donec</strong></span> <span class='ocrx_word' id='word_1_137' title='bbox 2421 905 2650 961; x_wconf 91' lang='lat' dir='ltr'><strong>amissus</strong></span> <span class='ocrx_word' id='word_1_138' title='bbox 2673 907 2858 962; x_wconf 91' lang='lat' dir='ltr'><strong>oculus</strong></span> <span class='ocrx_word' id='word_1_139' title='bbox 2913 919 3131 977; x_wconf 85' lang='lat' dir='ltr'><strong>purgata</strong></span> <span class='ocrx_word' id='word_1_140' title='bbox 3180 911 3402 979; x_wconf 90' lang='lat' dir='ltr'><strong>pristina</strong></span> <span class='ocrx_word' id='word_1_141' title='bbox 3445 928 3559 968; x_wconf 89' lang='lat' dir='ltr'><strong>ma-</strong></span> 
     </span>
    </p>
   </div>
   <div class='ocr_carea' id='block_1_22' title="bbox 1979 993 3557 1067">
    <p class='ocr_par' dir='ltr' id='par_1_22' title="bbox 1979 993 3557 1067">
     <span class='ocr_line' id='line_1_22' title="bbox 1979 993 3557 1067; baseline 0.006 -19"><span class='ocrx_word' id='word_1_142' title='bbox 1979 995 2096 1048; x_wconf 91' lang='lat' dir='ltr'><strong>cula</strong></span> <span class='ocrx_word' id='word_1_143' title='bbox 2127 993 2308 1049; x_wconf 91' lang='lat' dir='ltr'><strong>addito</strong></span> <span class='ocrx_word' id='word_1_144' title='bbox 2339 995 2596 1051; x_wconf 83' lang='lat' dir='ltr'><strong>beneficio</strong></span> <span class='ocrx_word' id='word_1_145' title='bbox 2625 998 2881 1067; x_wconf 85' lang='lat' dir='ltr'><strong>integrior</strong></span> <span class='ocrx_word' id='word_1_146' title='bbox 2916 999 3158 1055; x_wconf 90' lang='lat' dir='ltr'><strong>redditur</strong></span> <span class='ocrx_word' id='word_1_147' title='bbox 3180 1041 3195 1066; x_wconf 94' lang='lat'><strong>,</strong></span> <span class='ocrx_word' id='word_1_148' title='bbox 3254 1010 3307 1057; x_wconf 91' lang='lat' dir='ltr'><strong>et</strong></span> <span class='ocrx_word' id='word_1_149' title='bbox 3365 1003 3557 1059; x_wconf 88' lang='lat' dir='ltr'><strong>melius</strong></span> 
     </span>
    </p>
   </div>
   <div class='ocr_carea' id='block_1_23' title="bbox 1979 1087 3563 1161">
    <p class='ocr_par' dir='ltr' id='par_1_23' title="bbox 1979 1087 3563 1161">
     <span class='ocr_line' id='line_1_23' title="bbox 1979 1087 3563 1161; baseline 0.006 -21"><span class='ocrx_word' id='word_1_150' title='bbox 1979 1087 2115 1140; x_wconf 87' lang='lat' dir='ltr'><strong>redit</strong></span> <span class='ocrx_word' id='word_1_151' title='bbox 2140 1095 2255 1155; x_wconf 91' lang='lat' dir='ltr'><strong>post</strong></span> <span class='ocrx_word' id='word_1_152' title='bbox 2283 1087 2523 1155; x_wconf 86' lang='lat' dir='ltr'><strong>vulnera,</strong></span> <span class='ocrx_word' id='word_1_153' title='bbox 2549 1104 2705 1158; x_wconf 91' lang='lat' dir='ltr'><strong>quam</strong></span> <span class='ocrx_word' id='word_1_154' title='bbox 2738 1090 2876 1157; x_wconf 92' lang='lat' dir='ltr'><strong>quod</strong></span> <span class='ocrx_word' id='word_1_155' title='bbox 2925 1100 3081 1146; x_wconf 92' lang='lat' dir='ltr'><strong>natus</strong></span> <span class='ocrx_word' id='word_1_156' title='bbox 3110 1101 3226 1147; x_wconf 90' lang='lat' dir='ltr'><strong>erat</strong></span> <span class='ocrx_word' id='word_1_157' title='bbox 3255 1106 3350 1161; x_wconf 91' lang='lat' dir='ltr'><strong>per</strong></span> <span class='ocrx_word' id='word_1_158' title='bbox 3398 1103 3563 1149; x_wconf 85' lang='lat' dir='ltr'><strong>natu-</strong></span> 
     </span>
    </p>
   </div>
   <div class='ocr_carea' id='block_1_24' title="bbox 1979 1177 3558 1252">
    <p class='ocr_par' dir='ltr' id='par_1_24' title="bbox 1979 1177 3558 1252">
     <span class='ocr_line' id='line_1_24' title="bbox 1979 1177 3558 1252; baseline 0.004 -21"><span class='ocrx_word' id='word_1_159' title='bbox 1979 1190 2113 1231; x_wconf 85' lang='lat' dir='ltr'><strong>ram.</strong></span> <span class='ocrx_word' id='word_1_160' title='bbox 2151 1177 2249 1244; x_wconf 90' lang='lat' dir='ltr'><strong>Qui</strong></span> <span class='ocrx_word' id='word_1_161' title='bbox 2293 1177 2626 1234; x_wconf 88' lang='lat' dir='ltr'><strong>Florentinus</strong></span> <span class='ocrx_word' id='word_1_162' title='bbox 2657 1178 3012 1252; x_wconf 74' lang='lat' dir='ltr'><strong>(Florentium</strong></span> <span class='ocrx_word' id='word_1_163' title='bbox 3038 1185 3198 1251; x_wconf 81' lang='lat' dir='ltr'><strong>episc.</strong></span> <span class='ocrx_word' id='word_1_164' title='bbox 3232 1182 3558 1251; x_wconf 66' lang='lat' dir='ltr'><strong>Mutinam),</strong></span> 
     </span>
    </p>
   </div>
   <div class='ocr_carea' id='block_1_25' title="bbox 1980 1269 3556 1345">
    <p class='ocr_par' dir='ltr' id='par_1_25' title="bbox 1980 1269 3556 1345">
     <span class='ocr_line' id='line_1_25' title="bbox 1980 1269 3556 1345; baseline 0.005 -21"><span class='ocrx_word' id='word_1_165' title='bbox 1980 1269 2235 1339; x_wconf 90' lang='lat' dir='ltr'><strong>deinceps</strong></span> <span class='ocrx_word' id='word_1_166' title='bbox 2269 1271 2551 1326; x_wconf 78' lang='lat' dir='ltr'><strong>Matiscone</strong></span> <span class='ocrx_word' id='word_1_167' title='bbox 2573 1272 2807 1344; x_wconf 79' lang='grc' dir='ltr'><strong>(Μὰσοη)</strong></span> <span class='ocrx_word' id='word_1_168' title='bbox 2834 1275 3113 1330; x_wconf 88' lang='lat' dir='ltr'><strong>ordinatus</strong></span> <span class='ocrx_word' id='word_1_169' title='bbox 3141 1285 3223 1332; x_wconf 90' lang='lat' dir='ltr'><strong>est</strong></span> <span class='ocrx_word' id='word_1_170' title='bbox 3249 1278 3556 1345; x_wconf 89' lang='lat' dir='ltr'><strong>episcopus.</strong></span> 
     </span>
    </p>
   </div>
   <div class='ocr_carea' id='block_1_26' title="bbox 2052 1359 3559 1436">
    <p class='ocr_par' dir='ltr' id='par_1_26' title="bbox 2052 1359 3559 1436">
     <span class='ocr_line' id='line_1_26' title="bbox 2052 1359 3559 1436; baseline 0.005 -22"><span class='ocrx_word' id='word_1_171' title='bbox 2052 1359 2212 1415; x_wconf 96' lang='lat' dir='ltr'><strong>LXV.</strong></span> <span class='ocrx_word' id='word_1_172' title='bbox 2254 1364 2464 1428; x_wconf 88' lang='lat' dir='ltr'><strong>Quanta</strong></span> <span class='ocrx_word' id='word_1_173' title='bbox 2502 1377 2630 1417; x_wconf 91' lang='lat' dir='ltr'><strong>vero</strong></span> <span class='ocrx_word' id='word_1_174' title='bbox 2680 1361 2837 1419; x_wconf 89' lang='lat' dir='ltr'><strong>fuerit</strong></span> <span class='ocrx_word' id='word_1_175' title='bbox 2886 1366 3051 1419; x_wconf 90' lang='lat' dir='ltr'><strong>virtus</strong></span> <span class='ocrx_word' id='word_1_176' title='bbox 3097 1366 3216 1436; x_wconf 86' lang='lat' dir='ltr'><strong>ejus</strong></span> <span class='ocrx_word' id='word_1_177' title='bbox 3263 1367 3559 1435; x_wconf 84' lang='lat' dir='ltr'><strong>signaculi,</strong></span> 
     </span>
    </p>
   </div>
   <div class='ocr_carea' id='block_1_27' title="bbox 1981 1453 3565 1528">
    <p class='ocr_par' dir='ltr' id='par_1_27' title="bbox 1981 1453 3565 1528">
     <span class='ocr_line' id='line_1_27' title="bbox 1981 1453 3565 1528; baseline 0.006 -22"><span class='ocrx_word' id='word_1_178' title='bbox 1981 1453 2131 1508; x_wconf 90' lang='lat' dir='ltr'><strong>adest</strong></span> <span class='ocrx_word' id='word_1_179' title='bbox 2158 1455 2294 1508; x_wconf 90' lang='lat' dir='ltr'><strong>inter</strong></span> <span class='ocrx_word' id='word_1_180' title='bbox 2323 1453 2520 1523; x_wconf 89' lang='lat' dir='ltr'><strong>reliqua</strong></span> <span class='ocrx_word' id='word_1_181' title='bbox 2554 1469 2641 1510; x_wconf 89' lang='lat' dir='ltr'><strong>res</strong></span> <span class='ocrx_word' id='word_1_182' title='bbox 2668 1455 2769 1509; x_wconf 90' lang='lat' dir='ltr'><strong>ista</strong></span> <span class='ocrx_word' id='word_1_183' title='bbox 2799 1456 3091 1513; x_wconf 87' lang='lat' dir='ltr'><strong>testimonii</strong></span> <span class='ocrx_word' id='word_1_184' title='bbox 3113 1473 3232 1527; x_wconf 65' lang='lat' dir='ltr'><strong>quae</strong></span> <span class='ocrx_word' id='word_1_185' title='bbox 3253 1458 3565 1528; x_wconf 81' lang='lat' dir='ltr'><strong>producitur</strong></span> 
     </span>
    </p>
   </div>
   <div class='ocr_carea' id='block_1_28' title="bbox 1982 1543 3551 1612">
    <p class='ocr_par' dir='ltr' id='par_1_28' title="bbox 1982 1543 3551 1612">
     <span class='ocr_line' id='line_1_28' title="bbox 1982 1543 3551 1612; baseline 0.003 -16"><span class='ocrx_word' id='word_1_186' title='bbox 1982 1543 2034 1596; x_wconf 93' lang='lat' dir='ltr'><strong>in</strong></span> <span class='ocrx_word' id='word_1_187' title='bbox 2065 1545 2329 1612; x_wconf 87' lang='lat' dir='ltr'><strong>sequenti.</strong></span> <span class='ocrx_word' id='word_1_188' title='bbox 2361 1543 2493 1597; x_wconf 85' lang='lat' dir='ltr'><strong>Cum</strong></span> <span class='ocrx_word' id='word_1_189' title='bbox 2523 1544 2589 1599; x_wconf 91' lang='lat' dir='ltr'><strong>de</strong></span> <span class='ocrx_word' id='word_1_190' title='bbox 2606 1543 2823 1600; x_wconf 91' lang='lat' dir='ltr'><strong>basilica</strong></span> <span class='ocrx_word' id='word_1_191' title='bbox 2847 1547 3013 1600; x_wconf 90' lang='lat' dir='ltr'><strong>sancti</strong></span> <span class='ocrx_word' id='word_1_192' title='bbox 3045 1546 3340 1601; x_wconf 88' lang='lat' dir='ltr'><strong>Martiniad</strong></span> <span class='ocrx_word' id='word_1_193' title='bbox 3372 1547 3551 1602; x_wconf 87' lang='lat' dir='ltr'><strong>villam</strong></span> 
     </span>
    </p>
   </div>
   <div class='ocr_carea' id='block_1_29' title="bbox 1983 1634 3558 1707">
    <p class='ocr_par' dir='ltr' id='par_1_29' title="bbox 1983 1634 3558 1707">
     <span class='ocr_line' id='line_1_29' title="bbox 1983 1634 3558 1707; baseline 0.002 -17"><span class='ocrx_word' id='word_1_194' title='bbox 1983 1645 2178 1690; x_wconf 72' lang='lat' dir='ltr'><strong>sanctae</strong></span> <span class='ocrx_word' id='word_1_195' title='bbox 2209 1635 2450 1690; x_wconf 84' lang='lat' dir='ltr'><strong>ecclesiae</strong></span> <span class='ocrx_word' id='word_1_196' title='bbox 2474 1636 2756 1691; x_wconf 88' lang='lat' dir='ltr'><strong>Severiaco</strong></span> <span class='ocrx_word' id='word_1_197' title='bbox 2780 1635 2990 1706; x_wconf 78' lang='lat' dir='ltr'><strong>(Sivray</strong></span> <span class='ocrx_word' id='word_1_198' title='bbox 3017 1637 3154 1706; x_wconf 90' lang='lat' dir='ltr'><strong>apud</strong></span> <span class='ocrx_word' id='word_1_199' title='bbox 3177 1634 3443 1707; x_wconf 87' lang='lat' dir='ltr'><strong>Turones)</strong></span> <span class='ocrx_word' id='word_1_200' title='bbox 3470 1652 3558 1693; x_wconf 89' lang='lat' dir='ltr'><strong>re-</strong></span> 
     </span>
    </p>
   </div>
   <div class='ocr_carea' id='block_1_30' title="bbox 1981 1728 3562 1799">
    <p class='ocr_par' dir='ltr' id='par_1_30' title="bbox 1981 1728 3562 1799">
     <span class='ocr_line' id='line_1_30' title="bbox 1981 1728 3562 1799; baseline 0.001 -17"><span class='ocrx_word' id='word_1_201' title='bbox 1981 1738 2242 1794; x_wconf 91' lang='lat' dir='ltr'><strong>curreret,</strong></span> <span class='ocrx_word' id='word_1_202' title='bbox 2273 1728 2579 1798; x_wconf 73' lang='lat' dir='ltr'><strong>adjungitin</strong></span> <span class='ocrx_word' id='word_1_203' title='bbox 2610 1729 2799 1784; x_wconf 86' lang='lat' dir='ltr'><strong>itinere</strong></span> <span class='ocrx_word' id='word_1_204' title='bbox 2827 1729 3108 1798; x_wconf 89' lang='lat' dir='ltr'><strong>quemdam</strong></span> <span class='ocrx_word' id='word_1_205' title='bbox 3143 1731 3445 1785; x_wconf 86' lang='lat' dir='ltr'><strong>Amantium</strong></span> <span class='ocrx_word' id='word_1_206' title='bbox 3473 1729 3562 1799; x_wconf 88' lang='lat' dir='ltr'><strong>ju-</strong></span> 
     </span>
    </p>
   </div>
   <div class='ocr_carea' id='block_1_31' title="bbox 1982 1819 3562 1889">
    <p class='ocr_par' dir='ltr' id='par_1_31' title="bbox 1982 1819 3562 1889">
     <span class='ocr_line' id='line_1_31' title="bbox 1982 1819 3562 1889; baseline 0.001 -16"><span class='ocrx_word' id='word_1_207' title='bbox 1982 1833 2194 1885; x_wconf 90' lang='lat' dir='ltr'><strong>venem,</strong></span> <span class='ocrx_word' id='word_1_208' title='bbox 2243 1835 2399 1889; x_wconf 92' lang='lat' dir='ltr'><strong>quem</strong></span> <span class='ocrx_word' id='word_1_209' title='bbox 2423 1819 2771 1888; x_wconf 89' lang='lat' dir='ltr'><strong>deprehendit</strong></span> <span class='ocrx_word' id='word_1_210' title='bbox 2817 1819 3069 1876; x_wconf 84' lang='lat' dir='ltr'><strong>aJudaeis</strong></span> <span class='ocrx_word' id='word_1_211' title='bbox 3091 1821 3210 1876; x_wconf 92' lang='lat' dir='ltr'><strong>duci</strong></span> <span class='ocrx_word' id='word_1_212' title='bbox 3267 1835 3460 1876; x_wconf 91' lang='lat' dir='ltr'><strong>nexum</strong></span> <span class='ocrx_word' id='word_1_213' title='bbox 3507 1820 3562 1876; x_wconf 88' lang='lat' dir='ltr'><strong>in</strong></span> 
     </span>
    </p>
   </div>
   <div class='ocr_carea' id='block_1_32' title="bbox 367 1910 3562 1987">
    <p class='ocr_par' dir='ltr' id='par_1_32' title="bbox 367 1910 3562 1987">
     <span class='ocr_line' id='line_1_32' title="bbox 367 1910 3562 1987; baseline 0 -17"><span class='ocrx_word' id='word_1_214' title='bbox 367 1910 524 1971; x_wconf 85' lang='lat' dir='ltr'><strong>LXII.</strong></span> <span class='ocrx_word' id='word_1_215' title='bbox 567 1913 804 1986; x_wconf 86' lang='lat' dir='ltr'><strong>Pergens</strong></span> <span class='ocrx_word' id='word_1_216' title='bbox 858 1917 1299 1987; x_wconf 81' lang='lat' dir='ltr'><strong>Augustodunum</strong></span> <span class='ocrx_word' id='word_1_217' title='bbox 1345 1921 1427 1975; x_wconf 88' lang='lat' dir='ltr'><strong>vir</strong></span> <span class='ocrx_word' id='word_1_218' title='bbox 1466 1932 1682 1976; x_wconf 87' lang='lat' dir='ltr'><strong>sanctus</strong></span> <span class='ocrx_word' id='word_1_219' title='bbox 1721 1921 1881 1978; x_wconf 63' lang='lat' dir='ltr'><strong>Roga-</strong></span> <span class='ocrx_word' id='word_1_220' title='bbox 1911 1912 1960 1971; x_wconf 93' lang='lat' dir='ltr'><strong>B</strong></span> <span class='ocrx_word' id='word_1_221' title='bbox 1987 1912 2194 1967; x_wconf 88' lang='lat' dir='ltr'><strong>ferreis.</strong></span> <span class='ocrx_word' id='word_1_222' title='bbox 2229 1914 2537 1982; x_wconf 81' lang='lat' dir='ltr'><strong>Requiritur</strong></span> <span class='ocrx_word' id='word_1_223' title='bbox 2558 1915 2682 1983; x_wconf 88' lang='lat' dir='ltr'><strong>quid</strong></span> <span class='ocrx_word' id='word_1_224' title='bbox 2725 1913 2930 1969; x_wconf 90' lang='lat' dir='ltr'><strong>fecerit.</strong></span> <span class='ocrx_word' id='word_1_225' title='bbox 2984 1914 3123 1970; x_wconf 87' lang='lat' dir='ltr'><strong>Puer</strong></span> <span class='ocrx_word' id='word_1_226' title='bbox 3152 1914 3428 1986; x_wconf 89' lang='lat' dir='ltr'><strong>respondit</strong></span> <span class='ocrx_word' id='word_1_227' title='bbox 3469 1929 3562 1970; x_wconf 80' lang='lat' dir='ltr'><strong>ve-</strong></span> 
     </span>
    </p>
   </div>
   <div class='ocr_carea' id='block_1_33' title="bbox 294 2006 1880 2081">
    <p class='ocr_par' dir='ltr' id='par_1_33' title="bbox 294 2006 1880 2081">
     <span class='ocr_line' id='line_1_33' title="bbox 294 2006 1880 2081; baseline 0.005 -22"><span class='ocrx_word' id='word_1_228' title='bbox 294 2009 446 2077; x_wconf 80' lang='lat' dir='ltr'><strong>giaco</strong></span> <span class='ocrx_word' id='word_1_229' title='bbox 478 2006 698 2078; x_wconf 75' lang='lat' dir='ltr'><strong>(Rozoy,</strong></span> <span class='ocrx_word' id='word_1_230' title='bbox 737 2007 793 2062; x_wconf 90' lang='lat' dir='ltr'><strong>in</strong></span> <span class='ocrx_word' id='word_1_231' title='bbox 847 2008 991 2078; x_wconf 88' lang='lat' dir='ltr'><strong>Bria)</strong></span> <span class='ocrx_word' id='word_1_232' title='bbox 1039 2010 1165 2064; x_wconf 90' lang='lat' dir='ltr'><strong>dum</strong></span> <span class='ocrx_word' id='word_1_233' title='bbox 1207 2012 1468 2078; x_wconf 82' lang='lat' dir='ltr'><strong>pervenit,</strong></span> <span class='ocrx_word' id='word_1_234' title='bbox 1511 2015 1770 2081; x_wconf 90' lang='lat' dir='ltr'><strong>comperit</strong></span> <span class='ocrx_word' id='word_1_235' title='bbox 1814 2013 1880 2067; x_wconf 93' lang='lat' dir='ltr'><strong>ab</strong></span> 
     </span>
    </p>
   </div>
   <div class='ocr_carea' id='block_1_34' title="bbox 297 2100 1880 2173">
    <p class='ocr_par' dir='ltr' id='par_1_34' title="bbox 297 2100 1880 2173">
     <span class='ocr_line' id='line_1_34' title="bbox 297 2100 1880 2173; baseline 0.003 -19"><span class='ocrx_word' id='word_1_236' title='bbox 297 2100 518 2156; x_wconf 83' lang='lat' dir='ltr'><strong>Abbone</strong></span> <span class='ocrx_word' id='word_1_237' title='bbox 565 2100 820 2169; x_wconf 91' lang='lat' dir='ltr'><strong>quosdam</strong></span> <span class='ocrx_word' id='word_1_238' title='bbox 889 2111 1130 2156; x_wconf 90' lang='lat' dir='ltr'><strong>retrusos</strong></span> <span class='ocrx_word' id='word_1_239' title='bbox 1181 2104 1234 2157; x_wconf 89' lang='lat' dir='ltr'><strong>in</strong></span> <span class='ocrx_word' id='word_1_240' title='bbox 1289 2118 1523 2158; x_wconf 86' lang='lat' dir='ltr'><strong>carcere.</strong></span> <span class='ocrx_word' id='word_1_241' title='bbox 1573 2103 1736 2173; x_wconf 83' lang='lat' dir='ltr'><strong>Igitur</strong></span> <span class='ocrx_word' id='word_1_242' title='bbox 1787 2119 1880 2173; x_wconf 92' lang='lat' dir='ltr'><strong>pro</strong></span> 
     </span>
    </p>
   </div>
   <div class='ocr_carea' id='block_1_35' title="bbox 293 2192 1880 2265">
    <p class='ocr_par' dir='ltr' id='par_1_35' title="bbox 293 2192 1880 2265">
     <span class='ocr_line' id='line_1_35' title="bbox 293 2192 1880 2265; baseline 0.004 -19"><span class='ocrx_word' id='word_1_243' title='bbox 293 2192 632 2248; x_wconf 83' lang='lat' dir='ltr'><strong>absolvendis</strong></span> <span class='ocrx_word' id='word_1_244' title='bbox 674 2192 900 2262; x_wconf 82' lang='lat' dir='ltr'><strong>supplex</strong></span> <span class='ocrx_word' id='word_1_245' title='bbox 933 2193 1148 2248; x_wconf 89' lang='lat' dir='ltr'><strong>tribuno</strong></span> <span class='ocrx_word' id='word_1_246' title='bbox 1186 2195 1452 2265; x_wconf 79' lang='lat' dir='ltr'><strong>suggerit;</strong></span> <span class='ocrx_word' id='word_1_247' title='bbox 1485 2197 1577 2251; x_wconf 89' lang='lat' dir='ltr'><strong>sed</strong></span> <span class='ocrx_word' id='word_1_248' title='bbox 1608 2197 1880 2252; x_wconf 86' lang='lat' dir='ltr'><strong>illedurus</strong></span> 
     </span>
    </p>
   </div>
   <div class='ocr_carea' id='block_1_36' title="bbox 298 2287 1880 2357">
    <p class='ocr_par' dir='ltr' id='par_1_36' title="bbox 298 2287 1880 2357">
     <span class='ocr_line' id='line_1_36' title="bbox 298 2287 1880 2357; baseline 0.002 -15"><span class='ocrx_word' id='word_1_249' title='bbox 298 2303 407 2342; x_wconf 87' lang='lat' dir='ltr'><strong>non</strong></span> <span class='ocrx_word' id='word_1_250' title='bbox 451 2289 652 2343; x_wconf 89' lang='lat' dir='ltr'><strong>annuit.</strong></span> <span class='ocrx_word' id='word_1_251' title='bbox 685 2287 820 2342; x_wconf 83' lang='lat' dir='ltr'><strong>Hinc</strong></span> <span class='ocrx_word' id='word_1_252' title='bbox 870 2288 985 2357; x_wconf 89' lang='lat' dir='ltr'><strong>ipse</strong></span> <span class='ocrx_word' id='word_1_253' title='bbox 1019 2297 1177 2342; x_wconf 90' lang='lat' dir='ltr'><strong>cauto</strong></span> <span class='ocrx_word' id='word_1_254' title='bbox 1224 2289 1450 2344; x_wconf 91' lang='lat' dir='ltr'><strong>consilio</strong></span> <span class='ocrx_word' id='word_1_255' title='bbox 1487 2289 1612 2344; x_wconf 93' lang='lat' dir='ltr'><strong>dum</strong></span> <span class='ocrx_word' id='word_1_256' title='bbox 1642 2291 1774 2346; x_wconf 90' lang='lat' dir='ltr'><strong>dicit</strong></span> <span class='ocrx_word' id='word_1_257' title='bbox 1820 2305 1880 2345; x_wconf 92' lang='lat' dir='ltr'><strong>se</strong></span> 
     </span>
    </p>
   </div>
   <div class='ocr_carea' id='block_1_37' title="bbox 298 2381 1882 2450">
    <p class='ocr_par' dir='ltr' id='par_1_37' title="bbox 298 2381 1882 2450">
     <span class='ocr_line' id='line_1_37' title="bbox 298 2381 1882 2450; baseline 0.002 -15"><span class='ocrx_word' id='word_1_258' title='bbox 298 2396 549 2450; x_wconf 85' lang='lat' dir='ltr'><strong>campum</strong></span> <span class='ocrx_word' id='word_1_259' title='bbox 578 2381 886 2448; x_wconf 89' lang='lat' dir='ltr'><strong>circumire,</strong></span> <span class='ocrx_word' id='word_1_260' title='bbox 916 2381 1080 2436; x_wconf 91' lang='lat' dir='ltr'><strong>currit</strong></span> <span class='ocrx_word' id='word_1_261' title='bbox 1109 2381 1332 2436; x_wconf 90' lang='lat' dir='ltr'><strong>devotus</strong></span> <span class='ocrx_word' id='word_1_262' title='bbox 1365 2382 1428 2434; x_wconf 91' lang='lat' dir='ltr'><strong>ad</strong></span> <span class='ocrx_word' id='word_1_263' title='bbox 1462 2397 1755 2437; x_wconf 88' lang='lat' dir='ltr'><strong>carcerem.</strong></span> <span class='ocrx_word' id='word_1_264' title='bbox 1789 2382 1882 2438; x_wconf 90' lang='lat' dir='ltr'><strong>Ita-</strong></span> 
     </span>
    </p>
   </div>
   <div class='ocr_carea' id='block_1_38' title="bbox 294 2472 1877 2546">
    <p class='ocr_par' dir='ltr' id='par_1_38' title="bbox 294 2472 1877 2546">
     <span class='ocr_line' id='line_1_38' title="bbox 294 2472 1877 2546; baseline 0 -16"><span class='ocrx_word' id='word_1_265' title='bbox 294 2491 403 2546; x_wconf 86' lang='lat' dir='ltr'><strong>que</strong></span> <span class='ocrx_word' id='word_1_266' title='bbox 429 2475 496 2530; x_wconf 90' lang='lat' dir='ltr'><strong>ad</strong></span> <span class='ocrx_word' id='word_1_267' title='bbox 525 2475 848 2535; x_wconf 80' lang='lat' dir='ltr'><strong>exorandum</strong></span> <span class='ocrx_word' id='word_1_268' title='bbox 879 2475 1186 2545; x_wconf 84' lang='lat' dir='ltr'><strong>provolutus</strong></span> <span class='ocrx_word' id='word_1_269' title='bbox 1216 2473 1496 2538; x_wconf 86' lang='lat' dir='ltr'><strong>sternitur,</strong></span> <span class='ocrx_word' id='word_1_270' title='bbox 1530 2472 1710 2543; x_wconf 82' lang='lat' dir='ltr'><strong>ibique</strong></span> <span class='ocrx_word' id='word_1_271' title='bbox 1741 2484 1877 2531; x_wconf 93' lang='lat' dir='ltr'><strong>tem-</strong></span> 
     </span>
    </p>
   </div>
   <div class='ocr_carea' id='block_1_39' title="bbox 296 2563 1880 2637">
    <p class='ocr_par' dir='ltr' id='par_1_39' title="bbox 296 2563 1880 2637">
     <span class='ocr_line' id='line_1_39' title="bbox 296 2563 1880 2637; baseline -0.002 -14"><span class='ocrx_word' id='word_1_272' title='bbox 296 2583 430 2637; x_wconf 85' lang='lat' dir='ltr'><strong>pore</strong></span> <span class='ocrx_word' id='word_1_273' title='bbox 478 2579 736 2623; x_wconf 91' lang='lat' dir='ltr'><strong>nocturno</strong></span> <span class='ocrx_word' id='word_1_274' title='bbox 787 2578 999 2623; x_wconf 86' lang='lat' dir='ltr'><strong>catenae</strong></span> <span class='ocrx_word' id='word_1_275' title='bbox 1040 2566 1297 2620; x_wconf 68' lang='lat' dir='ltr'><strong>discussae</strong></span> <span class='ocrx_word' id='word_1_276' title='bbox 1341 2571 1482 2629; x_wconf 87' lang='lat' dir='ltr'><strong>sunt,</strong></span> <span class='ocrx_word' id='word_1_277' title='bbox 1513 2563 1720 2621; x_wconf 88' lang='lat' dir='ltr'><strong>validus</strong></span> <span class='ocrx_word' id='word_1_278' title='bbox 1773 2576 1880 2620; x_wconf 86' lang='lat' dir='ltr'><strong>tor-</strong></span> 
     </span>
    </p>
   </div>
   <div class='ocr_carea' id='block_1_40' title="bbox 297 2657 1880 2731">
    <p class='ocr_par' dir='ltr' id='par_1_40' title="bbox 297 2657 1880 2731">
     <span class='ocr_line' id='line_1_40' title="bbox 297 2657 1880 2731; baseline -0.001 -17"><span class='ocrx_word' id='word_1_279' title='bbox 297 2660 466 2731; x_wconf 31' lang='lat' dir='ltr'><strong>m‘onli</strong></span> <span class='ocrx_word' id='word_1_280' title='bbox 504 2661 646 2731; x_wconf 90' lang='lat' dir='ltr'><strong>rigor</strong></span> <span class='ocrx_word' id='word_1_281' title='bbox 685 2659 750 2716; x_wconf 90' lang='lat' dir='ltr'><strong>ad</strong></span> <span class='ocrx_word' id='word_1_282' title='bbox 786 2659 1080 2730; x_wconf 86' lang='lat' dir='ltr'><strong>fragmenta</strong></span> <span class='ocrx_word' id='word_1_283' title='bbox 1110 2657 1389 2726; x_wconf 89' lang='lat' dir='ltr'><strong>redigitur,</strong></span> <span class='ocrx_word' id='word_1_284' title='bbox 1423 2669 1543 2710; x_wconf 90' lang='lat' dir='ltr'><strong>sera</strong></span> <span class='ocrx_word' id='word_1_285' title='bbox 1569 2658 1746 2726; x_wconf 88' lang='lat' dir='ltr'><strong>gravis</strong></span> <span class='ocrx_word' id='word_1_286' title='bbox 1778 2657 1880 2712; x_wconf 87' lang='lat' dir='ltr'><strong>illi-</strong></span> 
     </span>
    </p>
   </div>
   <div class='ocr_carea' id='block_1_41' title="bbox 297 2723 1878 2816">
    <p class='ocr_par' dir='ltr' id='par_1_41' title="bbox 297 2723 1878 2816">
     <span class='ocr_line' id='line_1_41' title="bbox 297 2723 1878 2816; baseline 0.004 -16"><span class='ocrx_word' id='word_1_287' title='bbox 297 2723 460 2808; x_wconf 60' lang='lat' dir='ltr'><strong>dt&#39;lur,</strong></span> <span class='ocrx_word' id='word_1_288' title='bbox 493 2753 657 2812; x_wconf 80' lang='lat' dir='ltr'><strong>postis</strong></span> <span class='ocrx_word' id='word_1_289' title='bbox 676 2751 891 2804; x_wconf 76' lang='lat' dir='ltr'><strong>Cardine</strong></span> <span class='ocrx_word' id='word_1_290' title='bbox 914 2751 1142 2816; x_wconf 88' lang='lat' dir='ltr'><strong>vellitur,</strong></span> <span class='ocrx_word' id='word_1_291' title='bbox 1187 2748 1372 2805; x_wconf 84' lang='lat' dir='ltr'><strong>feralis</strong></span> <span class='ocrx_word' id='word_1_292' title='bbox 1412 2763 1590 2804; x_wconf 89' lang='lat' dir='ltr'><strong>carcer</strong></span> <span class='ocrx_word' id='word_1_293' title='bbox 1646 2750 1878 2806; x_wconf 89' lang='lat' dir='ltr'><strong>recludi-</strong></span> 
     </span>
    </p>
   </div>
   <div class='ocr_carea' id='block_1_42' title="bbox 299 2833 1882 2908">
    <p class='ocr_par' dir='ltr' id='par_1_42' title="bbox 299 2833 1882 2908">
     <span class='ocr_line' id='line_1_42' title="bbox 299 2833 1882 2908; baseline 0.006 -21"><span class='ocrx_word' id='word_1_294' title='bbox 299 2841 411 2896; x_wconf 90' lang='lat' dir='ltr'><strong>tur,</strong></span> <span class='ocrx_word' id='word_1_295' title='bbox 441 2833 674 2888; x_wconf 89' lang='lat' dir='ltr'><strong>damnati</strong></span> <span class='ocrx_word' id='word_1_296' title='bbox 700 2833 766 2888; x_wconf 90' lang='lat' dir='ltr'><strong>ad</strong></span> <span class='ocrx_word' id='word_1_297' title='bbox 797 2834 984 2890; x_wconf 88' lang='lat' dir='ltr'><strong>vitales</strong></span> <span class='ocrx_word' id='word_1_298' title='bbox 1007 2850 1161 2891; x_wconf 87' lang='lat' dir='ltr'><strong>auras</strong></span> <span class='ocrx_word' id='word_1_299' title='bbox 1191 2839 1343 2906; x_wconf 87' lang='lat' dir='ltr'><strong>quasi</strong></span> <span class='ocrx_word' id='word_1_300' title='bbox 1371 2838 1594 2893; x_wconf 89' lang='lat' dir='ltr'><strong>redeunt</strong></span> <span class='ocrx_word' id='word_1_301' title='bbox 1613 2839 1680 2894; x_wconf 92' lang='lat' dir='ltr'><strong>de</strong></span> <span class='ocrx_word' id='word_1_302' title='bbox 1713 2841 1882 2908; x_wconf 88' lang='lat' dir='ltr'><strong>sepul-</strong></span> 
     </span>
    </p>
   </div>
   <div class='ocr_carea' id='block_1_43' title="bbox 299 2925 1879 3002">
    <p class='ocr_par' dir='ltr' id='par_1_43' title="bbox 299 2925 1879 3002">
     <span class='ocr_line' id='line_1_43' title="bbox 299 2925 1879 3002; baseline 0.005 -22"><span class='ocrx_word' id='word_1_303' title='bbox 299 2939 414 2980; x_wconf 92' lang='lat' dir='ltr'><strong>cro.</strong></span> <span class='ocrx_word' id='word_1_304' title='bbox 446 2926 519 2979; x_wconf 91' lang='lat' dir='ltr'><strong>Ita</strong></span> <span class='ocrx_word' id='word_1_305' title='bbox 543 2925 599 2980; x_wconf 88' lang='lat' dir='ltr'><strong>Iit</strong></span> <span class='ocrx_word' id='word_1_306' title='bbox 625 2934 681 2980; x_wconf 90' lang='lat' dir='ltr'><strong>ut</strong></span> <span class='ocrx_word' id='word_1_307' title='bbox 709 2926 756 2981; x_wconf 91' lang='lat' dir='ltr'><strong>ei</strong></span> <span class='ocrx_word' id='word_1_308' title='bbox 782 2927 1066 2998; x_wconf 82' lang='lat' dir='ltr'><strong>Rotagiaco</strong></span> <span class='ocrx_word' id='word_1_309' title='bbox 1093 2929 1355 2984; x_wconf 91' lang='lat' dir='ltr'><strong>matutino</strong></span> <span class='ocrx_word' id='word_1_310' title='bbox 1378 2939 1621 2998; x_wconf 87' lang='lat' dir='ltr'><strong>tempore</strong></span> <span class='ocrx_word' id='word_1_311' title='bbox 1647 2931 1879 3002; x_wconf 88' lang='lat' dir='ltr'><strong>ingressi</strong></span> 
     </span>
    </p>
   </div>
   <div class='ocr_carea' id='block_1_44' title="bbox 299 3019 1880 3093">
    <p class='ocr_par' dir='ltr' id='par_1_44' title="bbox 299 3019 1880 3093">
     <span class='ocr_line' id='line_1_44' title="bbox 299 3019 1880 3093; baseline 0.006 -23"><span class='ocrx_word' id='word_1_312' title='bbox 299 3025 649 3072; x_wconf 90' lang='lat' dir='ltr'><strong>occurrerent</strong></span> <span class='ocrx_word' id='word_1_313' title='bbox 679 3033 692 3070; x_wconf 92' lang='lat'>:</span> <span class='ocrx_word' id='word_1_314' title='bbox 725 3025 779 3072; x_wconf 89' lang='lat' dir='ltr'><strong>et</strong></span> <span class='ocrx_word' id='word_1_315' title='bbox 823 3019 912 3088; x_wconf 92' lang='lat' dir='ltr'><strong>qui</strong></span> <span class='ocrx_word' id='word_1_316' title='bbox 941 3019 1137 3075; x_wconf 92' lang='lat' dir='ltr'><strong>Sancto</strong></span> <span class='ocrx_word' id='word_1_317' title='bbox 1179 3035 1283 3075; x_wconf 90' lang='lat' dir='ltr'><strong>non</strong></span> <span class='ocrx_word' id='word_1_318' title='bbox 1317 3023 1569 3091; x_wconf 62' lang='lat' dir='ltr'><strong>praestitit</strong></span> <span class='ocrx_word' id='word_1_319' title='bbox 1597 3037 1694 3093; x_wconf 86' lang='lat' dir='ltr'><strong>pro</strong></span> <span class='ocrx_word' id='word_1_320' title='bbox 1723 3024 1880 3079; x_wconf 91' lang='lat' dir='ltr'><strong>abso-</strong></span> 
     </span>
    </p>
   </div>
   <div class='ocr_carea' id='block_1_45' title="bbox 305 3109 1388 3178">
    <p class='ocr_par' dir='ltr' id='par_1_45' title="bbox 305 3109 1388 3178">
     <span class='ocr_line' id='line_1_45' title="bbox 305 3109 1388 3178; baseline 0.005 -15"><span class='ocrx_word' id='word_1_321' title='bbox 305 3109 433 3163; x_wconf 89' lang='lat' dir='ltr'><strong>Iutis</strong></span> <span class='ocrx_word' id='word_1_322' title='bbox 461 3111 587 3178; x_wconf 88' lang='lat' dir='ltr'><strong>reis,</strong></span> <span class='ocrx_word' id='word_1_323' title='bbox 630 3112 872 3166; x_wconf 89' lang='lat' dir='ltr'><strong>tribunus</strong></span> <span class='ocrx_word' id='word_1_324' title='bbox 897 3127 1018 3168; x_wconf 91' lang='lat' dir='ltr'><strong>reus</strong></span> <span class='ocrx_word' id='word_1_325' title='bbox 1050 3113 1269 3170; x_wconf 82' lang='lat' dir='ltr'><strong>effectus</strong></span> <span class='ocrx_word' id='word_1_326' title='bbox 1290 3125 1388 3170; x_wconf 89' lang='lat' dir='ltr'><strong>est.</strong></span> 
     </span>
    </p>
   </div>
   <div class='ocr_carea' id='block_1_46' title="bbox 379 3200 1879 3277">
    <p class='ocr_par' dir='ltr' id='par_1_46' title="bbox 379 3200 1879 3277">
     <span class='ocr_line' id='line_1_46' title="bbox 379 3200 1879 3277; baseline 0.007 -24"><span class='ocrx_word' id='word_1_327' title='bbox 379 3200 558 3255; x_wconf 91' lang='lat' dir='ltr'><strong>LXIII.</strong></span> <span class='ocrx_word' id='word_1_328' title='bbox 601 3201 762 3271; x_wconf 90' lang='lat' dir='ltr'><strong>Igitur</strong></span> <span class='ocrx_word' id='word_1_329' title='bbox 789 3213 1099 3260; x_wconf 88' lang='lat' dir='ltr'><strong>cunctorum</strong></span> <span class='ocrx_word' id='word_1_330' title='bbox 1121 3206 1280 3261; x_wconf 89' lang='lat' dir='ltr'><strong>saluti</strong></span> <span class='ocrx_word' id='word_1_331' title='bbox 1309 3220 1521 3277; x_wconf 87' lang='lat' dir='ltr'><strong>semper</strong></span> <span class='ocrx_word' id='word_1_332' title='bbox 1549 3208 1750 3264; x_wconf 89' lang='lat' dir='ltr'><strong>instans</strong></span> <span class='ocrx_word' id='word_1_333' title='bbox 1772 3210 1879 3265; x_wconf 90' lang='lat' dir='ltr'><strong>sol-</strong></span> 
     </span>
    </p>
   </div>
   <div class='ocr_carea' id='block_1_47' title="bbox 1984 2002 3562 2074">
    <p class='ocr_par' dir='ltr' id='par_1_47' title="bbox 1984 2002 3562 2074">
     <span class='ocr_line' id='line_1_47' title="bbox 1984 2002 3562 2074; baseline 0.001 -17"><span class='ocrx_word' id='word_1_334' title='bbox 1984 2004 2177 2058; x_wconf 89' lang='lat' dir='ltr'><strong>raciter</strong></span> <span class='ocrx_word' id='word_1_335' title='bbox 2200 2005 2269 2058; x_wconf 94' lang='lat' dir='ltr'><strong>ob</strong></span> <span class='ocrx_word' id='word_1_336' title='bbox 2299 2006 2398 2059; x_wconf 90' lang='lat' dir='ltr'><strong>hoc</strong></span> <span class='ocrx_word' id='word_1_337' title='bbox 2425 2005 2546 2059; x_wconf 91' lang='lat' dir='ltr'><strong>duci</strong></span> <span class='ocrx_word' id='word_1_338' title='bbox 2576 2005 2627 2059; x_wconf 93' lang='lat' dir='ltr'><strong>in</strong></span> <span class='ocrx_word' id='word_1_339' title='bbox 2651 2002 2900 2072; x_wconf 90' lang='lat' dir='ltr'><strong>vinculis,</strong></span> <span class='ocrx_word' id='word_1_340' title='bbox 2943 2005 3064 2074; x_wconf 88' lang='lat' dir='ltr'><strong>quia</strong></span> <span class='ocrx_word' id='word_1_341' title='bbox 3097 2019 3156 2060; x_wconf 91' lang='lat' dir='ltr'><strong>se</strong></span> <span class='ocrx_word' id='word_1_342' title='bbox 3179 2011 3455 2059; x_wconf 87' lang='lat' dir='ltr'><strong>recusaret</strong></span> <span class='ocrx_word' id='word_1_343' title='bbox 3483 2004 3562 2059; x_wconf 88' lang='lat' dir='ltr'><strong>Ie-</strong></span> 
     </span>
    </p>
   </div>
   <div class='ocr_carea' id='block_1_48' title="bbox 1988 2095 3559 2164">
    <p class='ocr_par' dir='ltr' id='par_1_48' title="bbox 1988 2095 3559 2164">
     <span class='ocr_line' id='line_1_48' title="bbox 1988 2095 3559 2164; baseline 0.004 -17"><span class='ocrx_word' id='word_1_344' title='bbox 1988 2095 2144 2164; x_wconf 81' lang='lat' dir='ltr'><strong>gibus</strong></span> <span class='ocrx_word' id='word_1_345' title='bbox 2167 2096 2318 2152; x_wconf 91' lang='lat' dir='ltr'><strong>subdi</strong></span> <span class='ocrx_word' id='word_1_346' title='bbox 2350 2097 2603 2152; x_wconf 84' lang='lat' dir='ltr'><strong>Judaicis.</strong></span> <span class='ocrx_word' id='word_1_347' title='bbox 2650 2097 2798 2151; x_wconf 88' lang='lat' dir='ltr'><strong>Tunc</strong></span> <span class='ocrx_word' id='word_1_348' title='bbox 2825 2097 3232 2152; x_wconf 91' lang='lat' dir='ltr'><strong>dissimulabant</strong></span> <span class='ocrx_word' id='word_1_349' title='bbox 3259 2112 3378 2151; x_wconf 90' lang='lat' dir='ltr'><strong>cum</strong></span> <span class='ocrx_word' id='word_1_350' title='bbox 3410 2097 3559 2153; x_wconf 88' lang='lat' dir='ltr'><strong>clave</strong></span> 
     </span>
    </p>
   </div>
   <div class='ocr_carea' id='block_1_49' title="bbox 1982 2186 3558 2242">
    <p class='ocr_par' dir='ltr' id='par_1_49' title="bbox 1982 2186 3558 2242">
     <span class='ocr_line' id='line_1_49' title="bbox 1982 2186 3558 2242; baseline 0 -2"><span class='ocrx_word' id='word_1_351' title='bbox 1982 2186 2147 2240; x_wconf 64' lang='lat' dir='ltr'><strong>Judaei</strong></span> <span class='ocrx_word' id='word_1_352' title='bbox 2195 2188 2405 2242; x_wconf 87' lang='lat' dir='ltr'><strong>vincula</strong></span> <span class='ocrx_word' id='word_1_353' title='bbox 2449 2186 2573 2242; x_wconf 89' lang='lat' dir='ltr'><strong>ferri</strong></span> <span class='ocrx_word' id='word_1_354' title='bbox 2625 2202 2890 2242; x_wconf 89' lang='lat' dir='ltr'><strong>reserare.</strong></span> <span class='ocrx_word' id='word_1_355' title='bbox 2945 2187 3110 2242; x_wconf 87' lang='lat' dir='ltr'><strong>Facto</strong></span> <span class='ocrx_word' id='word_1_356' title='bbox 3141 2202 3169 2240; x_wconf 90' lang='lat' dir='ltr'><strong>a</strong></span> <span class='ocrx_word' id='word_1_357' title='bbox 3210 2196 3397 2241; x_wconf 90' lang='lat' dir='ltr'><strong>sancto</strong></span> <span class='ocrx_word' id='word_1_358' title='bbox 3442 2188 3558 2241; x_wconf 92' lang='lat' dir='ltr'><strong>viro</strong></span> 
     </span>
    </p>
   </div>
   <div class='ocr_carea' id='block_1_50' title="bbox 1981 2277 3517 2348">
    <p class='ocr_par' dir='ltr' id='par_1_50' title="bbox 1981 2277 3517 2348">
     <span class='ocr_line' id='line_1_50' title="bbox 1981 2277 3517 2348; baseline 0.001 -16"><span class='ocrx_word' id='word_1_359' title='bbox 1981 2277 2210 2345; x_wconf 87' lang='lat' dir='ltr'><strong>desuper</strong></span> <span class='ocrx_word' id='word_1_360' title='bbox 2239 2278 2411 2333; x_wconf 84' lang='lat' dir='ltr'><strong>crucis</strong></span> <span class='ocrx_word' id='word_1_361' title='bbox 2437 2278 2730 2348; x_wconf 83' lang='lat' dir='ltr'><strong>signaculo,</strong></span> <span class='ocrx_word' id='word_1_362' title='bbox 2763 2293 2884 2333; x_wconf 87' lang='lat' dir='ltr'><strong>mox</strong></span> <span class='ocrx_word' id='word_1_363' title='bbox 2913 2277 3044 2334; x_wconf 88' lang='lat' dir='ltr'><strong>ferri</strong></span> <span class='ocrx_word' id='word_1_364' title='bbox 3072 2293 3192 2334; x_wconf 89' lang='lat' dir='ltr'><strong>sera</strong></span> <span class='ocrx_word' id='word_1_365' title='bbox 3221 2279 3517 2334; x_wconf 89' lang='lat' dir='ltr'><strong>revellitur.</strong></span> 
     </span>
    </p>
   </div>
   <div class='ocr_carea' id='block_1_51' title="bbox 2054 2367 3554 2427">
    <p class='ocr_par' dir='ltr' id='par_1_51' title="bbox 2054 2367 3554 2427">
     <span class='ocr_line' id='line_1_51' title="bbox 2054 2367 3554 2427; baseline 0.003 -6"><span class='ocrx_word' id='word_1_366' title='bbox 2054 2367 2235 2422; x_wconf 82' lang='lat' dir='ltr'><strong>LXVI.</strong></span> <span class='ocrx_word' id='word_1_367' title='bbox 2281 2369 2464 2425; x_wconf 92' lang='lat' dir='ltr'><strong>Itidem</strong></span> <span class='ocrx_word' id='word_1_368' title='bbox 2510 2386 2630 2425; x_wconf 91' lang='lat' dir='ltr'><strong>cum</strong></span> <span class='ocrx_word' id='word_1_369' title='bbox 2661 2371 2892 2426; x_wconf 79' lang='lat' dir='ltr'><strong>Parisios</strong></span> <span class='ocrx_word' id='word_1_370' title='bbox 2935 2371 3001 2426; x_wconf 92' lang='lat' dir='ltr'><strong>ad</strong></span> <span class='ocrx_word' id='word_1_371' title='bbox 3033 2371 3304 2427; x_wconf 88' lang='lat' dir='ltr'><strong>basilicam</strong></span> <span class='ocrx_word' id='word_1_372' title='bbox 3337 2379 3554 2426; x_wconf 84' lang='lat' dir='ltr'><strong>sancto-</strong></span> 
     </span>
    </p>
   </div>
   <div class='ocr_carea' id='block_1_52' title="bbox 1981 2458 3551 2531">
    <p class='ocr_par' dir='ltr' id='par_1_52' title="bbox 1981 2458 3551 2531">
     <span class='ocr_line' id='line_1_52' title="bbox 1981 2458 3551 2531; baseline 0.003 -21"><span class='ocrx_word' id='word_1_373' title='bbox 1981 2473 2098 2511; x_wconf 88' lang='lat' dir='ltr'><strong>rum</strong></span> <span class='ocrx_word' id='word_1_374' title='bbox 2127 2458 2368 2514; x_wconf 88' lang='lat' dir='ltr'><strong>Gervasii</strong></span> <span class='ocrx_word' id='word_1_375' title='bbox 2399 2469 2452 2514; x_wconf 91' lang='lat' dir='ltr'><strong>et</strong></span> <span class='ocrx_word' id='word_1_376' title='bbox 2501 2460 2727 2516; x_wconf 87' lang='lat' dir='ltr'><strong>Protasii</strong></span> <span class='ocrx_word' id='word_1_377' title='bbox 2759 2462 2949 2516; x_wconf 90' lang='lat' dir='ltr'><strong>orandi</strong></span> <span class='ocrx_word' id='word_1_378' title='bbox 3003 2476 3160 2517; x_wconf 89' lang='lat' dir='ltr'><strong>causa</strong></span> <span class='ocrx_word' id='word_1_379' title='bbox 3214 2462 3551 2531; x_wconf 90' lang='lat' dir='ltr'><strong>procederet,</strong></span> 
     </span>
    </p>
   </div>
   <div class='ocr_carea' id='block_1_53' title="bbox 1976 2547 3560 2622">
    <p class='ocr_par' dir='ltr' id='par_1_53' title="bbox 1976 2547 3560 2622">
     <span class='ocr_line' id='line_1_53' title="bbox 1976 2547 3560 2622; baseline 0.004 -21"><span class='ocrx_word' id='word_1_380' title='bbox 1976 2547 2155 2618; x_wconf 88' lang='lat' dir='ltr'><strong>januis</strong></span> <span class='ocrx_word' id='word_1_381' title='bbox 2182 2551 2447 2606; x_wconf 83' lang='lat' dir='ltr'><strong>obseratis</strong></span> <span class='ocrx_word' id='word_1_382' title='bbox 2490 2551 2762 2619; x_wconf 89' lang='lat' dir='ltr'><strong>ingressus</strong></span> <span class='ocrx_word' id='word_1_383' title='bbox 2792 2551 2870 2606; x_wconf 90' lang='lat' dir='ltr'><strong>illi</strong></span> <span class='ocrx_word' id='word_1_384' title='bbox 2902 2562 3123 2622; x_wconf 89' lang='lat' dir='ltr'><strong>negatus</strong></span> <span class='ocrx_word' id='word_1_385' title='bbox 3159 2561 3259 2608; x_wconf 90' lang='lat' dir='ltr'><strong>est.</strong></span> <span class='ocrx_word' id='word_1_386' title='bbox 3291 2551 3442 2607; x_wconf 90' lang='lat' dir='ltr'><strong>Tunc</strong></span> <span class='ocrx_word' id='word_1_387' title='bbox 3471 2565 3560 2607; x_wconf 88' lang='lat' dir='ltr'><strong>re-</strong></span> 
     </span>
    </p>
   </div>
   <div class='ocr_carea' id='block_1_54' title="bbox 1979 2644 3555 2714">
    <p class='ocr_par' dir='ltr' id='par_1_54' title="bbox 1979 2644 3555 2714">
     <span class='ocr_line' id='line_1_54' title="bbox 1979 2644 3555 2714; baseline 0.002 -19"><span class='ocrx_word' id='word_1_388' title='bbox 1979 2644 2191 2713; x_wconf 89' lang='lat' dir='ltr'><strong>quisitis</strong></span> <span class='ocrx_word' id='word_1_389' title='bbox 2219 2644 2479 2708; x_wconf 87' lang='lat' dir='ltr'><strong>clavibus,</strong></span> <span class='ocrx_word' id='word_1_390' title='bbox 2505 2660 2605 2701; x_wconf 89' lang='lat' dir='ltr'><strong>nec</strong></span> <span class='ocrx_word' id='word_1_391' title='bbox 2637 2646 2764 2714; x_wconf 89' lang='lat' dir='ltr'><strong>ipsis</strong></span> <span class='ocrx_word' id='word_1_392' title='bbox 2791 2646 3177 2714; x_wconf 92' lang='lat' dir='ltr'><strong>aperientibus,</strong></span> <span class='ocrx_word' id='word_1_393' title='bbox 3223 2645 3302 2700; x_wconf 91' lang='lat' dir='ltr'><strong>sic</strong></span> <span class='ocrx_word' id='word_1_394' title='bbox 3345 2657 3555 2700; x_wconf 83' lang='lat' dir='ltr'><strong>resera-</strong></span> 
     </span>
    </p>
   </div>
   <div class='ocr_carea' id='block_1_55' title="bbox 1979 2735 3561 2807">
    <p class='ocr_par' dir='ltr' id='par_1_55' title="bbox 1979 2735 3561 2807">
     <span class='ocr_line' id='line_1_55' title="bbox 1979 2735 3561 2807; baseline 0 -18"><span class='ocrx_word' id='word_1_395' title='bbox 1979 2736 2055 2789; x_wconf 92' lang='lat' dir='ltr'><strong>vit</strong></span> <span class='ocrx_word' id='word_1_396' title='bbox 2077 2737 2371 2806; x_wconf 92' lang='lat' dir='ltr'><strong>pessulum,</strong></span> <span class='ocrx_word' id='word_1_397' title='bbox 2404 2735 2546 2792; x_wconf 88' lang='lat' dir='ltr'><strong>facto</strong></span> <span class='ocrx_word' id='word_1_398' title='bbox 2577 2737 2754 2792; x_wconf 91' lang='lat' dir='ltr'><strong>crucis</strong></span> <span class='ocrx_word' id='word_1_399' title='bbox 2799 2738 3092 2807; x_wconf 89' lang='lat' dir='ltr'><strong>signaculo.</strong></span> <span class='ocrx_word' id='word_1_400' title='bbox 3126 2737 3324 2807; x_wconf 90' lang='lat' dir='ltr'><strong>Stupor</strong></span> <span class='ocrx_word' id='word_1_401' title='bbox 3351 2737 3561 2790; x_wconf 88' lang='lat' dir='ltr'><strong>animos</strong></span> 
     </span>
    </p>
   </div>
   <div class='ocr_carea' id='block_1_56' title="bbox 1981 2826 3559 2899">
    <p class='ocr_par' dir='ltr' id='par_1_56' title="bbox 1981 2826 3559 2899">
     <span class='ocr_line' id='line_1_56' title="bbox 1981 2826 3559 2899; baseline 0.002 -19"><span class='ocrx_word' id='word_1_402' title='bbox 1981 2826 2178 2882; x_wconf 90' lang='lat' dir='ltr'><strong>invasit</strong></span> <span class='ocrx_word' id='word_1_403' title='bbox 2222 2830 2468 2897; x_wconf 73' lang='lat' dir='ltr'><strong>praesenti</strong></span> <span class='ocrx_word' id='word_1_404' title='bbox 2524 2829 2805 2894; x_wconf 91' lang='lat' dir='ltr'><strong>miraculo,</strong></span> <span class='ocrx_word' id='word_1_405' title='bbox 2856 2830 3054 2899; x_wconf 91' lang='lat' dir='ltr'><strong>aperiri</strong></span> <span class='ocrx_word' id='word_1_406' title='bbox 3096 2829 3162 2884; x_wconf 91' lang='lat' dir='ltr'><strong>de</strong></span> <span class='ocrx_word' id='word_1_407' title='bbox 3187 2829 3387 2884; x_wconf 92' lang='lat' dir='ltr'><strong>virtute</strong></span> <span class='ocrx_word' id='word_1_408' title='bbox 3417 2826 3559 2898; x_wconf 91' lang='lat' dir='ltr'><strong>quod</strong></span> 
     </span>
    </p>
   </div>
   <div class='ocr_carea' id='block_1_57' title="bbox 1979 2919 3560 2991">
    <p class='ocr_par' dir='ltr' id='par_1_57' title="bbox 1979 2919 3560 2991">
     <span class='ocr_line' id='line_1_57' title="bbox 1979 2919 3560 2991; baseline 0 -17"><span class='ocrx_word' id='word_1_409' title='bbox 1979 2921 2128 2977; x_wconf 90' lang='lat' dir='ltr'><strong>clave</strong></span> <span class='ocrx_word' id='word_1_410' title='bbox 2157 2921 2292 2977; x_wconf 90' lang='lat' dir='ltr'><strong>duce</strong></span> <span class='ocrx_word' id='word_1_411' title='bbox 2324 2936 2431 2976; x_wconf 92' lang='lat' dir='ltr'><strong>non</strong></span> <span class='ocrx_word' id='word_1_412' title='bbox 2463 2923 2649 2991; x_wconf 90' lang='lat' dir='ltr'><strong>potuit.</strong></span> <span class='ocrx_word' id='word_1_413' title='bbox 2685 2921 2811 2976; x_wconf 70' lang='lat' dir='ltr'><strong>Ilzec</strong></span> <span class='ocrx_word' id='word_1_414' title='bbox 2840 2937 3053 2991; x_wconf 89' lang='lat' dir='ltr'><strong>quoque</strong></span> <span class='ocrx_word' id='word_1_415' title='bbox 3078 2919 3384 2978; x_wconf 88' lang='lat' dir='ltr'><strong>veneranda</strong></span> <span class='ocrx_word' id='word_1_416' title='bbox 3417 2932 3560 2988; x_wconf 75' lang='lat' dir='ltr'><strong>pra:-</strong></span> 
     </span>
    </p>
   </div>
   <div class='ocr_carea' id='block_1_58' title="bbox 1981 3021 2587 3084">
    <p class='ocr_par' dir='ltr' id='par_1_58' title="bbox 1981 3021 2587 3084">
     <span class='ocr_line' id='line_1_58' title="bbox 1981 3021 2587 3084; baseline -0.003 -16"><span class='ocrx_word' id='word_1_417' title='bbox 1981 3021 2132 3068; x_wconf 82' lang='lat' dir='ltr'><strong>sente</strong></span> <span class='ocrx_word' id='word_1_418' title='bbox 2157 3029 2239 3067; x_wconf 88' lang='lat' dir='ltr'><strong>me</strong></span> <span class='ocrx_word' id='word_1_419' title='bbox 2266 3024 2415 3084; x_wconf 87' lang='lat' dir='ltr'><strong>gesta</strong></span> <span class='ocrx_word' id='word_1_420' title='bbox 2445 3024 2587 3069; x_wconf 81' lang='lat' dir='ltr'><strong>sunt.</strong></span> 
     </span>
    </p>
   </div>
   <div class='ocr_carea' id='block_1_59' title="bbox 2051 3104 3558 3176">
    <p class='ocr_par' dir='ltr' id='par_1_59' title="bbox 2051 3104 3558 3176">
     <span class='ocr_line' id='line_1_59' title="bbox 2051 3104 3558 3176; baseline 0.001 -16"><span class='ocrx_word' id='word_1_421' title='bbox 2051 3104 2257 3160; x_wconf 81' lang='lat' dir='ltr'><strong>LXVII.</strong></span> <span class='ocrx_word' id='word_1_422' title='bbox 2305 3105 2364 3159; x_wconf 83' lang='lat' dir='ltr'><strong>Et</strong></span> <span class='ocrx_word' id='word_1_423' title='bbox 2387 3107 2508 3176; x_wconf 89' lang='lat' dir='ltr'><strong>quia</strong></span> <span class='ocrx_word' id='word_1_424' title='bbox 2541 3106 2697 3162; x_wconf 89' lang='lat' dir='ltr'><strong>beato</strong></span> <span class='ocrx_word' id='word_1_425' title='bbox 2734 3106 2848 3162; x_wconf 91' lang='lat' dir='ltr'><strong>viro</strong></span> <span class='ocrx_word' id='word_1_426' title='bbox 2877 3106 3084 3163; x_wconf 89' lang='lat' dir='ltr'><strong>nullum</strong></span> <span class='ocrx_word' id='word_1_427' title='bbox 3133 3105 3339 3162; x_wconf 90' lang='lat' dir='ltr'><strong>obstitit</strong></span> <span class='ocrx_word' id='word_1_428' title='bbox 3366 3106 3558 3161; x_wconf 88' lang='lat' dir='ltr'><strong>metal-</strong></span> 
     </span>
    </p>
   </div>
   <div class='ocr_carea' id='block_1_60' title="bbox 1982 3199 3561 3270">
    <p class='ocr_par' dir='ltr' id='par_1_60' title="bbox 1982 3199 3561 3270">
     <span class='ocr_line' id='line_1_60' title="bbox 1982 3199 3561 3270; baseline 0.001 -18"><span class='ocrx_word' id='word_1_429' title='bbox 1982 3199 2111 3264; x_wconf 90' lang='lat' dir='ltr'><strong>lum,</strong></span> <span class='ocrx_word' id='word_1_430' title='bbox 2140 3213 2259 3253; x_wconf 92' lang='lat' dir='ltr'><strong>cum</strong></span> <span class='ocrx_word' id='word_1_431' title='bbox 2287 3200 2448 3268; x_wconf 88' lang='lat' dir='ltr'><strong>ligna,</strong></span> <span class='ocrx_word' id='word_1_432' title='bbox 2491 3213 2639 3264; x_wconf 84' lang='lat' dir='ltr'><strong>saxa,</strong></span> <span class='ocrx_word' id='word_1_433' title='bbox 2670 3199 2994 3256; x_wconf 89' lang='lat' dir='ltr'><strong>ferramenta</strong></span> <span class='ocrx_word' id='word_1_434' title='bbox 3029 3208 3157 3256; x_wconf 88' lang='lat' dir='ltr'><strong>ante</strong></span> <span class='ocrx_word' id='word_1_435' title='bbox 3182 3200 3356 3270; x_wconf 91' lang='lat' dir='ltr'><strong>ipsum</strong></span> <span class='ocrx_word' id='word_1_436' title='bbox 3385 3200 3561 3256; x_wconf 87' lang='lat' dir='ltr'><strong>soluta</strong></span> 
     </span>
    </p>
   </div>
   <div class='ocr_carea' id='block_1_61' title="bbox 300 3289 3559 3368">
    <p class='ocr_par' dir='ltr' id='par_1_61' title="bbox 300 3289 3559 3368">
     <span class='ocr_line' id='line_1_61' title="bbox 300 3289 3559 3368; baseline 0.001 -24"><span class='ocrx_word' id='word_1_437' title='bbox 300 3289 513 3357; x_wconf 90' lang='lat' dir='ltr'><strong>licitus,</strong></span> <span class='ocrx_word' id='word_1_438' title='bbox 566 3306 685 3347; x_wconf 91' lang='lat' dir='ltr'><strong>cum</strong></span> <span class='ocrx_word' id='word_1_439' title='bbox 730 3292 990 3349; x_wconf 85' lang='lat' dir='ltr'><strong>Bituricas</strong></span> <span class='ocrx_word' id='word_1_440' title='bbox 1018 3295 1293 3367; x_wconf 73' lang='lat' dir='ltr'><strong>(Bourges)</strong></span> <span class='ocrx_word' id='word_1_441' title='bbox 1321 3298 1639 3354; x_wconf 79' lang='lat' dir='ltr'><strong>accessisset</strong></span> <span class='ocrx_word' id='word_1_442' title='bbox 1669 3314 1762 3368; x_wconf 83' lang='lat' dir='ltr'><strong>pro</strong></span> <span class='ocrx_word' id='word_1_443' title='bbox 1792 3295 1951 3359; x_wconf 76' lang='lat' dir='ltr'><strong>or-C</strong></span> <span class='ocrx_word' id='word_1_444' title='bbox 1981 3301 2123 3354; x_wconf 89' lang='lat' dir='ltr'><strong>sunt,</strong></span> <span class='ocrx_word' id='word_1_445' title='bbox 2183 3291 2377 3345; x_wconf 90' lang='lat' dir='ltr'><strong>accidit</strong></span> <span class='ocrx_word' id='word_1_446' title='bbox 2431 3305 2532 3344; x_wconf 90' lang='lat' dir='ltr'><strong>una</strong></span> <span class='ocrx_word' id='word_1_447' title='bbox 2589 3291 2794 3346; x_wconf 90' lang='lat' dir='ltr'><strong>dierum</strong></span> <span class='ocrx_word' id='word_1_448' title='bbox 2827 3292 3046 3347; x_wconf 88' lang='lat' dir='ltr'><strong>Parisiis</strong></span> <span class='ocrx_word' id='word_1_449' title='bbox 3096 3293 3391 3348; x_wconf 90' lang='lat' dir='ltr'><strong>orationem</strong></span> <span class='ocrx_word' id='word_1_450' title='bbox 3438 3305 3559 3348; x_wconf 92' lang='lat' dir='ltr'><strong>cum</strong></span> 
     </span>
    </p>
   </div>
   <div class='ocr_carea' id='block_1_62' title="bbox 302 3382 1881 3467">
    <p class='ocr_par' dir='ltr' id='par_1_62' title="bbox 302 3382 1881 3467">
     <span class='ocr_line' id='line_1_62' title="bbox 302 3382 1881 3467; baseline 0.008 -31"><span class='ocrx_word' id='word_1_451' title='bbox 302 3382 580 3439; x_wconf 88' lang='lat' dir='ltr'><strong>dinatione</strong></span> <span class='ocrx_word' id='word_1_452' title='bbox 639 3384 834 3441; x_wconf 89' lang='lat' dir='ltr'><strong>Felicis</strong></span> <span class='ocrx_word' id='word_1_453' title='bbox 885 3387 1166 3458; x_wconf 90' lang='lat' dir='ltr'><strong>episcopi,</strong></span> <span class='ocrx_word' id='word_1_454' title='bbox 1228 3389 1552 3467; x_wconf 63' lang='lat' dir='ltr'><strong>praedicante</strong></span> <span class='ocrx_word' id='word_1_455' title='bbox 1605 3390 1881 3448; x_wconf 79' lang='lat' dir='ltr'><strong>sacerdote</strong></span> 
     </span>
    </p>
   </div>
   <div class='ocr_carea' id='block_1_63' title="bbox 305 3472 1882 3554">
    <p class='ocr_par' dir='ltr' id='par_1_63' title="bbox 305 3472 1882 3554">
     <span class='ocr_line' id='line_1_63' title="bbox 305 3472 1882 3554; baseline 0.006 -25"><span class='ocrx_word' id='word_1_456' title='bbox 305 3472 545 3541; x_wconf 88' lang='lat' dir='ltr'><strong>Sigerius</strong></span> <span class='ocrx_word' id='word_1_457' title='bbox 588 3476 799 3545; x_wconf 89' lang='lat' dir='ltr'><strong>quidam</strong></span> <span class='ocrx_word' id='word_1_458' title='bbox 849 3477 1064 3534; x_wconf 68' lang='lat' dir='ltr'><strong>Iudaeus</strong></span> <span class='ocrx_word' id='word_1_459' title='bbox 1115 3479 1236 3537; x_wconf 86' lang='lat' dir='ltr'><strong>ﬁdei</strong></span> <span class='ocrx_word' id='word_1_460' title='bbox 1268 3493 1603 3538; x_wconf 88' lang='lat' dir='ltr'><strong>sacramento</strong></span> <span class='ocrx_word' id='word_1_461' title='bbox 1635 3495 1882 3554; x_wconf 90' lang='lat' dir='ltr'><strong>percepto</strong></span> 
     </span>
    </p>
   </div>
   <div class='ocr_carea' id='block_1_64' title="bbox 303 3567 1884 3637">
    <p class='ocr_par' dir='ltr' id='par_1_64' title="bbox 303 3567 1884 3637">
     <span class='ocr_line' id='line_1_64' title="bbox 303 3567 1884 3637; baseline 0.008 -19"><span class='ocrx_word' id='word_1_462' title='bbox 303 3579 596 3621; x_wconf 88' lang='lat' dir='ltr'><strong>conversus</strong></span> <span class='ocrx_word' id='word_1_463' title='bbox 623 3578 726 3637; x_wconf 89' lang='lat' dir='ltr'><strong>est,</strong></span> <span class='ocrx_word' id='word_1_464' title='bbox 770 3567 972 3625; x_wconf 87' lang='lat' dir='ltr'><strong>habens</strong></span> <span class='ocrx_word' id='word_1_465' title='bbox 1014 3573 1066 3626; x_wconf 92' lang='lat' dir='ltr'><strong>in</strong></span> <span class='ocrx_word' id='word_1_466' title='bbox 1101 3570 1374 3629; x_wconf 87' lang='lat' dir='ltr'><strong>Judaismo</strong></span> <span class='ocrx_word' id='word_1_467' title='bbox 1404 3573 1756 3630; x_wconf 81' lang='lat' dir='ltr'><strong>Mammonam</strong></span> <span class='ocrx_word' id='word_1_468' title='bbox 1789 3591 1884 3631; x_wconf 87' lang='lat' dir='ltr'><strong>no-</strong></span> 
     </span>
    </p>
   </div>
   <div class='ocr_carea' id='block_1_65' title="bbox 303 3657 1881 3730">
    <p class='ocr_par' dir='ltr' id='par_1_65' title="bbox 303 3657 1881 3730">
     <span class='ocr_line' id='line_1_65' title="bbox 303 3657 1881 3730; baseline 0.007 -18"><span class='ocrx_word' id='word_1_469' title='bbox 303 3657 452 3712; x_wconf 89' lang='lat' dir='ltr'><strong>mine</strong></span> <span class='ocrx_word' id='word_1_470' title='bbox 479 3658 778 3729; x_wconf 89' lang='lat' dir='ltr'><strong>conjugem.</strong></span> <span class='ocrx_word' id='word_1_471' title='bbox 829 3661 958 3730; x_wconf 67' lang='lat' dir='ltr'><strong>Quae</strong></span> <span class='ocrx_word' id='word_1_472' title='bbox 988 3678 1108 3718; x_wconf 90' lang='lat' dir='ltr'><strong>cum</strong></span> <span class='ocrx_word' id='word_1_473' title='bbox 1132 3663 1198 3720; x_wconf 92' lang='lat' dir='ltr'><strong>de</strong></span> <span class='ocrx_word' id='word_1_474' title='bbox 1229 3666 1576 3722; x_wconf 88' lang='lat' dir='ltr'><strong>conversione</strong></span> <span class='ocrx_word' id='word_1_475' title='bbox 1607 3682 1702 3723; x_wconf 90' lang='lat' dir='ltr'><strong>nec</strong></span> <span class='ocrx_word' id='word_1_476' title='bbox 1731 3683 1881 3723; x_wconf 89' lang='lat' dir='ltr'><strong>men-</strong></span> 
     </span>
    </p>
   </div>
   <div class='ocr_carea' id='block_1_66' title="bbox 304 3747 1882 3823">
    <p class='ocr_par' dir='ltr' id='par_1_66' title="bbox 304 3747 1882 3823">
     <span class='ocr_line' id='line_1_66' title="bbox 304 3747 1882 3823; baseline 0.008 -22"><span class='ocrx_word' id='word_1_477' title='bbox 304 3747 507 3803; x_wconf 88' lang='lat' dir='ltr'><strong>tionem</strong></span> <span class='ocrx_word' id='word_1_478' title='bbox 538 3750 835 3821; x_wconf 88' lang='lat' dir='ltr'><strong>reciperet,</strong></span> <span class='ocrx_word' id='word_1_479' title='bbox 886 3761 941 3807; x_wconf 92' lang='lat' dir='ltr'><strong>et</strong></span> <span class='ocrx_word' id='word_1_480' title='bbox 973 3768 1065 3823; x_wconf 90' lang='lat' dir='ltr'><strong>per</strong></span> <span class='ocrx_word' id='word_1_481' title='bbox 1095 3755 1290 3810; x_wconf 90' lang='lat' dir='ltr'><strong>missos</strong></span> <span class='ocrx_word' id='word_1_482' title='bbox 1319 3757 1465 3812; x_wconf 89' lang='lat' dir='ltr'><strong>Beati</strong></span> <span class='ocrx_word' id='word_1_483' title='bbox 1494 3757 1764 3812; x_wconf 88' lang='lat' dir='ltr'><strong>admonita</strong></span> <span class='ocrx_word' id='word_1_484' title='bbox 1793 3773 1882 3813; x_wconf 91' lang='lat' dir='ltr'><strong>re-</strong></span> 
     </span>
    </p>
   </div>
   <div class='ocr_carea' id='block_1_67' title="bbox 304 3841 1880 3918">
    <p class='ocr_par' dir='ltr' id='par_1_67' title="bbox 304 3841 1880 3918">
     <span class='ocr_line' id='line_1_67' title="bbox 304 3841 1880 3918; baseline 0.004 -22"><span class='ocrx_word' id='word_1_485' title='bbox 304 3841 536 3910; x_wconf 79' lang='lat' dir='ltr'><strong>fugeret,</strong></span> <span class='ocrx_word' id='word_1_486' title='bbox 563 3844 698 3900; x_wconf 88' lang='lat' dir='ltr'><strong>facta</strong></span> <span class='ocrx_word' id='word_1_487' title='bbox 726 3844 794 3899; x_wconf 86' lang='lat' dir='ltr'><strong>ab</strong></span> <span class='ocrx_word' id='word_1_488' title='bbox 822 3859 888 3900; x_wconf 93' lang='lat' dir='ltr'><strong>eo</strong></span> <span class='ocrx_word' id='word_1_489' title='bbox 917 3845 1096 3915; x_wconf 84' lang='lat' dir='ltr'><strong>vigilia</strong></span> <span class='ocrx_word' id='word_1_490' title='bbox 1123 3847 1319 3902; x_wconf 90' lang='lat' dir='ltr'><strong>Doctor</strong></span> <span class='ocrx_word' id='word_1_491' title='bbox 1339 3848 1451 3917; x_wconf 86' lang='lat' dir='ltr'><strong>ipse</strong></span> <span class='ocrx_word' id='word_1_492' title='bbox 1484 3850 1752 3918; x_wconf 88' lang='lat' dir='ltr'><strong>profectus</strong></span> <span class='ocrx_word' id='word_1_493' title='bbox 1779 3858 1880 3904; x_wconf 90' lang='lat' dir='ltr'><strong>est.</strong></span> 
     </span>
    </p>
   </div>
   <div class='ocr_carea' id='block_1_68' title="bbox 307 3934 1880 4006">
    <p class='ocr_par' dir='ltr' id='par_1_68' title="bbox 307 3934 1880 4006">
     <span class='ocr_line' id='line_1_68' title="bbox 307 3934 1880 4006; baseline 0.006 -18"><span class='ocrx_word' id='word_1_494' title='bbox 307 3934 440 4002; x_wconf 67' lang='lat' dir='ltr'><strong>Quae</strong></span> <span class='ocrx_word' id='word_1_495' title='bbox 482 3950 602 3990; x_wconf 91' lang='lat' dir='ltr'><strong>cum</strong></span> <span class='ocrx_word' id='word_1_496' title='bbox 644 3935 856 3992; x_wconf 90' lang='lat' dir='ltr'><strong>beatum</strong></span> <span class='ocrx_word' id='word_1_497' title='bbox 881 3938 1056 3992; x_wconf 90' lang='lat' dir='ltr'><strong>virum</strong></span> <span class='ocrx_word' id='word_1_498' title='bbox 1086 3954 1182 3994; x_wconf 90' lang='lat' dir='ltr'><strong>nec</strong></span> <span class='ocrx_word' id='word_1_499' title='bbox 1212 3941 1327 3994; x_wconf 90' lang='lat' dir='ltr'><strong>visu</strong></span> <span class='ocrx_word' id='word_1_500' title='bbox 1363 3941 1524 3997; x_wconf 89' lang='lat' dir='ltr'><strong>vellet</strong></span> <span class='ocrx_word' id='word_1_501' title='bbox 1571 3943 1880 4006; x_wconf 88' lang='lat' dir='ltr'><strong>intendere,</strong></span> 
     </span>
    </p>
   </div>
   <div class='ocr_carea' id='block_1_69' title="bbox 309 4031 1885 4097">
    <p class='ocr_par' dir='ltr' id='par_1_69' title="bbox 309 4031 1885 4097">
     <span class='ocr_line' id='line_1_69' title="bbox 309 4031 1885 4097; baseline 0.004 -16"><span class='ocrx_word' id='word_1_502' title='bbox 309 4035 526 4082; x_wconf 90' lang='lat' dir='ltr'><strong>cantato</strong></span> <span class='ocrx_word' id='word_1_503' title='bbox 545 4042 706 4084; x_wconf 87' lang='lat' dir='ltr'><strong>cursu</strong></span> <span class='ocrx_word' id='word_1_504' title='bbox 736 4031 928 4097; x_wconf 71' lang='lat' dir='ltr'><strong>tertiae,</strong></span> <span class='ocrx_word' id='word_1_505' title='bbox 961 4046 1172 4085; x_wconf 88' lang='lat' dir='ltr'><strong>manum</strong></span> <span class='ocrx_word' id='word_1_506' title='bbox 1205 4045 1354 4087; x_wconf 89' lang='lat' dir='ltr'><strong>suam</strong></span> <span class='ocrx_word' id='word_1_507' title='bbox 1394 4031 1640 4090; x_wconf 74' lang='lat' dir='ltr'><strong>Pontifex</strong></span> <span class='ocrx_word' id='word_1_508' title='bbox 1673 4037 1738 4088; x_wconf 91' lang='lat' dir='ltr'><strong>ad</strong></span> <span class='ocrx_word' id='word_1_509' title='bbox 1766 4051 1885 4089; x_wconf 92' lang='lat' dir='ltr'><strong>mu-</strong></span> 
     </span>
    </p>
   </div>
   <div class='ocr_carea' id='block_1_70' title="bbox 307 4115 1885 4195">
    <p class='ocr_par' dir='ltr' id='par_1_70' title="bbox 307 4115 1885 4195">
     <span class='ocr_line' id='line_1_70' title="bbox 307 4115 1885 4195; baseline 0.004 -23"><span class='ocrx_word' id='word_1_510' title='bbox 307 4115 462 4172; x_wconf 84' lang='lat' dir='ltr'><strong>lieris</strong></span> <span class='ocrx_word' id='word_1_511' title='bbox 491 4119 715 4175; x_wconf 86' lang='lat' dir='ltr'><strong>frontem</strong></span> <span class='ocrx_word' id='word_1_512' title='bbox 743 4121 1023 4192; x_wconf 85' lang='lat' dir='ltr'><strong>dignanter</strong></span> <span class='ocrx_word' id='word_1_513' title='bbox 1055 4123 1308 4189; x_wconf 81' lang='lat' dir='ltr'><strong>admovit,</strong></span> <span class='ocrx_word' id='word_1_514' title='bbox 1345 4123 1554 4192; x_wconf 87' lang='lat' dir='ltr'><strong>pietatis</strong></span> <span class='ocrx_word' id='word_1_515' title='bbox 1586 4141 1652 4180; x_wconf 84' lang='lat' dir='ltr'><strong>ex</strong></span> <span class='ocrx_word' id='word_1_516' title='bbox 1699 4141 1885 4195; x_wconf 92' lang='lat' dir='ltr'><strong>opere.</strong></span> 
     </span>
    </p>
   </div>
   <div class='ocr_carea' id='block_1_71' title="bbox 313 4208 1889 4274">
    <p class='ocr_par' dir='ltr' id='par_1_71' title="bbox 313 4208 1889 4274">
     <span class='ocr_line' id='line_1_71' title="bbox 313 4208 1889 4274; baseline 0.006 -10"><span class='ocrx_word' id='word_1_517' title='bbox 313 4208 504 4265; x_wconf 88' lang='lat' dir='ltr'><strong>Statim</strong></span> <span class='ocrx_word' id='word_1_518' title='bbox 537 4226 565 4265; x_wconf 93' lang='lat' dir='ltr'><strong>a</strong></span> <span class='ocrx_word' id='word_1_519' title='bbox 615 4213 1087 4271; x_wconf 89' lang='lat' dir='ltr'><strong>circumstantibus</strong></span> <span class='ocrx_word' id='word_1_520' title='bbox 1127 4215 1196 4270; x_wconf 93' lang='lat' dir='ltr'><strong>de</strong></span> <span class='ocrx_word' id='word_1_521' title='bbox 1241 4217 1482 4274; x_wconf 83' lang='lat' dir='ltr'><strong>mulieris</strong></span> <span class='ocrx_word' id='word_1_522' title='bbox 1509 4219 1728 4274; x_wconf 91' lang='lat' dir='ltr'><strong>naribus</strong></span> <span class='ocrx_word' id='word_1_523' title='bbox 1752 4219 1889 4274; x_wconf 90' lang='lat' dir='ltr'><strong>scin-</strong></span> 
     </span>
    </p>
   </div>
   <div class='ocr_carea' id='block_1_72' title="bbox 309 4304 1891 4380">
    <p class='ocr_par' dir='ltr' id='par_1_72' title="bbox 309 4304 1891 4380">
     <span class='ocr_line' id='line_1_72' title="bbox 309 4304 1891 4380; baseline 0.005 -20"><span class='ocrx_word' id='word_1_524' title='bbox 309 4304 516 4360; x_wconf 85' lang='lat' dir='ltr'><strong>tillante</strong></span> <span class='ocrx_word' id='word_1_525' title='bbox 542 4306 661 4376; x_wconf 86' lang='lat' dir='ltr'><strong>igne</strong></span> <span class='ocrx_word' id='word_1_526' title='bbox 687 4306 861 4363; x_wconf 87' lang='lat' dir='ltr'><strong>fumus</strong></span> <span class='ocrx_word' id='word_1_527' title='bbox 890 4309 1070 4380; x_wconf 86' lang='lat' dir='ltr'><strong>egredi</strong></span> <span class='ocrx_word' id='word_1_528' title='bbox 1095 4309 1242 4367; x_wconf 89' lang='lat' dir='ltr'><strong>visus</strong></span> <span class='ocrx_word' id='word_1_529' title='bbox 1272 4319 1374 4374; x_wconf 88' lang='lat' dir='ltr'><strong>est,</strong></span> <span class='ocrx_word' id='word_1_530' title='bbox 1408 4321 1464 4366; x_wconf 91' lang='lat' dir='ltr'><strong>ut</strong></span> <span class='ocrx_word' id='word_1_531' title='bbox 1495 4313 1699 4368; x_wconf 91' lang='lat' dir='ltr'><strong>cunctis</strong></span> <span class='ocrx_word' id='word_1_532' title='bbox 1721 4313 1891 4368; x_wconf 90' lang='lat' dir='ltr'><strong>clare-</strong></span> 
     </span>
    </p>
   </div>
   <div class='ocr_carea' id='block_1_73' title="bbox 314 4396 1889 4472">
    <p class='ocr_par' dir='ltr' id='par_1_73' title="bbox 314 4396 1889 4472">
     <span class='ocr_line' id='line_1_73' title="bbox 314 4396 1889 4472; baseline 0.006 -22"><span class='ocrx_word' id='word_1_533' title='bbox 314 4396 490 4463; x_wconf 82' lang='lat' dir='ltr'><strong>fieret,</strong></span> <span class='ocrx_word' id='word_1_534' title='bbox 539 4398 712 4468; x_wconf 89' lang='lat' dir='ltr'><strong>ejecto</strong></span> <span class='ocrx_word' id='word_1_535' title='bbox 740 4399 1050 4458; x_wconf 88' lang='lat' dir='ltr'><strong>insidiatore</strong></span> <span class='ocrx_word' id='word_1_536' title='bbox 1078 4401 1356 4458; x_wconf 88' lang='lat' dir='ltr'><strong>mulierem</strong></span> <span class='ocrx_word' id='word_1_537' title='bbox 1387 4418 1554 4472; x_wconf 88' lang='lat' dir='ltr'><strong>usque</strong></span> <span class='ocrx_word' id='word_1_538' title='bbox 1587 4410 1710 4459; x_wconf 91' lang='lat' dir='ltr'><strong>tunc</strong></span> <span class='ocrx_word' id='word_1_539' title='bbox 1740 4404 1889 4459; x_wconf 91' lang='lat' dir='ltr'><strong>illum</strong></span> 
     </span>
    </p>
   </div>
   <div class='ocr_carea' id='block_1_74' title="bbox 312 4487 1890 4562">
    <p class='ocr_par' dir='ltr' id='par_1_74' title="bbox 312 4487 1890 4562">
     <span class='ocr_line' id='line_1_74' title="bbox 312 4487 1890 4562; baseline 0.005 -20"><span class='ocrx_word' id='word_1_540' title='bbox 312 4487 476 4543; x_wconf 87' lang='lat' dir='ltr'><strong>saluti</strong></span> <span class='ocrx_word' id='word_1_541' title='bbox 508 4504 618 4545; x_wconf 75' lang='lat' dir='ltr'><strong>sua:</strong></span> <span class='ocrx_word' id='word_1_542' title='bbox 653 4505 976 4562; x_wconf 87' lang='lat' dir='ltr'><strong>repugnasse</strong></span> <span class='ocrx_word' id='word_1_543' title='bbox 999 4507 1092 4562; x_wconf 89' lang='lat' dir='ltr'><strong>per</strong></span> <span class='ocrx_word' id='word_1_544' title='bbox 1119 4492 1379 4550; x_wconf 88' lang='lat' dir='ltr'><strong>obsidem.</strong></span> <span class='ocrx_word' id='word_1_545' title='bbox 1425 4493 1574 4550; x_wconf 91' lang='lat' dir='ltr'><strong>Tunc</strong></span> <span class='ocrx_word' id='word_1_546' title='bbox 1603 4504 1890 4551; x_wconf 76' lang='lat' dir='ltr'><strong>exonerata</strong></span> 
     </span>
    </p>
   </div>
   <div class='ocr_carea' id='block_1_75' title="bbox 314 4579 1890 4658">
    <p class='ocr_par' dir='ltr' id='par_1_75' title="bbox 314 4579 1890 4658">
     <span class='ocr_line' id='line_1_75' title="bbox 314 4579 1890 4658; baseline 0.006 -24"><span class='ocrx_word' id='word_1_547' title='bbox 314 4579 520 4636; x_wconf 89' lang='lat' dir='ltr'><strong>inimici</strong></span> <span class='ocrx_word' id='word_1_548' title='bbox 571 4583 731 4647; x_wconf 86' lang='lat' dir='ltr'><strong>fasce,</strong></span> <span class='ocrx_word' id='word_1_549' title='bbox 784 4584 1058 4655; x_wconf 88' lang='lat' dir='ltr'><strong>respirans</strong></span> <span class='ocrx_word' id='word_1_550' title='bbox 1111 4586 1352 4642; x_wconf 90' lang='lat' dir='ltr'><strong>confessa</strong></span> <span class='ocrx_word' id='word_1_551' title='bbox 1399 4597 1482 4642; x_wconf 90' lang='lat' dir='ltr'><strong>est</strong></span> <span class='ocrx_word' id='word_1_552' title='bbox 1537 4603 1805 4658; x_wconf 89' lang='lat' dir='ltr'><strong>nunquam</strong></span> <span class='ocrx_word' id='word_1_553' title='bbox 1832 4602 1890 4644; x_wconf 89' lang='lat' dir='ltr'><strong>se</strong></span> 
     </span>
    </p>
   </div>
   <div class='ocr_carea' id='block_1_76' title="bbox 1983 3383 3560 3455">
    <p class='ocr_par' dir='ltr' id='par_1_76' title="bbox 1983 3383 3560 3455">
     <span class='ocr_line' id='line_1_76' title="bbox 1983 3383 3560 3455; baseline 0 -17"><span class='ocrx_word' id='word_1_554' title='bbox 1983 3383 2138 3439; x_wconf 89' lang='lat' dir='ltr'><strong>daret</strong></span> <span class='ocrx_word' id='word_1_555' title='bbox 2164 3383 2228 3437; x_wconf 92' lang='lat' dir='ltr'><strong>ad</strong></span> <span class='ocrx_word' id='word_1_556' title='bbox 2260 3384 2448 3438; x_wconf 90' lang='lat' dir='ltr'><strong>ostium</strong></span> <span class='ocrx_word' id='word_1_557' title='bbox 2478 3385 2736 3451; x_wconf 90' lang='lat' dir='ltr'><strong>carceris,</strong></span> <span class='ocrx_word' id='word_1_558' title='bbox 2762 3385 3004 3453; x_wconf 90' lang='lat' dir='ltr'><strong>sequenti</strong></span> <span class='ocrx_word' id='word_1_559' title='bbox 3029 3394 3186 3440; x_wconf 89' lang='lat' dir='ltr'><strong>nocte</strong></span> <span class='ocrx_word' id='word_1_560' title='bbox 3210 3385 3371 3440; x_wconf 91' lang='lat' dir='ltr'><strong>trusis</strong></span> <span class='ocrx_word' id='word_1_561' title='bbox 3393 3400 3560 3455; x_wconf 89' lang='lat' dir='ltr'><strong>appa-</strong></span> 
     </span>
    </p>
   </div>
   <div class='ocr_carea' id='block_1_77' title="bbox 1986 3475 3555 3544">
    <p class='ocr_par' dir='ltr' id='par_1_77' title="bbox 1986 3475 3555 3544">
     <span class='ocr_line' id='line_1_77' title="bbox 1986 3475 3555 3544; baseline -0.001 -13"><span class='ocrx_word' id='word_1_562' title='bbox 1986 3485 2071 3531; x_wconf 91' lang='lat' dir='ltr'><strong>ret</strong></span> <span class='ocrx_word' id='word_1_563' title='bbox 2115 3476 2294 3531; x_wconf 91' lang='lat' dir='ltr'><strong>lumen</strong></span> <span class='ocrx_word' id='word_1_564' title='bbox 2343 3476 2396 3529; x_wconf 93' lang='lat' dir='ltr'><strong>in</strong></span> <span class='ocrx_word' id='word_1_565' title='bbox 2427 3489 2662 3530; x_wconf 90' lang='lat' dir='ltr'><strong>carcere.</strong></span> <span class='ocrx_word' id='word_1_566' title='bbox 2700 3475 2854 3530; x_wconf 80' lang='lat' dir='ltr'><strong>Visus</strong></span> <span class='ocrx_word' id='word_1_567' title='bbox 2882 3483 2967 3530; x_wconf 88' lang='lat' dir='ltr'><strong>est</strong></span> <span class='ocrx_word' id='word_1_568' title='bbox 2995 3475 3074 3531; x_wconf 91' lang='lat' dir='ltr'><strong>eis</strong></span> <span class='ocrx_word' id='word_1_569' title='bbox 3103 3475 3390 3532; x_wconf 89' lang='lat' dir='ltr'><strong>admonere</strong></span> <span class='ocrx_word' id='word_1_570' title='bbox 3414 3476 3555 3544; x_wconf 91' lang='lat' dir='ltr'><strong>quod</strong></span> 
     </span>
    </p>
   </div>
   <div class='ocr_carea' id='block_1_78' title="bbox 1986 3570 3554 3641">
    <p class='ocr_par' dir='ltr' id='par_1_78' title="bbox 1986 3570 3554 3641">
     <span class='ocr_line' id='line_1_78' title="bbox 1986 3570 3554 3641; baseline -0.003 -13"><span class='ocrx_word' id='word_1_571' title='bbox 1986 3571 2230 3628; x_wconf 76' lang='lat' dir='ltr'><strong>foderant</strong></span> <span class='ocrx_word' id='word_1_572' title='bbox 2259 3583 2314 3627; x_wconf 91' lang='lat' dir='ltr'><strong>ut</strong></span> <span class='ocrx_word' id='word_1_573' title='bbox 2342 3571 2472 3626; x_wconf 89' lang='lat' dir='ltr'><strong>foris</strong></span> <span class='ocrx_word' id='word_1_574' title='bbox 2504 3570 2875 3641; x_wconf 83' lang='lat' dir='ltr'><strong>procederent.</strong></span> <span class='ocrx_word' id='word_1_575' title='bbox 2914 3571 3014 3638; x_wconf 87' lang='lat' dir='ltr'><strong>Qui</strong></span> <span class='ocrx_word' id='word_1_576' title='bbox 3041 3571 3284 3626; x_wconf 90' lang='lat' dir='ltr'><strong>dicentes</strong></span> <span class='ocrx_word' id='word_1_577' title='bbox 3314 3571 3381 3625; x_wconf 92' lang='lat' dir='ltr'><strong>ad</strong></span> <span class='ocrx_word' id='word_1_578' title='bbox 3414 3571 3554 3624; x_wconf 92' lang='lat' dir='ltr'><strong>invi-</strong></span> 
     </span>
    </p>
   </div>
   <div class='ocr_carea' id='block_1_79' title="bbox 1987 3663 3563 3734">
    <p class='ocr_par' dir='ltr' id='par_1_79' title="bbox 1987 3663 3563 3734">
     <span class='ocr_line' id='line_1_79' title="bbox 1987 3663 3563 3734; baseline -0.002 -16"><span class='ocrx_word' id='word_1_579' title='bbox 1987 3678 2102 3718; x_wconf 88' lang='lat' dir='ltr'><strong>cem</strong></span> <span class='ocrx_word' id='word_1_580' title='bbox 2132 3665 2384 3719; x_wconf 91' lang='lat' dir='ltr'><strong>domnum</strong></span> <span class='ocrx_word' id='word_1_581' title='bbox 2409 3665 2733 3718; x_wconf 84' lang='lat' dir='ltr'><strong>Germanum</strong></span> <span class='ocrx_word' id='word_1_582' title='bbox 2757 3678 2816 3718; x_wconf 87' lang='lat' dir='ltr'><strong>se</strong></span> <span class='ocrx_word' id='word_1_583' title='bbox 2867 3664 3086 3730; x_wconf 88' lang='lat' dir='ltr'><strong>vidisse,</strong></span> <span class='ocrx_word' id='word_1_584' title='bbox 3109 3670 3164 3720; x_wconf 74' lang='lat' dir='ltr'><strong>et</strong></span> <span class='ocrx_word' id='word_1_585' title='bbox 3190 3664 3338 3733; x_wconf 89' lang='lat' dir='ltr'><strong>signa</strong></span> <span class='ocrx_word' id='word_1_586' title='bbox 3369 3663 3563 3734; x_wconf 87' lang='lat' dir='ltr'><strong>singuli</strong></span> 
     </span>
    </p>
   </div>
   <div class='ocr_carea' id='block_1_80' title="bbox 1987 3756 3560 3826">
    <p class='ocr_par' dir='ltr' id='par_1_80' title="bbox 1987 3756 3560 3826">
     <span class='ocr_line' id='line_1_80' title="bbox 1987 3756 3560 3826; baseline 0 -16"><span class='ocrx_word' id='word_1_587' title='bbox 1987 3756 2248 3812; x_wconf 88' lang='lat' dir='ltr'><strong>referunt.</strong></span> <span class='ocrx_word' id='word_1_588' title='bbox 2278 3757 2493 3812; x_wconf 72' lang='lat' dir='ltr'><strong>Inventa</strong></span> <span class='ocrx_word' id='word_1_589' title='bbox 2517 3765 2664 3812; x_wconf 88' lang='lat' dir='ltr'><strong>costa</strong></span> <span class='ocrx_word' id='word_1_590' title='bbox 2684 3757 2748 3812; x_wconf 91' lang='lat' dir='ltr'><strong>de</strong></span> <span class='ocrx_word' id='word_1_591' title='bbox 2773 3757 2993 3826; x_wconf 91' lang='lat' dir='ltr'><strong>pecude,</strong></span> <span class='ocrx_word' id='word_1_592' title='bbox 3021 3757 3282 3812; x_wconf 87' lang='lat' dir='ltr'><strong>fodientes</strong></span> <span class='ocrx_word' id='word_1_593' title='bbox 3311 3767 3560 3811; x_wconf 88' lang='lat' dir='ltr'><strong>amovent</strong></span> 
     </span>
    </p>
   </div>
   <div class='ocr_carea' id='block_1_81' title="bbox 1990 3848 3564 3918">
    <p class='ocr_par' dir='ltr' id='par_1_81' title="bbox 1990 3848 3564 3918">
     <span class='ocr_line' id='line_1_81' title="bbox 1990 3848 3564 3918; baseline 0 -14"><span class='ocrx_word' id='word_1_594' title='bbox 1990 3849 2238 3918; x_wconf 91' lang='lat' dir='ltr'><strong>lapidem,</strong></span> <span class='ocrx_word' id='word_1_595' title='bbox 2273 3859 2326 3903; x_wconf 93' lang='lat' dir='ltr'><strong>et</strong></span> <span class='ocrx_word' id='word_1_596' title='bbox 2349 3849 2600 3916; x_wconf 86' lang='lat' dir='ltr'><strong>praedicto</strong></span> <span class='ocrx_word' id='word_1_597' title='bbox 2633 3849 2802 3904; x_wconf 89' lang='lat' dir='ltr'><strong>amico</strong></span> <span class='ocrx_word' id='word_1_598' title='bbox 2832 3849 2928 3904; x_wconf 91' lang='lat' dir='ltr'><strong>Dei</strong></span> <span class='ocrx_word' id='word_1_599' title='bbox 2956 3857 3248 3904; x_wconf 91' lang='lat' dir='ltr'><strong>occurrunt</strong></span> <span class='ocrx_word' id='word_1_600' title='bbox 3292 3849 3358 3903; x_wconf 92' lang='lat' dir='ltr'><strong>ad</strong></span> <span class='ocrx_word' id='word_1_601' title='bbox 3388 3848 3564 3905; x_wconf 86' lang='lat' dir='ltr'><strong>eccle-</strong></span> 
     </span>
    </p>
   </div>
   <div class='ocr_carea' id='block_1_82' title="bbox 1989 3933 3562 4010">
    <p class='ocr_par' dir='ltr' id='par_1_82' title="bbox 1989 3933 3562 4010">
     <span class='ocr_line' id='line_1_82' title="bbox 1989 3933 3562 4010; baseline -0.002 -13"><span class='ocrx_word' id='word_1_602' title='bbox 1989 3942 2124 3997; x_wconf 91' lang='lat' dir='ltr'><strong>siam</strong></span> <span class='ocrx_word' id='word_1_603' title='bbox 2155 3933 2432 3995; x_wconf 81' lang='lat' dir='ltr'><strong>matutino</strong></span> <span class='ocrx_word' id='word_1_604' title='bbox 2474 3949 2732 4010; x_wconf 90' lang='lat' dir='ltr'><strong>tempore,</strong></span> <span class='ocrx_word' id='word_1_605' title='bbox 2781 3955 2900 3996; x_wconf 91' lang='lat' dir='ltr'><strong>cum</strong></span> <span class='ocrx_word' id='word_1_606' title='bbox 2946 3941 3148 3996; x_wconf 86' lang='lat' dir='ltr'><strong>rediret</strong></span> <span class='ocrx_word' id='word_1_607' title='bbox 3194 3941 3260 3995; x_wconf 91' lang='lat' dir='ltr'><strong>ad</strong></span> <span class='ocrx_word' id='word_1_608' title='bbox 3301 3940 3562 4010; x_wconf 88' lang='lat' dir='ltr'><strong>requiem.</strong></span> 
     </span>
    </p>
   </div>
   <div class='ocr_carea' id='block_1_83' title="bbox 1989 4028 3566 4102">
    <p class='ocr_par' dir='ltr' id='par_1_83' title="bbox 1989 4028 3566 4102">
     <span class='ocr_line' id='line_1_83' title="bbox 1989 4028 3566 4102; baseline -0.003 -14"><span class='ocrx_word' id='word_1_609' title='bbox 1989 4030 2081 4088; x_wconf 89' lang='lat' dir='ltr'><strong>Sic</strong></span> <span class='ocrx_word' id='word_1_610' title='bbox 2111 4031 2291 4086; x_wconf 89' lang='lat' dir='ltr'><strong>multis</strong></span> <span class='ocrx_word' id='word_1_611' title='bbox 2325 4045 2483 4086; x_wconf 89' lang='lat' dir='ltr'><strong>causa</strong></span> <span class='ocrx_word' id='word_1_612' title='bbox 2507 4031 2692 4086; x_wconf 88' lang='lat' dir='ltr'><strong>salutis</strong></span> <span class='ocrx_word' id='word_1_613' title='bbox 2727 4031 2825 4085; x_wconf 92' lang='lat' dir='ltr'><strong>fuit</strong></span> <span class='ocrx_word' id='word_1_614' title='bbox 2851 4031 3027 4102; x_wconf 89' lang='lat' dir='ltr'><strong>imago</strong></span> <span class='ocrx_word' id='word_1_615' title='bbox 3055 4030 3348 4095; x_wconf 84' lang='lat' dir='ltr'><strong>Pontificis,</strong></span> <span class='ocrx_word' id='word_1_616' title='bbox 3398 4037 3452 4084; x_wconf 91' lang='lat' dir='ltr'><strong>et</strong></span> <span class='ocrx_word' id='word_1_617' title='bbox 3499 4028 3566 4084; x_wconf 88' lang='lat' dir='ltr'><strong>ad</strong></span> 
     </span>
    </p>
   </div>
   <div class='ocr_carea' id='block_1_84' title="bbox 1989 4121 3569 4193">
    <p class='ocr_par' dir='ltr' id='par_1_84' title="bbox 1989 4121 3569 4193">
     <span class='ocr_line' id='line_1_84' title="bbox 1989 4121 3569 4193; baseline -0.001 -15"><span class='ocrx_word' id='word_1_618' title='bbox 1989 4123 2162 4178; x_wconf 89' lang='lat' dir='ltr'><strong>vicem</strong></span> <span class='ocrx_word' id='word_1_619' title='bbox 2193 4123 2332 4178; x_wconf 88' lang='lat' dir='ltr'><strong>beati</strong></span> <span class='ocrx_word' id='word_1_620' title='bbox 2363 4123 2505 4179; x_wconf 83' lang='lat' dir='ltr'><strong>Petri</strong></span> <span class='ocrx_word' id='word_1_621' title='bbox 2529 4123 2675 4178; x_wconf 90' lang='lat' dir='ltr'><strong>dedit</strong></span> <span class='ocrx_word' id='word_1_622' title='bbox 2704 4123 2872 4179; x_wconf 90' lang='lat' dir='ltr'><strong>nostri</strong></span> <span class='ocrx_word' id='word_1_623' title='bbox 2910 4123 3220 4180; x_wconf 79' lang='lat' dir='ltr'><strong>Sacerdotis</strong></span> <span class='ocrx_word' id='word_1_624' title='bbox 3261 4121 3373 4193; x_wconf 89' lang='lat' dir='ltr'><strong>ipsa</strong></span> <span class='ocrx_word' id='word_1_625' title='bbox 3403 4121 3569 4191; x_wconf 84' lang='lat' dir='ltr'><strong>figura</strong></span> 
     </span>
    </p>
   </div>
   <div class='ocr_carea' id='block_1_85' title="bbox 1992 4217 2251 4272">
    <p class='ocr_par' dir='ltr' id='par_1_85' title="bbox 1992 4217 2251 4272">
     <span class='ocr_line' id='line_1_85' title="bbox 1992 4217 2251 4272; baseline -0.008 0"><span class='ocrx_word' id='word_1_626' title='bbox 1992 4217 2251 4272; x_wconf 88' lang='lat' dir='ltr'><strong>remedia.</strong></span> 
     </span>
    </p>
   </div>
   <div class='ocr_carea' id='block_1_86' title="bbox 2065 4308 3574 4382">
    <p class='ocr_par' dir='ltr' id='par_1_86' title="bbox 2065 4308 3574 4382">
     <span class='ocr_line' id='line_1_86' title="bbox 2065 4308 3574 4382; baseline -0.001 -16"><span class='ocrx_word' id='word_1_627' title='bbox 2065 4311 2295 4366; x_wconf 82' lang='lat' dir='ltr'><strong>LXVIII.</strong></span> <span class='ocrx_word' id='word_1_628' title='bbox 2342 4313 2548 4368; x_wconf 90' lang='lat' dir='ltr'><strong>Dehinc</strong></span> <span class='ocrx_word' id='word_1_629' title='bbox 2599 4313 2708 4369; x_wconf 82' lang='lat' dir='ltr'><strong>illis</strong></span> <span class='ocrx_word' id='word_1_630' title='bbox 2749 4314 2947 4382; x_wconf 90' lang='lat' dir='ltr'><strong>ereptis</strong></span> <span class='ocrx_word' id='word_1_631' title='bbox 2982 4354 2996 4378; x_wconf 94' lang='lat'><strong>,</strong></span> <span class='ocrx_word' id='word_1_632' title='bbox 3045 4310 3290 4366; x_wconf 88' lang='lat' dir='ltr'><strong>tribunus</strong></span> <span class='ocrx_word' id='word_1_633' title='bbox 3339 4308 3574 4365; x_wconf 86' lang='lat' dir='ltr'><strong>civitatis</strong></span> 
     </span>
    </p>
   </div>
   <div class='ocr_carea' id='block_1_87' title="bbox 1994 4399 3574 4473">
    <p class='ocr_par' dir='ltr' id='par_1_87' title="bbox 1994 4399 3574 4473">
     <span class='ocr_line' id='line_1_87' title="bbox 1994 4399 3574 4473; baseline -0.004 -14"><span class='ocrx_word' id='word_1_634' title='bbox 1994 4405 2182 4460; x_wconf 65' lang='lat' dir='ltr'><strong>saevire</strong></span> <span class='ocrx_word' id='word_1_635' title='bbox 2208 4402 2370 4473; x_wconf 88' lang='lat' dir='ltr'><strong>coepit</strong></span> <span class='ocrx_word' id='word_1_636' title='bbox 2392 4403 2444 4458; x_wconf 92' lang='lat' dir='ltr'><strong>in</strong></span> <span class='ocrx_word' id='word_1_637' title='bbox 2474 4403 2693 4466; x_wconf 87' lang='lat' dir='ltr'><strong>milites,</strong></span> <span class='ocrx_word' id='word_1_638' title='bbox 2750 4403 3014 4472; x_wconf 90' lang='lat' dir='ltr'><strong>deputans</strong></span> <span class='ocrx_word' id='word_1_639' title='bbox 3045 4415 3230 4457; x_wconf 93' lang='lat' dir='ltr'><strong>eorum</strong></span> <span class='ocrx_word' id='word_1_640' title='bbox 3259 4399 3424 4454; x_wconf 91' lang='lat' dir='ltr'><strong>fuisse</strong></span> <span class='ocrx_word' id='word_1_641' title='bbox 3475 4413 3574 4453; x_wconf 90' lang='lat' dir='ltr'><strong>ne-</strong></span> 
     </span>
    </p>
   </div>
   <div class='ocr_carea' id='block_1_88' title="bbox 1995 4489 3577 4565">
    <p class='ocr_par' dir='ltr' id='par_1_88' title="bbox 1995 4489 3577 4565">
     <span class='ocr_line' id='line_1_88' title="bbox 1995 4489 3577 4565; baseline -0.003 -17"><span class='ocrx_word' id='word_1_642' title='bbox 1995 4495 2297 4565; x_wconf 89' lang='lat' dir='ltr'><strong>gligentiam</strong></span> <span class='ocrx_word' id='word_1_643' title='bbox 2332 4534 2347 4560; x_wconf 93' lang='lat'><strong>,</strong></span> <span class='ocrx_word' id='word_1_644' title='bbox 2369 4495 2510 4564; x_wconf 91' lang='lat' dir='ltr'><strong>quod</strong></span> <span class='ocrx_word' id='word_1_645' title='bbox 2550 4495 2664 4548; x_wconf 91' lang='lat' dir='ltr'><strong>viro</strong></span> <span class='ocrx_word' id='word_1_646' title='bbox 2695 4493 3031 4548; x_wconf 87' lang='lat' dir='ltr'><strong>sanctissimo</strong></span> <span class='ocrx_word' id='word_1_647' title='bbox 3061 4492 3347 4561; x_wconf 89' lang='lat' dir='ltr'><strong>deputatur</strong></span> <span class='ocrx_word' id='word_1_648' title='bbox 3367 4491 3432 4544; x_wconf 91' lang='lat' dir='ltr'><strong>ad</strong></span> <span class='ocrx_word' id='word_1_649' title='bbox 3463 4489 3577 4559; x_wconf 89' lang='lat' dir='ltr'><strong>glo-</strong></span> 
     </span>
    </p>
   </div>
   <div class='ocr_carea' id='block_1_89' title="bbox 1995 4586 3575 4655">
    <p class='ocr_par' dir='ltr' id='par_1_89' title="bbox 1995 4586 3575 4655">
     <span class='ocr_line' id='line_1_89' title="bbox 1995 4586 3575 4655; baseline -0.003 -13"><span class='ocrx_word' id='word_1_650' title='bbox 1995 4588 2153 4642; x_wconf 89' lang='lat' dir='ltr'><strong>riam.</strong></span> <span class='ocrx_word' id='word_1_651' title='bbox 2206 4588 2477 4643; x_wconf 83' lang='lat' dir='ltr'><strong>Conversa</strong></span> <span class='ocrx_word' id='word_1_652' title='bbox 2526 4588 2578 4642; x_wconf 91' lang='lat' dir='ltr'><strong>in</strong></span> <span class='ocrx_word' id='word_1_653' title='bbox 2620 4587 2869 4642; x_wconf 89' lang='lat' dir='ltr'><strong>custodes</strong></span> <span class='ocrx_word' id='word_1_654' title='bbox 2899 4586 3172 4641; x_wconf 87' lang='lat' dir='ltr'><strong>iracundia</strong></span> <span class='ocrx_word' id='word_1_655' title='bbox 3210 4586 3428 4655; x_wconf 78' lang='lat' dir='ltr'><strong>iudicis,</strong></span> <span class='ocrx_word' id='word_1_656' title='bbox 3485 4587 3575 4654; x_wconf 92' lang='lat' dir='ltr'><strong>qui</strong></span> 
     </span>
    </p>
   </div>
   <div class='ocr_carea' id='block_1_90' title="bbox 316 4663 3577 4750">
    <p class='ocr_par' dir='ltr' id='par_1_90' title="bbox 316 4663 3577 4750">
     <span class='ocr_line' id='line_1_90' title="bbox 316 4663 3577 4750; baseline 0.001 -22"><span class='ocrx_word' id='word_1_657' title='bbox 316 4671 464 4742; x_wconf 90' lang='lat' dir='ltr'><strong>prius</strong></span> <span class='ocrx_word' id='word_1_658' title='bbox 486 4672 672 4729; x_wconf 89' lang='lat' dir='ltr'><strong>faciem</strong></span> <span class='ocrx_word' id='word_1_659' title='bbox 698 4674 839 4730; x_wconf 89' lang='lat' dir='ltr'><strong>beati</strong></span> <span class='ocrx_word' id='word_1_660' title='bbox 884 4674 982 4731; x_wconf 87' lang='lat' dir='ltr'><strong>viri</strong></span> <span class='ocrx_word' id='word_1_661' title='bbox 1020 4679 1259 4746; x_wconf 90' lang='lat' dir='ltr'><strong>potuisse</strong></span> <span class='ocrx_word' id='word_1_662' title='bbox 1292 4681 1626 4749; x_wconf 89' lang='lat' dir='ltr'><strong>conspicere.</strong></span> <span class='ocrx_word' id='word_1_663' title='bbox 1655 4681 1769 4747; x_wconf 91' lang='lat' dir='ltr'><strong>Qua</strong></span> <span class='ocrx_word' id='word_1_664' title='bbox 1801 4695 1893 4750; x_wconf 87' lang='lat' dir='ltr'><strong>pe-</strong></span> <span class='ocrx_word' id='word_1_665' title='bbox 1924 4663 1974 4724; x_wconf 79' lang='grc' dir='ltr'><strong>ί)</strong></span> <span class='ocrx_word' id='word_1_666' title='bbox 1999 4681 2246 4736; x_wconf 90' lang='lat' dir='ltr'><strong>solebant</strong></span> <span class='ocrx_word' id='word_1_667' title='bbox 2272 4695 2571 4745; x_wconf 88' lang='lat' dir='ltr'><strong>asservare,</strong></span> <span class='ocrx_word' id='word_1_668' title='bbox 2596 4679 2817 4734; x_wconf 86' lang='lat' dir='ltr'><strong>tradidit</strong></span> <span class='ocrx_word' id='word_1_669' title='bbox 2846 4679 3138 4735; x_wconf 91' lang='lat' dir='ltr'><strong>servandos</strong></span> <span class='ocrx_word' id='word_1_670' title='bbox 3171 4683 3224 4732; x_wconf 93' lang='lat' dir='ltr'><strong>in</strong></span> <span class='ocrx_word' id='word_1_671' title='bbox 3254 4693 3489 4741; x_wconf 86' lang='lat' dir='ltr'><strong>carcere,</strong></span> <span class='ocrx_word' id='word_1_672' title='bbox 3524 4687 3577 4730; x_wconf 90' lang='lat' dir='ltr'><strong>et</strong></span> 
     </span>
    </p>
   </div>
   <div class='ocr_carea' id='block_1_91' title="bbox 315 4767 1896 4844">
    <p class='ocr_par' dir='ltr' id='par_1_91' title="bbox 315 4767 1896 4844">
     <span class='ocr_line' id='line_1_91' title="bbox 315 4767 1896 4844; baseline 0.004 -22"><span class='ocrx_word' id='word_1_673' title='bbox 315 4773 465 4822; x_wconf 88' lang='lat' dir='ltr'><strong>tente</strong></span> <span class='ocrx_word' id='word_1_674' title='bbox 495 4781 556 4822; x_wconf 91' lang='lat' dir='ltr'><strong>ac</strong></span> <span class='ocrx_word' id='word_1_675' title='bbox 580 4776 850 4836; x_wconf 89' lang='lat' dir='ltr'><strong>precante,</strong></span> <span class='ocrx_word' id='word_1_676' title='bbox 873 4767 1010 4824; x_wconf 87' lang='lat' dir='ltr'><strong>effici</strong></span> <span class='ocrx_word' id='word_1_677' title='bbox 1035 4771 1332 4827; x_wconf 87' lang='lat' dir='ltr'><strong>Christiana</strong></span> <span class='ocrx_word' id='word_1_678' title='bbox 1353 4787 1475 4827; x_wconf 91' lang='lat' dir='ltr'><strong>cum</strong></span> <span class='ocrx_word' id='word_1_679' title='bbox 1495 4774 1712 4844; x_wconf 91' lang='lat' dir='ltr'><strong>propria</strong></span> <span class='ocrx_word' id='word_1_680' title='bbox 1735 4774 1896 4828; x_wconf 94' lang='lat' dir='ltr'><strong>domo</strong></span> 
     </span>
    </p>
   </div>
   <div class='ocr_carea' id='block_1_92' title="bbox 319 4860 1896 4937">
    <p class='ocr_par' dir='ltr' id='par_1_92' title="bbox 319 4860 1896 4937">
     <span class='ocr_line' id='line_1_92' title="bbox 319 4860 1896 4937; baseline 0.004 -24"><span class='ocrx_word' id='word_1_681' title='bbox 319 4860 636 4929; x_wconf 88' lang='lat' dir='ltr'><strong>promeruit,</strong></span> <span class='ocrx_word' id='word_1_682' title='bbox 655 4867 712 4915; x_wconf 87' lang='lat' dir='ltr'><strong>et</strong></span> <span class='ocrx_word' id='word_1_683' title='bbox 735 4860 886 4929; x_wconf 89' lang='lat' dir='ltr'><strong>quasi</strong></span> <span class='ocrx_word' id='word_1_684' title='bbox 907 4862 1080 4931; x_wconf 90' lang='lat' dir='ltr'><strong>capite</strong></span> <span class='ocrx_word' id='word_1_685' title='bbox 1101 4861 1316 4920; x_wconf 83' lang='lat' dir='ltr'><strong>subdito</strong></span> <span class='ocrx_word' id='word_1_686' title='bbox 1335 4866 1582 4935; x_wconf 81' lang='lat' dir='ltr'><strong>exemplo</strong></span> <span class='ocrx_word' id='word_1_687' title='bbox 1605 4866 1720 4937; x_wconf 84' lang='lat' dir='ltr'><strong>ejus</strong></span> <span class='ocrx_word' id='word_1_688' title='bbox 1744 4867 1896 4923; x_wconf 89' lang='lat' dir='ltr'><strong>multi</strong></span> 
     </span>
    </p>
   </div>
   <div class='ocr_carea' id='block_1_93' title="bbox 317 4950 1065 5009">
    <p class='ocr_par' dir='ltr' id='par_1_93' title="bbox 317 4950 1065 5009">
     <span class='ocr_line' id='line_1_93' title="bbox 317 4950 1065 5009; baseline 0.001 -2"><span class='ocrx_word' id='word_1_689' title='bbox 317 4950 625 5007; x_wconf 64' lang='lat' dir='ltr'><strong>Judzorum</strong></span> <span class='ocrx_word' id='word_1_690' title='bbox 650 4952 895 5008; x_wconf 86' lang='lat' dir='ltr'><strong>conversi</strong></span> <span class='ocrx_word' id='word_1_691' title='bbox 921 4963 1065 5009; x_wconf 89' lang='lat' dir='ltr'><strong>sunt.</strong></span> 
     </span>
    </p>
   </div>
   <div class='ocr_carea' id='block_1_94' title="bbox 393 5042 1896 5119">
    <p class='ocr_par' dir='ltr' id='par_1_94' title="bbox 393 5042 1896 5119">
     <span class='ocr_line' id='line_1_94' title="bbox 393 5042 1896 5119; baseline 0.004 -20"><span class='ocrx_word' id='word_1_692' title='bbox 393 5042 580 5099; x_wconf 89' lang='lat' dir='ltr'><strong>LXIV.</strong></span> <span class='ocrx_word' id='word_1_693' title='bbox 622 5043 786 5102; x_wconf 87' lang='lat' dir='ltr'><strong>Decet</strong></span> <span class='ocrx_word' id='word_1_694' title='bbox 807 5044 893 5100; x_wconf 88' lang='lat' dir='ltr'><strong>hic</strong></span> <span class='ocrx_word' id='word_1_695' title='bbox 922 5046 1048 5101; x_wconf 91' lang='lat' dir='ltr'><strong>illud</strong></span> <span class='ocrx_word' id='word_1_696' title='bbox 1079 5046 1266 5116; x_wconf 86' lang='lat' dir='ltr'><strong>inseri,</strong></span> <span class='ocrx_word' id='word_1_697' title='bbox 1301 5047 1534 5119; x_wconf 90' lang='lat' dir='ltr'><strong>qualiter</strong></span> <span class='ocrx_word' id='word_1_698' title='bbox 1558 5051 1896 5119; x_wconf 88' lang='lat' dir='ltr'><strong>peregrinula</strong></span> 
     </span>
    </p>
   </div>
   <div class='ocr_carea' id='block_1_95' title="bbox 321 5139 1896 5214">
    <p class='ocr_par' dir='ltr' id='par_1_95' title="bbox 321 5139 1896 5214">
     <span class='ocr_line' id='line_1_95' title="bbox 321 5139 1896 5214; baseline 0.003 -20"><span class='ocrx_word' id='word_1_699' title='bbox 321 5139 393 5195; x_wconf 85' lang='lat' dir='ltr'><strong>sit</strong></span> <span class='ocrx_word' id='word_1_700' title='bbox 418 5148 666 5195; x_wconf 88' lang='lat' dir='ltr'><strong>revocata</strong></span> <span class='ocrx_word' id='word_1_701' title='bbox 684 5139 772 5194; x_wconf 86' lang='lat' dir='ltr'><strong>lux</strong></span> <span class='ocrx_word' id='word_1_702' title='bbox 798 5139 958 5194; x_wconf 92' lang='lat' dir='ltr'><strong>oculi.</strong></span> <span class='ocrx_word' id='word_1_703' title='bbox 991 5140 1171 5212; x_wconf 90' lang='lat' dir='ltr'><strong>Itaque</strong></span> <span class='ocrx_word' id='word_1_704' title='bbox 1199 5157 1428 5214; x_wconf 87' lang='lat' dir='ltr'><strong>pergens</strong></span> <span class='ocrx_word' id='word_1_705' title='bbox 1455 5143 1896 5214; x_wconf 87' lang='lat' dir='ltr'><strong>Augustodunum</strong></span> 
     </span>
    </p>
   </div>
   <div class='ocr_carea' id='block_1_96' title="bbox 322 5231 1900 5304">
    <p class='ocr_par' dir='ltr' id='par_1_96' title="bbox 322 5231 1900 5304">
     <span class='ocr_line' id='line_1_96' title="bbox 322 5231 1900 5304; baseline 0.001 -17"><span class='ocrx_word' id='word_1_706' title='bbox 322 5246 420 5302; x_wconf 84' lang='lat' dir='ltr'><strong>pro</strong></span> <span class='ocrx_word' id='word_1_707' title='bbox 447 5231 789 5287; x_wconf 90' lang='lat' dir='ltr'><strong>ordinatione</strong></span> <span class='ocrx_word' id='word_1_708' title='bbox 827 5232 1032 5303; x_wconf 87' lang='lat' dir='ltr'><strong>Syagrii</strong></span> <span class='ocrx_word' id='word_1_709' title='bbox 1059 5231 1316 5304; x_wconf 85' lang='lat' dir='ltr'><strong>ep&#39;iscopi,</strong></span> <span class='ocrx_word' id='word_1_710' title='bbox 1368 5234 1472 5290; x_wconf 90' lang='lat' dir='ltr'><strong>huc</strong></span> <span class='ocrx_word' id='word_1_711' title='bbox 1501 5234 1640 5290; x_wconf 90' lang='lat' dir='ltr'><strong>inter</strong></span> <span class='ocrx_word' id='word_1_712' title='bbox 1669 5235 1900 5304; x_wconf 86' lang='lat' dir='ltr'><strong>reliquos</strong></span> 
     </span>
    </p>
   </div>
   <div class='ocr_carea' id='block_1_97' title="bbox 322 5322 1903 5394">
    <p class='ocr_par' dir='ltr' id='par_1_97' title="bbox 322 5322 1903 5394">
     <span class='ocr_line' id='line_1_97' title="bbox 322 5322 1903 5394; baseline 0 -14"><span class='ocrx_word' id='word_1_713' title='bbox 322 5324 468 5380; x_wconf 86' lang='lat' dir='ltr'><strong>cives</strong></span> <span class='ocrx_word' id='word_1_714' title='bbox 513 5322 854 5387; x_wconf 83' lang='lat' dir='ltr'><strong>Florentinus</strong></span> <span class='ocrx_word' id='word_1_715' title='bbox 900 5322 1106 5379; x_wconf 88' lang='lat' dir='ltr'><strong>illuster</strong></span> <span class='ocrx_word' id='word_1_716' title='bbox 1148 5339 1245 5394; x_wconf 91' lang='lat' dir='ltr'><strong>pro</strong></span> <span class='ocrx_word' id='word_1_717' title='bbox 1275 5339 1540 5381; x_wconf 87' lang='lat' dir='ltr'><strong>consensu</strong></span> <span class='ocrx_word' id='word_1_718' title='bbox 1571 5326 1778 5382; x_wconf 91' lang='lat' dir='ltr'><strong>delatus</strong></span> <span class='ocrx_word' id='word_1_719' title='bbox 1822 5335 1903 5380; x_wconf 90' lang='lat' dir='ltr'><strong>est</strong></span> 
     </span>
    </p>
   </div>
   <div class='ocr_carea' id='block_1_98' title="bbox 325 5413 1904 5488">
    <p class='ocr_par' dir='ltr' id='par_1_98' title="bbox 325 5413 1904 5488">
     <span class='ocr_line' id='line_1_98' title="bbox 325 5413 1904 5488; baseline 0.001 -17"><span class='ocrx_word' id='word_1_720' title='bbox 325 5413 535 5471; x_wconf 81' lang='lat' dir='ltr'><strong>habens</strong></span> <span class='ocrx_word' id='word_1_721' title='bbox 562 5429 769 5469; x_wconf 63' lang='lat' dir='ltr'><strong>naevum</strong></span> <span class='ocrx_word' id='word_1_722' title='bbox 815 5415 866 5469; x_wconf 94' lang='lat' dir='ltr'><strong>in</strong></span> <span class='ocrx_word' id='word_1_723' title='bbox 913 5414 1070 5471; x_wconf 91' lang='lat' dir='ltr'><strong>oculo</strong></span> <span class='ocrx_word' id='word_1_724' title='bbox 1117 5415 1442 5484; x_wconf 89' lang='lat' dir='ltr'><strong>speciositati</strong></span> <span class='ocrx_word' id='word_1_725' title='bbox 1491 5419 1756 5488; x_wconf 88' lang='lat' dir='ltr'><strong>derogans</strong></span> <span class='ocrx_word' id='word_1_726' title='bbox 1807 5417 1904 5472; x_wconf 90' lang='lat' dir='ltr'><strong>ali-</strong></span> 
     </span>
    </p>
   </div>
   <div class='ocr_carea' id='block_1_99' title="bbox 324 5505 1900 5577">
    <p class='ocr_par' dir='ltr' id='par_1_99' title="bbox 324 5505 1900 5577">
     <span class='ocr_line' id='line_1_99' title="bbox 324 5505 1900 5577; baseline 0.002 -16"><span class='ocrx_word' id='word_1_727' title='bbox 324 5507 636 5577; x_wconf 86' lang='lat' dir='ltr'><strong>quantulum</strong></span> <span class='ocrx_word' id='word_1_728' title='bbox 658 5521 726 5562; x_wconf 88' lang='lat' dir='ltr'><strong>ne</strong></span> <span class='ocrx_word' id='word_1_729' title='bbox 751 5505 946 5561; x_wconf 84' lang='lat' dir='ltr'><strong>florens</strong></span> <span class='ocrx_word' id='word_1_730' title='bbox 964 5506 1251 5564; x_wconf 83' lang='lat' dir='ltr'><strong>haberetur</strong></span> <span class='ocrx_word' id='word_1_731' title='bbox 1277 5507 1330 5562; x_wconf 89' lang='lat' dir='ltr'><strong>in</strong></span> <span class='ocrx_word' id='word_1_732' title='bbox 1356 5509 1524 5564; x_wconf 85' lang='lat' dir='ltr'><strong>vultu.</strong></span> <span class='ocrx_word' id='word_1_733' title='bbox 1549 5511 1756 5566; x_wconf 86' lang='lat' dir='ltr'><strong>Interea</strong></span> <span class='ocrx_word' id='word_1_734' title='bbox 1776 5511 1900 5566; x_wconf 90' lang='lat' dir='ltr'><strong>dum</strong></span> 
     </span>
    </p>
   </div>
   <div class='ocr_carea' id='block_1_100' title="bbox 326 5596 1907 5668">
    <p class='ocr_par' dir='ltr' id='par_1_100' title="bbox 326 5596 1907 5668">
     <span class='ocr_line' id='line_1_100' title="bbox 326 5596 1907 5668; baseline 0.001 -16"><span class='ocrx_word' id='word_1_735' title='bbox 326 5596 514 5653; x_wconf 80' lang='lat' dir='ltr'><strong>Iaudes</strong></span> <span class='ocrx_word' id='word_1_736' title='bbox 537 5597 898 5653; x_wconf 86' lang='lat' dir='ltr'><strong>acclamantur</strong></span> <span class='ocrx_word' id='word_1_737' title='bbox 918 5597 1194 5668; x_wconf 90' lang='lat' dir='ltr'><strong>episcopo,</strong></span> <span class='ocrx_word' id='word_1_738' title='bbox 1222 5613 1251 5653; x_wconf 91' lang='lat' dir='ltr'><strong>a</strong></span> <span class='ocrx_word' id='word_1_739' title='bbox 1280 5598 1511 5667; x_wconf 90' lang='lat' dir='ltr'><strong>quodam</strong></span> <span class='ocrx_word' id='word_1_740' title='bbox 1540 5601 1818 5668; x_wconf 89' lang='lat' dir='ltr'><strong>ignorante</strong></span> <span class='ocrx_word' id='word_1_741' title='bbox 1839 5615 1907 5655; x_wconf 76' lang='lat' dir='ltr'><strong>ex</strong></span> 
     </span>
    </p>
   </div>
   <div class='ocr_carea' id='block_1_101' title="bbox 328 5687 1908 5758">
    <p class='ocr_par' dir='ltr' id='par_1_101' title="bbox 328 5687 1908 5758">
     <span class='ocr_line' id='line_1_101' title="bbox 328 5687 1908 5758; baseline 0 -14"><span class='ocrx_word' id='word_1_742' title='bbox 328 5687 622 5758; x_wconf 80' lang='lat' dir='ltr'><strong>improviso</strong></span> <span class='ocrx_word' id='word_1_743' title='bbox 647 5687 942 5756; x_wconf 89' lang='lat' dir='ltr'><strong>percutitur</strong></span> <span class='ocrx_word' id='word_1_744' title='bbox 967 5687 1156 5743; x_wconf 91' lang='lat' dir='ltr'><strong>eodem</strong></span> <span class='ocrx_word' id='word_1_745' title='bbox 1187 5688 1240 5742; x_wconf 93' lang='lat' dir='ltr'><strong>in</strong></span> <span class='ocrx_word' id='word_1_746' title='bbox 1289 5688 1466 5754; x_wconf 87' lang='lat' dir='ltr'><strong>oculo,</strong></span> <span class='ocrx_word' id='word_1_747' title='bbox 1517 5689 1808 5758; x_wconf 84' lang='lat' dir='ltr'><strong>evulsoque</strong></span> <span class='ocrx_word' id='word_1_748' title='bbox 1841 5689 1908 5744; x_wconf 91' lang='lat' dir='ltr'><strong>de</strong></span> 
     </span>
    </p>
   </div>
   <div class='ocr_carea' id='block_1_102' title="bbox 332 5780 1906 5850">
    <p class='ocr_par' dir='ltr' id='par_1_102' title="bbox 332 5780 1906 5850">
     <span class='ocr_line' id='line_1_102' title="bbox 332 5780 1906 5850; baseline -0.002 -12"><span class='ocrx_word' id='word_1_749' title='bbox 332 5781 450 5838; x_wconf 89' lang='lat' dir='ltr'><strong>loco</strong></span> <span class='ocrx_word' id='word_1_750' title='bbox 476 5781 641 5850; x_wconf 80' lang='lat' dir='ltr'><strong>cmpit</strong></span> <span class='ocrx_word' id='word_1_751' title='bbox 664 5794 820 5849; x_wconf 87' lang='lat' dir='ltr'><strong>supra</strong></span> <span class='ocrx_word' id='word_1_752' title='bbox 859 5780 1132 5835; x_wconf 76' lang='lat' dir='ltr'><strong>maxillam</strong></span> <span class='ocrx_word' id='word_1_753' title='bbox 1157 5782 1314 5837; x_wconf 90' lang='lat' dir='ltr'><strong>dubio</strong></span> <span class='ocrx_word' id='word_1_754' title='bbox 1355 5782 1587 5850; x_wconf 89' lang='lat' dir='ltr'><strong>pendere</strong></span> <span class='ocrx_word' id='word_1_755' title='bbox 1616 5795 1736 5834; x_wconf 91' lang='lat' dir='ltr'><strong>eum</strong></span> <span class='ocrx_word' id='word_1_756' title='bbox 1766 5781 1906 5835; x_wconf 88' lang='lat' dir='ltr'><strong>visu.</strong></span> 
     </span>
    </p>
   </div>
   <div class='ocr_carea' id='block_1_103' title="bbox 330 5871 1907 5941">
    <p class='ocr_par' dir='ltr' id='par_1_103' title="bbox 330 5871 1907 5941">
     <span class='ocr_line' id='line_1_103' title="bbox 330 5871 1907 5941; baseline 0.003 -16"><span class='ocrx_word' id='word_1_757' title='bbox 330 5875 430 5941; x_wconf 85' lang='lat' dir='ltr'><strong>Qui</strong></span> <span class='ocrx_word' id='word_1_758' title='bbox 461 5889 624 5931; x_wconf 90' lang='lat' dir='ltr'><strong>cursu</strong></span> <span class='ocrx_word' id='word_1_759' title='bbox 677 5887 1016 5940; x_wconf 80' lang='lat' dir='ltr'><strong>praepropero</strong></span> <span class='ocrx_word' id='word_1_760' title='bbox 1066 5873 1131 5926; x_wconf 92' lang='lat' dir='ltr'><strong>ad</strong></span> <span class='ocrx_word' id='word_1_761' title='bbox 1178 5873 1392 5930; x_wconf 85' lang='lat' dir='ltr'><strong>beatum</strong></span> <span class='ocrx_word' id='word_1_762' title='bbox 1431 5871 1755 5932; x_wconf 86' lang='lat' dir='ltr'><strong>Germanum</strong></span> <span class='ocrx_word' id='word_1_763' title='bbox 1788 5887 1907 5929; x_wconf 89' lang='lat' dir='ltr'><strong>cum</strong></span> 
     </span>
    </p>
   </div>
   <div class='ocr_carea' id='block_1_104' title="bbox 641 5963 1220 6027">
    <p class='ocr_par' dir='ltr' id='par_1_104' title="bbox 641 5963 1220 6027">
     <span class='ocr_line' id='line_1_104' title="bbox 641 5963 1220 6027; baseline 0.002 -1"><span class='ocrx_word' id='word_1_764' title='bbox 641 5966 912 6027; x_wconf 73' lang='grc' dir='ltr'><strong>Ρηιιοι.</strong></span> <span class='ocrx_word' id='word_1_765' title='bbox 961 5963 1220 6027; x_wconf 81' lang='lat' dir='ltr'><strong>LXXII.</strong></span> 
     </span>
    </p>
   </div>
   <div class='ocr_carea' id='block_1_105' title="bbox 2002 4769 3574 4842">
    <p class='ocr_par' dir='ltr' id='par_1_105' title="bbox 2002 4769 3574 4842">
     <span class='ocr_line' id='line_1_105' title="bbox 2002 4769 3574 4842; baseline -0.004 -14"><span class='ocrx_word' id='word_1_766' title='bbox 2002 4773 2191 4828; x_wconf 89' lang='lat' dir='ltr'><strong>ablatis</strong></span> <span class='ocrx_word' id='word_1_767' title='bbox 2220 4773 2456 4828; x_wconf 91' lang='lat' dir='ltr'><strong>clavibus</strong></span> <span class='ocrx_word' id='word_1_768' title='bbox 2474 4773 2641 4842; x_wconf 89' lang='lat' dir='ltr'><strong>judex</strong></span> <span class='ocrx_word' id='word_1_769' title='bbox 2679 4773 2740 4826; x_wconf 87' lang='lat' dir='ltr'><strong>ﬁt</strong></span> <span class='ocrx_word' id='word_1_770' title='bbox 2775 4781 2958 4827; x_wconf 88' lang='lat' dir='ltr'><strong>custos</strong></span> <span class='ocrx_word' id='word_1_771' title='bbox 2979 4769 3311 4826; x_wconf 88' lang='lat' dir='ltr'><strong>custodibus.</strong></span> <span class='ocrx_word' id='word_1_772' title='bbox 3359 4770 3574 4824; x_wconf 90' lang='lat' dir='ltr'><strong>Interim</strong></span> 
     </span>
    </p>
   </div>
   <div class='ocr_carea' id='block_1_106' title="bbox 2003 4861 3581 4932">
    <p class='ocr_par' dir='ltr' id='par_1_106' title="bbox 2003 4861 3581 4932">
     <span class='ocr_line' id='line_1_106' title="bbox 2003 4861 3581 4932; baseline -0.002 -12"><span class='ocrx_word' id='word_1_773' title='bbox 2003 4866 2085 4921; x_wconf 88' lang='lat' dir='ltr'><strong>vir</strong></span> <span class='ocrx_word' id='word_1_774' title='bbox 2115 4867 2299 4921; x_wconf 88' lang='lat' dir='ltr'><strong>beatus</strong></span> <span class='ocrx_word' id='word_1_775' title='bbox 2337 4864 2610 4920; x_wconf 88' lang='lat' dir='ltr'><strong>tribunum</strong></span> <span class='ocrx_word' id='word_1_776' title='bbox 2659 4873 2814 4919; x_wconf 89' lang='lat' dir='ltr'><strong>vocat</strong></span> <span class='ocrx_word' id='word_1_777' title='bbox 2865 4864 2933 4917; x_wconf 84' lang='lat' dir='ltr'><strong>ad</strong></span> <span class='ocrx_word' id='word_1_778' title='bbox 2981 4863 3285 4932; x_wconf 90' lang='lat' dir='ltr'><strong>prandium.</strong></span> <span class='ocrx_word' id='word_1_779' title='bbox 3332 4862 3411 4916; x_wconf 82' lang='lat' dir='ltr'><strong>Ac</strong></span> <span class='ocrx_word' id='word_1_780' title='bbox 3454 4861 3581 4917; x_wconf 90' lang='lat' dir='ltr'><strong>dum</strong></span> 
     </span>
    </p>
   </div>
   <div class='ocr_carea' id='block_1_107' title="bbox 2003 4955 3580 5027">
    <p class='ocr_par' dir='ltr' id='par_1_107' title="bbox 2003 4955 3580 5027">
     <span class='ocr_line' id='line_1_107' title="bbox 2003 4955 3580 5027; baseline -0.003 -14"><span class='ocrx_word' id='word_1_781' title='bbox 2003 4959 2204 5027; x_wconf 87' lang='lat' dir='ltr'><strong>pariter</strong></span> <span class='ocrx_word' id='word_1_782' title='bbox 2231 4959 2481 5012; x_wconf 88' lang='lat' dir='ltr'><strong>sederent</strong></span> <span class='ocrx_word' id='word_1_783' title='bbox 2511 4957 2564 5011; x_wconf 92' lang='lat' dir='ltr'><strong>in</strong></span> <span class='ocrx_word' id='word_1_784' title='bbox 2587 4955 2778 5012; x_wconf 91' lang='lat' dir='ltr'><strong>eodem</strong></span> <span class='ocrx_word' id='word_1_785' title='bbox 2803 4955 3072 5024; x_wconf 90' lang='lat' dir='ltr'><strong>convivio,</strong></span> <span class='ocrx_word' id='word_1_786' title='bbox 3099 4956 3167 5012; x_wconf 90' lang='lat' dir='ltr'><strong>ad</strong></span> <span class='ocrx_word' id='word_1_787' title='bbox 3188 4967 3430 5011; x_wconf 90' lang='lat' dir='ltr'><strong>mensam</strong></span> <span class='ocrx_word' id='word_1_788' title='bbox 3454 4969 3580 5011; x_wconf 44' lang='lat' dir='ltr'><strong>sane</strong></span> 
     </span>
    </p>
   </div>
   <div class='ocr_carea' id='block_1_108' title="bbox 2007 5047 3586 5119">
    <p class='ocr_par' dir='ltr' id='par_1_108' title="bbox 2007 5047 3586 5119">
     <span class='ocr_line' id='line_1_108' title="bbox 2007 5047 3586 5119; baseline -0.002 -15"><span class='ocrx_word' id='word_1_789' title='bbox 2007 5048 2079 5104; x_wconf 93' lang='lat' dir='ltr'><strong>cti</strong></span> <span class='ocrx_word' id='word_1_790' title='bbox 2105 5048 2204 5103; x_wconf 91' lang='lat' dir='ltr'><strong>viri</strong></span> <span class='ocrx_word' id='word_1_791' title='bbox 2232 5056 2518 5104; x_wconf 87' lang='lat' dir='ltr'><strong>occurrunt</strong></span> <span class='ocrx_word' id='word_1_792' title='bbox 2547 5057 2602 5104; x_wconf 91' lang='lat' dir='ltr'><strong>et</strong></span> <span class='ocrx_word' id='word_1_793' title='bbox 2623 5049 2721 5118; x_wconf 89' lang='lat' dir='ltr'><strong>ipsi</strong></span> <span class='ocrx_word' id='word_1_794' title='bbox 2755 5049 2846 5119; x_wconf 88' lang='lat' dir='ltr'><strong>qui</strong></span> <span class='ocrx_word' id='word_1_795' title='bbox 2867 5049 3077 5104; x_wconf 90' lang='lat' dir='ltr'><strong>fuerant</strong></span> <span class='ocrx_word' id='word_1_796' title='bbox 3099 5047 3251 5104; x_wconf 85' lang='lat' dir='ltr'><strong>missi</strong></span> <span class='ocrx_word' id='word_1_797' title='bbox 3280 5062 3378 5118; x_wconf 90' lang='lat' dir='ltr'><strong>pro</strong></span> <span class='ocrx_word' id='word_1_798' title='bbox 3401 5047 3507 5102; x_wconf 88' lang='lat' dir='ltr'><strong>reis</strong></span> <span class='ocrx_word' id='word_1_799' title='bbox 3531 5047 3586 5102; x_wconf 93' lang='lat' dir='ltr'><strong>in</strong></span> 
     </span>
    </p>
   </div>
   <div class='ocr_carea' id='block_1_109' title="bbox 2005 5137 3578 5208">
    <p class='ocr_par' dir='ltr' id='par_1_109' title="bbox 2005 5137 3578 5208">
     <span class='ocr_line' id='line_1_109' title="bbox 2005 5137 3578 5208; baseline -0.001 -15"><span class='ocrx_word' id='word_1_800' title='bbox 2005 5140 2282 5208; x_wconf 90' lang='lat' dir='ltr'><strong>compede.</strong></span> <span class='ocrx_word' id='word_1_801' title='bbox 2328 5138 2515 5196; x_wconf 88' lang='lat' dir='ltr'><strong>Claves</strong></span> <span class='ocrx_word' id='word_1_802' title='bbox 2545 5139 2744 5196; x_wconf 87' lang='lat' dir='ltr'><strong>habens</strong></span> <span class='ocrx_word' id='word_1_803' title='bbox 2775 5141 2828 5195; x_wconf 94' lang='lat' dir='ltr'><strong>in</strong></span> <span class='ocrx_word' id='word_1_804' title='bbox 2860 5140 3110 5196; x_wconf 87' lang='lat' dir='ltr'><strong>manibus</strong></span> <span class='ocrx_word' id='word_1_805' title='bbox 3155 5154 3278 5194; x_wconf 80' lang='lat' dir='ltr'><strong>cuni</strong></span> <span class='ocrx_word' id='word_1_806' title='bbox 3329 5137 3578 5192; x_wconf 89' lang='lat' dir='ltr'><strong>tribunus</strong></span> 
     </span>
    </p>
   </div>
   <div class='ocr_carea' id='block_1_110' title="bbox 2007 5230 3585 5302">
    <p class='ocr_par' dir='ltr' id='par_1_110' title="bbox 2007 5230 3585 5302">
     <span class='ocr_line' id='line_1_110' title="bbox 2007 5230 3585 5302; baseline -0.001 -14"><span class='ocrx_word' id='word_1_807' title='bbox 2007 5231 2073 5288; x_wconf 89' lang='lat' dir='ltr'><strong>de</strong></span> <span class='ocrx_word' id='word_1_808' title='bbox 2100 5232 2297 5302; x_wconf 90' lang='lat' dir='ltr'><strong>ereptis</strong></span> <span class='ocrx_word' id='word_1_809' title='bbox 2327 5233 2410 5286; x_wconf 90' lang='lat' dir='ltr'><strong>vix</strong></span> <span class='ocrx_word' id='word_1_810' title='bbox 2460 5232 2706 5288; x_wconf 88' lang='lat' dir='ltr'><strong>crederet</strong></span> <span class='ocrx_word' id='word_1_811' title='bbox 2749 5231 2892 5302; x_wconf 90' lang='lat' dir='ltr'><strong>quod</strong></span> <span class='ocrx_word' id='word_1_812' title='bbox 2929 5230 3155 5295; x_wconf 90' lang='lat' dir='ltr'><strong>videret,</strong></span> <span class='ocrx_word' id='word_1_813' title='bbox 3206 5241 3585 5298; x_wconf 60' lang='lat' dir='ltr'><strong>agnoscens“</strong></span> 
     </span>
    </p>
   </div>
   <div class='ocr_carea' id='block_1_111' title="bbox 2005 5319 3583 5386">
    <p class='ocr_par' dir='ltr' id='par_1_111' title="bbox 2005 5319 3583 5386">
     <span class='ocr_line' id='line_1_111' title="bbox 2005 5319 3583 5386; baseline -0.002 -8"><span class='ocrx_word' id='word_1_814' title='bbox 2005 5327 2085 5379; x_wconf 89' lang='lat' dir='ltr'><strong>sic</strong></span> <span class='ocrx_word' id='word_1_815' title='bbox 2113 5324 2409 5380; x_wconf 89' lang='lat' dir='ltr'><strong>custodisse</strong></span> <span class='ocrx_word' id='word_1_816' title='bbox 2462 5324 2706 5380; x_wconf 89' lang='lat' dir='ltr'><strong>similiter</strong></span> <span class='ocrx_word' id='word_1_817' title='bbox 2762 5324 2898 5379; x_wconf 91' lang='lat' dir='ltr'><strong>sicut</strong></span> <span class='ocrx_word' id='word_1_818' title='bbox 2941 5331 2997 5378; x_wconf 88' lang='lat' dir='ltr'><strong>et</strong></span> <span class='ocrx_word' id='word_1_819' title='bbox 3048 5319 3242 5375; x_wconf 89' lang='lat' dir='ltr'><strong>milites</strong></span> <span class='ocrx_word' id='word_1_820' title='bbox 3290 5333 3583 5386; x_wconf 86' lang='lat' dir='ltr'><strong>carcerem,</strong></span> 
     </span>
    </p>
   </div>
   <div class='ocr_carea' id='block_1_112' title="bbox 2008 5412 3425 5485">
    <p class='ocr_par' dir='ltr' id='par_1_112' title="bbox 2008 5412 3425 5485">
     <span class='ocr_line' id='line_1_112' title="bbox 2008 5412 3425 5485; baseline -0.004 -14"><span class='ocrx_word' id='word_1_821' title='bbox 2008 5418 2130 5471; x_wconf 90' lang='lat' dir='ltr'><strong>data</strong></span> <span class='ocrx_word' id='word_1_822' title='bbox 2177 5417 2405 5471; x_wconf 91' lang='lat' dir='ltr'><strong>vicissim</strong></span> <span class='ocrx_word' id='word_1_823' title='bbox 2459 5418 2633 5481; x_wconf 81' lang='lat' dir='ltr'><strong>venia,</strong></span> <span class='ocrx_word' id='word_1_824' title='bbox 2682 5417 2835 5485; x_wconf 92' lang='lat' dir='ltr'><strong>culpa</strong></span> <span class='ocrx_word' id='word_1_825' title='bbox 2867 5416 3055 5470; x_wconf 90' lang='lat' dir='ltr'><strong>transit</strong></span> <span class='ocrx_word' id='word_1_826' title='bbox 3085 5412 3137 5466; x_wconf 92' lang='lat' dir='ltr'><strong>in</strong></span> <span class='ocrx_word' id='word_1_827' title='bbox 3180 5412 3425 5481; x_wconf 81' lang='lat' dir='ltr'><strong>gratiam.</strong></span> 
     </span>
    </p>
   </div>
   <div class='ocr_carea' id='block_1_113' title="bbox 2081 5495 3584 5571">
    <p class='ocr_par' dir='ltr' id='par_1_113' title="bbox 2081 5495 3584 5571">
     <span class='ocr_line' id='line_1_113' title="bbox 2081 5495 3584 5571; baseline -0.003 -11"><span class='ocrx_word' id='word_1_828' title='bbox 2081 5505 2262 5561; x_wconf 84' lang='lat' dir='ltr'><strong>LXIX.</strong></span> <span class='ocrx_word' id='word_1_829' title='bbox 2327 5505 2522 5562; x_wconf 87' lang='lat' dir='ltr'><strong>Inferat</strong></span> <span class='ocrx_word' id='word_1_830' title='bbox 2570 5495 2872 5561; x_wconf 80' lang='lat' dir='ltr'><strong>Aurelianis</strong></span> <span class='ocrx_word' id='word_1_831' title='bbox 2926 5501 3194 5571; x_wconf 79' lang='lat' dir='ltr'><strong>(Orlésm)</strong></span> <span class='ocrx_word' id='word_1_832' title='bbox 3253 5502 3431 5558; x_wconf 91' lang='lat' dir='ltr'><strong>nobile</strong></span> <span class='ocrx_word' id='word_1_833' title='bbox 3482 5500 3584 5556; x_wconf 88' lang='lat' dir='ltr'><strong>viri</strong></span> 
     </span>
    </p>
   </div>
   <div class='ocr_carea' id='block_1_114' title="bbox 2009 5591 3592 5668">
    <p class='ocr_par' dir='ltr' id='par_1_114' title="bbox 2009 5591 3592 5668">
     <span class='ocr_line' id='line_1_114' title="bbox 2009 5591 3592 5668; baseline -0.005 -14"><span class='ocrx_word' id='word_1_834' title='bbox 2009 5599 2353 5668; x_wconf 80' lang='lat' dir='ltr'><strong>praeconium.</strong></span> <span class='ocrx_word' id='word_1_835' title='bbox 2382 5599 2494 5667; x_wconf 89' lang='lat' dir='ltr'><strong>Qua</strong></span> <span class='ocrx_word' id='word_1_836' title='bbox 2538 5598 2604 5652; x_wconf 92' lang='lat' dir='ltr'><strong>de</strong></span> <span class='ocrx_word' id='word_1_837' title='bbox 2625 5598 2842 5652; x_wconf 87' lang='lat' dir='ltr'><strong>civitate</strong></span> <span class='ocrx_word' id='word_1_838' title='bbox 2865 5597 2948 5649; x_wconf 91' lang='lat' dir='ltr'><strong>vir</strong></span> <span class='ocrx_word' id='word_1_839' title='bbox 2993 5602 3213 5650; x_wconf 91' lang='lat' dir='ltr'><strong>sanctus</strong></span> <span class='ocrx_word' id='word_1_840' title='bbox 3241 5591 3592 5664; x_wconf 86' lang='lat' dir='ltr'><strong>progrediens</strong></span> 
     </span>
    </p>
   </div>
   <div class='ocr_carea' id='block_1_115' title="bbox 2008 5687 3595 5754">
    <p class='ocr_par' dir='ltr' id='par_1_115' title="bbox 2008 5687 3595 5754">
     <span class='ocr_line' id='line_1_115' title="bbox 2008 5687 3595 5754; baseline -0.006 -8"><span class='ocrx_word' id='word_1_841' title='bbox 2008 5693 2381 5748; x_wconf 89' lang='lat' dir='ltr'><strong>damnatorum</strong></span> <span class='ocrx_word' id='word_1_842' title='bbox 2425 5706 2586 5746; x_wconf 90' lang='lat' dir='ltr'><strong>voces</strong></span> <span class='ocrx_word' id='word_1_843' title='bbox 2615 5689 2887 5744; x_wconf 80' lang='lat' dir='ltr'><strong>exaudivit</strong></span> <span class='ocrx_word' id='word_1_844' title='bbox 2918 5687 2971 5740; x_wconf 91' lang='lat' dir='ltr'><strong>in</strong></span> <span class='ocrx_word' id='word_1_845' title='bbox 2997 5701 3214 5742; x_wconf 85' lang='lat' dir='ltr'><strong>carcere</strong></span> <span class='ocrx_word' id='word_1_846' title='bbox 3237 5729 3252 5754; x_wconf 93' lang='lat'><strong>,</strong></span> <span class='ocrx_word' id='word_1_847' title='bbox 3297 5699 3404 5754; x_wconf 91' lang='lat' dir='ltr'><strong>quo</strong></span> <span class='ocrx_word' id='word_1_848' title='bbox 3445 5689 3595 5738; x_wconf 70' lang='lat' dir='ltr'><strong>certe</strong></span> 
     </span>
    </p>
   </div>
   <div class='ocr_carea' id='block_1_116' title="bbox 2012 5775 3595 5846">
    <p class='ocr_par' dir='ltr' id='par_1_116' title="bbox 2012 5775 3595 5846">
     <span class='ocr_line' id='line_1_116' title="bbox 2012 5775 3595 5846; baseline -0.011 -8"><span class='ocrx_word' id='word_1_849' title='bbox 2012 5786 2419 5839; x_wconf 88' lang='lat' dir='ltr'><strong>subterraneum</strong></span> <span class='ocrx_word' id='word_1_850' title='bbox 2484 5781 2778 5835; x_wconf 89' lang='lat' dir='ltr'><strong>habebatur</strong></span> <span class='ocrx_word' id='word_1_851' title='bbox 2843 5778 3191 5846; x_wconf 87' lang='lat' dir='ltr'><strong>ergastulum.</strong></span> <span class='ocrx_word' id='word_1_852' title='bbox 3268 5775 3386 5842; x_wconf 89' lang='lat' dir='ltr'><strong>Quo</strong></span> <span class='ocrx_word' id='word_1_853' title='bbox 3435 5785 3595 5836; x_wconf 86' lang='lat' dir='ltr'><strong>super</strong></span> 
     </span>
    </p>
   </div>
   <div class='ocr_carea' id='block_1_117' title="bbox 2011 5861 3598 5944">
    <p class='ocr_par' dir='ltr' id='par_1_117' title="bbox 2011 5861 3598 5944">
     <span class='ocr_line' id='line_1_117' title="bbox 2011 5861 3598 5944; baseline -0.011 -14"><span class='ocrx_word' id='word_1_854' title='bbox 2011 5876 2307 5934; x_wconf 84' lang='lat' dir='ltr'><strong>ascendens</strong></span> <span class='ocrx_word' id='word_1_855' title='bbox 2339 5883 2392 5931; x_wconf 91' lang='lat' dir='ltr'><strong>et</strong></span> <span class='ocrx_word' id='word_1_856' title='bbox 2442 5878 2741 5944; x_wconf 84' lang='lat' dir='ltr'><strong>prostratus</strong></span> <span class='ocrx_word' id='word_1_857' title='bbox 2790 5870 3056 5926; x_wconf 90' lang='lat' dir='ltr'><strong>accubans</strong></span> <span class='ocrx_word' id='word_1_858' title='bbox 3103 5870 3398 5924; x_wconf 89' lang='lat' dir='ltr'><strong>orationem</strong></span> <span class='ocrx_word' id='word_1_859' title='bbox 3449 5861 3598 5916; x_wconf 89' lang='lat' dir='ltr'><strong>dedit</strong></span> 
     </span>
    </p>
   </div>
   <div class='ocr_carea' id='block_1_118' title="bbox 3163 5961 3201 6018">
    <p class='ocr_par' dir='ltr' id='par_1_118' title="bbox 3163 5961 3201 6018">
     <span class='ocr_line' id='line_1_118' title="bbox 3163 5961 3201 6018; baseline 0 0"><span class='ocrx_word' id='word_1_860' title='bbox 3163 5961 3201 6018; x_wconf 90' lang='lat'><strong>3</strong></span> 
     </span>
    </p>
   </div>
  </div>
