4108 6352
561 308 635 366 75
1374 305 1681 365 SANCTUS
1717 301 2118 373 GERMANUS,
2159 296 2579 360 PARISIENSIS
2618 298 3010 359 EPISCOPUS.
3745 302 3818 359 76

562 419 765 477 amicus
789 418 989 475 Christi
1017 433 1137 475 cum
1180 416 1449 490 lacrymis.
1500 420 1725 475 Prorsus
1758 418 1979 473 obtentu
2010 429 2134 471 ora-
2158 414 2213 477 Α
2234 408 2409 482 digus,
2440 413 2696 483 explicari
2726 430 2830 470 non
2862 414 3078 487 poterit,
3109 428 3209 470 nec
3237 414 3282 469 si
3312 415 3478 471 totius
3502 416 3684 487 populi
3708 432 3818 473 vox

565 513 668 570 culi
693 512 993 587 insequenti
1024 520 1181 568 nocte
1206 526 1423 569 carcere
1467 512 1731 583 patefacto
1752 510 1816 564 ad
1865 509 2133 565 basilicam
2237 504 2290 559 in
2321 518 2426 560 uno
2454 520 2511 562 se
2538 507 2786 576 glutinet.
2832 508 2932 574 Qui
2968 507 3274 578 frequenter
3318 513 3601 565 contentus
3635 509 3817 566 casula

566 601 735 657 sancti
792 602 983 657 Aniani
1039 600 1377 675 confugiunt.
1436 603 1501 657 Et
1553 604 1623 657 ita
1657 604 1841 657 beatus
1895 599 2137 655 Pontifex
2237 598 2318 652 vel
2350 598 2549 662 tunica,
2583 598 2835 669 quidquid
2866 608 2984 656 erat
3020 599 3249 666 residui,
3295 599 3493 657 nudum
3525 614 3820 670 pauperem

569 694 808 763 quamvis
839 695 1210 763 praetereundo
1240 703 1361 766 post
1390 710 1447 751 se
1469 695 1681 765 reliquit
1701 693 2031 764 suﬁragium.
2240 690 2524 761 vestiebat,
2544 691 2767 761 utinops
2788 690 3059 748 caleﬁeret
3080 690 3331 761 largitore
3351 690 3582 763 algente.
3607 696 3819 762 Quanta

636 782 797 838 LXX.
851 785 966 841 Non
1030 784 1300 843 fastidium
1352 789 1422 843 sit
1475 788 1658 843 audire
1697 786 1841 857 quod
1897 784 2140 839 Christus
2242 782 2401 837 etiam
2432 781 2995 855 fueritredemptionis
3022 785 3231 851 eﬁusio,
3258 786 3557 843 nullatenus
3580 789 3819 858 explica-

568 887 786 946 praestat
840 878 1109 947 ﬁdelibus,
1161 880 1287 937 dum
1330 881 1711 939 miraculorum
1768 878 1925 935 simul
1975 878 2141 933 virtus
2242 875 2383 932 bitur
2410 877 2492 931 vel
2523 878 2638 932 loco
2667 878 2747 933 vel
2774 893 3019 936 numero.
3053 877 3207 935 Unde
3235 887 3361 935 sunt
3389 880 3653 949 contigua:
3680 895 3821 951 gen-

566 969 830 1024 crescitet
861 986 1135 1027 numerus.
1187 972 1371 1043 itaque
1396 972 1745 1027 Sauctissimo
1774 969 2004 1025 occurrit
2030 969 2145 1040 qui-
2245 974 2326 1022 tes
2352 966 2404 1022 in
2436 968 2822 1035 testimonium,
2852 970 3117 1042 Hispanus
3147 971 3361 1038 Scotus,
3394 970 3567 1037 Brito,
3598 970 3822 1037 Wasco,

566 1056 687 1111 dam
736 1056 991 1126 Parisius,
1047 1061 1200 1131 cujus
1260 1063 1413 1132 quasi
1463 1077 1670 1133 pugnus
1737 1061 2147 1117 estuberaverat

567 1149 773 1215 oculus,
800 1159 859 1204 ut
889 1154 1049 1209 etiam
1086 1153 1261 1213 dictus
1306 1164 1549 1223 vergeret
1600 1154 1654 1208 in
1702 1154 1859 1209 ruina
1888 1160 2006 1222 post
2026 1152 2145 1206 vul-

575 1254 724 1294 nera.
754 1242 871 1308 Quo
902 1255 1123 1314 rogante
1158 1246 1241 1300 vir
1269 1245 1360 1301 Dei
1390 1245 1458 1301 de
1484 1245 1649 1300 saliva
1680 1244 1790 1301 oris
1820 1244 1902 1299 sui
1934 1243 2148 1301 oculum

571 1332 825 1403 illinicus,
858 1336 1119 1392 medelam
1144 1338 1329 1395 lumini
1353 1338 1622 1397 revocavit
1652 1347 1705 1395 et
1733 1336 1983 1410 gratiam.

643 1426 829 1482 LXXI.
891 1429 1125 1487 Moverla
1177 1432 1282 1506 [ΑΙ.
1337 1430 1595 1502 Noverca]
1641 1432 1881 1503 quaedam
1933 1430 2151 1487 Parisiis

576 1520 843 1587 pustulam
890 1520 1093 1577 habens
1122 1522 1173 1579 in
1204 1522 1444 1589 brachio,
1478 1521 1708 1577 cruciata
1735 1522 2029 1587 doloribus,
2062 1536 2155 1577 oc-

575 1622 798 1664 currens
819 1611 982 1665 beato
1028 1613 1176 1678 viro,
1230 1612 1345 1685 pari
1386 1611 1741 1668 medicamine
1791 1620 1930 1668 tactu
1973 1610 2153 1669 saliva

577 1713 760 1757 curata
791 1712 894 1759 εει.

2248 1056 2412 1123 Saxo,
2447 1058 2771 1129 Burgundio,
2800 1074 2919 1115 cum
2947 1060 3012 1115 ad
3045 1075 3237 1117 nomen
3268 1061 3414 1117 Beati
3443 1068 3826 1117 concurrerent

2248 1152 2478 1222 undique
2505 1152 2760 1210 liberandi
2784 1154 2911 1225 iugo
2937 1154 3158 1213 servitii.
3184 1154 3317 1211 Cum
3344 1168 3471 1209 vero
3492 1153 3825 1223 aliquatenus

2249 1243 2381 1301 nihil
2422 1252 2563 1301 esset
2600 1260 2713 1317 prae
2757 1246 3039 1313 manibus,
3090 1244 3255 1305 tristis
3302 1243 3494 1301 sedens
3530 1253 3585 1301 et
3627 1242 3825 1299 anxius

2251 1335 2486 1392 severior
2528 1338 2583 1392 in
2623 1339 2804 1402 vultu,
2853 1346 3102 1393 austerus
3147 1344 3264 1395 erat
3289 1334 3541 1403 alloquio.
3582 1333 3729 1391 Tunc
3776 1335 3827 1391 si

2254 1427 2496 1486 fortassis
2521 1430 2589 1483 ab
2617 1429 2797 1501 aliquo
2828 1428 3141 1485 invitaretur
3158 1427 3223 1482 ad
3246 1425 3525 1496 prandium
3545 1468 3559 1493 ,
3588 1422 3833 1491 compel-

2255 1519 2399 1577 lebat
2423 1521 2673 1577 convivas
2697 1528 2787 1574 aut
2812 1519 3085 1574 ministros
3112 1518 3377 1589 proprios,
3404 1524 3463 1572 ut
3485 1514 3821 1585 conferentgg

2256 1612 2453 1683 pariter
2485 1612 2623 1667 unde
2653 1612 2733 1665 vel
2765 1626 2926 1666 unum
2958 1609 3225 1680 captivum
3254 1608 3475 1665 servitio
3505 1607 3803 1667 liberareu.
3822 1590 3863 1679 ,’

2256 1713 2310 1759 et
2336 1704 2415 1760 sic
2440 1704 2822 1774 aliquantulum
2863 1702 3170 1760 Sacerdotis
3199 1702 3486 1771 respiraret
3526 1700 3744 1759 animus
3770 1721 3835 1763 ex

649 1793 860 1850 LXXII.
899 1795 1003 1851 Sed
1035 1798 1077 1851 si
1125 1812 1482 1869 exsequamur
1514 1798 1894 1859 miraculorum
1943 1797 2151 1867 singula
2179 1791 2231 1851 B
2258 1808 2507 1850 maerore.
2536 1794 2685 1863 Quod
2712 1796 2756 1850 si
2798 1793 3057 1849 Dominus
3079 1791 3277 1861 aliquid
3309 1806 3402 1861 per
3432 1806 3613 1846 manus
3649 1792 3843 1849 sancti

582 1900 699 1955 quae
727 1887 836 1942 suis
864 1889 1029 1958 gestis
1055 1891 1301 1960 praesenti
1330 1890 1627 1947 ﬂoruerunt
1649 1891 1703 1946 in
1734 1892 1865 1956 vita,
1896 1889 2011 1945 hac
2040 1888 2158 1945 sine

582 1974 687 2031 ﬁne
715 1987 840 2031 sunt
890 1990 1084 2047 coepta,
1136 1995 1241 2034 non
1292 1981 1399 2041 erit
1444 1980 1637 2037 modus
1681 1981 1733 2035 in
1780 1980 1989 2051 pagina.
2023 1978 2157 2044 Quia

583 2085 933 2140 quaecumque
963 2072 1235 2129 Pontiﬁcis
1279 2088 1338 2129 se
1365 2074 1631 2129 convertit
1672 2071 1979 2144 praesentia,
2012 2070 2157 2124 nulla

582 2161 890 2217 morborum
936 2165 1220 2231 gencrbus
1272 2164 1437 2221 defuit
1481 2164 1744 2220 medicina
1792 2172 1847 2218 et
1873 2170 2067 2233 quanta
2100 2174 2159 2214 se

582 2253 891 2311 obtulerunt
921 2256 1282 2328 languentium
1311 2257 1551 2323 vulnera,
1591 2256 1775 2312 salutis
1798 2254 1929 2313 fudit
1965 2262 2040 2307 tot
2068 2266 2159 2308 se-

589 2344 751 2402 mina.
784 2344 1023 2416 Namque
1054 2348 1223 2417 prima
1278 2347 1548 2404 Pontiﬁcis
1587 2361 1940 2416 exsequamur
1964 2344 2047 2399 vel
2078 2344 2161 2398 ul-

590 2440 740 2499 tima,
772 2452 891 2491 cum
937 2452 1033 2506 per
1052 2439 1275 2494 salivam
1307 2440 1416 2495 oris
1442 2440 1521 2496 sui
1547 2440 1712 2495 multa
1739 2448 1921 2492 curata
1964 2435 2162 2493 fuerint

586 2528 787 2595 ulcera,
818 2539 1039 2600 purgata
1062 2514 1167 2586 sint
1194 2532 1568 2602 energumina.
1600 2531 1739 2585 Ante
1779 2544 1938 2600 quem
1970 2543 2158 2599 quam-

584 2617 665 2671 vis
690 2620 896 2676 occulte
921 2622 1157 2679 venisset
1186 2624 1357 2679 hostis
1384 2623 1642 2693 nequitia,
1676 2622 1858 2681 statim
1890 2635 1953 2690 se
1990 2621 2161 2679 niani-

586 2708 803 2764 l‘estavit
829 2709 1167 2769 fraudulenta
1190 2714 1399 2769 fallacia
1434 2730 1449 2769 :
1490 2730 1557 2770 ac
1582 2714 1649 2769 de
1674 2720 1964 2783 conspectu
1989 2712 2162 2768 sancti

584 2798 685 2853 viri
712 2800 831 2866 quia
855 2802 1014 2857 celari
1038 2817 1141 2858 non
1166 2812 1449 2874 poterant,
1481 2818 1580 2863 nec
1602 2804 1899 2861 tolerabant
1926 2816 2161 2872 praesen-

588 2888 737 2956 tiam,
770 2892 992 2947 terribili
1020 2892 1222 2948 ululatu
1249 2909 1342 2948 sua
1362 2893 1647 2967 gemebant
1670 2894 1934 2960 incendia,
1962 2894 2161 2963 passim

589 2994 685 3049 per
708 2979 821 3037 loca
853 2984 1127 3038 volitantia
1154 2987 1492 3055 exponebant
1512 2996 1565 3039 et
1607 2986 1829 3043 crimina
1850 3026 1867 3051 ,
1917 2986 2162 3054 suspensi

589 3089 685 3151 per
719 3091 840 3129 aera
873 3093 887 3129 :
943 3076 1251 3147 frequenter
1282 3093 1380 3135 nec
1428 3079 1741 3149 interrogati
1770 3076 2163 3134 conﬁtebantur

585 3178 640 3224 et
672 3168 905 3224 nomina.
937 3169 1066 3226 Cum
1090 3186 1232 3241 saepe
1260 3186 1357 3227 suo
1383 3172 1615 3243 impulsu
1633 3173 1921 3227 currebant
1940 3172 2007 3228 ad
2029 3187 2158 3229 san-
2186 3176 2236 3245 ο

589 3270 730 3319 ctum
755 3265 925 3319 virum
955 3266 1241 3325 cruciauda
1265 3266 1549 3327 daemonia.
1578 3265 1747 3336 Cujus
1776 3267 2020 3322 minister
2052 3270 2159 3336 auo

592 3353 713 3411 loco
757 3356 934 3419 Sancti
987 3359 1203 3415 tenebat
1249 3360 1494 3423 baculum
1524 3401 1542 3429 ,
1606 3358 1715 3415 illic
1768 3371 2161 3432 energumenus

586 3449 850 3529 pendebat
875 3450 1127 3521 religatus
1152 3466 1279 3507 aero
1304 3450 1518 3510 vinculo
1538 3490 1555 3517 ,
1586 3460 1641 3508 et
1662 3451 1817 3523 quasi
1871 3451 2037 3509 clavrs
2080 3451 2163 3509 af-

589 3550 699 3605 ﬁxo
730 3542 1011 3605 tenebatur
1041 3544 1288 3613 vestigio.

659 3642 894 3699 LXXIll.
939 3643 1003 3701 Et
1033 3637 1154 3714 quia
1182 3646 1367 3699 sancto
1394 3636 1506 3695 viro
1541 3649 1686 3711 saepe
1727 3633 1929 3698 inimici
1972 3643 2162 3698 tende-

590 3738 782 3793 bantur
814 3735 1043 3802 insidiae,
1077 3746 1131 3790 ut
1159 3744 1249 3791 aut
1273 3750 1446 3806 equus
1473 3734 1679 3806 lapsum
1712 3734 2046 3799 incurreret,
2082 3733 2163 3789 vel

588 3840 768 3880 ramus
797 3827 1004 3883 arboris
1050 3834 1315 3897 tangeret,
1353 3835 1444 3883 aut
1470 3840 1608 3897 aqua
1638 3826 1793 3883 vallis
1843 3826 1927 3882 vel
1964 3826 2162 3897 glacies

588 3917 884 3987 periculum
905 3926 1218 3989 generaret;
1242 3932 1364 3975 mox
1387 3918 1474 3987 qui
1501 3929 1594 3974 aut
1613 3920 1797 3990 quanti
1823 3928 1915 3976 aut
1933 3919 2166 3991 qualiter

590 4017 759 4063 totum
790 4009 1137 4081 energumina
1168 4010 1364 4066 factum
1385 4024 1543 4068 omne
1571 4011 1964 4068 conﬁtebantur
1993 4021 2049 4069 et
2067 4030 2166 4069 nu-

588 4115 814 4158 merum.
839 4101 967 4155 Cum
994 4115 1123 4157 vero
1151 4102 1339 4173 pedem
1368 4100 1584 4158 eﬁerret
1602 4106 1672 4158 de
1696 4103 1858 4160 domo
1881 4104 1965 4160 vel
1993 4106 2166 4163 eccle-

589 4192 689 4259 sia,
719 4192 928 4247 videres
978 4201 1181 4263 strages
1230 4194 1531 4249 daemonum
1563 4203 1686 4249 ante
1715 4197 1847 4250 tanti
1895 4196 2165 4255 Pontiﬁcis

589 4299 653 4340 ac
705 4284 1109 4355 triumpliatoris
1155 4285 1419 4341 obtutum.
1478 4285 1753 4343 Cadebant
1788 4290 1928 4343 circa
1983 4289 2166 4345 Sancti

592 4380 902 4437 catervatim
932 4380 1151 4450 vestigia
1177 4379 1398 4435 diversis
1429 4380 1604 4434 modis
1630 4380 1829 4436 eﬁ'usa:
1860 4382 1976 4437 haec
1998 4392 2163 4451 muta,

592 4469 682 4524 illa
710 4470 1024 4536 clamantia;
1082 4470 1172 4524 illa
1214 4470 1339 4540 ﬁxa,
1380 4470 1496 4526 haec
1541 4471 1763 4530 lubrica.
1816 4472 1882 4527 Et
1930 4474 2071 4529 velut
2098 4473 2164 4533 ad

2260 1888 2669 1958 dispensandum
2695 1887 2938 1945 alicunde
2959 1887 3230 1958 dirigeret,
3257 1902 3382 1943 mox
3407 1886 3461 1942 in
3489 1885 3680 1955 spiritu
3704 1902 3844 1957 prae-

2262 1981 2445 2035 videns
2481 1980 2672 2035 solitus
2717 1990 2833 2037 erat
2876 1980 3056 2036 dicere
3089 1978 3341 2035 :Gratias
3379 1991 3606 2049 agamus
3643 1980 3843 2035 divina:

2259 2072 2600 2138 Clementiae,
2651 2089 2774 2128 nam
2805 2074 2947 2129 unde
2983 2072 3077 2128 fiat
3111 2071 3411 2141 redemptio
3440 2075 3841 2141 appropinqua-

2262 2164 2356 2223 vit.
2394 2162 2664 2222 Continuo
2699 2167 2815 2221 sine
2843 2166 3191 2235 ambiguitate
3233 2179 3469 2233 presens
3518 2164 3843 2235 probabatur

2260 2258 2502 2317 eﬂ'ectus.
2531 2259 2683 2328 Quod
2719 2259 2843 2314 dum
2884 2260 3183 2328 accepisset
3214 2260 3268 2314 in
3311 2259 3576 2325 manibus,
3607 2258 3842 2317 resoluta

2262 2364 2395 2420 ruga
2434 2349 2628 2409 frontis
2668 2350 2814 2404 vultu
2853 2349 3079 2405 ﬂorebat
3103 2348 3312 2418 senior,
3354 2364 3541 2422 gressu
3587 2350 3844 2422 pergebat

2262 2452 2515 2519 alacrior,
2544 2453 2726 2521 lingua
2754 2451 2957 2535 ﬂuebat
2977 2450 3297 2522 jucundior:
3324 2459 3380 2508 ut
3399 2452 3645 2512 crederes
3670 2448 3845 2509 homi-

2260 2566 2385 2607 nem
2409 2565 2506 2621 prn
2538 2549 2862 2608 redimendis
2883 2552 3001 2607 aliis
3026 2564 3087 2607 se
3123 2552 3296 2621 ipsum
3320 2550 3590 2609 servitutis
3624 2552 3846 2637 Ivinculo

2262 2645 2617 2702 liberandum.

2332 2759 2544 2817 LXXV.
2574 2760 2705 2829 Quis
2715 2760 3222 2830 verod-ignuopetat
3245 2762 3438 2825 quanta
3460 2753 3626 2809 virtus
3647 2752 3845 2808 verbo-

2260 2871 2381 2912 rum
2402 2856 2471 2911 ab
2489 2869 2581 2911 ore
2612 2838 2883 2909 rotabatur
2908 2866 3027 2907 cum
3062 2850 3373 2922 praedicaret
3399 2848 3451 2903 in
3483 2847 3755 2919 populum,
3786 2854 3846 2903 ut

2261 2949 2403 3003 omni
2427 2948 2737 3004 litteratura
2763 2952 3071 3001 nasceretur
3098 2952 3303 3013 stupor,
3343 2950 3397 2997 et
3434 2940 3585 2996 ﬁeret
3616 2939 3667 2994 in
3696 2954 3847 2994 com-

2262 3056 2422 3095 mune
2461 3017 3134 3109 generalis'compunctio,
3177 3042 3336 3104 atque
3364 3048 3427 3088 ex
3473 3047 3567 3087 ore
3617 3031 3847 3089 dicentis

2262 3132 2513 3188 crederes
2551 3140 2609 3186 ut
2647 3131 2806 3186 verba
2847 3130 3202 3184 formarentur
3234 3128 3301 3181 ab
3321 3126 3533 3197 angelo,
3557 3124 3682 3180 dum
3708 3124 3831 3193 plus

2262 3240 2419 3297 quam
2444 3225 2603 3281 homo
2633 3224 2943 3294 loqueretur
2968 3221 3258 3277 translatus
3286 3222 3338 3274 in
3382 3218 3579 3274 mentis
3598 3230 3848 3283 excessu,

2260 3330 2382 3373 cum
2437 3316 2641 3371 abrasls
2690 3315 2911 3370 maculis
2965 3313 3271 3369 sinceritate
3314 3311 3580 3383 dogmatis
3628 3317 3848 3380 pectora

2263 3412 2434 3482 plebis
2461 3420 2673 3481 cogeret
2700 3408 2893 3465 divinis
2928 3409 3218 3478 ell‘ragrare
3253 3406 3558 3478 pigmentis.

2334 3524 2566 3589 LXXVI.
2596 3524 2696 3598 Qui
2722 3524 2969 3601 equitans
3015 3524 3067 3584 in
3097 3523 3310 3588 itinere,
3356 3535 3571 3592 semper
3609 3518 3721 3576 Deo
3747 3516 3850 3575 ali-

2264 3625 2389 3697 quid
2407 3635 2497 3679 aut
2518 3621 2684 3679 verbo
2704 3622 2929 3679 contulit
2947 3630 3038 3676 aut
3078 3620 3331 3685 cantavit,
3362 3626 3575 3673 cursum
3595 3609 3676 3687 (α)
3698 3609 3847 3671 nudo

2264 3718 2439 3787 capite
2466 3717 2670 3783 dicens,
2700 3714 2803 3772 etsi
2844 3714 2931 3769 nix
2960 3721 3051 3768 aut
3079 3712 3251 3768 imber
3292 3717 3526 3782 urgeret.
3552 3706 3682 3763 Cum
3714 3715 3849 3765 vero

2266 3812 2411 3868 venit
2433 3811 2497 3866 ad
2527 3824 2790 3877 mensam,
2822 3806 3107 3865 confestim
3140 3804 3370 3867 recitans
3396 3801 3565 3859 adfuit
3602 3798 3852 3861 minister

2266 3905 2448 3961 divina
2474 3903 2773 3974 colloquia,
2820 3910 2878 3956 ut
2902 3901 3043 3956 inter
3072 3897 3173 3961 cibi
3204 3886 3421 3952 'fercula
3449 3891 3610 3953 animi
3662 3897 3850 3959 pastus

2266 3997 2523 4053 alimento
2561 3994 2681 4066 plus
2710 3999 3042 4051 saturaretur
3084 3986 3330 4047 conviva.
3375 3983 3585 4040 Nullum
3633 3991 3846 4048 tempus

2268 4090 2594 4160 interpolans
2616 4102 2723 4160 quo
2748 4101 2855 4145 non
2882 4092 2973 4140 aut
3003 4081 3123 4139 aliis
3150 4081 3450 4154 prodesset,
3482 4086 3573 4139 aut
3599 4090 3705 4137 non
3730 4074 3848 4147 ipse

2267 4182 2572 4256 proﬁceret.
2610 4206 2613 4209 ν

2337 4296 2594 4355 LXXVII.
2633 4296 2893 4364 Quantam
2923 4304 3052 4348 vero
3092 4286 3395 4358 vigiliarum
3422 4296 3606 4343 curam
3635 4291 3853 4348 semper

2271 4391 2599 4461 impenderet
2628 4389 2747 4459 quis
2788 4385 3037 4443 enarret?
3069 4384 3174 4438 Aut
3214 4379 3467 4437 toleratos
3508 4375 3717 4449 algores
3764 4385 3853 4431 ar-

2268 4486 2399 4541 dore
2429 4484 2549 4539 ﬁdei
2581 4480 2872 4553 praedicet?
2898 4493 3019 4535 cum
3050 4476 3357 4545 frequenter
3394 4471 3451 4527 in
3479 4467 3672 4527 lectulo
3699 4470 3855 4521 ante-

589 4559 820 4631 judicem
850 4562 975 4616 dum
1000 4569 1145 4634 gesta
1170 4560 1429 4616 referrent
1451 4562 1684 4631 propria,
1714 4579 1817 4621 non
1842 4564 2166 4635 effugiebant
2192 4561 2247 4624 D
2271 4593 2427 4648 quam
2452 4575 2688 4645 reliquos
2702 4573 2771 4628 de
2785 4584 2979 4640 sopore
2992 4570 3356 4627 commoneret
3377 4572 3678 4629 assurgere,
3704 4554 3836 4648 quin

595 4663 881 4710 tormenta.
917 4654 1019 4711 Sed
1050 4655 1113 4709 ad
1137 4654 1320 4711 Sancti
1349 4655 1672 4723 praeconium
1698 4663 1895 4725 quanta
1924 4665 2007 4712 est
2054 4656 2170 4721 haec

595 4744 854 4816 laudatio,
880 4761 999 4805 cum
1044 4745 1387 4803 ineﬁ‘abiliter
1413 4746 1577 4802 multa
1620 4755 1675 4805 et
1717 4748 1979 4818 stupenda
2005 4750 2073 4808 ab
2103 4767 2171 4815 eo

594 4837 786 4895 ﬁerent
802 4838 902 4895 sub
933 4840 1245 4896 momento?

664 4929 899 4999 LXXIV.
920 4930 1184 5007 Caeterum
1205 4931 1563 5005 eleemosynis
1582 4943 1839 5005 quantum
1861 4937 2022 4997 fuerit
2042 4956 2170 5011 pro-

665 5088 744 5162 (α)
774 5089 1074 5163 Scriptores
1120 5090 1323 5163 antiqui
1347 5108 1525 5147 cursus
1566 5109 1658 5149 seu
1684 5095 1923 5153 decursus
1947 5103 2167 5163 nomine

589 5160 769 5220 divina
799 5160 995 5226 ofﬁcia,
1030 5161 1141 5215 slve
1185 5160 1363 5233 horas,
1395 5173 1453 5217 ut
1498 5174 1715 5233 vocant,
1749 5171 2030 5227 cancuicas
2074 5160 2168 5229 in;

594 5234 934 5307 telligebant,
962 5233 1099 5298 quod
1135 5232 1503 5307 persolvantur
1525 5232 1760 5307 quotidie
1787 5255 1849 5295 ac
1878 5242 2161 5300 decurran-

595 5314 701 5367 tur.
746 5301 943 5377 Regula
988 5305 1157 5359 sancti
1200 5303 1442 5377 Macarii,
1471 5301 1587 5374 cap.
1622 5305 1698 5377 9;
1736 5328 1755 5362 ί
1786 5311 2008 5368 Cursum
2052 5332 2166 5372 mo-

594 5374 817 5460 nasterii
846 5377 1219 5460 supercmnia
1252 5374 1475 5458 diliges;
1509 5381 1595 5460 qui
1626 5374 1770 5460 vero
1791 5386 1983 5460 saepius
2011 5399 2166 5443 orare

594 5446 849 5510 voluerit,
880 5443 1177 5501 uberiorem
1208 5443 1443 5509 inveniet
1468 5443 1882 5506 misericordiam
1907 5454 2160 5511 Christi.»

597 5518 654 5598 in
678 5517 794 5598 Vita
819 5531 920 5598 ms.
940 5517 1366 5598 sancti_Serettici
1396 5520 1600 5598 abbatis
1623 5522 1832 5598 (seculo
1852 5540 1923 5579 vu
1948 5523 2165 5598 Bened.)

598 5588 717 5651 haec
744 5588 1025 5658 leguntur:
1060 5606 1080 5641 ι
1108 5589 1164 5647 lu
1202 5592 1467 5647 orationis
1493 5588 1668 5647 autem
1698 5594 1872 5650 studio
1900 5604 2078 5649 tantus
2105 5588 2168 5653 ill

600 5657 708 5735 lum
754 5657 927 5735 fervor
972 5662 1313 5728 accenderat,
1346 5672 1401 5735 ut
1433 5662 1634 5735 absque
1676 5663 1924 5732 peculiari
1967 5668 2168 5735 suppli-

600 5732 810 5800 catione
861 5729 1155 5786 Romanum
1201 5749 1294 5787 seu
1348 5729 1713 5800 Gallicanum}
1761 5744 1815 5790 et
1863 5729 2170 5794 sanctorum

601 5799 819 5857 Patrum
848 5801 1118 5859 Benedicti
1148 5818 1242 5859 seu
1267 5803 1577 5859 Columbam
1609 5820 1822 5861 cursum
1862 5806 2011 5863 horis
2053 5807 2170 5873 sin-

2272 4672 2522 4744 quagiuta
2554 4668 2789 4739 psalmos
2820 4664 2901 4720 vel
2948 4661 3209 4731 amplius,
3240 4648 3539 4713 indefessus
3569 4647 3853 4744 intentato

2272 4738 2352 4821 sui
2382 4738 2614 4834 pectoris
2645 4758 2870 4814 Domino
2904 4754 3233 4811 decantaret.
3282 4746 3389 4809 Sed
3430 4744 3552 4815 quis
3582 4739 3713 4834 illud
3744 4738 3855 4834 fur-

2275 4831 2396 4916 tum'
2419 4855 2540 4911 felix
2572 4853 2703 4927 [Af.,
2736 4844 2971 4917 felicem]
3015 4846 3098 4900 vel
3126 4841 3329 4932 auditu
3354 4834 3591 4932 senserit
3623 4832 3708 4895 vel
3736 4831 3852 4932 visu

2274 4944 2720 5021 deprehenderit,
2768 4955 2887 4997 cum
2934 4938 3049 5007 ipse
3078 4935 3147 4991 de
3173 4929 3369 4993 lectulo
3403 4928 3711 4999 frequenter
3736 4928 3853 4985 sine

2314 5108 2415 5164 uiis
2445 5102 2669 5162 Domino
2708 5099 3033 5168 decantaret.
3063 5113 3084 5149 ι
3132 5095 3233 5154 Ubi
3279 5092 3537 5171 particula
3562 5104 3654 5171 ρειε

2314 5125 2415 5164 tllls
2446 5125 2669 5162 Donum)
2708 5125 3033 5159 uccmttiuct.
3063 5125 3084 5149 ι
3136 5125 3233 5154 um
3280 5125 3537 5161 paruum:
3562 5125 3653 5159 qua.
3700 5125 3819 5165 --ικ

2275 5125 2431 5247 gique
2450 5170 2883 5247 ropulativ‘auest
2901 5164 3045 5247 ,Anec
3084 5165 3581 5247 cursusnltomanus
3596 5154 3849 5247 hicnalius

2274 5226 2359 5306 Egi
2369 5226 2728 5303 aVGa'liicauo.
2750 5240 2882 5295 Nam
2903 5226 3088 5295 'Gallos
3110 5237 3238 5293 o’lim
3263 5235 3535 5306 Romanos
3560 5226 3852 5306 appellatis

2274 5296 3019 5376 iri-VitativsanctiSamsonis
3056 5310 3247 5377 episc.,
3284 5303 3526 5380 praeiat._,
3550 5296 3849 5380 ,ρὶεομδῇν

2274 5368 2679 5447 observavimus
2708 5383 2783 5455 (in
2828 5382 2966 5439 Actis
2994 5368 3164 5441 san-ct.
3197 5368 3335 5459 orti.
3354 5373 3515 5455 sancti
3543 5368 3852 5491 Benedicti}.

2275 5462 2351 5491 nn
2380 5474 2534 5491 mm.
2556 5454 2761 5491 Collina
2793 5456 2981 5491 iraa-nm
3011 5451 3210 5491 ηιρηιῑη
3243 5448 3298 5491 ﬁt
3320 5462 3373 5491 ιη
3391 5444 3509 5491 Vita
3532 5449 3700 5491 sancti
3726 5436 3799 5491 νιν
3828 5465 3852 5478 -

2275 5438 2771 5517 bé'éii'réu'uatiiéo‘
2793 5438 2981 5509 iterum
3011 5438 3211 5521 mentio
3243 5448 3298 5521 ﬁt
3320 5446 3373 5500 in
3391 5444 3510 5498 Vita
3532 5438 3856 5521 sancti“?-

2273 5508 2596 5591 nimiis,
2626 5508 2763 5597 apud
2790 5524 3037 5597 Suriutn,
3070 5520 3097 5575 1
3118 5517 3334 5597 _A‘uril.,
3366 5529 3539 5597 num;
3560 5508 3649 5566 14.

2274 5578 2417 5658 nihil
2437 5578 2546 5655 liae
2564 5578 2966 5671 voceusitatius
2993 5578 3131 5659 apud
3152 5578 3473 5671 Gregorium
3497 5585 3737 5671 Ture-n1
3753 5578 3853 5671 qui

2274 5675 2469 5731 librum
2492 5685 2652 5727 unum
2683 5669 2751 5725 de
2777 5665 3023 5723 cursibus
3055 5663 3425 5727 ecclesiasticis
3449 5672 3480 5715 a
3503 5669 3564 5715 se
3587 5666 3856 5723 composi-

2276 5754 2387 5802 tum
2410 5744 2467 5801 in
2493 5743 2583 5800 lib.
2612 5757 2645 5797 x
2669 5739 2809 5799 Hist.
2832 5742 3235 5794 commemorat.
