4108 6352
290 301 358 359 77

1815 304 2000 364 ἯἸἊ.

3473 306 3546 371 73

288 422 495 493 caligis,
519 435 587 478 ne
606 420 895 479 sentiretur
911 421 979 477 ab
998 420 1452 492 aliquo,perrexit
1473 422 1525 478 in
1555 423 1868 490 oratorium,
1898 428 1946 486 Α
1976 432 2247 492 premeret
2275 423 2413 479 illata
2437 422 2747 479 necessitas.
2776 423 3117 495 Paratus'pro
3146 424 3544 494 misericordia,

288 515 497 571 uallum
515 514 619 571 sibi
635 515 855 586 cupiens
877 522 1068 570 testem
1091 514 1144 569 in
1179 514 1303 569 illud
1330 514 1458 587 [Αι.,
1485 514 1655 587 illum]
1671 514 1867 568 furtum

291 614 489 675 praeter
516 604 786 665 Christum
815 620 1122 661 occurrere.
1154 605 1253 673 Qui
1283 606 1549 661 celebrata
1580 606 1755 677 vigilia
1782 620 1869 660 re-

289 711 479 757 means
518 696 586 753 ad
616 696 862 752 lectulum
893 697 1045 767 quasi
1089 697 1221 751 nihil
1259 696 1454 765 egerit,
1487 706 1611 751 tunc
1642 697 1867 766 primum

292 790 529 861 reliquos
567 789 843 846 excitaret.
876 789 1088 857 Quanta
1114 806 1246 847 vero
1282 791 1350 846 ad
1398 791 1727 859 psallendum
1773 789 1872 845 fuit

292 883 612 948 constantia,
643 882 771 941 dum
817 882 963 938 velut
992 882 1116 938 ferri
1147 882 1325 953 rigore
1368 883 1551 938 induta
1580 897 1708 939 caro
1736 882 1867 939 sub-

292 975 538 1041 sisteret,
567 988 687 1031 cum
735 988 866 1029 saxa
907 972 1072 1045 frigus
1100 973 1461 1041 decrustaret,
1507 984 1560 1030 et
1605 989 1772 1046 aquas
1816 973 1871 1030 in

292 1076 527 1127 crustam
552 1068 822 1125 verteret?
847 1066 947 1135 Qui
977 1082 1097 1122 cum
1128 1070 1238 1123 suis
1267 1068 1567 1125 visceribus
1593 1068 1874 1125 dimicaret

292 1166 349 1217 et
376 1160 634 1225 vinceret,
665 1172 800 1227 pene
826 1157 1060 1230 seipsum
1108 1159 1451 1226 obliviscens,
1497 1168 1553 1215 ut
1575 1160 1874 1217 domestico

287 1256 562 1311 tormento
589 1258 840 1319 superato
866 1264 1092 1320 corpore
1118 1249 1190 1307 de
1219 1265 1278 1307 se
1306 1250 1630 1320 triumphum
1662 1252 1717 1307 in
1746 1266 1875 1321 pace

291 1339 468 1401 factus
494 1350 697 1413 martyr
720 1342 1021 1413 acquireret
1050 1360 1061 1395 :
1090 1349 1170 1412 ut,
1201 1357 1263 1398 se
1291 1343 1619 1399 mutantibus
1643 1343 1871 1409 clericis,

292 1434 413 1491 sine
447 1433 816 1490 vicissitudine
862 1434 975 1503 ipse
1002 1434 1325 1490 decantandi
1376 1435 1735 1489 modulamina
1767 1448 1874 1490 non

292 1522 495 1581 finiret.
522 1523 651 1583 Cum
682 1540 818 1593 pene
850 1527 950 1580 hoc
978 1524 1358 1580 incredibiliter
1386 1523 1582 1580 dicitur
1603 1525 1745 1591 quod
1769 1525 1877 1580 sei-

290 1626 381 1674 tur
412 1637 424 1669 :
453 1617 575 1688 quia
601 1618 756 1679 tertia
785 1619 955 1675 nocu's
982 1617 1111 1673 hora
1153 1616 1460 1687 ingrediens
1485 1617 1538 1672 in
1564 1616 1873 1683 ecclesiam,

294 1724 408 1769 non
438 1717 521 1764 est
546 1723 794 1781 egressus
822 1709 1046 1765 ulterius
1074 1708 1418 1779 psallentium
1447 1708 1517 1763 ab
1541 1709 1749 1774 ordine,
1781 1708 1879 1762 do-

1972 528 2187 583 semper
2207 530 2430 571 currens
2453 531 2547 587 pro
2568 516 2745 582 venia,
2797 525 2946 587 pater
2974 526 3025 572 et
3054 526 3235 586 pastcr
3260 517 3442 588 populi
3472 517 3542 571 ad

1971 620 2031 661 se
2052 604 2255 661 alienas
2296 622 2485 663 causas
2532 607 2860 663 transferens
2899 617 2956 664 et
2982 608 3250 678 querelas,
3303 616 3394 662 aut
3446 623 3548 679 pro

1973 706 2121 767 parte
2153 698 2444 769 mitigabat,
2493 700 2703 757 dolores
2755 702 3087 769 compatiens
3108 741 3120 764 ,
3152 710 3247 756 aut
3282 711 3540 772 quantum

1970 797 2157 859 posset
2172 805 2236 844 ex
2268 797 2378 845 toto
2406 791 2625 846 curabat
2655 791 2819 846 corde
2848 792 3189 847 subveniens.

2043 881 2323 937 LXXVIII.
2383 883 2439 938 In
2480 892 2683 939 tantum
2726 899 2936 955 quoque
2965 886 3131 939 sacris
3194 882 3551 954 amplificatus

1973 974 2333 1044 provectibus,
2364 976 2523 1030 etiam
2553 976 2693 1031 diem
2724 977 2865 1031 beati
2908 976 2988 1031 sui
3016 975 3270 1031 transitus
3303 976 3371 1029 ita
3408 990 3549 1045 prae-

1971 1067 2109 1123 dixit
2138 1078 2193 1122 ut
2221 1068 2519 1123 subdimus.
2545 1069 2681 1124 Ante
2709 1069 2916 1138 aliquos
2946 1068 3059 1124 dies
3088 1083 3209 1123 nam
3234 1082 3434 1123 vocans
3479 1066 3547 1121 ad

1973 1174 2035 1215 se
2086 1159 2349 1215 notarium
2409 1174 2601 1224 suum,
2660 1160 2888 1229 imperat
2932 1161 2985 1214 in
3043 1158 3343 1214 cubiculum
3387 1172 3550 1225 supra

1977 1249 2171 1304 lectum
2202 1264 2355 1303 suum
2405 1250 2640 1304 scribere
2695 1249 2796 1303 hoc
2845 1249 3215 1305 tantummodo
3239 1290 3256 1314 ,
3308 1249 3399 1303 sed
3455 1262 3551 1304 ne-

1976 1341 2273 1397 scientibus
2296 1341 2351 1415 (v
2400 1341 2665 1397 Kalendas
2718 1340 2923 1411 lunias)
2975 1342 3227 1396 omnibus
3278 1340 3407 1411 quid
3452 1339 3557 1396 hoc

1976 1441 2150 1498 esset;
2180 1443 2300 1503 post
2335 1433 2451 1504 ejus
2496 1432 2723 1488 Sanctus
2763 1432 3032 1487 discessus
3085 1431 3443 1485 manifestavit
3486 1429 3555 1485 de

1976 1528 2201 1592 saeculo;
2234 1542 2354 1582 nam
2381 1541 2557 1597 neque
2601 1526 2702 1580 hoc
2748 1524 3008 1581 Dominus
3059 1522 3307 1580 familiari
3361 1524 3555 1578 animae

1978 1618 2312 1674 abscondere
2352 1618 2585 1687 pertulit.
2636 1616 2872 1687 Denique
2902 1615 3088 1671 eadem
3115 1614 3203 1669 die
3253 1622 3371 1683 post
3399 1627 3562 1682 pera-

1980 1717 2128 1764 ctum
2161 1710 2402 1779 praelium
2434 1709 2628 1764 Beatus
2657 1709 2906 1781 migravit
2933 1707 2997 1762 ad
3027 1707 3319 1761 Christum.
3362 1707 3473 1760 llis
3504 1713 3561 1761 et

293 1814 394 1857 nec
431 1800 757 1857 clarescente
803 1801 924 1867 die,
969 1800 1282 1856 decantatus
1326 1800 1644 1855 solemnitel'
1686 1813 1875 1854 cursus
1906 1804 2352 1879 Bcousimilibus
2396 1805 2587 1858 studiis
2638 1811 2929 1871 occupatus
2969 1815 3032 1856 ac
3072 1815 3285 1869 semper
3323 1800 3562 1853 intentus

294 1892 582 1950 nniversus
608 1902 1071 1947 consummaretnr
1090 1907 1155 1946 ex
1194 1905 1420 1947 canone.
1445 1890 1577 1947 Cum
1616 1906 1743 1948 vero
1780 1891 1879 1946 do-

292 2001 440 2051 mum
470 1986 841 2057 regrederetur
867 1984 1114 2053 fatigatus
1141 1992 1297 2039 atate
1326 1984 1412 2040 vel
1443 1983 1663 2054 frigore,
1692 1992 1782 2039 aut
1812 1983 1879 2038 il-

292 2078 403 2141 lata
429 2077 761 2133 diversorum
806 2075 1140 2144 inquietabat
1191 2076 1501 2145 suggestio,
1532 2083 1623 2130 aut
1664 2074 1732 2129 ab
1760 2074 1879 2145 ipso

288 2167 665 2239 requirebatur
692 2167 777 2225 ubi
824 2167 1088 2239 przheret
1129 2166 1479 2236 suffragium:
1508 2174 1565 2223 ut
1602 2166 1763 2223 etiam
1806 2166 1877 2222 ad

288 2260 531 2335 requiem
561 2260 861 2329 reclinanti,
913 2258 994 2315 νει]
1023 2259 1295 2330 paululum
1324 2258 1392 2315 de
1417 2259 1650 2329 querelis
1685 2273 1874 2315 occur-

290 2351 530 2407 rentium
557 2350 875 2407 afﬂictarum
904 2351 990 2409 vel
1014 2365 1327 2421 pauperum,
1352 2366 1480 2407 crux
1509 2359 1791 2420 pararetur
1816 2351 1872 2407 in

290 2440 528 2512 lectulo;
580 2452 908 2513 postponens
958 2457 1085 2505 suas
1112 2443 1356 2515 injurias,
1401 2457 1471 2500 ne
1493 2453 1870 2514 suggerentem

367 2576 448 2649 (α)
496 2576 571 2632 De
594 2578 759 2649 sancti
789 2577 1035 2634 Germani
1066 2578 1214 2634 obitu
1246 2578 1534 2648 Gregorius
1561 2578 1787 2646 Turon.,
1816 2580 1869 2637 in

295 2647 395 2705 lib.
420 2663 471 2713 v,
501 2662 619 2717 cap.
650 2648 704 2715 8,
741 2653 809 2704 ita
847 2651 1069 2708 scribit:
1105 2668 1128 2703 r
1156 2652 1233 2705 Eo
1261 2647 1402 2705 anno
1431 2650 1630 2718 (primo
1671 2652 1873 2707 scilicet

296 2718 625 2791 Cbildeberti
649 2719 891 2791 iunioris,
911 2721 1105 2776 Christi
1128 2721 1279 2791 526),
1300 2730 1354 2776 et
1379 2724 1563 2777 beatus
1578 2723 1871 2778 Germanus

296 2788 620 2846 Parisiorum
649 2788 947 2860 episcopus
994 2794 1201 2847 transiit
1239 2788 1258 2845 ':
1308 2791 1360 2846 iu
1407 2794 1555 2861 cujus
1605 2794 1873 2862 exsequiis

297 2862 481 2933 multis
514 2862 813 2924 virtutibus,
847 2879 979 2933 quas
1011 2864 1061 2918 in
1094 2878 1320 2931 corpore
1346 2872 1616 2933 gesserat,
1644 2862 1745 2918 hoc
1773 2866 1875 2918 titi-

297 2932 539 2987 raculum
566 2932 1022 2988 contirmatiduem
1068 2934 1209 2989 fecit.
1255 2932 1384 2988 Nam
1430 2934 1742 2988 carcerariis
1781 2949 1874 2988 ac-

1980 1895 2095 1953 fere
2121 1896 2497 1967 octogenarius
2516 1910 2613 1963 per
2635 1894 2821 1950 orbem
2850 1892 3108 1949 mirandis
3139 1893 3347 1947 actibus
3386 1890 3559 1945 ascis-

1978 1987 2185 2045 cendus
2215 1988 2557 2059 martyribus,
2610 1984 2867 2054 apostolis
2920 1983 3310 2055 aggregandus,
3357 1980 3561 2051 glorifi-

1980 2079 2189 2137 candus
2213 2080 2438 2146 meritis,
2467 2078 2806 2135 coronandus
2834 2078 2889 2133 in
2918 2077 3148 2147 pupulis,
3197 2084 3412 2146 ereptus
3430 2088 3564 2129 cor-

1977 2186 2143 2243 poreo
2168 2171 2400 2235 vinculo,
2429 2171 2765 2226 immaculato
2792 2169 2978 2239 spiritu
3000 2168 3168 2222 beatis
3196 2167 3319 2221 fidei
3341 2165 3561 2220 dotibus

1976 2265 2355 2336 perpetualitcr
2382 2262 2643 2331 victurus,
2668 2264 2843 2317 victor
2884 2262 3116 2318 evolavit
3144 2260 3210 2314 ad
3253 2260 3443 2324 cmlos,
3477 2257 3560 2328 (a)

1976 2363 2235 2426 regnante
2266 2355 2489 2411 Domino
2509 2364 2694 2417 mstro
2716 2353 2845 2411 Jesu
2865 2353 3079 2410 Christo
3100 2391 3117 2418 ,
3146 2350 3232 2407 cui
3259 2360 3341 2406 est
3369 2348 3561 2422 gloria,

1978 2446 2155 2504 honor
2181 2455 2239 2503 et
2264 2453 2504 2519 potestas
2531 2445 2586 2502 itt
2615 2446 2814 2501 saecula
2836 2443 3179 2501 seculorum.
3223 2443 3415 2495 Amen.

1976 2584 2085 2640 ticu
2110 2583 2344 2641 basilicae
2372 2584 2542 2641 sancti
2570 2583 2831 2639 Vincentii
2850 2624 2864 2645 ,
2900 2583 2953 2638 in
2984 2595 3088 2651 qua
3122 2580 3311 2638 beatus
3336 2579 3559 2651 Germa-

1978 2671 2081 2711 nus
2108 2657 2399 2725 requiescit
2425 2658 2474 2711 in
2506 2670 2751 2724 corpore,
2784 2648 3079 2725 residebat)
3110 2650 3376 2721 dirigitur.
3404 2667 3423 2701 ι
3456 2648 3559 2725 nd-

1975 2725 2057 2781 dit
2096 2718 2373 2783 Aimoinus
2417 2729 2469 2781 in
2514 2718 2616 2779 lib."
2647 2742 2703 2779 Ill
2746 2726 2813 2779 de
2854 2724 3001 2779 Gest.
3037 2718 3264 2788 Franci,
3304 2734 3423 2790 cap.
3463 2718 3550 2788 16,

1988 2799 2325 2873 rquodcum
2356 2798 2466 2873 regi
2495 2798 2808 2873 nuntiatum
2852 2794 2989 2850 foret
3026 2791 3563 2873 magnarum-devo-

1987 2862 2130 2922 tione
2160 2868 2285 2922 illnc
2318 2862 2628 2934 adveniens,
2658 2877 2714 2923 et
2752 2875 2899 2921 tanto
2920 2865 3134 2934 gavisus
3164 2862 3420 2934 miraculo
3446 2862 3566 2934 ejus

1983 2939 2313 3007 epitaphium
2356 2938 2437 2992 his
2465 2931 2709 2992 dis-tionis
2752 2931 3054 3007 rhythmice
3080 2932 3406 3003 composuit,
3437 2950 3457 2984 ι
3497 2931 3567 2987 ab

301 3002 680 3083 clamantibus,
711 3019 903 3072 corpus
932 3005 983 3059 in
1008 3005 1177 3074 platea
1204 3014 1545 3130 afgravatunt
1578 3014 1689 3065 est.
1734 3004 1883 3060 solu-
1910 3042 1956 3105 ρ
1986 3002 2239 3067 ιὶωόὶηο
2268 3010 2495 3065 fortasse
2521 3008 2790 3078 expolitis.

301 3080 477 3130 ttsaue
506 3088 584 3128 eis
626 3090 809 3129 rursus
849 3076 964 3130 sine
1010 3076 1189 3130 labore
1258 3087 1485 3130 evatur:
1522 3075 1621 3130 ipsi
1666 3089 1879 3130 uuouue
2030 3100 2357 3130 p...-..._t..-.....
2391 3103 2550 3130 --.ηις
2579 3099 2790 3130 12....-.

1258 3092 1288 3131 θ

300 3074 584 3147 tisque_eis
611 3090 809 3147 ‘rursus
849 3076 964 3132 siue
1010 3076 1189 3131 labore
1239 3074 1485 3147 levatur:
1522 3075 1621 3147 ipsi
1666 3089 1879 3147 quoque

298 3148 390 3217 qui
422 3144 576 3199 soluti
605 3142 810 3201 fuerant
837 3148 888 3201 in
921 3148 1234 3217 obsequium
1265 3146 1465 3201 funeris
1491 3142 1658 3215 usque
1683 3142 1755 3200 ad
1786 3142 1879 3199 ba-

299 3215 506 3270 silicam
536 3220 586 3270 in
614 3232 720 3287 qua
762 3219 1001 3288 sepultus
1047 3215 1158 3282 est,
1188 3216 1338 3272 liberi
1389 3226 1766 3288 pervenerunt.
1799 3216 1879 3272 Ad

300 3288 605 3359 sepulcrum
649 3297 825 3347 autem
871 3289 987 3359 ejus
1033 3288 1227 3343 multas
1256 3288 1480 3343 virtutes
1515 3287 1755 3359 Domino
1789 3288 1884 3343 tri-

300 3355 506 3430 buente
528 3359 806 3416 credentes
826 3355 1214 3430 experiuntur:
1243 3360 1312 3415 ita
1340 3371 1399 3415 ut
1423 3359 1651 3430 quisque
1678 3360 1719 3412 si
1740 3357 1883 3426 justa

304 3428 548 3512 petierit,
577 3428 1413 3512 velocituq‘e'xoptatareportet.
1456 3428 1515 3512 Si
1554 3430 1672 3512 quis
1702 3439 1879 3512 tamen

304 3507 553 3572 strenuas
578 3501 799 3557 virtutes
824 3502 966 3557 illius
988 3499 1120 3572 quas
1143 3501 1197 3556 in
1220 3499 1633 3572 corporegfecit,
1661 3499 1889 3555 sollicite

303 3569 756 3641 vultiinquirere,
790 3573 982 3629 librum
1007 3569 1153 3627 uitae
1191 3569 1335 3627 illius
1378 3570 1471 3641 qui
1514 3585 1547 3625 a
1595 3571 1889 3625 Fortunato

346 3640 977 3716 res_hytero_compositus
998 3652 1078 3700 est
1095 3683 1110 3709 ,
1130 3644 1346 3716 legens,
1371 3640 1561 3716 cuncta
1591 3642 1841 3716 reperiet.
1864 3657 1883 3695 ι

357 3710 500 3784 t‘lih.
528 3712 593 3784 de
617 3710 955 3779 Glor.'conf.,
978 3729 1097 3784 cap.
1120 3710 1225 3769 90':
1257 3733 1276 3766 ι
1308 3710 1665 3784 Ingrediente,
1690 3711 1890 3782 inquit,

303 3779 614 3851 Chilperico
634 3798 758 3854 rege
785 3787 835 3838 in
862 3779 1060 3841 urbem'
1074 3779 1392 3839 Parisiacam
1410 3825 1425 3850 ,
1456 3783 1709 3854 postridie
1729 3779 1887 3852 quam

304 3866 410 3911 rex
451 3852 726 3925 ingressus
752 3865 836 3914 est
857 3856 1160 3923 civitatem,
1189 3856 1513 3926 paralyticus
1539 3852 1629 3925 qui
1672 3854 1724 3908 in
1768 3866 1892 3922 por-

2023 3100 2360 3173 Epitapltt'uut
2387 3103 2551 3157 sancti
2579 3099 2823 3156 Germani
2851 3114 2940 3171 per
2972 3096 3311 3167 Chilperict‘tm
3340 3106 3528 3165 regem.

2111 3196 2347 3248 Ecclesia
2366 3196 2642 3257 speculum,
2670 3195 2839 3256 patrias
2864 3193 3024 3253 vigor,
3049 3201 3131 3238 ara
3150 3198 3352 3257 reorum

2179 3258 2238 3309 Et
2263 3250 2408 3321 pater'
2426 3263 2477 3307 et
2498 3250 2731 3321 medicus,
2758 3250 3184 3321 pastor'atnorgue
3199 3250 3387 3311 gregis,

2117 3315 2391 3371 Germanus
2416 3320 2615 3381 virtut»,
2634 3315 3052 3381 lide,’corde,_or_e
3080 3315 3272 3372 beatus,

2179 3382 2337 3433 Carne
2358 3388 2499 3432 tenet
2523 3373 2779 3441 tumulum,
2806 3373 2987 3441 mentis
3009 3375 3195 3441 honore
3219 3373 3401 3441 polum.

2120 3443 2303 3508 Vircui
2328 3444 2449 3508 dura
2468 3442 2593 3508 nihil
2617 3436 2891 3490 nocuerunt
2912 3438 3020 3508 fata_
3027 3436 3249 3508 sepulcri
3265 3448 3299 3483 :-'

2184 3506 2315 3556 Vivit
2335 3506 2482 3565 enim,
2505 3506 2617 3553 nam
2635 3514 2763 3551 mors
2783 3512 2930 3563 quem
2954 3498 3062 3565 tulit
3087 3498 3190 3558 ipsa
3216 3498 3375 3547 timet.

2120 3567 2283 3630 Crevit
2305 3556 2642 3628 adhuc'potius
2659 3556 2818 3626 justus
2840 3568 2947 3623 post
2976 3556 3175 3630 funera;
3195 3569 3309 3630 nam
3333 3556 3418 3619 qui

2186 3629 2362 3680 Fictile
2386 3642 2469 3679 vas
2485 3621 2674 3687 luerat,
2694 3621 2886 3688 gemma
2901 3621 3122 3688 superba
3144 3621 3306 3688 micat.

2119 3691 2273 3754 Hujus
2294 3704 2437 3754 opem
2461 3703 2517 3739 ac
2538 3681 2765 3754 meritum
2788 3687 2937 3754 muris
2955 3681 3237 3754 data'verba
3258 3681 3541 3746 loquuntur,

2227 3746 2419 3804 additus
2446 3759 2497 3802 et
2513 3753 2656 3812 cacis
2675 3748 2901 3812 praedicat
2923 3758 3013 3812 ore
3035 3746 3161 3795 dies.

2119 3815 2260 3866 Nunc
2287 3819 2357 3865 vir
2384 3808 2890 3876 apostolicns'rapiens
2912 3808 2977 3858 de
3000 3817 3151 3876 carne
3172 3810 3429 3869 tropeum,

2181 3878 2304 3927 Jure
2329 3867 2606 3938 triumphali
2626 3867 2839 3924 conﬁdet
2858 3881 2973 3920 arce
2996 3867 3112 3933 poli.

314 4066 1447 4074 ______.________.___vﬁ-,
1620 4066 1703 4070 γῆ

1119 4223 1758 4359 SANCTI
1852 4162 2760 4367 GERMANI,

1278 4468 1996 4558 PARISIENSIS
2045 4466 2625 4566 EPISCOPI,

890 4674 1390 4807 suum
1466 4674 1603 4803 All
1681 4664 2447 4800 BRUNICHILDEM
2528 4661 3026 4794 unum.

1490 4900 2389 4953 ψ

402 5074 641 5135 Domina
680 5066 1114 5129 clementissime
1158 5072 1319 5134 atque
1356 5058 1863 5135 pracellentissima
1885 5102 1902 5128 ,
1929 5058 1986 5119 D
2007 5070 2143 5111 nunc
2168 5064 2363 5123 tempus
2387 5050 2719 5121 acceptabife,
2750 5065 2866 5104 ecce
2893 5064 3031 5103 nunc
3069 5048 3177 5105 dies
3205 5048 3411 5103 salutis.
3442 5045 3589 5103 Nunc

332 5177 387 5227 et
410 5168 567 5223 nobis
584 5175 802 5231 semper
823 5158 1077 5230 piissimae
1106 5156 1337 5211 domina:
1366 5165 1418 5211 et
1444 5154 1500 5209 in
1529 5152 1741 5212 Christo
1782 5166 1907 5209 san-

336 5270 435 5315 cte
465 5254 717 5314 Ecclesiae
740 5251 860 5307 filiae
890 5247 1216 5306 Brunichildi
1235 5249 1433 5319 regina:
1461 5245 1759 5302 Germanus
1787 5257 1911 5313 pec-

333 5358 507 5405 cator.
549 5343 679 5414 Quia
726 5340 958 5398 charitas
1012 5338 1311 5410 congaudet
1345 5337 1587 5401 veritati,
1630 5343 1685 5389 et
1731 5336 1910 5388 omnia

334 5440 592 5505 sustinet,
621 5447 674 5493 et
705 5447 977 5505 nunquam
1020 5429 1274 5495 excedit,
1306 5437 1583 5497 propterea
1618 5443 1679 5482 ex
1713 5424 1913 5481 contri-

337 5530 526 5587 bulato
554 5527 719 5582 corde
748 5534 803 5581 et
830 5539 897 5579 ex
926 5522 1115 5577 intima
1154 5518 1315 5573 animi
1348 5517 1632 5572 dilectione
1658 5516 1914 5569 audemus

336 5622 491 5678 vobis
520 5631 824 5688 suggerere.
848 5615 981 5683 Quia
1012 5628 1077 5669 eo
1101 5621 1341 5680 tempore
1361 5608 1571 5677 quando
1600 5606 1775 5660 minor
1800 5612 1917 5661 erat

338 5724 600 5770 numerus
626 5706 803 5781 populi
834 5705 1157 5770 Christiani,
1187 5712 1240 5757 ct
1269 5717 1390 5757 cum
1430 5699 1520 5754 Dei
1562 5697 1759 5751 auxilio
1790 5697 1916 5751 lice-

2012 5161 2045 5203 e
2073 5143 2348 5201 contrario
2376 5151 2480 5197 tam
2531 5140 2767 5196 funestos
2814 5150 2869 5197 et
2918 5142 3186 5197 luctuosos
3228 5151 3353 5197 ante
3398 5139 3581 5195 oculos

2013 5236 2274 5299 habentes
2302 5234 2436 5301 dies,
2467 5234 2659 5289 fleuter
2682 5234 2909 5288 dicimus
2938 5250 2951 5286 :
2982 5233 3120 5288 Ecce
3146 5232 3263 5287 dies
3294 5229 3591 5285 tribulatio-

2016 5328 2098 5382 nis
2125 5335 2179 5380 et
2218 5322 2532 5395 perditionis
2561 5332 2757 5378 nostra:
2788 5323 3096 5376 adveniunt.
3144 5320 3235 5373 Vae
3264 5318 3419 5373 nobis
3462 5320 3587 5389 quia

2018 5417 2380 5488 peccavimus.
2411 5414 2464 5470 Si
2492 5430 2591 5469 nos
2606 5415 2729 5469 ista:
2758 5414 3180 5470 conterruisscnt
3200 5411 3587 5467 amaritudinea

2019 5521 2074 5568 et
2092 5510 2481 5577 tribulationes,
2506 5517 2559 5563 et
2583 5509 2795 5577 corpori
2816 5506 3181 5562 exhibuissent
3202 5504 3589 5568 infirmitatem,

2021 5619 2117 5676 per
2144 5601 2499 5670 nosmetipsos
2528 5609 2720 5655 vestra:
2748 5598 3028 5653 debuimus
3071 5612 3353 5652 occurrere
3382 5594 3587 5664 pietati.

2021 5698 2156 5764 Quia
2188 5693 2231 5750 si
2260 5694 2339 5747 fas
2369 5693 2472 5746 dici
2502 5702 2585 5747 est
2609 5689 2948 5758 singulariter
2975 5698 3030 5743 et
3054 5690 3218 5745 vestri
3250 5685 3588 5741 dilectionem

341 5809 435 5866 bat
459 5779 703 5863 residere
726 5802 984 5873 quietum,
1034 5813 1154 5853 cum
1207 5794 1433 5867 apostoli
1462 5790 1712 5848 dicebant
1740 5806 1754 5845 :
1785 5787 1920 5844 Ecce
2024 5789 2078 5845 in
2102 5794 2288 5843 nostro
2318 5794 2590 5855 gestamus
2615 5788 2849 5850 pectore,
2880 5786 2935 5833 et
2964 5780 3118 5837 unice
3146 5779 3213 5835 de
3244 5782 3423 5831 vestra
3454 5787 3595 5844 pre-
