4108 6352
562 385 636 450 Ἶῡ
1429 386 1675 448 SANCTI
1714 377 2029 445 GERMANI
2068 375 2293 438 EPIST.
2336 382 2430 438 AD
2470 380 2996 440 BRUNICHILDEM.
3778 383 3854 442 ω

565 503 740 562 sentia
767 501 1030 574 spirituali
1061 502 1330 560 desiderio
1357 505 1625 570 sitientes,
1656 506 1793 560 sicut
1836 502 2070 560 cultores
2097 510 2152 557 et
2178 501 2233 559 A
2257 495 2559 561 sustinebit.
2591 513 2750 568 quam
2783 513 2896 554 sua!
2925 495 3234 567 cupiditatis
3263 497 3630 556 οουδιιιυῖεδθι
3670 500 3852 558 "idi-

568 599 872 669 peculiares
900 597 994 653 filii
1037 598 1162 666 Dei,
1197 598 1625 656 ambientissime
1656 615 1752 654 vos
1786 598 1968 653 vivere
1997 606 2159 666 atque

567 692 842 762 proficere
889 692 944 748 in
975 691 1227 748 omnibus
1273 693 1356 763 pie
1405 704 1670 764 optamus.
1705 693 1811 750 Sed
1860 692 2161 762 quicunque

569 783 852 843 hominem
884 787 938 842 in
970 787 1146 843 anima
1174 788 1365 858 diligit,
1387 789 1433 845 si
1455 790 1628 845 minus
1656 790 1825 846 oculis
1853 789 2164 844 carnalibus

572 891 698 933 eum
741 878 883 934 valet
932 879 1157 946 intueri,
1189 896 1308 947 qua:
1358 881 1422 936 ad
1469 884 1661 938 anima:
1705 892 1759 938 et
1803 883 2042 952 corporis
2078 882 2162 937 vel

571 970 988 1038 prosperitatem
1022 971 1287 1040 pertinent
1315 982 1369 1028 et
1397 973 1650 1040 salutem,
1680 973 2003 1030 omnimodis
2032 974 2167 1030 litte-

573 1063 723 1117 rario
751 1062 929 1118 ofticio
951 1065 1164 1120 reticeri
1196 1081 1300 1120 non
1331 1065 1509 1122 debet.
1540 1066 1694 1136 Vulgi
1719 1067 1878 1122 verba
1910 1068 2166 1123 iterantes

574 1161 696 1225 quin
723 1171 821 1211 nos
846 1157 1078 1212 maxime
1111 1167 1332 1224 terrent,
1367 1170 1567 1214 vestra:
1599 1159 1785 1230 pietati
1820 1160 1873 1214 in
1919 1160 2162 1215 notitiam

576 1247 940 1317 deponimus,
972 1265 1093 1320 qua:
1138 1251 1210 1304 ita
1249 1249 1567 1305 disseminat
1593 1293 1606 1314 ,
1658 1253 2020 1322 eloquentium
2071 1267 2167 1306 ora

579 1338 958 1408 detrahuntur,
991 1341 1142 1410 quasi
1186 1352 1362 1398 vestro
1406 1353 1553 1410 voto,
1585 1344 1810 1398 consilio
1849 1353 1903 1399 et
1949 1344 2169 1415 instiga-

578 1431 727 1485 tione
760 1431 1017 1488 Dominus
1047 1433 1469 1501 gloriosissimus
1501 1435 1800 1505 Sigibertus
1826 1451 1918 1492 rex
1947 1445 2050 1491 tam
2081 1452 2169 1492 ar-

581 1522 688 1578 due
717 1523 854 1579 banc
875 1525 1004 1580 velit
1026 1526 1253 1596 perdere
1281 1527 1581 1598 regionem.
1610 1527 1723 1582 Non
1747 1539 2025 1598 propterea
2055 1531 2168 1588 haec

581 1617 835 1686 dicimus,
868 1621 1020 1687 quasi
1070 1635 1099 1674 a
1143 1621 1297 1676 nobis
1329 1621 1578 1676 credatur
1605 1640 1617 1674 :
1641 1622 1734 1678 sed
1765 1624 2126 1693 supplicamus
2149 1665 2164 1689 ,

579 1719 640 1765 ut
667 1711 813 1766 nulla
855 1714 1069 1768 occasio
1109 1712 1374 1769 tribuatur
1421 1714 1664 1780 dicendi,
1701 1715 1843 1771 unde
1868 1715 2019 1772 vobis
2062 1727 2169 1772 tam

580 1804 876 1860 maximum
916 1815 970 1861 et
1017 1807 1378 1876 periculosum
1420 1818 1708 1880 generetur
1751 1810 2168 1882 blasphemium.

2268 593 2384 645 tati.
2420 591 2536 660 Ipse
2568 587 2743 648 Judex
2791 602 3026 648 aeternus
3070 607 3215 648 nunc
3253 592 3462 663 judicat
3486 635 3502 662 ,
3536 606 3853 666 perpetuam

2261 684 2602 756 judiciariam
2653 687 2893 756 possidet
2941 694 3258 756 potestatem
3291 705 3303 742 :
3331 704 3438 744 non
3489 691 3856 762 corrumpitur

2268 779 2524 848 prmmiis,
2556 789 2648 834 aut
2673 778 2859 849 aspicit
2889 781 2954 836 ad
2988 791 3110 836 vota
3141 781 3446 851 impiorum,
3481 783 3576 837 sed
3608 784 3858 840 conside-

2267 884 2352 929 rat
2379 875 2736 945 cogitationes
2758 876 3021 942 cordium,
3042 887 3096 932 et
3121 876 3313 932 reddet
3341 876 3630 947 unicuique
3656 891 3854 934 secun-

2269 968 2396 1025 dum
2425 985 2588 1040 opera
2629 984 2746 1026 sua.
2777 970 3060 1026 Inhonesta
3104 970 3328 1026 victoria
3358 981 3443 1027 est
3477 971 3700 1026 fratrem
3740 972 3857 1027 vin-

2267 1077 2415 1128 cere,
2440 1064 2763 1120 domesticas
2781 1064 2971 1118 domos
3003 1063 3286 1119 bumiliare
3315 1072 3369 1118 et
3398 1063 3796 1132 possessionem
3824 1078 3857 1120 ι

2271 1155 2580 1225 parentibus
2611 1166 2974 1212 constructam
3005 1165 3271 1212 evertere.
3301 1155 3500 1211 Contra
3528 1156 3856 1227 semetipsos

2271 1258 2509 1318 pugnant
2556 1263 2814 1319 suamque
2863 1247 3170 1304 felicitatem
3213 1247 3614 1304 exterminant:
3646 1250 3716 1305 de
3761 1263 3859 1306 sua

2273 1339 2574 1408 perditione
2612 1342 2805 1410 gaudet
2847 1340 3156 1396 accelerans
3197 1342 3462 1396 inimicus.
3494 1342 3613 1409 Qua
3654 1342 3761 1398 lide
3806 1351 3864 1399 et

2273 1445 2338 1486 ex
2367 1433 2563 1497 animo,
2597 1447 2701 1502 qua
2730 1432 3017 1488 devotione
3050 1432 3166 1487 haec
3196 1433 3482 1488 scribimus
3523 1432 3634 1488 Deo
3661 1432 3865 1490 sufﬁcit

2273 1537 2450 1589 nosse,
2488 1533 2545 1578 ut
2573 1523 2726 1580 vobis
2756 1525 2892 1580 bona
2919 1527 3092 1580 futura
3136 1525 3447 1596 praeparetis
3468 1565 3483 1592 ,
3513 1535 3567 1581 et
3598 1540 3696 1580 nos
3736 1541 3859 1582 cum

2275 1617 2385 1672 Deo
2408 1618 2678 1674 absolutos
2699 1635 2820 1675 esse
2843 1619 2923 1675 vel
2949 1619 3226 1691 paululum
3250 1621 3567 1676 sentiamus.
3593 1619 3700 1676 Sed
3737 1619 3865 1691 quia

2274 1711 2643 1768 sacerdotibus
2683 1723 3006 1783 praeceptum
3041 1724 3124 1770 est
3163 1733 3175 1767 :
3227 1713 3295 1768 Ut
3325 1714 3446 1768 tuba
3479 1715 3652 1768 exalia
3691 1730 3863 1770 vocem

2275 1811 2416 1856 tuam
2437 1812 2484 1856 et
2509 1805 2757 1858 annuntia
2786 1807 2977 1876 populo
3007 1823 3114 1860 meo
3143 1823 3296 1878 opera
3324 1823 3535 1873 eorum;
3563 1821 3714 1879 ergo,
3739 1807 3866 1878 piis-

581 1895 732 1951 Licet
762 1896 879 1954 haec
899 1899 1048 1968 regio
1068 1899 1175 1969 jam
1199 1901 1436 1958 caruisse
1468 1902 1799 1975 felicitatem,
1833 1914 1887 1961 et
1913 1906 2170 1976 perditio-
2199 1891 2248 1952 B
2274 1896 2674 1967 sima_domina,
2705 1899 2985 1970 intelligite
3028 1901 3344 1969 mysterium
3374 1910 3430 1957 et
3454 1912 3640 1957 cavete
3679 1917 3865 1958 exem-

583 1986 668 2040 nis
693 1996 891 2043 nostra:
933 1981 1315 2048 concludamus
1361 1994 1808 2053 terminum:sed
1848 1998 1916 2054 de
1957 1997 2172 2055 miseri-

583 2077 768 2132 cordia
797 2092 902 2134 non
930 2081 1348 2151 desperabamus
1375 2085 1578 2155 divina,
1608 2088 1785 2145 adhuc
1808 2091 2029 2148 ultionis
2054 2106 2172 2149 sus-

583 2171 854 2238 pendendi
900 2189 1118 2231 manum
1146 2218 1161 2242 ,
1213 2179 1338 2234 dum
1390 2182 1785 2241 emendationis
1827 2195 2174 2257 exspectatur

583 2262 908 2331 remedium,
937 2267 982 2320 si
1009 2283 1115 2323 non
1138 2268 1508 2329 dominaretur
1531 2276 1770 2345 intentio,
1797 2293 1915 2348 quae
1945 2290 2172 2338 mortem

585 2363 867 2422 Operatttr;
896 2357 1162 2428 cupiditas
1189 2377 1309 2432 quae
1332 2363 1482 2419 radix
1511 2376 1596 2422 est
1621 2370 1860 2426 omnium
1885 2373 2170 2440 malorum;

584 2443 891 2512 iracundia,
926 2465 1043 2517 quae
1088 2467 1304 2510 sensum
1347 2456 1520 2512 aufert
1566 2461 1882 2528 prudentiae.
1929 2466 2176 2523 Salvator

587 2546 773 2593 noster
803 2542 1137 2610 perspiciens
1171 2562 1286 2604 sua:
1328 2551 1594 2618 passionis
1622 2553 1905 2612 imminere
1938 2567 2170 2630 tempus,

584 2629 765 2684 dixit:
798 2631 889 2687 γω
914 2634 1110 2690 homini
1158 2655 1247 2707 per
1294 2658 1444 2712 quem
1489 2646 1789 2700 scandalum
1830 2651 1986 2703 venit.
2023 2629 2176 2718 Quod

587 2734 683 2775 ore
712 2725 928 2807 proprio
950 2725 1245 2786 detestatus
1269 2743 1370 2796 est,
1397 2736 1614 2805 impune
1642 2755 1748 2794 non
1776 2755 1934 2810 posse
1956 2756 2176 2798 manere

585 2813 894 2883 credimus,
929 2819 1177 2878 omnibus
1222 2826 1551 2893 clamamus,
1599 2845 1787 2888 omnes
1832 2835 2176 2890 conscientia.-

588 2921 702 2963 suae
731 2911 1084 2982 cogitationes
1112 2927 1166 2973 et
1191 2921 1433 2978 actiones
1459 2926 1824 2996 considerent,
1868 2939 1923 2985 et
1953 2942 2178 2989 caveant

586 3014 658 3055 ne
685 3015 806 3057 cum
845 3003 982 3061 Juda
1033 3010 1305 3078 proditore
1351 3015 1510 3086 hujus
1557 3020 2020 3081 condemnationis
2061 3040 2177 3083 sor—

588 3094 1082 3191 tianturjudicium.
1123 3103 1233 3161 Deo
1260 3108 1458 3166 sufficit
1477 3126 1658 3181 nosse,
1685 3116 1931 3186 optabam
1955 3129 2044 3174 aut
2081 3135 2179 3191 pro

585 3187 715 3256 ipsis
747 3193 881 3246 mori
908 3234 923 3260 ,
953 3205 1011 3249 ut
1032 3195 1110 3251 illi
1137 3199 1395 3269 viverent,
1424 3215 1513 3260 aut
1535 3218 1659 3264 ante
1684 3224 1870 3266 eorum
1898 3187 2176 3271 interitum

2279 1988 2446 2056 plum.
2469 1989 2524 2044 ln
2551 1989 2812 2060 principio
2829 1990 3038 2047 duobus
3065 1992 3436 2050 fratribus.....
3455 1995 3581 2061 Qerat
3601 1994 3831 2050 mundus
3851 2013 3864 2050 :

2275 2100 2414 2138 unus
2442 2101 2506 2140 ex
2539 2085 2665 2155 ipsis
2697 2083 2828 2140 Cain
2872 2085 3224 2142 fratricidium
3259 2088 3586 2158 perpetravit
3613 2099 3667 2144 et
3699 2103 3868 2159 usque

2275 2176 2577 2247 septuplum
2608 2179 3232 2246 pumtionissententiam
3254 2185 3508 2248 suscepit.
3540 2179 3740 2250 Josepb
3767 2180 3872 2236 fra-

2281 2276 2389 2324 tres
2412 2269 2492 2323 sui
2521 2285 2620 2340 per
2651 2269 2902 2325 invidiam
2933 2270 3309 2337 vendiderunt,
3341 2280 3397 2327 et
3419 2279 3599 2341 postea
3629 2270 3874 2328 servituti

2280 2361 2447 2432 ipsius
2477 2360 2749 2432 subjugati
2794 2372 2939 2418 sunt.
2971 2363 3100 2419 Saul
3129 2375 3374 2420 sanctum
3405 2364 3572 2420 David
3611 2381 3707 2436 per
3740 2367 3874 2423 invi-

2279 2455 2422 2511 diam
2454 2455 2725 2512 nitebatur
2750 2455 3020 2526 occidere,
3067 2457 3182 2527 ipse
3208 2469 3392 2529 postea
3422 2459 3476 2514 in
3505 2473 3627 2514 eum
3657 2460 3874 2518 miseri-

2280 2549 2518 2605 cordiam
2543 2553 2802 2606 exercuit.
2836 2549 3074 2606 Absalon
3100 2551 3320 2607 fratrem
3348 2551 3633 2618 interfecit,
3665 2563 3875 2622 patrem

2279 2658 2310 2698 e
2338 2659 2504 2714 regno
2520 2645 2997 2709 voluitremovere,
3026 2654 3082 2701 et
3105 2645 3316 2715 qualem
3342 2646 3876 2716 suscepitinteritutu

2281 2737 2413 2791 nulli
2457 2736 2683 2793 habetur
2739 2737 3088 2808 incognitum.
3136 2738 3407 2809 Praecipue
3453 2755 3666 2812 quoque
3700 2740 3874 2799 David

2281 2829 2538 2899 propheta
2569 2831 2779 2887 dicente
2807 2848 2820 2885 :
2849 2829 3104 2897 Quoniam
3131 2833 3218 2902 qui
3254 2834 3480 2902 nequiter
3509 2843 3668 2904 agunt
3705 2845 3875 2890 exter-

2283 2922 2652 2988 minabuntur;
2680 2925 2768 2994 qui
2793 2939 2908 2979 vero
2937 2933 3232 3003 exspectant
3253 2921 3550 2992 Dominum,
3584 2926 3684 2994 ipsi
3715 2927 3877 2982 hatre-

2282 3016 2515 3071 ditabnnt
2543 3027 2751 3070 terram.
2786 3016 3074 3086 Apostolus
3109 3017 3308 3074 clamat
3335 3035 3345 3069 :
3375 3016 3476 3084 Qui
3503 3018 3612 3072 odit
3650 3022 3873 3089 fratrem

2282 3122 2451 3177 suum,
2485 3107 2742 3161 homicida
2763 3115 2858 3175 est,
2891 3117 2938 3162 et
2985 3108 3038 3160 in
3085 3108 3302 3162 tenebris
3331 3109 3588 3176 ambulat,
3629 3120 3676 3164 et
3717 3113 3878 3165 nescit

2284 3215 2382 3268 quo
2409 3200 2580 3253 vadat.
2598 3199 2842 3255 Salvator
2858 3198 3138 3256 denuntiat
3161 3218 3173 3252 :
3199 3197 3346 3253 Beati
3366 3201 3598 3269 paciﬁci,
3626 3204 3873 3271 quoniam

585 3295 905 3352 quocunque
935 3300 1064 3342 casu
1089 3291 1251 3347 vitam
1283 3296 1453 3364 finire,
1496 3309 1552 3354 ut
1589 3316 1686 3358 nec
1714 3318 1898 3360 eorum
1917 3350 1931 3376 ,
1963 3321 2063 3363 nec
2089 3323 2172 3365 re-

2284 3293 2382 3361 ﬁlii
2420 3289 2517 3345 Dei
2565 3292 2896 3347 vocabuntur.
2944 3291 3135 3348 Pacem
3179 3308 3343 3348 meam
3372 3293 3438 3348 do
3483 3294 3655 3362 vobis,
3696 3313 3876 3366 pacem

584 3372 758 3439 gionis
825 3391 1201 3450 cerneremus,
1229 3387 1524 3447 interitum.
1575 3394 1683 3451 Sed
1723 3397 1864 3455 alter
1903 3372 1972 3456 ab
2005 3402 2178 3459 altero

585 3469 937 3557 excusatione
972 3475 1160 3544 utitur,
1203 3489 1256 3534 et
1304 3483 1484 3539 nullus
1534 3501 1597 3542 ex
1640 3488 1770 3557 ipsis
1826 3501 1950 3548 ante
1993 3495 2180 3552 oculos

588 3556 863 3655 Deiponit
881 3563 1177 3636 judicium;
1209 3586 1383 3644 neque
1411 3575 1612 3647 aliquid
1647 3556 1739 3634 Dei
1767 3593 2009 3639 reservat
2037 3594 2183 3655 pote-

584 3651 708 3707 stati
729 3652 1101 3727 judicandum,
1129 3679 1227 3718 nec
1249 3667 1470 3723 credent
1498 3683 1557 3725 se
1577 3669 1691 3740 jam
1720 3673 1822 3728 sub
1848 3675 1938 3731 Dei
1969 3651 2177 3734 notitia.

585 3741 720 3810 Quia
751 3762 780 3800 a
812 3750 963 3806 nullo
991 3753 1167 3809 audiri
1198 3771 1490 3826 meremur,
1526 3763 1680 3819 vobis
1710 3775 1765 3821 et
1802 3768 1926 3824 ideo
1970 3771 2178 3842 suppli-

585 3851 771 3894 camus
797 3859 810 3894 :
835 3843 959 3913 quia
989 3847 1033 3900 si
1065 3847 1143 3901 illi
1174 3863 1398 3920 regnum
1431 3855 1784 3927 perdiderint,
1820 3875 1916 3916 nec
1955 3877 2049 3917 vos
2080 3879 2180 3920 nec

587 3927 682 3983 filii
710 3934 873 3987 vestri
907 3951 1156 4007 magnum
1187 3943 1534 4010 possidebitis
1567 3950 1917 4019 triumphum.
1963 3955 2044 4009 Ad
2078 3956 2179 4012 hoc

585 4037 684 4078 vos
715 4024 830 4082 haec
857 4030 1008 4098 regio
1042 4035 1346 4103 suscepisse
1390 4041 1708 4110 gratuletur,
1749 4052 1808 4100 ut
1835 4061 1930 4115 per
1959 4063 2052 4103 vos
2096 4063 2178 4104 sa~

586 4115 757 4172 lutem
799 4135 906 4175 non
949 4123 1220 4180 interitum
1253 4131 1532 4200 percipere
1563 4134 1826 4190 videatur.
1859 4136 1917 4191 In
1949 4137 2050 4194 hoc
2082 4155 2177 4210 po-

591 4211 703 4280 puli
745 4214 1076 4285 restinguitis
1114 4220 1306 4287 verba,
1335 4225 1381 4280 si
1423 4226 1675 4296 mitigatis
1707 4228 1972 4300 furorem,
2007 4234 2050 4288 si
2086 4233 2179 4292 Dei

585 4300 762 4358 facitis
798 4318 1110 4377 exspectare
1151 4312 1433 4382 judicium.
1479 4319 1533 4374 In
1573 4319 1800 4378 veritate
1838 4340 2089 4398 suggero,
2127 4333 2175 4386 si

591 4407 766 4486 meam
791 4397 1044 4457 humilem
1067 4419 1173 4459 non
1199 4405 1477 4477 despicitis
1501 4414 1975 4486 supplicationem,
2004 4419 2180 4478 adhuc

589 4485 908 4547 devotorum
954 4505 1254 4553 veStrorum
1301 4501 1595 4570 gaudemus
1647 4509 1999 4577 plenitudine.
2049 4513 2180 4569 Pro-

584 4588 768 4648 pterea
801 4583 916 4641 haec
943 4588 1131 4646 dolens
1160 4592 1360 4663 scribo,
1390 4597 1512 4666 quia
1546 4599 1706 4655 video
1735 4602 1966 4671 qualiter
1992 4607 2176 4674 ρι’ωοί-

2284 3399 2446 3437 meam
2471 3384 2701 3453 relinquo
2730 3385 2888 3440 vobis.
2926 3383 3026 3440 Ubi
3051 3395 3134 3440 est
3163 3399 3264 3455 pax
3288 3395 3341 3441 et
3365 3385 3602 3444 Charitas
3622 3427 3639 3454 ,
3673 3389 3876 3448 ibidem

2283 3488 2367 3533 est
2412 3478 2505 3532 Dei
2537 3479 2728 3548 pietas.
2761 3479 3011 3550 Legimus
3040 3495 3136 3551 per
3179 3479 3378 3534 Esther
3403 3481 3644 3551 reginam
3677 3484 3878 3552 populo

2282 3568 2448 3625 fuisse
2475 3585 2784 3627 concessam
2822 3573 3073 3628 salutem.
3116 3571 3170 3626 ln
3217 3571 3317 3627 bac
3361 3582 3509 3643 parte
3539 3582 3594 3629 et
3642 3585 3878 3632 vestram

2283 3665 2557 3720 03tendite
2603 3665 2962 3734 prudentiam,
2995 3676 3050 3722 et
3100 3665 3223 3722 fidei
3255 3676 3451 3722 vestra:
3498 3668 3876 3726 salubritatem

2283 3765 2444 3826 atque
2474 3758 2884 3828 perfectionem,
2918 3769 2975 3814 ut
3001 3769 3056 3815 et
3083 3760 3361 3816 dominum
3391 3777 3570 3833 regem
3600 3778 3629 3817 a
3659 3763 3757 3820 Dei
3789 3778 3878 3822 re-

2284 3855 2488 3908 vocetis
2517 3851 2742 3919 offensa,
2779 3863 2831 3908 et
2857 3853 3111 3923 populum
3142 3869 3173 3909 a
3205 3865 3357 3924 parte
3383 3870 3480 3911 sua
3511 3857 3693 3914 vivere
3713 3857 3879 3916 liceat

2283 3947 2543 4017 quietum,
2573 3947 2745 4004 donec
2771 3948 2943 4004 Judex
2983 3959 3215 4006 aeternus
3245 3961 3565 4008 consuetam
3603 3951 3879 4009 discernat

2277 4039 2562 4110 justitiam.
2587 4040 2719 4108 Quia
2751 4041 3150 4097 evidentissima
3171 4044 3420 4100 omnibus
3442 4053 3605 4115 patet,
3633 4046 3723 4116 qui
3750 4044 3879 4102 eba-

2282 4136 2496 4192 ritatem
2543 4136 2836 4193 fraternam
2886 4137 3179 4207 postponit,
3229 4139 3460 4209 despicit
3506 4141 3874 4206 consortium,

2281 4246 2389 4286 non
2413 4231 2707 4301 acquiescit
2727 4231 2961 4286 veritati.
2987 4232 3186 4287 Omnes
3204 4233 3475 4301 prophetae
3493 4243 3678 4288 contra
3701 4232 3876 4303 ipsum

2281 4323 2593 4394 loquuntur,
2611 4339 2798 4381 omnes
2817 4324 3045 4394 apostoli
3077 4325 3620 4394 ipsumjdetestantur,
3647 4333 3702 4380 et
3728 4325 3872 4382 Deus

2283 4418 2624 4487 omnipotens
2655 4419 2769 4487 ipse
2808 4416 2950 4488 quod
2980 4417 3258 4472 constituit
3282 4416 3558 4486 judicabit.
3593 4415 3878 4474 Praemisss

2283 4510 2603 4566 salutatione
2631 4510 2888 4578 obsequia
2936 4509 3300 4578 supplicamus
3326 4551 3339 4571 ,
3383 4516 3440 4562 ut
3469 4509 3696 4564 latorem
3739 4523 3878 4578 pra:-

2287 4607 2546 4668 sentium,
2575 4619 2789 4660 servum
2819 4611 3060 4658 vestrum
3092 4600 3493 4673 Gundulpbum,
3532 4601 3876 4657 commenda-

589 4675 825 4743 pitantur
847 4691 901 4737 et
938 4698 1091 4752 reges
1136 4694 1190 4741 et
1217 4689 1430 4757 populi,
1471 4699 1527 4746 ut
1575 4691 1669 4747 Dei
1711 4671 2180 4756 incurrant‘oﬂ'en-
2209 4671 2264 4732 D
2287 4705 2398 4750 tum
2423 4695 2684 4760 habeatis,
2709 4705 2762 4751 et
2791 4709 2912 4764 qua:
2936 4710 3032 4763 per
3062 4671 3323 4750 eumdem
3340 4693 3506 4749 verbo
3532 4693 3872 4758 mandamus,

586 4781 724 4823 sam.
767 4769 843 4825 ita
893 4773 1152 4846 legimus:
1182 4779 1481 4853 Quicunque
1528 4785 1580 4837 in
1612 4784 1808 4841 brachii
1856 4791 1935 4844 sui
1965 4795 2176 4862 fortitu-

587 4863 707 4917 dine
733 4868 976 4939 speravit,
1015 4883 1164 4927 antea
1190 4875 1536 4943 confusionem
1569 4895 1719 4948 quam
1758 4881 2024 4938 victoriam
2058 4902 2178 4954 pro-

587 4959 790 5011 meruit.
841 4960 1156 5034 Quicunque
1199 4966 1524 5025 adminiculo
1553 4974 1731 5043 gentis
1773 4974 1876 5030 sibi
1929 4977 2174 5047 adjuvari

585 5062 745 5117 posse
766 5054 1006 5120 conlidit,
1037 5066 1192 5112 antea
1226 5061 1515 5128 periculum
1544 5067 1734 5120 mortis
1758 5083 1917 5136 quam
1941 5070 2169 5127 salutem

587 5145 900 5208 promeruit.
927 5149 1241 5220 Quicunque
1271 5165 1486 5224 propter
1511 5159 1720 5228 copiam
1749 5161 1864 5214 auri
1890 5171 1944 5217 et
1969 5164 2173 5233 argenti

585 5233 827 5292 elevatur
855 5239 909 5295 in
937 5243 1263 5314 superbiam,
1290 5259 1444 5306 antea
1462 5250 1808 5336 desolag’onis
1826 5257 2172 5327 opprobrium

2285 4791 2487 4862 absque
2511 4790 2850 4846 haesitatione
2878 4787 3167 4845 credentes
3197 4787 3502 4856 recipiatis,
3551 4796 3605 4843 et
3649 4787 3876 4856 implere

2286 4907 2390 4946 non
2419 4887 2731 4958 despiciatis
2773 4895 2828 4943 et
2855 4885 3179 4950 elaboretis,
3215 4884 3446 4955 qualiter
3471 4884 3539 4938 de
3569 4892 3748 4938 vestra
3793 4897 3876 4938 sa-

2284 4984 2396 5038 lute
2424 4981 2582 5038 nobis
2607 4980 2800 5050 gaudia
2849 4979 3186 5049 praeparetis.
3235 4977 3365 5032 lllud
3417 4975 3649 5048 petimus
3676 4985 3734 5031 ut
3783 4992 3876 5048 per

2281 5085 2477 5131 vestra:
2523 5072 2746 5131 Pietatis
2810 5072 3130 5144 rescriptum
3181 5086 3246 5128 ex
3300 5068 3546 5126 omnibus
3589 5068 3872 5139 jucundari

2286 5181 2614 5229 mereamur.
