4108 6352
352 369 423 429 85
1044 359 1404 420 EXPOSITIO
1441 361 1694 420 BREVIS
1733 355 2085 416 LITURGIIE
2124 354 2394 411 GALLIC.
2553 349 2930 410 ADMONITIO
3555 339 3626 401 86

354 497 420 545 ex
467 482 744 540 veteribus
773 478 1127 549 scriptoribus
1169 477 1239 533 ob
1286 477 1471 532 oculos
1503 478 1673 546 ponit.
1721 475 1824 532 Sed
1859 477 1974 530 hac
2017 487 2116 543 pro
2161 470 2237 526 rei
2269 468 2527 538 dignitate
2574 477 2630 522 et
2676 463 3043 535 magnitudine
3085 459 3219 516 levia
3263 463 3406 549 sunt.
3458 454 3626 510 Multo

356 577 563 633 lelicius
581 590 694 631 rem
719 548 1000 630 exsecutus
1028 579 1112 625 est
1135 570 1213 623 vir
1240 569 1420 624 multa
1444 568 1758 624 eruditionis
1782 566 2046 636 Iosephus
2067 563 2405 625 Thomasius,
2432 560 2520 630 qui
2549 559 2732 614 Romae
2763 567 2874 612 tres
2895 564 3103 611 veteres
3132 551 3354 606 Codices
3377 548 3627 617 Liturgia

361 667 650 725 Gallicana
679 683 745 723 ex
777 665 1102 721 bibliotheca
1135 664 1332 733 regina
1359 661 1568 718 Suecia
1597 662 1736 734 typis
1782 659 2087 722 mandavit,
2117 672 2328 712 rursum
2362 653 2579 711 Parisiis
2629 662 2847 706 recusos
2893 661 2920 700 a
2963 643 3270 701 Mabillonio
3306 655 3427 696 cum
3460 639 3630 734 veteri

360 761 698 819 Leetionario
726 759 1003 815 Gallicano
1033 759 1100 814 ab
1127 771 1193 812 eo
1224 757 1274 808 in
1309 756 1629 811 Luxoviensi
1661 751 1991 810 monasterio
2012 760 2263 821 reperto,
2300 757 2356 805 et
2381 745 2602 803 eruditis
2633 739 3094 799 observationibus
3121 735 3424 789 illustrato:
3457 729 3545 800 qui
3577 737 3634 785 et

366 855 485 922 ipse
511 863 761 925 quartum
795 850 1047 922 Liturgia
1077 848 1368 905 Gallicana:
1397 847 1644 906 Codicem
1675 863 1739 904 ex
1771 845 2096 902 bibliotheca
2131 842 2376 898 Bobiensi
2406 837 2602 911 publici
2627 838 2765 909 juris
2794 835 2921 890 fecit
2966 833 3019 886 in
3063 829 3230 925 Musei
3273 827 3445 883 ltalici
3487 838 3634 880 tomo

361 923 558 1016 primo.
594 939 790 1001 Verum
821 943 902 998 his
930 941 1182 996 omnibus
1219 942 1269 994 in
1319 941 1501 1004 libris,
1536 938 1586 993 id
1627 954 1786 992 unum
1829 937 2132 1001 duntaxat,
2166 933 2306 1004 quod
2355 943 2532 988 tamen
2582 929 2905 999 pracipuum
2943 934 3057 989 est,
3108 923 3404 1016 habemus,
3441 927 3499 973 ut
3543 929 3635 1016 eas

361 1011 600 1094 sciamus
632 1051 856 1109 preces,
889 1049 1022 1106 quas
1063 1033 1126 1088 ad
1166 1035 1334 1091 altare
1372 1033 1652 1090 celebrans
1693 1032 1947 1088 sacerdos
1981 1030 2263 1095 recitaret,
2295 1041 2415 1083 cum
2464 1022 2783 1080 lectionibus
2811 1035 2942 1091 quas
2991 1019 3126 1074 sacri
3172 1014 3401 1070 ministri
3443 1011 3639 1082 populo

365 1131 810 1201 pronuntiabant.
852 1131 920 1185 At
950 1128 1079 1200 quid
1112 1127 1326 1183 interim
1354 1128 1552 1182 chorus
1575 1125 1888 1182 decantaret
1911 1167 1926 1192 ,
1958 1140 2132 1197 quove
2165 1123 2352 1178 ordine
2377 1162 2392 1187 ,
2418 1133 2517 1175 nos
2547 1119 2806 1173 hactenus
2838 1115 3054 1171 latebat.
3088 1109 3380 1182 ld,quidem
3410 1109 3642 1201 auctori-

370 1200 482 1278 tate
514 1229 756 1278 veterum
786 1219 1160 1276 demenstrare
1190 1217 1404 1288 quidam
1437 1225 1816 1283 tentaverunt;
1845 1229 2032 1272 verum
2075 1215 2302 1270 omnino
2351 1210 2462 1269 fere
2505 1211 2796 1265 incassum.
2837 1205 2968 1261 Nam
3012 1214 3367 1276 praterquam
3397 1200 3539 1271 quod
3587 1200 3642 1255 in

365 1311 552 1368 multis
573 1310 922 1374 defecerunt,
953 1310 1005 1364 in
1036 1308 1303 1380 aliquibus
1329 1307 1491 1362 etiam
1514 1316 1850 1363 erraverunt.

439 1403 572 1461 Illud
600 1414 776 1459 autem
816 1401 1166 1459 emolumenti
1209 1416 1273 1456 ex
1315 1399 1559 1470 sequenti
1600 1397 1949 1468 Expositione
1981 1398 2213 1468 antiqua
2241 1393 2530 1452 Gallicana
2558 1390 2816 1461 Liturgia
2838 1387 3061 1453 accidit,
3096 1393 3155 1441 ut
3190 1385 3455 1455 integrum
3499 1381 3644 1438 illius

365 1496 611 1553 ordinem
638 1535 652 1559 ,
683 1492 880 1564 quidve
909 1493 962 1548 in
991 1493 1158 1547 choro
1183 1497 1495 1546 eantaretur
1511 1528 1544 1558 ,,
1560 1491 1776 1559 penitus
1806 1490 2120 1546 resciamus.

446 1590 577 1645 Nam
630 1587 804 1656 primo
851 1585 1086 1656 Liturgia
1133 1582 1423 1652 incipiebat
1469 1583 1538 1638 ab
1585 1583 1873 1654 antiphona
1905 1624 1920 1648 ,
1966 1595 2126 1652 quam
2175 1594 2299 1637 cum
2342 1591 2506 1636 versu
2551 1573 2748 1646 psalmi
2817 1581 2872 1629 et
2915 1570 3081 1644 gloria
3127 1568 3404 1624 Trinitatis
3449 1565 3648 1621 chorus

370 1681 718 1753 pracinebat.

449 1772 505 1829 2.
548 1775 914 1843 Antiphonam
945 1773 1271 1843 sequebatur
1293 1770 1554 1841 prafatio,
1581 1783 1677 1825 seu
1705 1769 2000 1826 admonitio
2027 1769 2094 1824 ad
2124 1767 2400 1840 populum,
2429 1780 2588 1836 quam
2612 1762 2864 1820 sacerdos
2890 1755 3210 1829 pralegebat
3236 1751 3304 1808 ad
3327 1751 3647 1807 hortandam

370 1868 584 1937 plebem
604 1907 620 1934 ,
651 1877 711 1922 ut
740 1867 806 1922 ad
838 1882 996 1938 quam
1027 1875 1352 1922 convenerat
1383 1865 1776 1920 solemnitatem
1805 1863 1985 1921 debita
2023 1877 2144 1919 cum
2184 1863 2536 1919 veneratione
2582 1859 2898 1916 celebraret.
2941 1853 3055 1910 Non
3088 1867 3175 1908 me
3219 1850 3352 1906 latet
3393 1846 3654 1919 quosdam

373 1958 519 2014 inter
546 1959 894 2026 antiphonatn
930 1966 982 2013 et
1011 1955 1380 2026 prafationem
1409 1956 1743 2011 constituere
1771 1957 2034 2026 hymnum
2067 1954 2366 2025 angelicum
2412 1968 2442 2007 a
2483 1953 2654 2009 choro
2681 1944 3093 2005 decantandum.
3125 1939 3324 1997 Verum
3367 1938 3420 1994 id
3453 1939 3656 2005 absque

374 2047 843 2103 ullo-auctoritatis
873 2045 1245 2102 fundamento.
1279 2046 1414 2101 Nam
1438 2045 1544 2101 duo
1570 2061 1638 2102 ex
1677 2046 1936 2117 Gregorio
1967 2045 2270 2102 Turonensi
2302 2046 2416 2100 loca
2438 2087 2454 2113 ,
2483 2059 2603 2114 qua
2631 2043 2698 2097 ad
2729 2042 2780 2096 id
2814 2037 3144 2110 probandum
3178 2034 3487 2106 proferunt,
3520 2030 3656 2086 nihil

374 2155 599 2210 prorsus
627 2143 912 2209 evincunt,
956 2141 1048 2198 sed
1096 2143 1354 2213 hymnum
1382 2142 1529 2197 illum
1560 2141 1612 2197 in
1644 2143 1964 2212 quibusdam
2016 2144 2134 2198 aliis
2182 2142 2666 2213 supplicationibus
2707 2124 2934 2208 publicis
2973 2135 3315 2190 decantatum
3357 2132 3521 2186 fuisse
3561 2128 3657 2183 de-

387 2243 714 2288 monstrant.
749 2233 860 2287 lmo
886 2233 940 2286 in
986 2231 1219 2301 Liturgia
1246 2232 1549 2298 Gallicana,
1581 2248 1740 2300 quam
1791 2249 1855 2287 ex
1901 2235 2095 2290 Codice
2132 2235 2378 2289 Bobiensi
2417 2234 2654 2304 vulgavit
2691 2229 3054 2293 Mabillonius,
3096 2230 3326 2298 hymnus
3376 2225 3557 2279 Gloria
3597 2221 3653 2275 in

390 2327 603 2381 excelsis
636 2325 743 2380 Deo
775 2340 870 2396 pro
899 2325 1192 2396 gratiarum
1229 2325 1526 2380 actionibus
1553 2334 1675 2394 post
1709 2325 1928 2380 missam
1959 2326 2204 2396 privatim
2235 2324 2537 2380 recitandus
2566 2320 2925 2378 constituitur.
2967 2319 3147 2388 Itaque
3176 2315 3523 2386 antiphonain
3556 2329 3654 2370 sea

379 2417 644 2487 qnebatur
671 2416 913 2487 praelatio
942 2430 1039 2470 seu
1077 2414 1382 2485 pralectio,
1417 2415 1555 2470 unde
1598 2415 1649 2469 in
1682 2424 1864 2472 nostra
1900 2417 2144 2486 sequenti
2179 2415 2525 2481 Expositione
2555 2413 2746 2469 dicitur
2775 2409 3070 2479 Antiphona
3107 2407 3175 2460 ad
3207 2406 3528 2477 prwlegendo
3550 2447 3565 2472 ,
3599 2403 3655 2460 id

377 2515 465 2562 est
495 2514 617 2561 ante
649 2505 1014 2576 praelationem
1042 2519 1200 2576 quam
1231 2521 1328 2576 per
1360 2508 1575 2562 modum
1608 2509 1997 2563 exhortationis
2030 2505 2354 2578 praelegebat
2385 2505 2657 2560 sacerdos.

451 2595 508 2651 '5.
553 2595 678 2651 Post
724 2597 1088 2667 praefationem
1120 2597 1376 2652 diaconus
1412 2599 1518 2652 alta
1546 2613 1677 2654 voce
1723 2599 1997 2654 silentium
2028 2599 2298 2654 indicebat
2320 2640 2334 2665 ,
2366 2599 2519 2667 cujus
2556 2599 2689 2652 ritus
2731 2593 2976 2650 meminit
3015 2593 3306 2662 Gregorius
3335 2591 3668 2647 Turonensrs

386 2691 483 2746 lib.
508 2707 577 2745 VII
611 2692 748 2745 llist.
792 2691 987 2745 Frauc.
1031 2705 1153 2758 cap.
1185 2688 1250 2755 8,
1282 2689 1368 2745 his
1401 2691 1577 2747 verbis
1612 2710 1626 2746 :
1667 2710 1686 2744 t
1721 2690 1874 2748 Unde
1903 2692 2100 2748 factum
2138 2701 2253 2755 est,
2283 2699 2344 2744 ut
2382 2689 2610 2758 quadam
2664 2688 2752 2744 die
2780 2687 3046 2742 dominica
3074 2685 3368 2754 ;postquam
3409 2683 3666 2739 diaconus

383 2780 657 2834 silentium
689 2780 898 2849 pepulis
918 2819 933 2844 ,
968 2787 1024 2832 ut
1054 2778 1232 2833 missa
1260 2781 1692 2837 auscultarentur
1719 2824 1735 2850 ,
1772 2783 2004 2852 indixit,
2109 2793 2211 2837 etc.
2241 2780 2356 2848 Quo
2387 2781 2506 2836 loco
2534 2782 2700 2836 missa
2728 2795 2823 2850 pro
2852 2783 3104 2835 orationes
3145 2779 3285 2835 sumi
3323 2793 3430 2833 non
3457 2777 3666 2832 dubito.

464 2897 518 2952 6.
563 2895 764 2950 indicto
794 2897 1044 2963 silentio,
1077 2897 1330 2951 sacerdos
1371 2897 1630 2967 p0pulum
1680 2896 1975 2964 salutabat,
2014 2911 2080 2952 ac
2109 2895 2288 2966 p0puli
2333 2896 2672 2966 responsioni
2717 2895 2994 2952 collectam
3035 2894 3356 2966 subjiciebat
3391 2907 3424 2947 a
3461 2893 3666 2949 cunctis

389 2985 542 3044 llesis
577 2991 806 3062 genibus
850 2993 1041 3047 devote
1087 2992 1402 3047 audiendam
1427 3033 1442 3059 ,
1468 3001 1524 3045 ut
1549 2991 1781 3061 probant
1807 2992 1975 3046 sancti
2000 2989 2222 3046 Catsarii
2244 2989 2455 3059 quidam
2487 3003 2787 3045 sermones.

461 3081 514 3138 5.
559 3085 684 3140 Post
724 3085 1003 3140 collectam
1049 3086 1245 3140 chorus
1286 3085 1537 3140 cantabat
1578 3085 1881 3156 trisagittm,
1927 3094 1983 3142 et
2015 3084 2231 3156 quidem
2287 3098 2461 3154 graece
2505 3094 2559 3139 et
2603 3085 2803 3150 latine,
2845 3084 2988 3157 quod
3034 3084 3353 3157 sequebatur
3398 3084 3667 3138 canticum

390 3176 664 3232 Zachariae
693 3176 999 3233 Benedictus
1026 3177 1276 3232 Dominus
1311 3176 1450 3231 Deus
1480 3174 1668 3230 Israel.
1700 3175 1812 3232 Hoc
1843 3187 2020 3232 tamen
2062 3177 2326 3232 canticum
2358 3176 2411 3230 in
2451 3176 2870 3247 Quadragesima
2908 3192 3031 3233 cum
3059 3175 3179 3232 aliis
3219 3173 3421 3231 latitia
3457 3174 3674 3246 hymnis

394 3271 846 3340 supprimebatur.

465 3385 518 3438 6.
561 3383 898 3454 Sequebatur
937 3383 1095 3438 lectio
1136 3397 1204 3440 ex
1245 3382 1524 3452 prophetis
1581 3391 1636 3439 et
1679 3396 1746 3439 ex
1789 3381 2059 3452 apostolo.
2109 3381 2242 3438 Nam
2285 3392 2480 3452 prater
2517 3383 2798 3454 Evangelii
2841 3385 3159 3450 lectionem,
3199 3384 3368 3450 duas,
3409 3399 3568 3440 unam
3607 3400 3679 3442 ex

396 3477 603 3544 veteri,
633 3477 857 3532 alteram
887 3493 951 3533 ex
981 3477 1128 3532 Novo
1169 3477 1552 3543 Testamento,
1582 3476 1842 3532 lectiones
1877 3476 2196 3541 cantabant,
2232 3489 2392 3545 quem
2437 3476 2597 3531 ritum
2638 3477 2819 3532 videre
2859 3487 2942 3532 est
2989 3476 3129 3544 apud
3161 3473 3472 3544 Gregorium

397 3587 625 3627 nensem
653 3571 745 3626 lib.
819 3573 886 3628 de
915 3573 1180 3628 Miraculis
1208 3576 1380 3629 sancti
1411 3575 1621 3629 Martini
1648 3588 1766 3644 cap.
1800 3573 1855 3639 5,
1886 3575 1976 3630 ubi
2004 3572 2121 3628 hac
2150 3571 2311 3627 habet
2344 3590 2357 3626 :
2448 3573 2668 3627 Factum
2698 3581 2783 3627 est
2807 3581 2864 3626 ut
2897 3571 2984 3625 illa
3019 3566 3324 3629 Dominica,
3356 3567 3668 3634 pr0phetica

399 3665 635 3720 lectione
664 3667 772 3735 jam
806 3667 974 3734 lecta,
1007 3680 1132 3722 ante
1161 3668 1406 3722 altarium
1439 3676 1643 3734 staret,
1673 3668 1763 3737 qui
1797 3669 2084 3724 lectionem
2128 3666 2268 3723 beati
2301 3666 2449 3721 Pauli
2484 3666 2763 3735 proferret.
2861 3665 2917 3719 ltt
2947 3674 3253 3721 sanctorum
3297 3665 3678 3720 festivitatibus

396 3759 511 3814 sive
541 3771 836 3830 martyrum
863 3759 979 3814 sive
1024 3759 1400 3815 confessorum
1431 3770 1549 3818 acta
1580 3776 1765 3816 eorum
1793 3762 1956 3815 etiam
1986 3760 2196 3830 publice
2242 3759 2584 3831 legebantur,
2625 3769 2686 3815 ut
2722 3761 2918 3816 auditis
2959 3775 3143 3817 eorum
3173 3763 3460 3816 virtutibus
3499 3757 3681 3830 populi

401 3849 468 3903 ad
502 3851 697 3904 similia
733 3850 1094 3920 perpetranda
1126 3851 1575 3907 accenderentur.
1609 3853 1683 3907 Ita
1712 3853 2005 3924 Gregorius
2026 3851 2387 3922 Turonensis,
2415 3852 2510 3909 lib.
2541 3855 2652 3909 tde
2673 3853 2856 3910 Gloria
2886 3865 3178 3927 martyrum
3201 3870 3322 3929 cap.
3351 3853 3457 3922 86,
3485 3855 3684 3910 lectam

405 3945 572 4002 fuisse
593 3947 761 4001 sancti
798 3945 1076 4016 Polycarpi
1108 3944 1412 4014 passionem
1445 3954 1650 4001 narrat.

475 4061 529 4114 7.
573 4059 914 4115 Lectionibus
961 4059 1351 4128 pronuntiatis,
1400 4058 1600 4114 chorus
1654 4058 1910 4129 hymnum
1961 4057 2125 4112 trium
2165 4072 2452 4128 puerorum
2495 4057 2845 4127 decantabat,
2887 4068 2943 4115 et
2981 4060 3230 4132 quidem,
3282 4070 3340 4117 ut
3386 4075 3539 4128 reor,
3589 4074 3684 4130 per

402 4150 623 4206 modum
655 4151 1014 4220 respotisorii,
1046 4165 1203 4220 quem
1231 4166 1361 4206 sane
1390 4150 1647 4222 hymnum
1692 4166 1723 4206 a
1771 4151 2033 4221 Gregorio
2059 4149 2393 4220 Turonensi,
2445 4152 2693 4207 Historia
2744 4151 3068 4211 Francorum
3115 4157 3210 4212 lib.
3260 4172 3388 4222 vm,
3431 4171 3550 4224 cap.
3610 4154 3679 4223 5,

408 4247 667 4318 psalmum
695 4249 1076 4318 responsorium
1104 4247 1208 4302 dici
1240 4246 1489 4316 conjicio.
1518 4245 1648 4301 Nam
1679 4247 1934 4314 qualibet
1962 4259 2031 4301 ex
2059 4243 2352 4315 Seripturis
2382 4247 2593 4301 cantica
2633 4248 2954 4317 psalmorum
2987 4252 3199 4306 nomine
3229 4251 3430 4306 donare
3453 4265 3683 4306 consue-

404 4350 850 4397 verantveteres.
882 4341 1049 4396 Porro
1079 4340 1144 4395 ad
1175 4341 1315 4396 hunc
1348 4341 1507 4395 ritum
1549 4349 1794 4411 spectare
1838 4339 2086 4394 existimo
2134 4351 2394 4394 canonem
2443 4340 2510 4393 l3
2535 4342 2744 4396 concilii
2786 4341 3030 4396 Toletani
3078 4357 3150 4407 tv,
3259 4339 3326 4395 Ut
3361 4356 3452 4410 per
3500 4355 3686 4395 omnes

405 4435 679 4505 Hispania
723 4435 987 4490 Eeclesias
1032 4434 1117 4489 vel
1156 4432 1343 4491 Gallia
1388 4435 1442 4489 in
1479 4433 1720 4489 omnium
1762 4434 2049 4488 missarum
2090 4431 2430 4489 solemnitate
2474 4435 2786 4492 decantetur
2825 4435 3056 4507 hymnus
3095 4436 3257 4490 trium
3296 4449 3582 4504 puerorum
3624 4435 3679 4490 iu

407 4529 636 4600 pulpito.
677 4547 698 4581 s

480 4637 535 4696 8.
578 4641 712 4696 Dum
743 4641 1002 4695 diaconus
1031 4639 1097 4694 ad
1119 4638 1419 4708 analogium
1453 4638 1797 4710 Evangelium
1819 4647 2129 4696 cantaturus
2158 4639 2503 4711 procederet,
2532 4639 2731 4700 chorus
2761 4642 2973 4699 interim
3004 4642 3281 4714 trisagium
3309 4639 3670 4711 pracinebat,

410 4734 551 4805 quod
583 4742 797 4789 cantato
826 4729 1116 4800 Evangelio
1149 4730 1342 4786 iterum
1375 4731 1676 4800 repetebat.

486 4847 540 4903 9.
584 4847 709 4902 Post
740 4845 1123 4916 Evangelium,
1152 4844 1440 4914 episcopus
1468 4843 1690 4899 verbum
1719 4857 1751 4898 e
1777 4851 2032 4913 suggestu
2060 4842 2293 4900 habebat
2313 4843 2380 4898 ad
2412 4844 2702 4915 populum;
2731 4856 2825 4902 aut
2844 4847 2889 4902 si
2917 4860 3014 4918 per
3034 4845 3299 4907 inrmam
3324 4843 3686 4902 valetudinem

411 4943 468 4999 id
498 4941 599 4998 sibi
632 4955 736 4994 non
781 4940 1006 5007 liceret,
1037 4938 1124 4995 vel
1170 4938 1312 4994 forte
1357 4937 1615 4993 tardioris
1641 4948 1788 4993 esset
1816 4938 2048 5008 lingua,
2079 4940 2327 4996 homilias
2361 4943 2606 5012 proprias
2648 4954 2742 5000 aut
2783 4945 2853 5001 ab
2896 4945 3019 5004 aliis
3062 4946 3424 5016 compositas,
3455 4945 3690 5000 maxime

415 5046 723 5094 sanctorum
753 5034 974 5090 Patrum
993 5073 1012 5102 ,
1043 5032 1378 5102 pronuntiari
1409 5048 1439 5087 a
1469 5032 1842 5088 sacerdotibus
1868 5041 1960 5086 aut
1985 5033 2226 5090 diaconis
2248 5035 2490 5104 jubebat.

491 5151 578 5206 lo.
624 5149 828 5206 Deinde
856 5148 1118 5204 diaconus
1146 5161 1309 5217 super
1351 5148 1631 5204 audientes
1669 5156 1725 5202 et
1758 5149 2172 5207 catechumenos
2211 5164 2397 5220 preces
2426 5153 2748 5211 constitutas
2788 5155 3128 5228 e'undebat,
3155 5157 3223 5214 de
3252 5157 3446 5227 quibus
3488 5155 3683 5213 ritibus

413 5245 546 5301 satis
574 5244 778 5316 egimus
815 5242 866 5296 in
897 5241 1037 5297 libro
1107 5239 1175 5295 de
1203 5240 1437 5310 antiquis
1463 5240 1721 5296 Ecclesia
1749 5239 1964 5295 ritibus.

493 5361 580 5414 ll.
625 5357 820 5426 Ejectis
867 5354 1303 5420 catechumenis,
1364 5354 1622 5410 diaconus
1663 5355 1932 5410 silentium
1981 5355 2280 5421 indicebat;
2311 5368 2422 5412 tum
2460 5371 2654 5428 corpus
2697 5361 2911 5417 Domini
2937 5363 2991 5418 in
3037 5361 3175 5417 turri
3211 5372 3584 5418 conservatum
3623 5378 3692 5420 ex

422 5449 749 5525 pracedenti
777 5445 1050 5502 sacricio
1071 5445 1350 5500 deferebat
1379 5445 1444 5499 ad
1467 5445 1673 5511 altare,
1703 5456 1760 5500 ut
1790 5453 2000 5499 constat
2022 5457 2134 5500 tum
2164 5461 2231 5500 ex
2264 5447 2364 5501 hac
2393 5457 2577 5503 nostra
2607 5450 2988 5520 Expositione,
3021 5461 3131 5507 tum
3161 5466 3229 5507 ex
3253 5451 3495 5523 Gregorii
3519 5454 3692 5509 Turo-

425 5543 607 5600 nensis
634 5541 774 5596 libro
813 5539 882 5593 de
909 5537 1086 5592 Gloria
1117 5542 1443 5605 martyrum,
1476 5549 1594 5604 cap,
1638 5534 1727 5588 83.
1776 5536 1997 5590 Romani
2035 5550 2140 5591 non
2180 5536 2233 5591 in
2272 5538 2433 5604 turri,
2474 5539 2570 5593 sed
2603 5541 2654 5594 in
2686 5555 2844 5610 capsa
2891 5543 3017 5596 illud
3059 5542 3402 5611 delerebant,
3436 5545 3592 5613 idque
3639 5547 3691 5598 in

422 5634 693 5690 nonnullis
739 5635 899 5689 etiam
931 5629 1226 5686 Gallicanis
1268 5625 1527 5682 Ecclesiis
1558 5626 1964 5682 observabatur.
1993 5628 2160 5684 Porro
2200 5644 2266 5684 ex
2314 5631 2414 5685 hoc
2458 5631 2560 5685 ritu
2591 5632 2764 5686 lucem
2797 5635 3026 5703 aliquam
3060 5637 3253 5693 allerre
3283 5651 3567 5705 possumus
3598 5652 3693 5690 ca-

426 5726 552 5779 noni
591 5723 654 5777 l7
696 5722 910 5778 concilii
958 5719 1348 5784 Arausicanit,
1391 5716 1459 5771 ad
1499 5731 1658 5786 quem
1712 5732 1898 5772 omnes
1943 5718 2054 5776 fere
2095 5719 2288 5775 eruditi
2333 5722 2590 5777 hactenus
2621 5725 2946 5779 cacutiunt:
2986 5746 3004 5778 t
3053 5728 3185 5782 Cum
3233 5741 3392 5794 capsa
3441 5737 3491 5780 et
3541 5728 3682 5780 calix

432 5813 743 5873 ollerendus
767 5823 852 5872 est
879 5823 936 5870 et
977 5813 1311 5870 admixtione
1353 5807 1708 5866 Eucharistia
1755 5813 2181 5878 consecrandus,
2277 5823 2334 5868 ut
2374 5814 2582 5871 scilicet
2610 5828 2768 5882 capsa
2806 5815 3129 5872 dominicum
3171 5829 3364 5883 corpus
3411 5817 3690 5870 continens
