4108 6352
539 353 608 409 87
1149 353 1212 408 IN
1251 353 1307 410 S.
1351 353 1560 410 GERM.
1599 350 2104 409 EXPOSITIONEM
2151 352 2161 408 1

2216 349 2472 409 TURGzE
2510 351 2711 412 GALL.
2747 354 3138 414 ADMONI’I‘IO.
3767 363 3836 420 88

545 467 796 524 afferatur
833 468 902 526 ad
935 467 1136 536 altare,
1168 483 1288 524 cum
1333 467 1576 524 facienda
1621 477 1703 524 est
1733 469 1784 523 in
1825 467 1985 523 missa
2029 468 2228 524 oblatio
2269 467 2452 525 calicis
2493 485 2613 526 cum
2656 469 2983 527 admixtione
3020 486 3116 528 seu
3144 473 3423 542 praesentia
3452 475 3825 538 Eucharistia

545 563 915 618 consecrandi.

618 654 705 707 12.
747 655 924 710 Allata
950 656 1015 710 ad
1045 656 1209 712 altare
1243 656 1578 712 Eucharistia
1601 697 1616 723 ,
1647 656 1807 711 ﬁebat
1839 657 1992 725 panis
2029 666 2084 712 et
2108 656 2217 711 vini
2247 658 2597 713 consecrandi
2627 659 2828 714 oblatio
2851 701 2864 723 ,
2896 669 3058 728 atque
3087 661 3301 716 interim
3343 659 3542 716 chorus
3580 661 3823 718 canebat

543 746 775 814 Sanum,
804 749 856 804 id
882 759 966 804 est
996 751 1339 821 antiphonam
1369 767 1489 821 quae
1521 761 1704 805 nostro
1735 750 2009 806 oll‘ertorio
2033 749 2428 821 respondebat,
2456 760 2545 806 aut
2573 752 2697 820 quid
2729 753 2924 808 simile.
2960 753 3122 808 Forte
3154 754 3327 808 Sanus
3355 754 3498 807 aliud
3531 753 3668 809 nihil
3699 764 3822 811 erat

543 853 704 909 quam
734 841 873 909 quod
900 841 1176 912 Expositio
1215 852 1394 897 nostra
1427 857 1549 896 mox
1577 841 1783 895 Laudes
1805 841 2057 911 appellat.
2102 840 2242 894 Laus
2269 849 2446 896 autem
2480 843 2531 894 in
2568 842 2762 897 Missali
2800 843 3132 897 Mozarabum
3169 852 3377 897 constat
3403 857 3468 898 ex
3499 843 3736 899 Alleluia
3773 857 3831 903 et

541 945 651 987 uno
679 934 950 987 versiculo
975 974 990 998 ,
1023 935 1114 988 sed
1158 934 1208 987 in
1239 932 1509 988 Gallicana
1538 933 1774 1002 Liturgia
1808 941 1886 986 ter
1914 932 2202 1000 repetitum
2232 931 2394 986 fuisse
2439 931 2669 986 Alleluia
2711 931 2775 985 ad
2827 931 3171 1001 signiﬁcanda
3224 933 3322 986 tria
3356 942 3595 1002 tempora
3627 975 3644 1000 ,
3691 946 3827 993 unto

540 1021 724 1094 legem
743 1066 757 1090 ,
792 1027 892 1081 sub
919 1026 1062 1097 lege,
1087 1036 1141 1082 et
1169 1027 1267 1081 sub
1295 1028 1462 1097 gratia
1483 1069 1496 1093 ,
1526 1027 1683 1082 docet
1725 1034 1906 1080 nostra
1941 1026 2253 1093 Expositio,
2283 1025 2441 1096 idque
2472 1025 2650 1080 forsan
2677 1038 2799 1079 cum
2828 1025 3018 1092 triplici
3045 1025 3332 1079 versiculo.

614 1114 704 1171 15.
745 1117 908 1172 Facta
941 1119 1243 1182 oblatione,
1291 1133 1443 1173 sacra
1490 1117 1853 1172 recitabantur
1875 1116 2162 1187 diptycha,
2197 1117 2300 1170 hoc
2325 1125 2408 1170 est
2462 1115 2672 1169 nomina
2726 1117 3098 1184 episcoporum
3130 1118 3202 1184 ζει
3247 1116 3474 1170 aliorum
3523 1117 3741 1186 scripta
3771 1119 3824 1176 in

554 1207 748 1263 tabella
787 1211 943 1265 altari
983 1212 1336 1280 superposita.
1386 1210 1703 1280 llujusmodi
1735 1211 1983 1265 tabellam
2014 1211 2305 1266 eburneam
2335 1208 2441 1262 vidi
2475 1209 2525 1262 in
2556 1208 2781 1264 ecclesia
2834 1209 3187 1273 Bituricensi,
3223 1209 3274 1262 in
3305 1223 3408 1276 qua
3453 1210 3828 1280 archiepisco-

549 1314 740 1372 porum
769 1304 981 1358 nomina
1014 1305 1372 1372 continentur,
1401 1305 1494 1359 sed
1525 1305 1683 1360 hodie
1711 1304 1905 1359 nullus
1939 1305 2084 1359 illius
2111 1319 2238 1360 usus
2267 1314 2507 1374 superest
2535 1304 2672 1371 apud
2705 1303 2985 1373 Biturigas.

621 1394 708 1448 M.
748 1396 1004 1451 Recitatis
1030 1397 1326 1468 diptychis,
1355 1398 1608 1452 sacerdos
1637 1397 2004 1453 Cotlectionem
2047 1408 2159 1466 post
2191 1399 2397 1451 nomina
2428 1397 2676 1459 dicebat.
2711 1406 2892 1466 postea
2927 1398 3072 1466 pacis
3099 1397 3340 1452 osculum
3372 1396 3559 1452 ﬁdeles
3587 1397 3696 1453 sibi
3735 1399 3823 1452 iu-

541 1485 714 1540 vicem
747 1487 1153 1556 impertiebant;
1182 1497 1292 1541 tum
1323 1488 1577 1542 sacerdos
1607 1489 1866 1542 recitabat
1895 1488 2258 1543 Collectionem
2289 1488 2355 1540 ad
2383 1504 2561 1557 pacem
2583 1529 2596 1551 ,
2620 1501 2778 1556 quam
2812 1487 3172 1555 sequebantur
3201 1490 3524 1544 contestatio
3548 1489 3647 1556 (ita
3684 1504 3826 1558 pra:-

551 1574 808 1630 fationem
842 1576 916 1630 illi
947 1576 1323 1647 appellabant)
1351 1586 1406 1632 et
1429 1591 1598 1630 canon
1630 1578 1719 1646 qui
1751 1579 2102 1633 brevissimus
2133 1587 2266 1633 erat.

620 1667 708 1722 15.
752 1667 877 1722 Post
903 1667 1358 1724 consecrationem
1387 1669 1634 1723 sacerdos
1663 1669 1921 1724 recitabat
1944 1670 2237 1724 orationem
2268 1666 2393 1723 Post
2415 1678 2624 1733 secreta,
2648 1683 2765 1738 qua:
2793 1667 2956 1724 verba
2998 1669 3363 1724 demonstrant
3387 1671 3822 1732 consecrationis

539 1759 703 1814 verba
725 1769 929 1814 secreto
956 1774 1018 1814 ac
1045 1760 1144 1814 sub
1164 1760 1376 1815 silentio
1415 1775 1444 1813 a
1475 1760 1750 1815 sacerdote
1782 1760 1947 1815 fuisse
1973 1759 2193 1828 prolata.
2226 1759 2412 1814 Postea
2444 1761 2603 1813 ﬁebat
2631 1759 2926 1814 confractio
2957 1768 3011 1813 et
3039 1761 3349 1815 commixtio
3391 1763 3630 1828 corporis
3663 1762 3827 1817 Chri‘

537 1853 630 1908 nti.
662 1853 834 1921 Atque
866 1853 1072 1906 interim
1113 1850 1672 1919 chorus-antiphonam
1700 1851 2034 1916 concinebat,
2079 1865 2246 1918 eaque
2277 1850 2447 1913 ﬁnita,
2481 1850 2730 1904 sacerdos
2759 1850 3036 1904 collectam
3081 1860 3202 1906 ante
3243 1851 3540 1906 orationem
3573 1851 3819 1907 Domini-

540 1955 660 1996 cam
686 1942 961 2008 recitabat,
991 1943 1281 1996 orationem
1313 1941 1638 1994 Dominicam
1662 1941 1981 2010 sequebatur
2010 1940 2178 1995 altera
2207 1940 2429 1994 collecta
2454 1955 2482 1992 a
2523 1939 2801 1994 sacerdote
2841 1941 3204 2008 pronuntiata.

617 2035 703 2089 16.
747 2039 884 2092 Ante
921 2038 1370 2101 communionem,
1418 2036 1716 2090 benedictio
1765 2038 1957 2104 populo
2009 2035 2429 2106 impertiebatur,
2485 2045 2538 2090 et
2585 2035 2800 2105 quidem
2860 2038 3028 2090 tribus
3074 2037 3403 2091 orationibus
3449 2039 3525 2091 ab
3567 2038 3824 2122 epicopo,

539 2128 694 2181 unica
718 2142 884 2198 eaque
910 2130 1052 2184 brevi
1086 2144 1115 2182 a
1145 2129 1370 2198 simplici
1405 2127 1702 2191 sacerdote,
1738 2125 1839 2180 hoc
1867 2126 2024 2180 modo
2059 2144 2072 2180 :
2101 2125 2234 2191 Pax,
2267 2126 2416 2192 ﬁdes,
2446 2138 2490 2179 et
2526 2126 2769 2191 charitas,
2810 2137 2856 2179 et
2896 2127 3290 2180 communicatio
3337 2128 3561 2197 corporis
3590 2138 3636 2181 et
3693 2145 3819 2183 san-

540 2220 712 2290 guinis
733 2220 942 2274 Domini
968 2222 1034 2275 sit
1064 2237 1258 2290 semper
1285 2221 1564 2275 vobiscum.

611 2314 698 2367 l7.
745 2314 874 2369 Dum
908 2314 1067 2370 ﬁebat
1093 2317 1420 2380 communio,
1451 2325 1542 2369 aut
1572 2330 1634 2369 ea
1667 2323 1901 2384 peracta,
1945 2312 2139 2367 chorus
2169 2313 2428 2382 psallebat
2459 2313 2780 2368 Trecanum.
2811 2313 2949 2381 Quid
2987 2323 3166 2368 autem
3197 2322 3340 2369 esset
3363 2313 3662 2370 Trecanum
3711 2331 3820 2372 non

533 2405 665 2460 satis
687 2407 1149 2476 capio.Triplicem
1178 2419 1390 2462 cantum
1418 2409 1564 2463 vocis
1594 2405 1917 2477 etymologia
1949 2405 2256 2474 signiﬁcare
2286 2405 2514 2460 videtur.
2543 2407 2597 2460 ln
2628 2408 2811 2475 regula
2836 2416 3013 2462 autem
3047 2409 3217 2462 sancti
3257 2409 3530 2463 Aureliani
3561 2408 3819 2477 praescri-

535 2493 698 2556 bitur,
730 2503 787 2548 ut
819 2496 1088 2564 psallendo
1115 2513 1286 2550 omnes
1315 2499 1707 2550 communicent.
1757 2495 1872 2548 Erit
1901 2495 2038 2548 forte
2065 2495 2155 2563 qui
2186 2495 2482 2549 Trecanum
2513 2496 2893 2565 interpretetur
2934 2498 3240 2567 symbolum
3277 2500 3643 2567 apostolorum
3668 2514 3816 2554 -san-

532 2597 634 2644 cla:
665 2587 937 2643 Trinitatis
974 2589 1133 2644 tidem
1159 2589 1451 2659 explicans,
1481 2590 1619 2659 quod
1659 2589 1710 2644 in
1736 2588 1934 2644 lliissali
1961 2587 2180 2653 quidem
2213 2589 2548 2644 Mozarabum
2579 2596 2698 2654 post
2731 2589 3190 2644 consecrationem
3221 2599 3346 2645 ante
3374 2589 3814 2644 communionem

534 2683 820 2741 dicendum
853 2685 1233 2755 praescribitur,
1273 2687 1325 2740 in
1368 2684 1637 2740 Gallicana
1662 2699 1789 2739 vero
1818 2685 2050 2755 Liturgia
2082 2692 2202 2756 post
2231 2685 2662 2738 communionem
2694 2685 3036 2738 recitaretur.

605 2777 694 2833 18.
737 2778 975 2834 Tandem
1004 2779 1254 2834 sacerdos
1282 2779 1492 2833 dicebat
1520 2779 1819 2833 orationem
1858 2777 1982 2832 Post
2007 2778 2406 2842 Eucharistiam;
2440 2792 2598 2848 quam
2630 2779 2952 2846 sequebatur
2981 2777 3082 2832 alia
3113 2779 3356 2834 collecta.

606 2871 699 2926 Hae
722 2881 846 2926 sunt
903 2871 1016 2926 fere
1044 2886 1231 2927 omnes
1257 2871 1489 2940 antiquae
1519 2870 1806 2925 Gallicanae
1836 2869 2086 2938 Liturgice
2126 2879 2328 2939 partes,
2353 2883 2484 2939 quas
2528 2868 2613 2923 hic
2641 2868 2880 2922 breviter
2917 2869 2986 2923 ob
3015 2871 3197 2924 oculos
3227 2885 3426 2938 ponere
3447 2879 3501 2926 et
3531 2871 3808 2929 illustrem

539 2961 725 3028 libuit,
750 2962 816 3017 ad
847 2963 1228 3032 promptiorem
1254 2963 1527 3032 sequentis
1554 2963 1734 3032 operis
1763 2963 2164 3030 intelligentiam
2189 2981 2202 3027 ;
2249 2962 2304 3016 in
2346 2962 2496 3030 cujus
2528 2969 2678 3029 parte
2705 2975 2798 3015 seu
2827 2964 3052 3030 epistola
3081 2963 3317 3018 secunda
3354 2964 3521 3019 multa
3563 2965 3666 3020 alia
3711 2981 3806 3021 no-

533 3060 647 3107 tatu
677 3055 990 3124 dignissima
1028 3062 1338 3121 occurrunt,
1370 3070 1430 3109 ea
1462 3054 1692 3108 maxime
1739 3069 1856 3122 quae
1904 3055 1969 3108 de
1999 3055 2416 3125 Quadragesima
2448 3062 2503 3109 et
2529 3055 2596 3110 de
2627 3055 2909 3110 traditione
2953 3055 3179 3125 symboli
3212 3058 3636 3126 competentibus
3680 3073 3814 3115 nar-

532 3156 636 3215 rat,
666 3148 719 3201 ln
749 3149 937 3218 quibus
967 3149 1100 3203 ritus
1129 3148 1387 3202 hactenus
1408 3146 1574 3216 ignoti
1609 3145 2007 3214 expenduntur.
2987 3198 3010 3219 .

609 3239 804 3295 Verum
835 3241 900 3295 ad
932 3240 1267 3310 antiquorum
1312 3239 1512 3294 rituum
1544 3240 1927 3308 cognitionem,
1970 3253 2128 3308 quam
2158 3253 2225 3293 ex
2269 3237 2509 3306 sequenti
2535 3252 2698 3307 opere
2739 3237 3047 3306 accipimus,
3080 3236 3208 3292 illud
3237 3239 3463 3304 accedit,
3503 3247 3558 3294 et
3588 3240 3807 3310 quidem

532 3329 693 3398 longe
719 3329 938 3398 majoris
975 3330 1249 3396 momenti,
1281 3329 1421 3397 quod
1453 3328 1557 3383 duo
1587 3329 1851 3397 praecipua
1899 3329 2152 3383 Ecclesiae
2181 3327 2463 3382 catholicae
2504 3327 2749 3398 dogmata
2776 3326 2842 3381 de
2875 3327 3206 3383 Eucharistia
3249 3329 3299 3383 in
3331 3345 3392 3385 ea
3419 3331 3564 3386 clare
3587 3335 3809 3388 omnim

534 3431 871 3477 asseruntur.
908 3421 1579 3476 Transsubstantiationem
1630 3419 1772 3485 dico,
1816 3431 1867 3474 et
1910 3420 2110 3472 realem
2139 3416 2337 3474 Christi
2386 3419 2488 3471 sub
2516 3418 2794 3486 speciebus
2837 3418 2988 3484 panis
3035 3425 3090 3470 et
3118 3417 3221 3470 vini
3269 3421 3646 3487 praesentiam:
3692 3437 3809 3490 qua:

533 3513 642 3568 duo
670 3514 966 3583 praesertim
987 3515 1297 3585 impugnant
1322 3512 1478 3568 hodie
1507 3511 1841 3567 heterodoxi.
1893 3510 2129 3562 Prituum
2163 3510 2308 3563 clare
2351 3509 2666 3562 enuntiatur
2698 3507 2779 3558 his
2806 3506 3020 3560 verbis:
3076 3507 3237 3561 Panis
3261 3525 3374 3562 vero
3425 3510 3477 3562 in
3518 3526 3730 3581 corpore
3758 3519 3804 3564 et

532 3609 706 3663 vinum
752 3613 1146 3680 transformatur
1193 3606 1247 3660 in
1277 3605 1545 3677 sanguine,
1577 3603 1768 3655 dicente
1817 3599 2033 3654 Domino
2065 3603 2127 3655 de
2155 3616 2363 3671 corpore
2389 3615 2480 3652 suo
2504 3615 2522 3652 :
2550 3597 2680 3652 Caro
2726 3613 2835 3649 mea
2881 3615 2992 3652 rere
3034 3607 3106 3652 est
3136 3599 3294 3662 cibus,
3328 3609 3372 3652 et
3402 3601 3611 3671 sanguis
3652 3617 3796 3655 meus

539 3715 654 3754 vere
673 3709 745 3754 est
775 3709 944 3771 potus.
974 3699 1208 3754 Alterum
1233 3711 1351 3751 cum
1381 3696 1454 3748 ait
1485 3711 1499 3748 :
1525 3693 1813 3762 Antiquitas
1845 3693 2033 3745 sanctis
2072 3691 2315 3746 Patribus
2340 3692 2458 3759 fuit,
2492 3699 2547 3741 ut
2571 3689 2694 3740 dunt
2721 3689 2957 3741 sacerdos
3001 3689 3304 3742 oblationem
3335 3690 3592 3761 frangeret
3615 3733 3628 3754 ,
3659 3692 3803 3746 vids-

545 3791 694 3844 batur
721 3792 866 3858 quasi
892 3793 1104 3860 angelus
1142 3788 1238 3842 Dei
1284 3788 1505 3841 membra
1537 3785 1777 3856 fulgentis
1828 3786 1977 3852 pueri
2021 3785 2184 3838 cultro
2241 3782 2520 3846 concidere,
2569 3789 2614 3834 et
2659 3781 2956 3848 sanguinem
2998 3783 3106 3850 ejus
3159 3781 3212 3833 in
3263 3783 3468 3835 calicem
3508 3783 3809 3851 excipiendo

547 3879 808 3950 colligere,
837 3889 892 3931 ut
916 3880 1143 3932 aeracius
1172 3879 1357 3930 diceret
1389 3877 1590 3931 verbum
1619 3876 1815 3928 dicente
1842 3874 2086 3941 Domino,
2119 3890 2320 3929 carnem
2341 3877 2451 3944 ejus
2479 3889 2582 3925 esse
2605 3871 2775 3924 cibum
2804 3881 2852 3925 et
2889 3874 3190 3942 sanguinem
3216 3891 3322 3927 esse
3354 3885 3551 3940 potum.

629 3972 909 4040 Reliquum
940 3977 1022 4022 est
1049 3977 1105 4022 ut
1131 3966 1199 4021 de
1224 3977 1442 4021 auctore
1473 3966 1628 4034 hujus
1657 3967 1833 4034 operis
1851 3975 1904 4019 et
1931 3966 1998 4020 de
2022 3978 2258 4035 tempore
2292 3979 2392 4033 quo
2419 3965 2670 4033 scriptum
2695 3964 2766 4018 sit
2797 3963 3028 4019 breviter
3051 3965 3400 4034 inquiramus.
3435 3967 3510 4023 De
3540 3978 3783 4035 auctore,

536 4079 659 4121 cum
693 4077 886 4118 nomen
914 4061 1032 4130 ejus
1053 4074 1157 4113 non
1182 4057 1430 4128 praeferat
1451 4066 1604 4112 vetus
1630 4057 1812 4112 Codex
1841 4058 2011 4111 sancti
2041 4056 2253 4110 Martini
2279 4055 2794 4125 Augustodunensis,
2827 4071 2896 4112 ex
2921 4072 3027 4128 quo
3069 4058 3200 4112 illud
3230 4059 3635 4129 descripsimus,
3667 4061 3805 4116 nihil

539 4165 689 4211 certo
717 4153 941 4209 deﬁnire
980 4164 1294 4220 possumus;
1338 4148 1668 4216 conjecturas
1710 4157 1913 4201 tantum
1955 4147 2163 4202 damus.
2220 4146 2375 4200 Initio
2409 4146 2521 4201 hate
2569 4147 2865 4215 leguntur:
2922 4146 3204 4202 Germanus
3252 4151 3520 4220 episcopus
3574 4150 3806 4205 Parisius

536 4249 740 4314 scripsit
769 4247 831 4299 de
870 4244 1045 4297 missa.
1086 4240 1250 4310 Igitur
1274 4249 1364 4294 aut
1405 4237 1656 4292 Germani
1687 4238 1851 4292 fetum
1887 4237 1971 4291 hic.
1999 4252 2118 4292 esse
2157 4238 2544 4303 existimamus,
2590 4246 2680 4293 aut
2730 4239 3039 4308 prolixioris
3069 4239 3185 4308 ejus
3215 4241 3392 4310 operis
3421 4244 3710 4310 epitomen,
3741 4241 3810 4298 ab

538 4340 718 4408 aliquo
746 4337 861 4405 ejus
890 4333 1149 4402 discipulo
1178 4330 1559 4397 conscriptam,
1589 4337 1644 4382 et
1675 4327 1813 4383 forte
1837 4327 1889 4380 in
1916 4326 2177 4383 {Eduensi
2206 4329 2374 4383 sancti
2408 4329 2789 4398 Symphoriani
2830 4330 3096 4395 cwnobio,
3133 4331 3219 4386 ubi
3251 4331 3341 4386 ille
3363 4332 3524 4386 vitam
3551 4335 3808 4389 monasti-

541 4443 657 4486 cam
690 4425 1058 4496 prolitebatur,
1090 4421 1394 4491 priusquam
1425 4421 1488 4473 ad
1519 4418 1712 4474 infulas
1751 4419 1992 4474 ecclesia:
2025 4419 2344 4475 Parisiensis
2368 4422 2708 4476 eveheretur.

615 4521 690 4573 De
721 4530 966 4586 tempore
1004 4529 1110 4584 quo
1135 4514 1330 4584 scripta
1361 4514 1516 4567 fuerit
1559 4526 1789 4581 sequens
1830 4513 2006 4566 missa
2043 4510 2330 4567 Gallicana!
2387 4515 2680 4582 Expositio,
2729 4513 2836 4567 duo
2869 4515 3000 4567 mihi
3044 4522 3194 4569 certo
3238 4524 3488 4572 constare
3532 4519 3805 4590 videntur,

542 4610 770 4681 primum
795 4617 917 4678 post
945 4616 1274 4677 assumptum
1315 4603 1379 4658 ad
1403 4605 1585 4659 sedem
1614 4604 1969 4658 Parisiensem
1999 4603 2360 4670 Germanum;
2392 4606 2618 4662 alterum
2660 4615 2785 4662 ante
2813 4607 3120 4676 abrogatam
3149 4609 3200 4663 in
3234 4608 3524 4666 Gallicanis
3551 4613 3808 4670 Ecclesiis

543 4703 810 4771 antiquam
839 4707 1046 4769 patrum
1073 4710 1376 4753 nostrorum
1401 4697 1709 4765 Liturgiam,
1741 4711 1860 4765 quae
1891 4698 2068 4751 statim
2114 4697 2519 4768 postinductam
2559 4697 2675 4767 ejus
2705 4697 2825 4752 loco
2862 4699 3080 4753 missam
3123 4699 3422 4756 Romanam
3455 4719 3563 4758 non
3595 4719 3810 4776 compa-

543 4795 667 4858 ruit,
700 4791 954 4860 scriptam
988 4789 1186 4845 fuisse:
1223 4789 1272 4843 id
1311 4796 1485 4843 autem
1538 4788 1734 4842 factum
1765 4803 1794 4843 a
1825 4789 2016 4843 Carolo
2044 4788 2257 4861 Magno,
2307 4789 2552 4842 hortante
2606 4787 2842 4843 Adriano
2876 4803 3033 4859 papa,
3084 4790 3240 4860 vulgo
3266 4792 3460 4847 docent
3489 4795 3580 4864 qui
3629 4795 3696 4850 de
3727 4796 3810 4850 his

543 4886 704 4942 rebus
733 4883 1035 4939 accuratius
1064 4883 1409 4952 scripserunt,
1441 4881 1541 4935 hoc
1568 4890 1649 4935 est
1675 4880 1775 4934 sub
1818 4883 1975 4935 linem
2019 4883 2199 4937 saeculi
2227 4895 2340 4934 vm.
2383 4879 2579 4934 Verum
2627 4888 2687 4934 ut
2715 4880 2781 4936 ad
2808 4879 3060 4936 Germani
3105 4884 3343 4952 episcopi
3398 4893 3642 4956 tempora
3672 4889 3807 4943 hanc

545 4974 886 5044 scriptionem
925 4973 1183 5038 referam,
1221 4973 1347 5027 illud
1387 4972 1538 5037 facit,
1579 4972 1720 5040 quod
1759 4983 1880 5042 post
1923 4973 2089 5028 lectas
2131 4983 2435 5029 sanctorum
2459 4973 2676 5029 Patrum
2707 4975 2986 5042 homilias,
3023 4975 3261 5033 declarat
3291 4993 3480 5047 preces
3523 4995 3553 5035 a
3583 4982 3809 5040 diacono

545 5078 706 5134 super
730 5062 1141 5117 catechumenos
1172 5060 1338 5117 factas
1368 5072 1490 5116 ante
1522 5076 1709 5117 eorum
1738 5070 1792 5116 et
1818 5061 2109 5116 inﬁdelium
2135 5060 2203 5116 de
2226 5063 2449 5116 ecclesia
2477 5063 2819 5130 ejectionem,
2847 5065 2934 5130 qui
2967 5063 3103 5118 ritus
3149 5066 3236 5120 vix
3267 5065 3520 5123 Germani
3563 5079 3804 5143 tempora

544 5157 738 5226 attigit.
772 5155 1108 5222 Quapropter
1135 5153 1323 5208 saltem
1354 5154 1528 5209 medio
1557 5154 1754 5209 szeculo
1781 5169 1829 5208 vr
1876 5168 2006 5224 opus
2041 5168 2269 5225 sequens
2295 5154 2551 5224 scriptum
2581 5153 2746 5209 fuisse
2771 5155 3168 5225 existimamus,
3198 5159 3350 5230 cuius
3380 5163 3462 5216 vel
3505 5164 3808 5223 inconditus

547 5247 811 5306 scribendi
841 5245 1030 5302 modus
1058 5254 1112 5301 et
1142 5246 1378 5302 barbaras
1404 5261 1564 5302 voces
1609 5245 1972 5312 antiquitatem
2022 5246 2419 5305 demonstrant:
2465 5245 2606 5300 unde
2649 5253 2703 5300 et
2731 5245 2916 5316 religio
2968 5249 3120 5306 nobis
3158 5249 3257 5307 fuit
3286 5251 3573 5322 quidquam
3629 5257 3683 5312 in
3732 5259 3811 5312 eis

549 5338 836 5408 corrigere.
