4108 6352
346 336 1572 368 _—-—_——__________~

1577 361 1742 373 -m‘.
1777 367 1804 372 --

2838 310 2862 322 κ
2872 307 2920 325 ..Ὢ
2927 309 2997 323 w-

1805 368 3604 405 Ἥ

1022 438 2106 599 EXPOSITIO
2176 458 2902 611 BREVIS

395 699 1260 851 annona:
1371 709 2301 827 LITURGIE
2407 718 3521 850 GALLICANE

1064 930 1186 1010 IN
1238 931 1546 1016 DUAS
1621 936 2242 1022 EPISTOLAS
2303 943 2841 1030 DIGESTA.

1517 1099 2418 1150 ψ

1217 1215 2029 1328 ΕΡΙΞΤΟΙιΑ
2098 1224 2691 1386 PBL/MA,

354 1413 661 1468 ooouono
690 1417 994 1465 SOLEMNIS
1023 1421 1190 1466 onbo
1227 1423 1538 1467 metusue
1578 1427 1810 1469 AGITUR
1830 1452 1846 1479 ,
1875 1426 2183 1479 QUIBUSVE
2213 1431 2774 1484 rnsrnocrromnos
2805 1441 3011 1490 cmon
3040 1449 3572 1500 nccmsusrtcus

1752 1506 2152 1551 DECORATUB.

385 1669 676 1726 Germanus
714 1671 995 1741 episcopus
1047 1671 1282 1728 Parisius
1325 1673 1537 1743 scripsit
1585 1673 1652 1729 de
1682 1676 1842 1730 missa
1873 1692 1888 1730 :
1919 1678 1970 1735 A
1993 1674 2188 1732 Christi
2222 1678 2459 1737 Hebrmis
2485 1684 2672 1743 litteris
2694 1691 2879 1746 edidit.
2913 1693 3133 1753 Servate
3155 1713 3280 1770 ergo
3311 1703 3584 1766 honorem

299 1789 379 1806 -—
405 1765 579 1819 Prima
609 1765 768 1836 igitur
791 1781 852 1822 ac
881 1781 1082 1821 summa
1103 1767 1341 1822 omnium
1363 1766 1701 1822 carismatum
1731 1769 1895 1824 missa

299 1864 546 1918 canetur,
591 1855 644 1909 in
687 1856 1193 1912 commemoratione
1246 1859 1436 1912 mortis
1481 1856 1712 1923 Domini,
1766 1859 1892 1928 quia

301 1958 452 1999 mors
491 1944 690 2000 Christi
731 1947 862 2000 tacta
893 1956 974 2001 est
1001 1947 1106 2000 vita
1137 1946 1343 2014 mundi,
1375 1957 1431 2002 ut
1463 1947 1738 2002 offerendo
1766 1963 1887 2017 pro-

298 2036 476 2091 ficerit
531 2037 583 2090 in
624 2038 793 2093 salute
823 2039 1110 2093 viventium
1138 2048 1191 2094 et
1217 2039 1457 2109 requiem
1488 2039 1884 2096 defunctorum.

803 2152 888 2206 DE
931 2150 1392 2208 PRIELEGERE.

373 2242 674 2312 Antiphona
703 2243 769 2297 ad
819 2245 1159 2315 praelegendo
1189 2254 1431 2311 canetur,
1466 2245 1516 2299 in
1562 2246 1742 2315 specie
1792 2261 1887 2316 pa-

295 2334 650 2389 triarcharum
708 2335 919 2389 illorum
992 2337 1083 2406 qui
1141 2346 1266 2392 ante
1315 2337 1613 2403 diluvium,
1678 2339 1883 2394 adven-

292 2436 410 2483 tum
480 2429 674 2483 Christi
730 2428 970 2500 mysticis
1050 2429 1268 2484 vocibus
1342 2438 1678 2498 tonuerunt,
1743 2433 1883 2486 sicut

291 2521 447 2576 Enoc
475 2520 731 2588 septimus
760 2520 827 2574 ab
854 2520 1044 2586 Adam,
1097 2520 1188 2590 qui
1217 2521 1504 2576 translatus
1549 2528 1633 2576 est
1674 2536 1702 2575 a
1746 2523 1878 2591 Deo,

293 2610 636 2681 prophetarit
664 2610 887 2666 dicens:
934 2609 1071 2664 Ecce
1125 2611 1256 2664 venit
1309 2610 1559 2664 Dominus
1600 2613 1653 2665 in
1693 2613 1878 2666 sanctis

296 2705 614 2760 mirabilibus
639 2706 744 2758 suis
781 2709 948 2774 facere
977 2703 1234 2772 judicium
1284 2703 1481 2774 (Judw,
1516 2703 1626 2774 M),
1674 2713 1728 2759 et
1755 2704 1879 2758 reli-

292 2811 422 2867 qua.
453 2796 603 2865 Quod
651 2795 1014 2852 testimonium
1058 2795 1222 2849 .ludas
1263 2797 1534 2865 apostolus
1563 2795 1727 2850 frater
1783 2794 1875 2850 .Ia-

287 2887 452 2955 cobo,
486 2889 538 2943 in
563 2888 806 2958 Epistola
829 2901 924 2942 sua
969 2897 1370 2942 commemorat.
1407 2887 1556 2944 Sicut
1582 2887 1724 2942 enim
1752 2902 1879 2956 pro-

290 2977 634 3047 phetantibus
652 2977 797 3032 venit
824 2991 1014 3031 manus
1043 2976 1256 3031 Domini
1301 2991 1462 3046 super
1498 2991 1698 3040 arcam,
1730 2986 1786 3031 ut
1821 2977 1872 3031 in

289 3068 557 3124 damnatis
584 3068 736 3122 daret
763 3066 1014 3136 reliquias
1055 3077 1245 3132 terra);
1276 3067 1347 3121 ita
1379 3067 1724 3137 psallentibus
1764 3068 1875 3123 cle-
1904 3048 1951 3109 Β

288 3157 420 3214 ricis
476 3158 715 3228 procedit
760 3159 1010 3213 sacerdos
1058 3159 1111 3212 in
1141 3157 1322 3227 specie
1350 3158 1545 3212 Christi
1590 3159 1657 3213 de
1696 3174 1878 3214 sacra-

287 3250 374 3306 rio
400 3258 648 3320 tanquam
679 3249 744 3305 de
770 3251 908 3305 coelo
942 3249 994 3304 in
1019 3264 1143 3304 arca
1174 3249 1406 3314 Domini,
1439 3264 1557 3319 quae
1585 3260 1669 3305 est
1695 3251 1880 3305 Eccle—

286 3345 389 3409 sia,
421 3354 479 3399 ut
501 3356 603 3399 tam
629 3345 957 3400 monendum
990 3352 1017 3381 ι
1061 3358 1223 3414 quam
1251 3342 1641 3399 exhortandum
1672 3344 1876 3399 nutriat

288 3435 344 3490 in
374 3434 528 3504 plebe
570 3435 708 3491 bona
737 3449 920 3505 opera,
951 3443 1006 3490 et
1045 3433 1324 3506 extinguat
1366 3433 1526 3490 mala.

848 3545 938 3601 DE
976 3545 1314 3602 SILENTIO.

359 3637 640 3695 Silentium
687 3644 864 3694 autem
903 3637 1160 3692 diaconus
1202 3650 1302 3707 pro
1329 3633 1538 3692 duobus
1587 3635 1749 3690 rebus
1778 3649 1873 3689 an-

288 3731 526 3797 nunciat,
573 3728 778 3784 scilicet
834 3735 892 3782 ut
942 3736 1125 3783 tacens
1182 3727 1409 3796 populus
1454 3726 1646 3783 melius
1693 3727 1875 3782 audiat

285 3823 507 3878 verbum
536 3821 653 3893 Dei,
685 3832 740 3878 et
778 3822 932 3878 sileat
956 3836 1049 3876 cor
1076 3828 1316 3875 nostrum
1363 3820 1430 3875 ab
1478 3821 1623 3875 omni
1671 3820 1872 3890 cogita-

287 3919 433 3971 tione
460 3914 697 3980 sordida,
728 3929 834 3984 quo
865 3913 1058 3969 melius
1090 3913 1378 3981 recipiatur
1410 3912 1632 3968 verbum
1677 3912 1798 3967 Dei.

359 4006 618 4064 Sacerdos
644 4005 765 4061 ideo
801 4006 955 4060 datur
987 4005 1203 4076 populo,
1234 4013 1294 4058 ut
1332 4003 1458 4058 dum
1487 4002 1577 4058 ille
1603 4002 1871 4058 benedicit

289 4099 442 4170 plebe
475 4098 660 4154 dicens
689 4114 704 4153 :
749 4097 999 4151 Dominus
1027 4097 1092 4149 sit
1121 4111 1316 4168 semper
1343 4094 1621 4162 vobiscum,
1661 4094 1728 4149 ab
1756 4108 1870 4148 om-

287 4191 444 4246 nibus
481 4189 825 4246 benedicatur
852 4188 1151 4244 dicentibus
1182 4205 1198 4243 :
1249 4187 1313 4241 Et
1342 4203 1458 4240 cum
1499 4187 1686 4257 spiritu
1733 4195 1818 4240 tuo
1846 4201 1868 4241 :

289 4293 346 4339 ut
375 4292 522 4338 tanto
565 4281 736 4352 magis
786 4282 873 4338 ille
924 4282 1116 4350 dignus
1170 4281 1240 4337 sit
1288 4280 1482 4350 populo
1524 4278 1864 4346 benedicere,

286 4384 569 4446 quantum,
619 4373 831 4430 favente
879 4374 1007 4442 Deo,
1048 4372 1116 4429 de
1143 4388 1238 4430 ore
1266 4375 1428 4429 totius
1459 4372 1636 4442 populi
1675 4372 1866 4441 recipit

287 4466 740 4523 benedictionem.

887 4579 975 4635 DE
1014 4579 1172 4637 AIUS
1209 4579 1258 4635 ι).

355 4675 488 4731 Aius
541 4687 669 4730 vero
725 4680 850 4729 ante
903 4673 1179 4743 prophetia
1225 4687 1322 4742 pro
1377 4672 1477 4728 hoc
1522 4682 1767 4731 cantatur
1811 4676 1864 4732 in

286 4770 472 4825 Graeca
501 4766 701 4838 lingua,
730 4767 852 4838 quia
901 4766 1205 4836 praedicatio
1252 4766 1383 4822 Novi
1428 4767 1754 4826 Testamenti
1811 4772 1864 4826 in

284 4864 486 4918 mundo
528 4875 621 4930 per
674 4860 860 4916 Graeca
913 4860 1087 4930 lingua
1131 4860 1429 4930 processit,
1480 4871 1708 4932 excepto
1750 4863 1864 4918 Ma-

284 4954 426 5009 thaeo
451 4950 723 5021 apostolo,
770 4951 860 5019 qui
909 4951 1111 5020 primus
1167 4950 1220 5004 in
1275 4950 1460 5006 Judaea
1515 4951 1862 5022 Evangelium

356 5122 380 5148 λ
419 5110 479 5169 Id
502 5118 584 5164 est
610 5108 878 5165 monendo
901 5116 955 5163 et
980 5106 1330 5162 exhortando.
1809 5138 1811 5141 -

303 5239 313 5245 _
354 5182 381 5221 δ
420 5180 554 5237 Aius
584 5195 680 5250 pro
708 5180 870 5248 Agios
911 5180 994 5232 hic
1023 5180 1144 5250 poni
1176 5194 1333 5233 nemo
1364 5192 1467 5232 non
1495 5178 1663 5245 videt,
1707 5178 1862 5235 intel-

282 5248 667 5324 ligitutrque’de
695 5251 911 5324 trisagto
951 5263 1043 5303 seu
1076 5248 1221 5302 brevi
1253 5249 1491 5324 oratione
1521 5263 1679 5324 quam
1731 5250 1860 5324 eho-

285 5320 374 5380 rtis
395 5332 520 5392 post
536 5320 964 5392 benedictionem
994 5327 1118 5392 ante
1149 5320 1478 5392 prophetiam
1519 5320 1856 5392 decantabat,

282 5388 497 5466 qualem
527 5389 666 5466 forte
692 5390 916 5466 legimus
943 5388 1004 5466 ἱτιΔ
1024 5388 1573 5466 missa_Mo_zara_hum
1620 5390 1673 5443 in
1719 5391 1860 5446 hunc

284 5458 525 5524 modism,
551 5462 725 5529 Agios,
751 5458 943 5530 'Agios,
971 5459 1146 5527 Agios,
1179 5458 1393 5530 Domine
1410 5459 1559 5530 Deus
1586 5475 1679 5513 rea:
1704 5471 1858 5513 απαν-

284 5551 369 5602 ne,
387 5531 480 5587 tibi
501 5528 680 5602 laudes
705 5538 754 5602 et
779 5528 998 5602 gratias.
1016 5530 1119 5602 Aut
1141 5528 1374 5602 similem
1407 5529 1480 5582 illi
1501 5545 1657 5602 quam
1682 5530 1734 5602 i_n
1756 5530 1857 5602 Da-

282 5597 516 5682 rasceye.
533 5597 1032 5682 concinit'Ecclesia
1056 5599 1208 5679 Agios
1229 5614 1258 5652 ο
1283 5597 1464 5666 Theos,
1502 5597 1654 5668 Agios
1680 5598 1859 5670 Ischy-

282 5690 387 5739 ros,
415 5671 575 5746 Agios
597 5670 878 5725 Athanatos
909 5671 1093 5724 eleison
1119 5670 1264 5722 imas.

359 5755 382 5785 ο
426 5745 509 5799 Ita
549 5755 700 5797 sacro
738 5740 1057 5796 Parasceves
1083 5740 1169 5798 die
1199 5738 1436 5794 Ecclesia
1463 5738 1646 5795 Greece
1676 5747 1729 5794 et
1758 5739 1856 5794 La-

283 5815 393 5872 tine
431 5814 682 5870 decantat
713 5811 865 5882 Agios
905 5827 933 5864 ο
980 5809 1165 5878 Theos,
1203 5810 1356 5880 Agios
1397 5808 1659 5880 lschyros,
1703 5809 1854 5879 Agios

2001 1768 2214 1839 linguae,
2246 1789 2364 1843 quae
2387 1779 2550 1846 prima
2582 1781 2922 1854 Evangelium
2947 1790 3145 1844 Christi
3178 1768 3260 1847 vel
3292 1809 3390 1849 suo
3433 1802 3586 1856 senio

1994 1864 2201 1933 recipit,
2237 1868 2320 1922 vel
2348 1872 2459 1925 suis
2489 1873 2681 1931 litteris
2710 1877 2887 1933 docuit
2911 1883 3138 1950 primum
3165 1889 3454 1947 canticum.
3489 1893 3580 1948 ln-

1993 1955 2225 2023 cipiente
2255 1963 2479 2028 praesule
2512 1966 2767 2022 Ecclesiae
2809 1972 2937 2027 Aius
2972 1984 2992 2011 ο
3037 1976 3226 2044 psallet
3265 1979 3449 2038 dicens
3480 1985 3578 2040 La-

1992 2046 2104 2137 tino
2130 2064 2250 2104 cum
2296 2052 2510 2120 Graeco,
2544 2067 2598 2112 ut
2630 2062 3140 2134 ostendatjunctum
3172 2070 3579 2137 Testamentum

1994 2136 2156 2194 Vetus
2186 2151 2242 2196 et
2279 2143 2505 2200 Novum.
2539 2149 2745 2204 Dictum
2778 2154 2938 2207 Amen
2965 2171 3032 2211 ex
3073 2160 3295 2217 Hebraeo
3322 2165 3491 2222 instar
3515 2136 3578 2224 ti?

1993 2231 2086 2284 ltili
2118 2233 2258 2301 quod
2293 2236 2342 2288 in
2390 2239 2625 2295 trinitate
2656 2243 2949 2313 linguarum
2985 2248 3268 2322 instigante
3293 2255 3402 2312 Deo
3435 2261 3578 2315 Pila-

1993 2328 2076 2417 tus
2104 2326 2283 2392 posuit
2312 2342 2472 2397 super
2501 2345 2716 2388 crucem
2762 2337 3022 2394 confitens
3069 2346 3310 2411 quamvis
3357 2349 3574 2417 ignarus

1984 2413 2138 2471 Jesus
2184 2418 2510 2491 Nazarenus,
2570 2425 2618 2479 id
2652 2435 2734 2480 est
2770 2428 3022 2485 Sanctum
3075 2443 3127 2487 ct
3182 2413 3403 2505 Regem:
3437 2442 3571 2500 Tres

1983 2516 2160 2562 autem
2189 2512 2388 2579 parvoli
2416 2515 2504 2584 qui
2537 2530 2630 2572 ore
2658 2533 2764 2573 uno
2812 2532 3098 2591 sequentes
3148 2526 3348 2598 Kliyric
3386 2533 3572 2588 eleison

1985 2598 2204 2656 Hebraea
2236 2605 2443 2660 scilicet
2482 2606 2665 2663 Graeca
2698 2621 2750 2665 ct
2797 2611 3003 2678 Latina,
3037 2617 3120 2670 vel
3169 2618 3323 2673 trium
3361 2629 3566 2692 tempo-

1993 2704 2110 2746 rum
2137 2697 2342 2762 saeculi,
2374 2708 2497 2755 ante
2517 2700 2684 2770 legem
2702 2703 2905 2759 scilicet
2930 2707 3029 2761 sub
3053 2708 3166 2778 lege
3191 2720 3242 2765 et
3271 2713 3369 2767 sub
3384 2719 3574 2784 gratia.

2511 2813 2597 2867 DE
2638 2815 3052 2874 PllOPllETlA.

2052 2899 2328 2957 Canticum
2362 2903 2388 2941 ά
2415 2914 2592 2960 autem
2624 2906 2896 2963 Zachariae
2928 2913 3193 2979 pontificis
3219 2914 3271 2970 in
3305 2916 3566 2976 honorem

1982 2993 2151 3046 sancti
2183 2992 2439 3050 Johannis
2467 2997 2716 3065 Baptista:
2747 3009 3012 3067 cantatur,
3062 3020 3156 3072 pro
3185 3021 3250 3061 eo
3279 3010 3419 3076 quod
3462 3013 3571 3080 pri-

1981 3085 2246 3140 mordium
2294 3087 2484 3142 salutis
2514 3089 2566 3141 iu
2616 3089 2864 3156 baptismi
2910 3107 3245 3150 sacramenta
3300 3100 3566 3170 consistit,

1980 3180 2121 3248 quod
2167 3180 2217 3233 in
2267 3179 2614 3236 ministerium
2645 3183 2904 3239 Johannis
2945 3185 3056 3241 Deo
3088 3188 3320 3246 donante
3346 3191 3568 3261 suscipit

1979 3277 2034 3324 et
2062 3271 2344 3326 deficiente
2376 3273 2560 3326 umbra
2593 3275 2805 3339 veteris,
2850 3285 2904 3330 et
2949 3278 3158 3335 oriente
3199 3295 3335 3335 nova
3385 3283 3564 3340 Evan-

1978 3361 2102 3430 gelii
2131 3364 2376 3417 claritate
2408 3362 2678 3419 Iohannes
2706 3367 2911 3422 medius
2933 3379 3016 3423 est
3039 3372 3415 3440 prophetarum
3458 3390 3559 3431 no-

1978 3452 2226 3508 vissimus
2256 3463 2310 3509 et
2336 3455 2781 3523 evangelistarum
2823 3460 3024 3526 primus
3047 3471 3169 3515 ante
3198 3463 3387 3519 faciem
3422 3481 3564 3523 verm

1977 3541 2136 3597 Lucis
2165 3543 2380 3598 radians
2420 3544 2633 3600 lucerna
2686 3545 2868 3601 fulsit:
2923 3548 3045 3603 ideo
3076 3553 3348 3620 prophetia
3398 3570 3560 3623 quam

1977 3643 2126 3703 pater
2152 3632 2268 3703 ejus
2297 3634 2415 3703 ipso
2445 3645 2696 3691 nascente
2725 3637 2940 3704 cecinit,
2975 3639 3194 3696 alternis
3227 3643 3446 3699 vocibus
3471 3659 3562 3700 ec-

1983 3726 2145 3780 clesia
2187 3726 2400 3795 psallet.

2245 3817 2330 3871 DE
2369 3815 2738 3874 PBOPHETA
2778 3818 2867 3875 ET
2903 3819 3280 3879 APOSTOLO.

2046 3928 2226 3984 Lectio
2242 3944 2367 3984 vero
2385 3931 2692 3999 prophetica
2714 3947 2867 3988 suum
2893 3944 3035 3990 tenet
3058 3937 3322 4003 ordinem,
3351 3942 3555 3998 veteris
3637 3933 3652 3948 ”

1972 4021 2223 4076 videlicet
2250 4023 2555 4077 testamenti
2599 4025 2894 4093 corripiens
2942 4030 3081 4082 mala
3131 4041 3184 4084 et
3225 4031 3557 4091 adnuucians

1974 4112 2168 4179 futura,
2201 4123 2257 4168 ut
2279 4114 2640 4183 intelligamus
2664 4116 2837 4185 ipsum
2871 4117 3036 4177 Deum
3065 4136 3204 4187 esse,
3235 4125 3320 4193 qui
3345 4125 3398 4178 in
3425 4141 3554 4195 pro-

1974 4204 2154 4275 phetia
2184 4205 2374 4271 tonuit,
2410 4221 2568 4274 quam
2591 4208 2681 4277 qui
2705 4216 2761 4264 et
2781 4210 2833 4264 in
2865 4212 3123 4280 Apostolo
3149 4211 3350 4283 docuit,
3401 4225 3455 4271 et
3502 4219 3556 4274 in

1974 4297 2298 4368 Evangelico
2337 4298 2625 4367 splendore
2655 4300 2882 4356 refulsit.

2510 4413 2598 4468 DE
2647 4415 3022 4472 APOSTOLO.

2045 4504 2194 4571 Quod
2225 4505 2366 4559 enim
2417 4506 2672 4575 prapheta
2728 4508 2925 4564 clamat
2976 4510 3227 4578 futurum,
3280 4517 3558 4582 apostolus

1971 4595 2128 4651 docet
2152 4595 2370 4650 factum.
2407 4599 2576 4651 Actus‘
2615 4605 2791 4651 autem
2833 4601 3195 4668 apostolorum
3227 4604 3312 4657 vel
3347 4607 3554 4674 Apoca-

1970 4687 2137 4756 lypsis
2166 4687 2424 4742 Johannis
2452 4701 2546 4756 pro
2573 4689 2808 4751 novitate
2839 4690 3016 4758 gaudii
3064 4692 3333 4748 Paschalis
3362 4696 3552 4765 legun-

1968 4788 2074 4846 tur,
2103 4789 2377 4835 servantes
2416 4782 2658 4836 ordinem
2693 4790 2990 4850 temporum
3019 4783 3160 4837 sicut
3189 4785 3411 4840 historia
3440 4787 3544 4842 Te-

1966 4871 2216 4925 stamenti
2265 4870 2470 4925 Veteris
2503 4868 2559 4926 in
2605 4870 3076 4940 Quinquagesimo,
3110 4873 3198 4930 vel
3239 4884 3386 4945 gesta
3425 4891 3550 4932 san-

1965 4972 2173 5018 ctorum
2205 4972 2230 5000 θ
2261 4962 2626 5018 confessorum
2675 4977 2738 5018 ac
2768 4972 3063 5035 martyrum
3111 4967 3162 5022 in
3193 4967 3551 5026 solemnitati-

1963 5116 2244 5193 xit/tarmes
2272 5117 2649 5193 eleysonimas.
2686 5118 3097 5193 SanctusADeus,
3130 5121 3347 5177 Sanctus
3373 5124 3540 5193 fortis,

1966 5186 2188 5242 Sanctus
2214 5186 2514 5242 immortalis
2550 5191 2786 5243 miserere
2815 5190 2975 5244 nobis.

2035 5277 2061 5315 ἀ
2104 5277 2378 5333 Canticum
2433 5279 2562 5334 illud
2609 5281 2783 5349 ipsum
2831 5292 2913 5335 est
2941 5281 3080 5350 quod
3125 5282 3354 5336 refertur
3382 5283 3539 5339 Lucro

1961 5350 2133 5420 capite
2164 5366 2217 5415 ι,
2268 5349 2514 5418 quodque
2559 5351 2797 5407 Ecclesia
2846 5349 3088 5420 quotidie
3135 5352 3189 5405 in
3273 5355 3542 5409 matutinis

1961 5417 2231 5474 Laudibus
2257 5417 2591 5489 frequentare
2638 5417 3044 5485 solet,'scilicet
3073 5421 3376 5479 Benedictus
3433 5425 3541 5479 Do-

1960 5491 2126 5545 minus
2158 5489 2292 5544 Deus
2321 5490 2507 5556 lsrael,
2553 5499 2656 5547 etc.

1935 5600 1937 5602 ·
2037 5594 2059 5621 ι’
2101 5583 2230 5638 Acta
2274 5591 2579 5637 sanctorum
2632 5593 2920 5650 martyrum
2976 5591 3029 5637 et
3077 5584 3439 5643 confessorum
3485 5589 3536 5642 in

1958 5653 2193 5721 Liturgia
2234 5653 2501 5707 Gallicana
2541 5653 2667 5707 olim
2697 5651 2914 5707 recitata
2955 5652 3117 5708 fuisse
3147 5654 3536 5711 demonstravi.-

1959 5739 2077 5778 mus
2107 5725 2160 5777 in
2186 5721 2276 5777 lib.
2307 5739 2320 5777 ι
2352 5723 2690 5791 ύθιΑηιίᾳυίε
2715 5722 2968 5778 Ecclesiae
2990 5725 3176 5779 ritibus
3196 5739 3314 5790 cap.
3347 5723 3399 5787 4,
3431 5737 3533 5780 art.

1957 5797 2010 5860 4,
2043 5807 2200 5863 quem
2235 5796 2391 5847 ritum
2426 5792 2661 5847 Ecclesia
2692 5792 2928 5847 Romana
2955 5809 3062 5850 non
3092 5794 3397 5862 recipiebat.
