4108 6352
567 445 630 501 91

1485 430 1726 490 SANCTI
1765 426 2072 483 GERMANI
2115 422 2536 481 PARISIENSIS
2577 423 2880 480 EPISCOPI

3780 424 3872 480 92

502 616 524 634 ,
566 556 670 613 bus
691 567 899 620 eorum,
941 558 997 605 ut
1039 547 1264 618 populus
1302 541 1564 616 intellegit
1611 549 1861 614 quantum
1908 536 2152 595 Christus
2184 537 2233 596 A
2258 534 2368 589 sola
2413 535 2786 604 pradicatione
2833 542 3122 604 ponuntur,
3169 541 3228 589 ut
3268 533 3516 604 quiequid
3559 535 3867 604 propheta,

574 647 835 705 amaverit
864 643 1142 710 famulum,
1190 641 1322 696 dans
1352 639 1401 696 ei
1432 638 1641 693 virtutis
1683 634 1956 700 indicium,
1990 645 2146 702 quem

568 741 760 799 devota
792 736 1053 810 plebicola
1089 748 1245 790 suum
1275 730 1510 803 postulat
1534 739 1832 800 patronum.

1145 869 1235 924 DE
1276 866 1582 924 HYM'NUM.

641 988 904 1060 Hymnum
926 994 1102 1040 autem
1133 984 1292 1038 trium
1317 998 1622 1053 puerorum,
1649 979 1792 1052 quod
1823 989 1942 1052 post
1967 981 2154 1038 lectio-

573 1083 658 1138 nis
685 1088 905 1137 canetur
944 1079 997 1132 in
1031 1077 1196 1147 ﬁgura
1220 1085 1525 1133 sanctorum
1555 1086 1822 1142 veterum,
1851 1076 1937 1147 qui
1967 1075 2159 1132 seden-

572 1181 653 1229 tes
680 1169 992 1227 intenebris
1022 1169 1310 1224 adventum
1359 1169 1565 1223 Domini
1606 1168 1979 1238 expectabant.
2011 1167 2160 1223 Sicut

571 1265 714 1321 enim
756 1263 858 1319 illis
884 1261 1162 1317 silentibus
1189 1271 1410 1331 quartus
1434 1259 1653 1328 angelus
1675 1259 1840 1314 adfuit
1887 1261 1937 1314 in
1968 1260 2161 1315 nubem

573 1358 734 1421 roris,
757 1355 993 1411 inferens
1017 1355 1148 1424 ignis
1192 1353 1431 1408 incendia
1463 1353 1587 1406 vicit
1619 1368 1633 1406 :
1672 1351 1739 1405 ita
1771 1360 1826 1406 et
1859 1352 1974 1406 istis
2005 1352 2161 1406 Chri-

576 1460 660 1506 sto
689 1446 1108 1518 prastolantibus
1139 1447 1251 1516 ipse
1280 1446 1370 1500 Dei
1400 1443 1562 1499 Filius
1599 1444 1771 1513 magni
1803 1444 2008 1498 consilii
2053 1443 2164 1497 An-

573 1542 722 1614 gelus
748 1540 932 1607 adfuit,
967 1540 1056 1609 qui
1087 1539 1300 1592 tartaria
1346 1539 1594 1605 frangens
1638 1535 1881 1604 imperia,
1914 1536 2164 1605 gaudium

572 1631 980 1689 resurrectionis
1011 1630 1128 1684 illos
1159 1628 1389 1683 liberans
1429 1629 1625 1692 intulit,
1657 1627 1796 1696 quod
1831 1627 2165 1698 Evangelista

574 1722 748 1778 docet.
777 1719 1078 1778 Secundum
1120 1718 1221 1773 hoc
1249 1719 1406 1772 etiam
1436 1718 1659 1774 ecclesia
1691 1728 1866 1774 servat
1899 1720 2162 1784 ordinem,

575 1825 636 1871 ut
661 1815 800 1870 inter
831 1809 1252 1869 benedictionem
1280 1819 1334 1866 et
1371 1811 1711 1880 Evangelium
1743 1811 1898 1866 lectio
1930 1813 2162 1866 interce-

2255 627 2567 695 Apustolus,
2596 627 2680 680 vel
2718 626 3064 692 Evangelium
3096 624 3387 688 mandavit,
3422 624 3520 678 hoc
3543 624 3729 679 doctor
3761 625 3868 680 vel

2257 728 2440 792 pastor
2471 718 2726 773 Ecclesia:
2755 717 3006 786 apertiori
3034 731 3285 770 sermone
3319 717 3516 786 popqu
3545 716 3814 786 praedicet
3841 730 3866 774 :

2261 811 2336 867 ita
2366 821 2480 866 arte
2512 824 2836 880 temperans,
2871 819 2928 865 ut
2959 823 3056 864 nec
3087 808 3356 864 rusticitas
3385 811 3654 878 sapientes
3674 808 3869 865 often-

2259 905 2370 972 dat,
2394 920 2491 960 nec
2513 914 2698 961 onesta
2730 903 3022 974 loquacitas
3047 902 3274 956 obscura
3303 901 3518 956 rusticis
3552 903 3661 955 fiat.

2866 1015 2951 1069 DE
2994 1012 3236 1069 PRECE.

2335 1129 2527 1185 Preces
2558 1142 2684 1182 vero
2716 1126 2940 1196 psallere
2972 1125 3166 1180 levitas
3193 1139 3288 1194 pro
3316 1125 3508 1194 populo
3535 1125 3603 1181 ab
3641 1126 3871 1196 origine

2263 1222 2412 1278 libris
2445 1221 2707 1290 Moysacis
2735 1218 2886 1272 ducit
2914 1217 3218 1283 exordium,
3262 1226 3320 1270 ut
3368 1216 3548 1271 audita
3591 1217 3873 1286 apostolis

2267 1313 2672 1385 prtedicatione,
2705 1311 2881 1364 levita:
2913 1323 3008 1378 pro
3039 1307 3234 1378 populo
3264 1307 3643 1378 deprecentur,
3675 1317 3733 1362 et
3762 1323 3869 1363 sa-

2268 1405 2518 1460 cerdotes
2548 1401 2798 1472 prostrati
2827 1411 2952 1455 ante
2983 1399 3262 1455 Dominum
3294 1414 3391 1469 pro
3422 1409 3638 1468 peccata
3670 1399 3874 1468 pepuli

2271 1497 2623 1560 intercedant,
2657 1495 2869 1548 dicente
2900 1493 3124 1546 Domino
3145 1491 3211 1546 ad
3237 1495 3412 1546 Aaron
3441 1509 3452 1543 :
3482 1492 3556 1545 Tu
3585 1503 3632 1546 el
3659 1493 3759 1560 ﬁlii
3783 1493 3876 1546 uti

2267 1591 2344 1644 uel
2361 1590 2522 1644 omnis
2537 1588 2698 1640 tribus
2721 1583 2839 1640 Levi
2853 1581 3117 1655 poflabitis
3133 1594 3334 1652 peccata
3348 1586 3522 1654 populi
3538 1587 3656 1650 mei,
3671 1587 3877 1655 utique

2269 1696 2374 1737 non
2388 1680 2660 1751 ptenaliter
2673 1676 3007 1741 sustinendo;
3021 1676 3229 1730 suissed
3245 1675 3875 1746 precibussublevando.

2777 1790 2864 1847 DE
2899 1788 3341 1847 CATICUMINO.

573 1907 668 1964 dat
692 1906 791 1961 nisi
818 1915 1019 1960 tantum
1047 1903 1206 1958 modo
1237 1905 1654 1972 responsorium,
1692 1907 1832 1972 quod
1866 1919 1895 1958 a
1931 1903 2162 1972 parvolis
2197 1920 2244 1980 Β
2342 1904 2733 1958 Caticuminnm
2792 1917 2921 1971 ergo
2971 1901 3229 1956 diaconus
3288 1899 3410 1956 ideo
3463 1901 3661 1957 clamat
3706 1900 3878 1972 juxta

575 2009 820 2062 canetur,
856 1997 1020 2051 instar
1044 1996 1386 2050 innocentum
1410 1996 1498 2064 qui
1530 1996 1697 2065 pressi
1733 1997 1783 2048 in
1818 1994 2165 2065 Evangelium

576 2091 844 2148 consortis
893 2089 1084 2144 Christi
1137 2089 1466 2144 nativitatem
1529 2088 1798 2157 leguntur,
1848 2089 1930 2142 vel
1981 2103 2168 2142 eorum

580 2182 916 2254 parvolorum
949 2182 1036 2249 qui
1086 2189 1402 2250 properante
1458 2179 1522 2232 ad
1576 2178 1879 2247 passionem
1933 2177 2165 2243 Domini,

577 2275 880 2330 clamabant
909 2274 959 2328 in
991 2272 1245 2341 templum
1280 2271 1494 2325 Osanna
1539 2270 1645 2324 Fili
1680 2270 1863 2335 Dauid,
1888 2269 2170 2324 Psalmista

577 2379 805 2425 canente
834 2383 899 2423 ea:
926 2382 1012 2422 ore
1050 2368 1329 2434 infantium
1365 2373 1411 2420 et
1441 2365 1736 2420 laetantium
1768 2363 2023 2435 perfecisti
2053 2364 2166 2417 lau-

582 2461 697 2516 dem
723 2460 839 2534 (Ps.
867 2475 962 2514 vm
983 2499 998 2524 ,
1029 2457 1106 2527 3).

872 2565 960 2622 DE
1001 2564 1157 2621 AIUS
1197 2563 1378 2619 ANTE
1419 2559 1884 2620 EVANGELIUM.

661 2681 812 2738 Tunc
842 2680 895 2736 in
927 2680 1159 2734 adventu
1203 2679 1372 2734 sancti
1425 2677 1694 2748 Evangelii
1739 2677 1887 2732 claro
1931 2673 2172 2730 modula-

588 2775 732 2831 mine
748 2775 922 2830 denuo
935 2773 1120 2843 psallet
1135 2772 1311 2826 clerus
1326 2770 1444 2826 Aius
1462 2771 1514 2824 in
1532 2770 1707 2839 specie
1721 2770 2028 2840 angelorum
2047 2780 2172 2824 ante

586 2866 775 2923 faciem
805 2865 1003 2920 Christi
1051 2863 1116 2918 ad
1163 2871 1342 2933 portas
1391 2861 1541 2916 inferi
1583 2861 1923 2915 clamantium
1951 2880 1962 2912 :
1990 2860 2173 2915 Tollite

589 2971 763 3034 portas
793 2958 1044 3027 principes
1071 2966 1283 3020 vestras,
1313 2963 1359 3007 et
1397 2952 1657 3006 eleuamini
1687 2961 1847 3020 portae
1873 2953 2135 3005 a’lernales
2157 2994 2171 3015 ,

588 3059 636 3106 cl
660 3050 887 3106 introibit
926 3047 1175 3103 Dominus
1195 3047 1435 3100 virtutum
1455 3060 1546 3099 rex
1563 3044 1738 3116 gloriae
1757 3041 1875 3112 (Ps.
1910 3058 2059 3108 xxttt,
2090 3043 2168 3112 7).

1111 3159 1197 3214 DE
1241 3153 1648 3213 EVANGELIO.

2272 1996 2507 2051 anticum
2541 1995 2782 2050 ecclesia:
2811 1995 2993 2058 ritum,
3027 2002 3082 2046 ut
3113 2004 3217 2047 tam
3245 1993 3437 2059 Judaai,
3481 2010 3639 2065 quam
3693 1996 3878 2050 barre-

2271 2088 2382 2152 tici,
2419 2088 2505 2142 vel
2539 2087 2726 2156 pagani
2760 2085 3024 2151 instructi,
3065 2086 3153 2154 qui
3198 2086 3415 2156 grandis
3443 2085 3508 2140 ad
3536 2087 3873 2155 baptismum

2273 2180 2577 2243 veniebant,
2618 2189 2671 2232 et
2700 2187 2822 2232 ante
2855 2177 3176 2245 baptismum
3221 2177 3511 2245 probantur
3551 2187 3761 2233 starent
3816 2180 3876 2233 in

2271 2269 2526 2334 ecclesia,
2558 2277 2613 2322 et
2643 2268 2892 2321 audirent
2919 2267 3200 2322 consilium
3235 2266 3446 2321 Veteris
3491 2275 3548 2322 et
3589 2267 3723 2323 Novi
3757 2268 3872 2324 Te-

2271 2361 2550 2426 stamenti,
2583 2369 2768 2429 postea
2796 2359 3148 2428 deprecarent
3170 2373 3264 2427 pro
3284 2357 3406 2412 illos
3429 2358 3628 2426 levitas,
3657 2358 3876 2416 diceret

2271 2454 2523 2511 sacerdos
2567 2452 2814 2519 collecta,
2861 2459 2978 2522 post
3023 2466 3182 2521 prece
3216 2451 3423 2505 exirent
3474 2460 3660 2520 postea
3711 2453 3876 2517 foris,

2273 2549 2361 2619 qui
2390 2547 2538 2618 digni
2581 2561 2685 2600 non
2717 2556 2869 2601 erant
2913 2555 3078 2612 stare,
3110 2545 3236 2599 dum
3266 2543 3596 2599 inferebatur
3635 2545 3879 2614 oblatio,

2271 2651 2326 2696 et
2357 2641 2500 2696 foras
2530 2653 2654 2696 ante
2677 2640 2868 2694 ostium
2898 2639 3262 2694 abscultarent
3289 2640 3537 2707 prostrati
3564 2639 3630 2694 ad
3663 2649 3878 2695 terram

2274 2733 2536 2802 magnalia
2581 2750 2594 2785 :
2633 2747 2753 2800 quae
2783 2747 2907 2786 cura
2952 2731 3018 2785 ad
3060 2731 3343 2786 diaconum
3376 2732 3459 2786 vel
3491 2733 3556 2785 ad
3585 2732 3881 2788 ostiarinlls

2276 2824 2598 2893 pertinebat,
2634 2831 2692 2877 ut
2731 2825 2838 2878 illis
2883 2823 3195 2878 admoueret
3229 2825 3397 2886 exire,
3429 2823 3528 2879 iste
3557 2823 3878 2893 provideret

2277 2930 2344 2970 ne
2376 2914 2494 2984 quis
2524 2915 2770 2984 indignus
2801 2916 3165 2969 retardaretur
3194 2915 3248 2969 in
3279 2916 3477 2984 templo
3507 2915 3737 2970 dicendo
3763 2931 3873 2971 no-

2276 3007 2369 3061 lite
2392 3007 2521 3060 dare
2543 3007 2798 3060 Sanctum
2825 3007 3066 3072 canibus,
3103 3021 3276 3074 neque
3305 3008 3530 3062 mittatis
3549 3008 3880 3076 margaritas

2277 3108 2484 3154 vestras
2514 3106 2638 3153 ante
2660 3113 2876 3168 pereas.
2908 3097 3045 3164 Quid
3071 3099 3213 3153 enim
3241 3099 3292 3150 in
3317 3105 3454 3152 terra
3483 3097 3720 3151 sanctius
3737 3112 3877 3152 con-

2279 3191 2512 3246 fectione
2545 3191 2786 3259 corporis
2811 3197 2865 3244 et
2893 3189 3167 3258 sanguinis
3195 3187 3433 3243 Christi?
3477 3197 3530 3243 et
3571 3187 3698 3258 quid
3748 3188 3878 3258 plu

673 3277 954 3347 Egreditur
971 3273 1252 3352 processio
1269 3273 1436 3328 sancti
1465 3269 1734 3340 Evangelii
1759 3271 1911 3325 velud
1936 3271 2170 3340 potentia

2287 3286 2615 3342 immundum
2640 3286 2788 3341 canis
2817 3295 2870 3340 et
2903 3287 3097 3355 porci?
3145 3284 3503 3340 Similitudiue
3541 3274 3900 3354 comparari-'

597 3367 794 3424 Christi
821 3365 1198 3437 triumphantis
1227 3367 1293 3420 de
1319 3373 1512 3430 morte,
1543 3377 1664 3418 cum
1694 3363 1962 3432 prmdictis
1989 3378 2169 3418 armo-

596 3462 721 3522 niis.
765 3471 820 3516 et
867 3475 988 3515 cum
1029 3469 1229 3528 septem
1263 3454 1598 3512 candelabris
1642 3455 1855 3509 luminis
1894 3471 2013 3525 qua:
2052 3465 2177 3510 sunt

597 3563 800 3626 septem
839 3555 972 3608 dona
1005 3553 1235 3622 Spiritus
1264 3550 1433 3606 sancti
1461 3550 1542 3604 vel
1572 3564 1624 3602 v.
1661 3549 1792 3616 legis
1831 3548 2026 3601 lumina
2061 3563 2177 3615 mv-

597 3647 764 3701 sterio
785 3644 957 3701 crucis
976 3643 1210 3708 confixa,
1236 3640 1530 3697 ascendens
1557 3641 1606 3692 in
1643 3638 1870 3692 tribunal
1887 3639 2178 3707 analogiin,

607 3739 762 3794 velud
793 3739 1037 3793 Christus
1069 3735 1247 3789 sedem
1278 3734 1423 3804 regni
1458 3742 1710 3800 paternze,
1745 3739 1803 3783 ut
1837 3729 1959 3784 inde
1991 3729 2184 3783 iutonit

605 3829 743 3883 dona
771 3830 908 3893 vitae,
931 3825 1282 3879 clamantibus
1309 3824 1517 3877 clericis
1548 3821 1725 3876 Gloria
1743 3821 1850 3888 tibi,
1871 3821 2110 3890 Domine,
2130 3821 2182 3876 in

607 3919 784 3987 specie
795 3917 1104 3988 angelorum
1118 3915 1206 3985 qui
1220 3923 1468 3970 nascente
1482 3913 1704 3968 Domino
1717 3911 1895 3967 Gloria
1908 3914 1959 3965 in
1973 3912 2182 3967 excelsis

602 4005 710 4063 Deo
733 4007 882 4080 (Luc.
929 4023 988 4072 ιι,
1019 4005 1112 4076 14)
1137 4006 1432 4073 pastoribus
1453 4003 1833 4074 apparentibus
1857 4005 2186 4060 cecinerunt.

818 4120 908 4175 DE
943 4115 1254 4176 SANCTUS
1297 4115 1468 4173 POST
1507 4114 1970 4171 EVANGELIUM.

678 4215 904 4272 Sanctus
953 4222 1128 4268 autem
1173 4209 1314 4280 quod
1361 4209 1616 4264 redeunte
1661 4218 1846 4263 sancto
1900 4208 2188 4278 Evangelio

609 4307 788 4363 clerus
828 4313 1026 4369 cantat,
1083 4305 1137 4357 in
1187 4301 1366 4372 specie
1417 4310 1742 4366 sanctorum,
1795 4302 1884 4371 qui
1936 4301 2191 4356 redeunte

616 4397 842 4454 Domino
868 4395 993 4452 Jesu
1021 4394 1236 4448 Christo
1264 4393 1335 4448 de
1363 4391 1548 4447 inferis
1582 4392 1847 4447 canticum
1885 4392 2055 4446 laudis
2088 4392 2194 4448 Do-

612 4491 816 4546 minum
857 4486 1130 4557 sequentis
1168 4490 1536 4548 cantaverunt,
1567 4481 1648 4536 vel
1691 4481 2025 4552 septuaginta
2065 4495 2196 4550 qua-

613 4591 736 4638 tuor
766 4579 1034 4636 seniorum
1071 4590 1206 4645 quos
1253 4574 1306 4630 in
1350 4572 1703 4646 Apocalypsin
1752 4570 2023 4627 Johannes
2048 4583 2196 4626 com-

612 4685 904 4744 memorat,
945 4673 1033 4743 qui
1081 4673 1355 4727 mittentes
1398 4685 1628 4727 coronas
1666 4685 1793 4726 suas
1830 4679 1958 4725 ante
1985 4669 2196 4740 Agnum
2224 4669 2524 4769 ngaﬁ'o’
2580 4716 2634 4758 et

616 4769 772 4827 dulce
796 4767 1062 4825 canticum
1097 4773 1465 4822 cantaverunt.

1181 4839 1272 4931 ni:
1310 4873 1628 4932 OMELIAS.

691 4987 963 5048 “omelias
1006 4997 1188 5044 autem
1232 4994 1540 5042 sanctorum
1588 4999 1708 5058 qua:
1754 4986 2001 5058 leguntur
2037 4987 2066 5028 δ
2105 5002 2201 5060 pro

694 5158 724 5190 ι
753 5146 1067 5216 Analogium
1095 5142 1465 5216 dicituriloeus
1493 5144 1631 5216 altus
1654 5145 2086 5216 stipraichorum,
2111 5149 2200 5204 ubi

621 5229 764 5276 stant
795 5217 914 5274 libri
932 5214 1144 5270 sanctae
1174 5214 1588 5283 prrcdicationis,
1621 5215 1790 5284 inquit
1817 5215 2006 5271 Petrus
2034 5219 2206 5274 Βυιιε-

622 5294 735 5347 rius
761 5309 772 5343 ε
797 5289 882 5343 cui
911 5287 1050 5340 favet
1071 5295 1284 5358 sanctus
1307 5285 1537 5342 Isidorus
1561 5285 1650 5340 lib.
1677 5302 1746 5341 xv
1772 5285 1976 5358 Origin.
2005 5303 2122 5358 cap.
2149 5289 2204 5344 4.

625 5361 730 5418 Alii
757 5359 1057 5428 analogiam
1088 5357 1512 5428 interpretantur
1535 5358 1812 5426 pulpitum.

700 5431 727 5470 δ
760 5430 896 5484 Hinc
921 5427 1142 5497 Colliges
1176 5436 1414 5494 pastores
1443 5427 1570 5481 olim
1617 5428 1752 5482 intra
1796 5428 2080 5483 missarum
2121 5442 2208 5482 so-

629 5501 824 5557 lemnia
859 5515 962 5554 non
995 5512 1208 5565 semper
1235 5511 1511 5563 perorasse
1555 5497 1621 5550 ad
1672 5498 1943 5566 populum,
1984 5498 2075 5552 sed
2115 5512 2208 5552 eos

629 5573 718 5640 qui
746 5568 1100 5638 impeditioris
1122 5569 1482 5640 et'antlingum
1508 5577 1598 5621 aut
1623 5569 1846 5623 infirmae
1870 5568 2208 5640 valetudinis,

633 5636 882 5698 homilias
936 5650 1239 5693 sanctorum
1284 5636 1517 5701 Patrum,
1577 5649 1666 5690 aut
1711 5654 1738 5691 a
1791 5655 1850 5693 se
1895 5638 2214 5708 compesitas

635 5712 830 5783 legisse
859 5723 952 5783 aut-
977 5709 1042 5763 ab
1069 5709 1184 5762 aliis
1214 5709 1312 5778 legi
1338 5708 1580 5776 iussisse.
1611 5709 1691 5783 ita
1717 5708 1985 5783 Cir-sarius
2027 5710 2212 5762 Arela-

638 5778 806 5839 tensis
845 5782 1090 5844 antistes,
1133 5793 1251 5832 cum
1298 5790 1513 5845 propter
1543 5778 1897 5848 valetudinem
1936 5780 2042 5848 jam
2091 5795 2218 5833 con-

640 5851 843 5908 ciouari
874 5864 969 5920 per
998 5864 1056 5905 se
1088 5865 1189 5903 non
1221 5857 1440 5920 posset;
1468 5861 1495 5899 a
1527 5847 1893 5902 sacerdotibus
1922 5847 2080 5920 atque
2103 5851 2216 5903 dia-

639 5925 790 5980 conis
829 5918 1106 5978 sermones
1144 5918 1408 5986 proprios,
1452 5929 1542 5973 aut
1580 5927 1883 5974 sanctorum
1925 5918 2212 5989 Ambrosii,

2279 3382 2408 3436 dum
2437 3397 2523 3445 eo,
2560 3381 2640 3434 vel
2668 3380 2756 3451 qui
2790 3393 2895 3434 non
2927 3386 3010 3433 est
3040 3387 3290 3450 purgatus
3323 3379 3612 3450 baptismo,
3645 3380 3729 3435 vel
3763 3395 3878 3435 non

2283 3472 2518 3527 monitus
2548 3472 2724 3527 crucis
2754 3471 3105 3540 signaculum.

2356 3563 2679 3632 Spiritaliter
2726 3561 2978 3631 iubemur
3008 3562 3282 3617 silentium
3315 3561 3494 3618 facere
3520 3562 3882 3618 observantes

2283 3653 2349 3708 ad
2372 3653 2591 3717 ostium,
2624 3653 2679 3707 id
2710 3661 2794 3708 est
2821 3664 2875 3708 ut
2907 3655 3130 3709 tacentis
3158 3668 3187 3708 a
3218 3655 3445 3710 tumulttt
3476 3652 3764 3711 verborum
3790 3655 3882 3711 vel

2288 3747 2540 3800 vitiorum
2588 3747 2797 3816 signum
2849 3749 3023 3801 crucis
3071 3761 3333 3816 ponamus
3374 3757 3501 3802 ante
3548 3747 3739 3802 faciem
3777 3761 3883 3803 no-

2285 3847 2474 3899 stram,
2516 3851 2582 3890 ne
2606 3839 2770 3891 intret
2814 3836 3242 3906 concupiscentia
3283 3852 3379 3906 per
3420 3837 3608 3904 oculis,
3660 3836 3738 3892 ira
3781 3852 3886 3907 per

2289 3941 2494 3996 aurem,
2546 3944 2612 3982 ne
2641 3928 2863 3997 prodeat
2903 3943 3081 3984 sermo
3119 3928 3287 3998 turpis
3335 3943 3402 3984 ex
3446 3929 3622 3994 labiis,
3675 3939 3730 3984 et
3778 3929 3887 3985 hoc

2289 4019 2463 4074 solum
2490 4033 2584 4075 cor
2613 4019 2877 4087 intendat,
2910 4032 2965 4074 ut
2993 4019 3046 4074 in
3077 4035 3136 4075 se
3162 4020 3432 4075 Christum
3455 4020 3732 4090 suscipiat.

2923 4132 3010 4187 DE
3049 4131 3243 4187 SONU.

2365 4243 2568 4298 Sonum
2619 4251 2827 4308 autem,
2883 4243 3025 4312 quod
3083 4252 3304 4298 canetur
3365 4243 3579 4311 quando
3636 4246 3883 4314 procedit

2295 4335 2520 4400 oblatio,
2577 4335 2699 4389 hinc
2751 4335 2911 4388 traxit
2959 4334 3256 4388 exordium.
3312 4333 3573 4405 Praacepit
3625 4333 3887 4392 Dominus

2297 4425 2485 4498 Moysi,
2517 4438 2569 4481 ut
2602 4425 2800 4482 faceret
2845 4427 2996 4481 tubas
3025 4436 3328 4497 argenteas,
3360 4441 3493 4498 quas
3525 4429 3700 4484 levita;
3730 4430 3885 4486 clan-

2297 4529 2484 4591 gerent
2504 4520 2716 4589 quando
2737 4518 3060 4574 olierebatur
3083 4519 3275 4584 hostia,
3300 4530 3353 4575 et
3369 4521 3468 4575 hoc
3487 4530 3626 4576 esset
3647 4521 3885 4592 signum,

2302 4628 2396 4682 per
2448 4615 2586 4682 quod
2644 4613 2976 4682 intellegeret
3002 4614 3233 4682 populus
3261 4627 3362 4682 qua
3392 4612 3527 4668 hora
3556 4613 3890 4670 inferebatur

2687 4717 2880 4758 omnes
2928 4704 3186 4758 iucurvati
3234 4703 3523 4759 adorarent
3576 4705 3886 4774 Dominum,

2307 4798 2480 4853 donec
2506 4799 2717 4852 veniret
2753 4796 2998 4851 columna
3040 4797 3176 4866 ignis
3203 4805 3293 4851 aut
3322 4797 3513 4864 nubes,
3546 4797 3635 4867 qui
3661 4799 3890 4855 benedi-

2307 4899 2454 4946 ceret
2482 4890 2824 4945 sacrificium.
2856 4889 3007 4944 Nunc
3034 4899 3209 4945 autem
3243 4889 3620 4960 procedentem
3659 4891 3726 4944 ad
3758 4892 3890 4946 alta-

2307 4984 2442 5038 rium
2470 4995 2668 5052 corpus
2699 4992 2720 5020 ε
2750 4979 2950 5036 Christi
2975 4995 3079 5035 non
3109 4981 3220 5051 jam
3253 4981 3390 5036 tubis
3419 4981 3891 5051 inreprashensibi-

2312 5143 2612 5211 Augustini,
2659 5140 2772 5211 sive
2811 5139 3035 5211 aliorum
3078 5139 3365 5194 conciones
3395 5138 3607 5193 recitari
3642 5137 3885 5209 iubebat,

2313 5226 2367 5268 ut
2401 5210 2589 5279 legitur
2616 5211 2668 5263 iu
2699 5210 2815 5279 ejus
2844 5210 2983 5264 Vita.

2389 5293 2412 5323 ο
2442 5278 2577 5336 Olim
2608 5278 2860 5334 solemnis
2885 5281 3044 5334 missa
3073 5295 3178 5334 non
3210 5278 3601 5351 celebrabatur,
3653 5281 3780 5351 quin
3825 5296 3888 5336 ex

2315 5352 2668 5424 praecedentis
2697 5351 3098 5424 dieisacrifjcio
3140 5349 3470 5424 Eucharistia
3501 5349 3804 5424 deferretur
3826 5353 3888 5405 ad

2315 5421 2519 5487 altare;
2554 5424 2604 5476 id
2635 5423 2687 5476 in
2718 5423 2941 5477 ecclesia
2980 5422 3215 5475 Romana
3265 5422 3416 5475 initio
3452 5421 3626 5475 ιηίεειοτ
3671 5436 3890 5490 praesta-

2317 5495 2446 5549 bant
2474 5493 2700 5564 acolytlii
2734 5495 2783 5547 in
2823 5495 3017 5562 capsis,
3056 5501 3126 5564 uti
3153 5499 3363 5564 constat
3400 5493 3664 5564 expveteri
3694 5493 3890 5549 Ordine

2317 5565 2559 5620 Romano
2590 5563 2628 5632 t,
2660 5581 2804 5618 num.
2833 5565 2884 5629 8,
2919 5563 3079 5616 Musei
3110 5563 3272 5616 ltaliei
3300 5574 3426 5617 tom.
3453 5563 3513 5614 ΙΙ.
3538 5563 3591 5617 In
3620 5563 3888 5618 Gallicana

2317 5652 2446 5691 vero
2483 5636 2690 5690 diaconi
2743 5637 2840 5688 hoc
2893 5649 3084 5687 munus
3129 5635 3348 5686 obibant
3384 5641 3504 5687 ante
3542 5636 3884 5698 oblationem,

2321 5724 2512 5779 corpus
2539 5706 3064 5779 Christideferenles
3094 5704 3146 5779 i_n
3175 5705 3513 5779 turrihuslut
3538 5715 3680 5772 patet
3699 5723 3765 5760 ex
3797 5707 3890 5758 hoc

2324 5774 2461 5840 loco,
2491 5793 2646 5848 quem
2683 5777 2812 5828 mire
2839 5776 3065 5828 illusuat
3089 5774 3376 5848 Cregorius
3404 5775 3732 5848 Turonensis
3761 5779 3890 5829 libro

2324 5851 2388 5904 de
2417 5843 2591 5902 Gloria
2636 5858 2925 5916 martyrum
2960 5859 3077 5910 cap.
3111 5843 3316 5916 85.his
3348 5847 3521 5900 verbis
3553 5861 3566 5899 :
3606 5863 3625 5896 ι
3663 5847 3891 5914 Tempus

2326 5920 2388 5975 ad
2415 5918 2733 5975 sacriﬁcium
2764 5915 3091 5971 ollerendum
3123 5915 3354 5982 advenit,
3390 5924 3712 5986 acceptaque
3754 5927 3891 5973 turre
