4108 6352
258 412 333 466 sa
966 407 1328 468 EXPOSlTlO
1356 402 1607 465 BREVIS
1645 402 1873 473 ANTth

2009 402 2366 462 LITURGIE
2403 396 2846 461 GALLICANE.
3463 396 3538 460 θι

256 519 405 580 libus
430 563 447 589 ,
518 521 616 580 sed
678 520 1008 593 spin'talibus
1054 522 1273 578 vocibus
1330 520 1588 592 praeclara
1651 516 1849 573 Christi
1879 518 1928 579 Δ
1953 518 2113 575 catlos
2130 518 2448 585 ascendens,
2466 534 2642 589 pacem
2660 521 2891 589 relinquo
2911 518 3074 587 vobis,
3096 535 3272 591 pacem
3293 536 3457 577 meum
3472 524 3542 581 do

256 619 530 692 magnalia
561 619 703 675 dulci
725 618 940 675 modilia
970 618 1163 689 psallet
1194 616 1463 673 Ecclesia.
1487 614 1695 686 Corpus
1724 626 1853 667 vero
1956 613 2095 666 vobis
2126 609 2309 680 (Joau.
2355 627 2469 679 xw,
2502 612 2622 685 27),
2661 622 2717 669 et
2754 608 2805 668 iit
2848 616 2949 670 hoc
2993 623 3319 683 cognoscent
3353 631 3544 675 omnes

258 712 477 770 Domini
510 711 631 767 ideo
659 709 900 767 defertur
922 711 975 765 in
1005 709 1261 773 turribus,
1293 708 1413 777 quia
1451 714 1852 761 monumentum
1958 705 2097 777 quod
2124 705 2373 775 discipuli
2396 707 2500 761 mei
2523 707 2674 772 estis,
2703 706 2751 761 si
2777 720 2871 761 vos
2903 706 3126 762 invicem
3154 706 3469 765 dilexeritis.

260 804 479 863 Domini
507 803 560 859 in
590 801 999 858 similitudinem
1031 802 1195 856 turris
1222 801 1319 855 fuit
1343 800 1571 855 scissum
1597 798 1650 851 in
1682 807 1853 866 petra,

261 905 323 954 et
364 896 507 951 intus
552 895 749 951 lectum
800 894 895 950 ubi
935 893 1181 964 pensavit
1232 906 1429 963 corpus
1484 890 1812 945 dominicum
1839 926 1853 951 ,

2028 799 2251 855 Sursum
2290 799 2449 853 corda
2492 798 2610 854 ideo
2654 798 2907 854 sacerdos
2950 799 3148 855 habere
3176 800 3451 870 admonet,
3489 809 3547 858 ut

1961 893 2106 949 nulla
2136 894 2388 961 c0gitatio
2422 904 2634 950 terrena
2667 902 2881 950 maneat
2924 893 2979 948 iu
3011 895 3315 964 pectoribus
3346 895 3549 952 nostris

262 986 412 1043 unde
459 985 701 1043 surrexit
743 984 859 1041 Rex
905 985 1091 1057 gloria
1137 983 1193 1040 in
1243 982 1594 1051 triumphum.
1633 980 1860 1050 Sanguis
1962 988 2016 1045 in
2046 989 2175 1043 hora
2209 1002 2373 1043 sacrm
2404 987 2713 1051 oblationis,
2744 998 2799 1043 et
2837 995 2985 1042 tanto
3025 987 3217 1043 melius
3260 987 3549 1057 recipiatur

264 1092 403 1135 vero
441 1076 642 1134 Christi
683 1076 807 1133 ideo
844 1077 1155 1147 specialiter
1187 1075 1414 1132 oﬂ‘ertut’
1438 1075 1491 1129 in
1520 1073 1707 1142 calice,
1737 1071 1859 1141 quia
1961 1082 2208 1138 Christus
2234 1081 2286 1136 in
2312 1089 2511 1141 mente.
2545 1091 2745 1151 quanto
2773 1082 2887 1136 sola
2913 1078 3166 1153 cogitatio
3189 1081 3361 1151 ipsum
3386 1089 3551 1136 conm-

267 1171 330 1226 in
377 1170 483 1227 tale
509 1183 699 1225 vasum
746 1178 1120 1225 euusecratum
1169 1168 1267 1224 fuit
1304 1166 1618 1237 mysterium
1660 1164 1865 1219 Eucha-

1979 1186 2054 1232 tdr
2081 1174 2393 1231 adtendere.
2427 1174 2739 1231 Confractiu
2769 1188 2901 1230 vero
2930 1183 2985 1230 et
3022 1175 3341 1229 commixtio
3364 1188 3553 1245 corpu.

263 1265 439 1323 ristia
481 1264 655 1336 pridie
688 1276 850 1335 quam
884 1272 1160 1335 pateretur
1189 1261 1450 1317 Dominus
1477 1260 1595 1330 ipso
1625 1259 1859 1325 dicente,

266 1355 378 1412 Hic
405 1365 480 1411 est
508 1354 648 1409 calix
674 1354 945 1426 sanguinis
991 1354 1091 1409 mei
1128 1351 1426 1425 mysterium
1469 1351 1592 1421 ﬁdei
1639 1350 1727 1421 qui
1770 1358 1865 1420 pro

266 1450 449 1507 Multis
491 1448 786 1516 e/I'ttndetur
821 1449 877 1504 in
922 1448 1271 1503 remissionem
1298 1452 1619 1517 peccatorum
1646 1442 1861 1513 (Matth.

267 1558 430 1615 xm,
458 1546 578 1619 28).
611 1546 774 1604 Panis
805 1560 932 1603 vero
962 1548 1015 1601 in
1046 1560 1273 1614 corpore
1309 1551 1363 1598 et
1390 1543 1570 1597 vinum
1612 1539 1867 1596 transfor-

274 1652 462 1699 matur
486 1643 539 1697 in
565 1642 845 1710 sanguine,
871 1641 1088 1696 dicente
1116 1639 1344 1695 Domino
1375 1638 1443 1694 de
1466 1650 1694 1706 corpore
1722 1648 1822 1691 suo
1850 1652 1862 1688 :

271 1734 413 1790 Caro
438 1734 569 1789 enim
607 1746 722 1788 mea
746 1748 862 1787 rere
888 1740 960 1787 est
983 1733 1145 1797 cibus,
1178 1739 1224 1785 et
1248 1730 1461 1801 sanguis
1484 1744 1625 1784 meus
1654 1742 1767 1782 vere
1797 1724 1869 1782 est

269 1832 428 1895 potus
464 1822 645 1897 (Joan.
678 1839 754 1892 vi,
796 1821 909 1895 55).
956 1822 1033 1879 De
1081 1837 1218 1893 pane
1257 1821 1389 1877 dixit
1429 1824 1526 1876 hoc
1570 1830 1644 1875 est
1683 1836 1870 1889 corpus

1965 1270 2043 1328 ris
2108 1270 2315 1325 Domini
2382 1270 2545 1324 tantis
2606 1266 2877 1341 mysteriis
2932 1268 3203 1324 declarata
3262 1269 3556 1339 antiquitus

1965 1362 2177 1419 Sanctis
2212 1360 2463 1417 Patribus
2506 1361 2625 1427 iuit,
2660 1366 2721 1416 ut
2752 1361 2881 1415 dum
2924 1361 3182 1417 sacerdos
3226 1360 3554 1417 oblationem

1968 1456 2369 1525 conl'rangeret,
2400 1453 2681 1509 videbatur
2708 1457 2859 1522 quasi
2902 1453 3138 1521 Angelus
3175 1452 3270 1509 Dei
3314 1454 3554 1508 membra

1968 1545 2220 1617 fulgentis
2247 1546 2397 1616 pueri
2427 1545 2602 1601 cultro
2623 1544 2954 1611 concedere,
2998 1554 3055 1601 et
3093 1546 3409 1615 sanguinem
3438 1545 3556 1614 ejus

1971 1646 2025 1700 in
2053 1646 2275 1700 calicem
2308 1643 2628 1713 excipiendo
2649 1642 2930 1712 colligere,
2964 1650 3025 1696 ut
3048 1641 3290 1697 veracius
3318 1641 3559 1696 dicerent

1972 1738 2191 1793 verbum
2221 1736 2436 1791 dicente
2460 1734 2691 1789 Domino
2717 1746 2933 1788 carnem
2975 1732 3095 1802 ejus
3123 1745 3245 1788 esse
3284 1730 3463 1787 cibum
3503 1742 3559 1788 et

1971 1830 2287 1903 sanguinem
2311 1843 2431 1883 esse
2461 1838 2667 1898 potum.
2696 1827 2752 1881 in
2780 1826 2881 1881 hac
2908 1825 3279 1881 contractione
3307 1826 3558 1882 sacerdos

268 1931 463 1982 meum,
490 1924 543 1970 et
570 1914 637 1971 de
656 1914 782 1971 vino
808 1914 888 1969 hic
919 1915 1129 1985 sanguis
1160 1931 1302 1968 meus
1334 1912 1548 1986 (Matth.
1576 1927 1720 1978 xxvr,
1748 1911 1866 1982 26).

1979 1925 2088 1980 vult
2108 1939 2324 1993 augere,
2369 1923 2567 1980 ibidem
2592 1922 2755 1978 debet
2780 1922 2997 1989 addere,
3025 1923 3147 1993 quia
3178 1931 3308 1976 tunc
3326 1922 3557 1977 caelestia

270 2013 426 2080 Aqua
473 2018 652 2065 autem
703 2009 826 2066 ideo
876 2010 1139 2076 miscitur,
1182 2009 1268 2064 vel
1314 2009 1437 2080 quia
1484 2008 1635 2063 decet
1674 2007 1870 2077 populo

268 2104 484 2159 unitum
515 2119 638 2160 esse
668 2120 789 2160 cum
823 2104 1073 2171 Domino,
1104 2105 1189 2161 vel
1221 2105 1344 2175 quia
1376 2105 1443 2159 de
1474 2102 1643 2159 latere
1671 2101 1872 2158 Christi

268 2195 330 2252 in
360 2208 522 2252 cruce
554 2197 773 2268 sanguis
815 2198 1053 2253 manavit
1081 2207 1136 2253 et
1164 2212 1322 2268 aqua,
1368 2205 1425 2253 et
1454 2211 1616 2252 unum
1648 2198 1873 2251 munde-

268 2301 399 2345 mur
439 2302 467 2342 a
515 2288 637 2345 labe
682 2290 984 2360 culparum,
1028 2290 1137 2348 alio
1182 2304 1551 2362 praeparemur
1588 2290 1654 2344 ad
1706 2302 1871 2360 regna

273 2383 560 2441 caelorum.

350 2474 548 2532 Patena
597 2485 779 2532 autem
835 2486 1058 2534 vocatur
1104 2476 1195 2535 ubi
1246 2485 1598 2534 consecratur
1645 2477 1866 2542 oblatio,

272 2568 401 2640 qtia
465 2569 777 2641 mysterium
844 2570 1195 2627 Eucharistia‘.
1247 2571 1299 2625 in
1357 2571 1871 2626 columemoratione

273 2663 502 2721 oﬂertur
547 2664 813 2730 passionis
862 2662 1093 2720 Domini.
1152 2662 1297 2718 Palla
1328 2678 1460 2718 vero
1507 2662 1773 2718 linostima
1818 2662 1869 2717 in

272 2754 423 2813 illius
450 2755 746 2811 indumenti
784 2764 931 2811 tenet
955 2757 1200 2826 figuram,
1230 2756 1351 2826 quia
1388 2757 1437 2809 in
1470 2770 1602 2826 gyro
1624 2764 1871 2812 contexta

275 2858 311 2906 π
351 2848 613 2905 militibus
659 2865 763 2904 non
804 2849 904 2905 fuit
944 2850 1133 2914 divisa,
1182 2851 1358 2905 ionica
1405 2851 1609 2904 scilicet
1649 2842 1871 2905 ChriSIi.

272 2939 589 3010 Corporalis
614 2957 743 2998 vero
775 2941 912 3013 palla
945 2942 1068 2997 ideo
1091 2957 1220 3013 pura
1256 2942 1382 2996 linia
1411 2949 1496 2996 est
1522 2955 1684 3012 super
1711 2954 1872 3012 quam

275 3035 482 3092 oblatio
512 3035 748 3104 ponitur.
783 3036 901 3106 quia
935 3051 1133 3106 corpus
1162 3034 1375 3091 Domini
1419 3036 1563 3105 puris
1608 3035 1875 3091 linteami-

276 3130 441 3189 nibus
487 3144 608 3186 cum
648 3131 978 3187 aromatibus
1028 3131 1129 3184 fuit
1174 3131 1486 3185 obvolutum
1540 3130 1591 3185 in
1647 3132 1870 3187 tumulo.

274 3222 606 3295 Coopertum
658 3238 787 3277 vero
841 3232 1299 3279 sacramentorum
1357 3222 1479 3280 ideo
1531 3235 1869 3291 exornatur,

1974 2018 2202 2073 terrenis
2233 2017 2553 2081 miscentur,
2589 2022 2647 2069 et
2687 2015 2754 2068 ad
2788 2014 3084 2068 orationem
3118 2012 3414 2069 sacerdotis
3442 2012 3560 2068 caeli

1974 2110 2305 2181 aperiuntur.
2360 2107 2651 2164 Sacerdote
2703 2117 2884 2162 autem
2940 2106 3254 2175 frangente,
3335 2106 3562 2177 supplex

1975 2202 2153 2256 clerus
2184 2200 2376 2269 psallet
2397 2199 2710 2270 antiphona,
2746 2200 2867 2268 quia
2891 2199 3128 2267 patiente
3156 2199 3343 2255 dolore
3370 2199 3562 2256 mortis

1973 2293 2152 2348 omnia
2186 2293 2464 2348 trementis
2490 2299 2679 2347 testata
2708 2300 2835 2347 sunt
2864 2292 3148 2348 elementa.

2044 2384 2231 2441 Oratio
2258 2399 2389 2441 vero
2416 2384 2693 2440 Dominica
2722 2398 2822 2455 pro
2854 2385 2958 2440 hoc
2987 2384 3182 2441 ibidem
3225 2387 3458 2456 ponitur,
3505 2393 3564 2443 ut

1974 2478 2151 2533 omnis
2181 2476 2357 2532 oratio
2385 2486 2564 2530 nostra
2594 2477 2646 2531 in
2681 2475 2958 2531 Dominica
2989 2477 3232 2532 oratione
3267 2477 3560 2534 claudatur.

1975 2568 2421 2626 Benedictionem
2466 2583 2597 2623 vero
2660 2567 2841 2638 populi
2909 2566 3281 2625 sacerdotibus
3345 2570 3566 2627 fundere

1976 2663 2240 2719 Dominus
2277 2677 2372 2732 per
2409 2664 2643 2734 Moysem
2681 2662 2958 2718 mandavit
2983 2663 3165 2719 dicens
3194 2681 3207 2719 :
3240 2664 3466 2734 Loquere
3497 2666 3566 2719 ad

1926 2806 1929 2807 ν
1973 2757 2151 2812 Aaron
2181 2765 2229 2811 et
2257 2756 2325 2810 ad
2356 2756 2491 2825 ﬁlios
2517 2757 2669 2826 ejus;
2709 2757 2783 2811 sic
2805 2756 3109 2812 benedicetis
3135 2758 3326 2828 popqu
3355 2772 3375 2813 :
3404 2758 3567 2813 Bene-

1975 2850 2114 2905 dicat
2142 2850 2229 2904 tibi
2257 2856 2304 2904 et
2334 2850 2587 2903 custodiat
2616 2858 2662 2901 te
2691 2848 2878 2920 (Num.
2910 2862 2986 2914 vt,
3014 2848 3130 2922 2'5),
3156 2860 3211 2907 et
3230 2861 3409 2907 cetera
3445 2867 3567 2923 quas

1977 2952 2292 3014 sequuntur.
2332 2945 2508 2998 Aaron
2549 2942 2711 3014 igitur
2757 2944 2935 2999 locum
2999 2943 3234 3013 Christi,
3292 2946 3387 3002 filii
3447 2947 3564 3018 ejus

1976 3036 2151 3093 locum
2193 3035 2629 3107 presbyterorum
2671 3044 3043 3105 portaverant.
3092 3038 3366 3094 Ambobus
3409 3039 3571 3111 igitur

1977 3129 2256 3186 mandavit
2289 3130 2548 3184 Dominus
2590 3128 2910 3186 benedicere
2950 3131 3235 3200 populum;
3268 3132 3361 3187 sed
3393 3143 3569 3189 tamen

1979 3230 2201 3294 propter
2237 3221 2558 3277 servandam
2598 3220 2858 3278 honorem
2894 3223 3184 3295 pontiﬁcis,
3233 3234 3398 3281 sacra
3436 3240 3568 3281 con-

275 3318 404 3387 quia
434 3317 611 3372 omnia
654 3324 964 3371 ornamenta
1001 3315 1260 3386 praecellit
1282 3317 1610 3372 resurrectio
1647 3315 1868 3384 Christi,
1898 3308 1947 3372 C
1979 3314 2269 3371 stituerunt
2316 3328 2571 3380 canones,
2625 3324 2683 3369 ut
2727 3313 2756 3353 b
2802 3316 3097 3386 longiorem
3140 3316 3568 3376 benedictionem

275 3408 368 3465 vel
399 3422 613 3463 camara
645 3408 758 3463 οξειί
791 3424 908 3478 qum
940 3423 1080 3463 nunc
1110 3406 1394 3462 Dominum
1428 3416 1571 3477 teget
1601 3408 1669 3463 ab
1703 3409 1873 3465 ocuiis

276 3501 502 3558 nostris.
551 3499 785 3556 Siricnm
815 3512 992 3553 autem
1026 3508 1267 3565 ornatur,
1303 3509 1395 3554 aut
1425 3513 1577 3565 auro,
1607 3500 1693 3556 vel
1724 3516 1875 3571 gem-

274 3592 406 3662 mis,
440 3592 563 3662 quia
599 3591 856 3646 Dominus
887 3591 1081 3662 Moysae
1112 3592 1162 3646 in
1197 3591 1543 3647 tabernaculo
1576 3591 1690 3647 ﬁeri
1730 3594 1875 3649 vela-

274 3685 428 3743 mina
451 3682 612 3755 jussit
640 3700 703 3739 ex
734 3699 888 3750 auro,
918 3682 1167 3749 iacincto,
1192 3684 1263 3739 'et
1302 3697 1559 3753 purpura,
1605 3698 1874 3757 coccoque

276 3777 368 3835 bis
396 3778 565 3833 tincto
594 3785 650 3832 et
675 3775 839 3847 bysso
869 3784 1068 3833 retorta
1100 3792 1116 3831 :
1146 3776 1270 3847 quia
1301 3775 1477 3830 omnia
1508 3774 1598 3829 illa
1620 3778 1874 3846 mysteria

276 3870 340 3931 in
368 3869 571 3928 Christi
606 3878 995 3941 praecesserunt
1019 3870 1287 3941 Stigmata.
1314 3899 1318 3903 -

353 3962 563 4020 Laudes
595 3972 795 4029 autem,
830 3962 932 4016 hoc
953 3969 1034 4016 est
1064 3961 1309 4029 Alleluia,
1345 3954 1620 4019 Johannes
1654 3964 1705 4018 in
1732 3963 1876 4033 Apo-

274 4057 486 4130 calypsi
535 4064 657 4128 post
694 4053 1145 4110 resurrectionem
1195 4052 1399 4109 audivit
1451 4055 1700 4125 psallere.
1754 4050 1875 4110 Ideo

280 4152 417 4206 hora
450 4149 540 4205 illa
574 4146 785 4205 Domini
822 4148 994 4217 palleo
1023 4143 1175 4217 quasi
1206 4144 1448 4203 Christus
1494 4149 1687 4220 tegitur
1718 4148 1873 4211 caelo,

279 4240 524 4299 Ecclesia
572 4240 714 4295 solet
761 4238 1060 4309 angelicum
1108 4239 1374 4293 canticum
1406 4248 1430 4275 ιι
1466 4257 1478 4293 :
1513 4238 1655 4309 quod
1699 4249 1877 4295 autem

278 4332 449 4389 habet
474 4333 585 4401 ipsa
608 4328 837 4387 Alleluia
869 4328 1041 4401 prima
1078 4338 1133 4385 et
1163 4330 1394 4385 secunda
1426 4338 1481 4387 et
1511 4330 1667 4386 tertia
1697 4332 1880 4402 signat

280 4423 385 4479 tria
423 4432 663 4492 tempora
689 4432 812 4477 ante
842 4421 978 4492 lege,
1012 4422 1113 4476 sub
1142 4420 1278 4491 lege,
1305 4421 1406 4477 sub
1433 4423 1623 4493 gratia.

357 4515 583 4571 Nomina
614 4515 989 4571 defunctorum
1020 4513 1141 4568 ideo
1172 4513 1302 4568 hora
1338 4513 1428 4568 illa
1460 4514 1756 4570 recitantur
1776 4531 1879 4585 qua

280 4606 461 4680 palleo
505 4607 742 4672 tolletur,
784 4604 908 4675 quia
940 4613 1067 4659 tunc
1112 4590 1239 4658 erit
1267 4604 1593 4660 resurrectio
1642 4616 1884 4661 mortuo-

1981 3409 2267 3479 episcOpus
2306 3407 2589 3478 proferret,
2627 3408 2931 3464 breviorem
2982 3411 3264 3481 presbyter
3300 3412 3570 3484 funderet,

1982 3500 2111 3556 dicit
2139 3518 2150 3553 :
2176 3498 2294 3554 Pax
2320 3500 2448 3569 ﬁdes
2476 3507 2527 3554 et
2563 3499 2753 3553 caritas
2779 3508 2830 3555 et
2860 3502 3253 3558 communicatio
3274 3506 3506 3574 corporis
3524 3512 3574 3561 et

1981 3593 2251 3666 sanguinis
2274 3591 2483 3646 Domini
2510 3592 2577 3645 sit
2598 3606 2798 3661 semper
2817 3593 3097 3648 uobiscum.
3120 3593 3252 3650 Nam
3276 3595 3401 3651 licet
3423 3597 3571 3655 illam

1982 3685 2413 3741 benedictionem
2455 3698 2614 3755 quam
2653 3684 2821 3756 Moysi
2858 3685 3002 3740 Deus
3039 3684 3261 3741 dictavit
3300 3695 3357 3742 et
3391 3687 3572 3746 rutilus

1982 3776 2355 3831 contradicere
2385 3776 2702 3848 presbytero
2730 3785 2947 3846 potest;
2986 3777 3109 3847 quia
3134 3779 3325 3834 caelum
3347 3787 3403 3836 et
3431 3786 3574 3837 terra

1984 3867 2307 3923 transibunt.
2341 3865 2456 3922 Hoc
2479 3881 2612 3939 ergo
2643 3877 2768 3924 ante
2802 3869 3240 3925 communionem
3272 3869 3576 3929 benedictio

1983 3960 2233 4026 traditur,
2267 3969 2326 4013 ut
2354 3961 2406 4014 in
2434 3975 2529 4014 vas
2554 3960 2896 4016 benedictum
2935 3961 3328 4017 benedictionis
3371 3971 3575 4034 myste-

1986 4053 2127 4108 rium
2160 4052 2517 4123 ingrediatur.
2546 4051 2665 4107 Jam
2696 4067 2830 4108 vero
2867 4069 3026 4124 quam
3058 4053 3231 4110 dulcis
3277 4056 3348 4116 sit
3382 4056 3576 4114 anima

1983 4154 2042 4201 et
2082 4144 2326 4213 corporis
2362 4158 2512 4200 sacra
2557 4146 2885 4213 communio,
2928 4144 3176 4202 Christus
3203 4147 3381 4203 verbis
3408 4158 3580 4203 ovans

1984 4237 2171 4308 gelicis
2202 4236 2437 4292 ostendit
2471 4235 2693 4291 dicens:
2723 4236 2784 4291 Si
2818 4238 3194 4292 manseritisin
3223 4254 3324 4308 me,
3350 4247 3400 4292 et
3425 4237 3579 4295 verba

1985 4346 2099 4384 mea
2124 4331 2178 4384 in
2206 4328 2344 4383 vobis
2371 4329 2670 4398 manserint,
2703 4330 3056 4399 quodcumque
3082 4331 3329 4399 petieritis
3370 4328 3581 4388 Patrem

1984 4426 2041 4479 in
2066 4424 2267 4478 nomine
2292 4437 2422 4483 meo,
2455 4422 2543 4489 [iet
2569 4423 2709 4477 vobis
2738 4421 2920 4493 (Jean.
2952 4438 3044 4489 xv,
3075 4422 3154 4494 7).

2061 4514 2361 4569 Trecanum
2388 4527 2519 4567 vero
2545 4511 2689 4581 quod
2720 4512 2974 4582 psalletur
3000 4514 3212 4583 signum
3244 4522 3327 4568 est
3353 4514 3582 4573 catholi-

1989 4621 2069 4664 cae
2094 4607 2218 4662 ﬁdei
2248 4607 2315 4662 de
2339 4606 2615 4661 Trinitatis
2637 4606 2955 4661 credulitate
2983 4606 3297 4675 procedere.
3323 4608 3411 4666 Sic
3432 4611 3575 4667 enim

279 4717 427 4766 rum,
458 4699 674 4772 quando
705 4698 1032 4755 adveniente
1071 4695 1292 4752 Christo
1338 4697 1528 4753 caelum
1571 4700 1711 4754 sicut
1752 4699 1879 4756 libet
1906 4705 1964 4769 ι)
1990 4702 2160 4772 prima
2193 4701 2243 4754 in
2271 4699 2529 4764 secunda,
2560 4699 2797 4755 secunda
2828 4699 2882 4754 in
2916 4700 3071 4756 tertia
3096 4709 3151 4757 et
3180 4716 3394 4758 rursum
3423 4707 3579 4762 tertia

281 4793 593 4867 plicabitur.
645 4792 838 4848 Pacem
889 4798 1065 4845 autem
1098 4789 1216 4845 ideo
1264 4788 1463 4845 Christi
1518 4800 1703 4846 mutuo
1750 4806 1878 4862 pro-

281 4884 488 4956 ferunt,
541 4898 597 4943 ut
642 4903 738 4958 per
787 4895 972 4942 mutuo
1001 4885 1187 4940 osculo
1219 4892 1435 4940 teneant
1471 4883 1523 4939 in
1555 4899 1615 4940 se
1641 4885 1880 4941 caritatis

283 4981 562 5050 aﬂ'ectum,
592 4991 646 5038 et
674 4980 769 5052 qui
804 4980 978 5049 aliqua
1020 4978 1256 5035 fuscatur
1301 4976 1595 5043 discordia,
1641 4977 1749 5032 cito
1790 4992 1880 5033 re-

286 5085 475 5134 currat
517 5076 584 5132 ad
630 5074 878 5147 gratiam,
923 5074 1009 5129 vel
1052 5081 1197 5142 petat
1243 5070 1489 5140 proximo
1530 5070 1764 5136 veniam,
1813 5083 1884 5125 ne

284 5185 475 5245 pacem
506 5168 695 5224 falsam
726 5166 902 5223 dando
933 5165 1172 5221 incurrat
1194 5162 1483 5234 proditoris
1527 5161 1881 5229 consortium,

284 5270 349 5321 et
384 5270 587 5317 tantum
629 5259 821 5316 melius
857 5257 1101 5329 proficiat
1136 5254 1473 5311 Eucharistia
1520 5262 1771 5324 suscepta
1801 5254 1882 5310 vel

285 5353 599 5413 benedictio
649 5352 883 5416 tradita,
934 5356 1193 5421 quantum
1246 5347 1492 5403 Christus
1558 5346 1885 5417 conspicerit

286 5449 512 5523 paciﬁca
561 5462 684 5505 esse
727 5444 911 5512 corda,
961 5443 1087 5515 quia
1136 5442 1251 5513 ipse
1293 5440 1566 5496 mandavit
1606 5440 1883 5512 discipulis

286 5605 553 5665 diaconus
584 5604 636 5659 in
668 5612 769 5673 qua
803 5599 1113 5674 mysterium
1145 5594 1402 5674 Dominici
1432 5597 1677 5666 corporis
1720 5596 1885 5674 habe-

288 5678 470 5743 batur,
504 5677 645 5732 ferre
674 5671 838 5744 coepit
860 5671 929 5727 ad
961 5672 1156 5728 ostium
1197 5671 1578 5739 ingressusque
1602 5672 1881 5738 templum,

289 5760 354 5807 ut
382 5764 500 5805 eam
528 5747 687 5803 altari
715 5751 1125 5816 superponeret.
1161 5760 1181 5795 ι
1214 5750 1323 5798 etc.

368 5829 395 5859 ⁸
426 5820 577 5875 Adde
606 5827 842 5873 cantare.

364 5889 395 5930 ιι
428 5890 751 5961 Longiorem
796 5886 1220 5961 benedictionem
1263 5898 1427 5961 super
1467 5880 1718 5953 populum
1763 5893 1889 5938 ante

295 5955 736 6031 communionem
792 5958 1098 6031 proferebat
1145 5955 1273 6015 olim
1314 5956 1616 6028 episcopus,
1662 5962 1720 6012 ut
1763 5961 1888 6026 puto

1988 4792 2045 4848 in
2073 4792 2305 4847 secunda
2332 4799 2388 4847 et
2415 4790 2653 4845 secunda
2680 4797 2889 4845 rotatur
2917 4791 2969 4845 in
3001 4790 3195 4859 prima.
3228 4791 3305 4846 Ita
3343 4804 3495 4862 pater
3521 4795 3577 4851 in

1990 4889 2159 4954 Filio,
2219 4886 2535 4958 mysterium
2590 4886 2869 4941 Trinitatis
2916 4886 3263 4957 complectet.
3321 4888 3477 4947 Pater

1991 4979 2151 5045 Filio,
2195 4979 2362 5036 Filius
2404 4980 2457 5033 in
2501 4977 2703 5050 Spiritu
2742 4986 2953 5045 sancto,
2995 4979 3227 5050 Spiritus
3268 4991 3486 5040 sanctus
3522 4982 3585 5041 in

1992 5071 2153 5137 Filio,
2195 5080 2249 5124 et
2284 5069 2452 5125 Filius
2494 5082 2706 5123 rursum
2750 5070 2803 5125 in
2845 5069 3025 5126 Patre.
3066 5070 3171 5127 Sed
3207 5072 3315 5140 jam
3355 5070 3583 5142 epistola

1997 5165 2155 5221 finem
2181 5163 2408 5233 accipiat
2428 5164 2481 5218 in
2509 5177 2612 5231 qua
2634 5162 2909 5219 sollemnis
2936 5163 3083 5219 Ordo
3106 5163 3253 5220 brevi
3275 5164 3580 5224 declaratus

1990 5258 2293 5314 ostenditur
2332 5265 2594 5327 quatenus
2636 5255 2688 5311 in
2726 5264 3017 5328 sequutura
3056 5256 3280 5325 epistola
3321 5254 3389 5313 de
3428 5272 3578 5316 com-

1992 5364 2156 5407 mune
2199 5348 2381 5405 oflicio
2435 5347 2670 5405 donante
2725 5347 2955 5405 Domino
3012 5346 3233 5403 auribus
3294 5349 3579 5419 pandatur.

1990 5442 2091 5511 Qui
2114 5442 2265 5497 vivit.

1990 5595 2162 5652 tribus
2190 5598 2526 5649 constantem
2571 5590 2930 5662 orationibus,
2959 5589 3169 5662 qualem
3199 5591 3385 5649 videre
3413 5600 3499 5651 est
3525 5596 3580 5653 in

1992 5666 2236 5739 plurimis
2268 5662 2740 5739 Sacramentorum
2786 5658 2939 5739 lplgris
2977 5658 3386 5739 qualem
3415 5666 3579 5739 etiam

1992 5731 2138 5795 nunc
2168 5736 2444 5805 proferunt
2472 5731 2952 5805 adhucpontifices
2975 5734 3030 5789 in
3055 5731 3373 5802 quihusdam
3402 5737 3580 5793 eccle-

1993 5811 2109 5875 siis,
2140 5802 2259 5861 cum
2284 5804 2611 5861 solemnibus
2634 5802 2825 5858 diebus
2844 5804 3139 5861 celebrant.
3178 5807 3215 5859 E
3239 5816 3421 5862 contra
3451 5822 3580 5862 vero

1993 5877 2295 6004 bengdictio
2323 5876 2759 5947 presbyterorum
2784 5875 2937 5932 unica
2960 5886 3016 5933 et
3034 5876 3185 5935 brevi
3207 5875 3583 5947 perﬁciebatur

1993 5966 2088 6004 ora
2132 5962 2257 6004 one.

1993 5962 2257 6009 oratione.
