4108 6352
589 393 3802 430 ww“

1291 532 1760 637 INCIPIT
1834 527 2466 634 EPISTOLA
2531 529 3124 636 SECUNDA

1846 741 1924 782 υιζ
1969 738 2262 783 COMMUNI
2307 736 2576 782 OFFICIO.

657 893 790 961 Quia
820 893 1028 949 favente
1058 891 1282 946 Domino
1313 889 1553 944 ordinem
1585 902 1751 943 sacrm
1780 885 2065 942 oblationis
2095 885 2147 939 in
2176 886 2224 945 Α
2255 887 2586 942 conﬁcienda
2620 896 2910 956 unguenta,
2943 887 3024 943 vel
3056 887 3404 958 praeparanda
3459 889 3687 946 lucerna
3717 930 3735 957 ,
3772 893 3858 948 vel

586 987 764 1057 priore
801 985 1022 1055 epistola
1073 982 1308 1038 breviter
1354 981 1690 1051 explananda
1721 979 2148 1048 perstrinximus,

585 1093 727 1134 nunc
756 1077 966 1130 diversa
1011 1073 1260 1129 Ecclesia).
1305 1073 1587 1126 carismala
1618 1084 1720 1140 qua
1775 1070 1981 1123 ratione
2029 1068 2155 1122 sub-

585 1171 802 1233 sistant,
822 1168 971 1237 juxta
1001 1165 1142 1236 quod
1169 1164 1426 1219 Dominus
1451 1163 1603 1216 nobis
1622 1160 1918 1231 intelligere
1947 1158 2152 1226 tribuit,

586 1259 732 1317 brevi
762 1258 1003 1331 paginola
1031 1257 1486 1312 commendemus.

657 1371 992 1440 Antiplionas
1017 1384 1148 1424 vero
1184 1383 1314 1440 quas
1341 1368 1483 1423 dulci
1516 1367 1804 1422 eerimonia
1839 1368 2026 1435 psallet
2053 1367 2154 1423 Ec-

585 1465 749 1524 clesia
780 1466 904 1520 hinc
933 1472 1210 1519 traxerunt
1238 1461 1544 1519 exordium.
1586 1461 1697 1515 Rex
1740 1461 1992 1515 Salomon
2033 1475 2154 1516 cum

583 1559 801 1613 domum
829 1555 1239 1612 celeberrimum
1271 1552 1631 1617 instruxisset,
1681 1552 1875 1607 ibidem
1910 1561 2156 1608 cantores

587 1649 837 1715 instituit,
880 1647 972 1718 qui
1003 1661 1123 1702 cum
1154 1645 1382 1700 diversis
1409 1646 1623 1713 organis
1651 1643 1744 1698 Dei
1775 1643 2028 1712 magnalia
2060 1643 2155 1698 de-

585 1750 884 1806 cantarent,
909 1748 967 1796 ut
991 1741 1132 1795 inter
1161 1737 1364 1807 reliqua
1402 1747 1713 1793 ornamenta
1741 1752 1858 1805 qua:
1889 1737 2159 1807 fulgebant

587 1834 642 1890 in
663 1835 902 1903 templo,
933 1833 1096 1888 etiam
1137 1831 1314 1886 divina
1354 1829 1562 1900 eloquia
1608 1830 1746 1885 dulci
1790 1830 2157 1899 proferrentur

587 1928 799 1997 eloquio
823 1966 838 1992 ,
885 1935 944 1980 ut
995 1933 1107 1980 toto
1143 1923 1291 1996 [Leg.
1326 1922 1494 1994 tanto]
1529 1924 1644 1993 plus
1669 1923 2026 1979 delectaretur
2065 1922 2156 1978 Dei

589 2017 828 2084 verbum,
860 2025 1058 2087 quanto
1088 2014 1381 2086 elegantius
1411 2015 1722 2071 volvebatur
1769 2016 1913 2070 vocis
1943 2025 2153 2069 ornatu.

589 2110 814 2180 Propter
865 2109 1092 2166 carnalis
1140 2124 1368 2178 namque
1427 2110 1479 2164 in
1526 2108 1750 2164 ecclesia
1785 2123 1890 2163 non
1939 2115 2156 2179 propter

585 2204 880 2275 spiritualis
903 2202 1235 2258 consuetudo
1257 2210 1339 2256 est
1360 2201 1645 2257 constituta
1673 2201 1951 2266 cantandi,
1985 2211 2043 2255 ut
2065 2201 2153 2270 qui

2267 980 2495 1035 fovenda
2527 980 2891 1048 peccaminum
2923 981 3159 1036 vulnera.

2328 1072 2644 1142 Symbulum
2695 1086 2906 1140 quoque
2937 1087 3034 1140 pro
3065 1071 3164 1126 hoc
3207 1072 3638 1142 competentibus
3684 1086 3855 1141 supra

2256 1165 2459 1233 scripto
2489 1165 2576 1218 die
2602 1163 2857 1227 tradetur,
2903 1173 2961 1218 ut
2989 1165 3129 1220 sicut
3155 1165 3368 1236 quando
3388 1165 3522 1220 dixit
3545 1166 3694 1221 Deus
3733 1166 3857 1220 Fiat

2257 1254 2367 1319 lux,
2399 1254 2541 1324 quod
2573 1254 2745 1323 signat
2792 1254 3110 1308 illuminatio
3154 1256 3506 1321 credulitatis,
3556 1264 3854 1326 appareat.

2257 1346 2495 1415 Septima
2519 1346 2611 1400 Die
2635 1345 2906 1400 benedixit
2929 1355 2983 1401 et
3010 1346 3355 1401 sanctiﬁcavit
3388 1348 3440 1400 in
3465 1347 3648 1417 requie
3686 1367 3699 1400 :
3729 1348 3856 1404 ideo

2259 1437 2359 1491 hac
2413 1437 2500 1491 die
2550 1436 2681 1491 ﬁdes
2736 1437 2918 1506 populi
2968 1436 3230 1502 ﬁrmatur,
3264 1436 3564 1508 symbolum
3598 1447 3657 1492 et
3703 1438 3848 1492 lacte

2258 1528 2565 1584 chrismatis
2590 1529 2879 1595 euutritur,
2921 1529 3042 1597 quia
3100 1528 3152 1582 in
3207 1529 3294 1583 die
3337 1530 3564 1596 septima
3619 1531 3850 1597 requies

2258 1620 2456 1675 Christi
2490 1620 2541 1672 in
2573 1620 2825 1689 sepulcro
2873 1620 3101 1683 coletur,
3149 1627 3208 1673 et
3246 1619 3549 1673 declinante
3587 1617 3708 1688 jam
3764 1619 3854 1673 die

2261 1715 2590 1781 triumphum
2644 1715 3056 1770 resurrectionis
3113 1714 3255 1770 illius
3311 1724 3683 1770 consecratur.
3721 1715 3852 1770 Ideo

2263 1814 2441 1860 autem
2471 1807 2766 1862 venientem
2798 1808 3128 1861 sacerdotem
3151 1805 3451 1876 symbolum
3475 1807 3726 1874 tradere,
3751 1820 3853 1862 ex—

2261 1899 2524 1966 pandetur
2568 1914 2729 1970 super
2777 1900 3074 1954 cancellum
3108 1898 3361 1953 molliciis
3393 1898 3727 1967 plumarum,
3761 1897 3849 1952 vel

2259 1990 2483 2045 candida
2526 1992 2747 2055 sabana,
2779 2000 2832 2046 et
2856 1987 3094 2045 defertur
3122 1991 3176 2044 in
3201 1990 3386 2044 calicis
3439 1989 3655 2044 vascula
3703 1990 3850 2044 chri.

2259 2086 2448 2138 smatis
2485 2093 2538 2139 et
2564 2085 2666 2139 olei
2696 2085 3084 2148 henedicenda,
3122 2087 3206 2138 vel
3239 2085 3395 2138 codix
3421 2085 3560 2139 sacri
3595 2084 3848 2152 Evange-

2260 2175 2316 2229 lii
2375 2177 2534 2232 rubro
2583 2186 2751 2232 tectus
2793 2178 3054 2232 velamine
3081 2217 3095 2239 ,
3145 2177 3267 2245 quia
3323 2177 3549 2245 populus
3579 2175 3642 2230 ad
3682 2176 3848 2230 ﬁdem

588 2265 766 2351 {abis
813 2309 920 2350 ηοο
969 2303 1416 2364 compungam”,
1457 2293 1722 2348 suavitate
1777 2265 2154 2347 ηιοάοηητίδε,
2184 2267 2231 2326 Β
2265 2268 2486 2321 veniens
2531 2267 2770 2322 infantia:
2827 2267 3047 2336 ﬁguram
3099 2274 3264 2322 tenet.
3305 2266 3455 2321 Sicut
3485 2267 3623 2320 enim
3663 2265 3847 2320 infans

591 2397 943 2456 moveantur,
992 2396 1279 2458 pensantes
1322 2395 1520 2457 quanta
1556 2386 1625 2440 sit
1667 2385 1896 2440 dulcedo
1923 2386 2156 2439 caelestis

584 2481 798 2548 cantici,
827 2478 1041 2550 quando
1073 2479 1124 2532 in
1158 2477 1390 2532 incolatu
1421 2476 1578 2545 huius
1603 2476 1780 2530 saeculi
1809 2484 1913 2528 tam
1940 2474 2159 2544 elegan-

587 2585 672 2631 ter
696 2583 913 2630 resonat
932 2570 1172 2626 Ecclesia
1195 2569 1376 2624 laudes
1399 2567 1617 2623 Christi.
1647 2568 1947 2636 Antiphona
1979 2576 2155 2621 autem

583 2665 745 2730 dicta,
775 2663 896 2734 quia
928 2663 1076 2731 prius
1119 2661 1230 2731 ipsa
1285 2659 1628 2728 anteponitur
1652 2699 1668 2725 ,
1719 2667 1774 2714 et
1812 2661 1889 2714 sic
1935 2667 2158 2726 ponetur

593 2753 782 2825 psalmi
808 2752 1152 2819 versiculum,
1184 2764 1303 2804 cum
1327 2749 1492 2820 gloria
1515 2749 1792 2804 Trinitatis
1817 2749 2154 2814 adnectetur,

588 2860 812 2916 quarum
855 2853 1112 2915 quaterna
1169 2851 1296 2896 sunt
1347 2855 1564 2910 genera,
1596 2854 1798 2911 organo
1827 2855 1891 2894 ex
1923 2841 2158 2909 prophe-

593 2940 716 3004 tico,
748 2945 1000 3009 tympano
1032 2950 1099 2990 ex
1137 2933 1399 3004 evangelii
1426 2947 1580 2988 sacro
1614 2933 1866 2998 tonitruo,
1897 2934 1984 2987 vel
2013 2947 2159 2988 com-

589 3031 836 3103 passione
867 3029 1014 3101 [λιες.
1065 3023 1474 3096 compositione]
1519 3025 1901 3080 catholicorum
1945 3025 2159 3080 Patrum

594 3137 695 3195 pro
740 3121 929 3177 ordine
982 3131 1302 3187 temporum,
1357 3117 1438 3172 vel
1487 3116 1861 3187 deprecando,
1905 3117 1986 3171 vel
2038 3131 2160 3172 nar-

589 3213 802 3281 rando,
851 3211 938 3267 vel
984 3208 1169 3264 laudes
1222 3207 1430 3265 divinas
1483 3206 1891 3278 tympanizando
1943 3221 2161 3276 compo-

587 3305 725 3361 sitae.

658 3417 1012 3492 Responsoria
1063 3429 1191 3472 vero
1228 3429 1347 3487 quae
1411 3415 1466 3469 in
1514 3412 1712 3471 divinis
1750 3413 1938 3469 ofﬁciis
1964 3411 2052 3468 die
2073 3421 2163 3468 aut

592 3519 749 3567 nocte
768 3517 1069 3574 cantantur,
1093 3507 1161 3562 de
1185 3506 1546 3563 Pentateucho
1576 3505 1741 3576 Moysi
1769 3505 2032 3559 duxerunt
2055 3509 2162 3558 ori-

587 3603 798 3677 ginem,
848 3600 1062 3671 quando
1093 3599 1370 3654 Pharaone
1397 3597 1700 3662 submerso,
1735 3597 1900 3650 Maria
1931 3596 2162 3665 prophe-

590 3696 718 3753 tissa
759 3706 978 3748 sumens
1019 3699 1364 3760 tympanum,
1408 3688 1733 3758 praecinebat
1777 3687 2077 3753 canticum,
2109 3697 2165 3743 et

596 3785 952 3857 respondebat
975 3782 1204 3853 populus
1228 3781 1492 3836 adunatus
1518 3779 1570 3834 in
1593 3780 1780 3834 choro.
1811 3779 2008 3833 Horum
2037 3793 2166 3834 vero

591 3884 847 3948 quaterna
903 3873 1041 3927 ratio
1093 3881 1318 3936 constat,
1351 3870 1490 3925 sicut
1518 3870 1586 3924 de
1615 3868 2020 3938 Antiphonahus
2071 3885 2165 3924 su-

594 3966 774 4038 perius
796 3964 1123 4021 continetur.
1148 3963 1490 4020 Consuetudo
1518 3962 1841 4033 praecineudi
1869 3973 1920 4016 et
1946 3977 2167 4031 respon-

597 4057 758 4116 dendi
789 4071 891 4113 non
923 4056 1092 4112 solum
1148 4055 1216 4111 ad
1271 4069 1418 4110 mare
1473 4053 1708 4108 Rubrum
1735 4094 1750 4121 ,
1778 4052 1870 4107 sed
1905 4052 1958 4106 in
1991 4053 2169 4108 multis

597 4151 908 4208 Ebrazorum
984 4147 1228 4218 gentibus
1297 4145 1706 4216 comprobatur,
1771 4143 1912 4213 quod
1963 4143 2168 4213 plenius

597 4240 805 4298 Veteris
836 4239 1162 4296 Testamenti
1205 4247 1386 4294 narrat
1416 4236 1655 4292 historia.

673 4357 900 4415 Sanctus
968 4354 1110 4410 Deus
1165 4352 1603 4422 archangelorum
1661 4351 1710 4404 in
1763 4349 2168 4421 quadragesimo

595 4451 905 4506 concinetur
962 4455 1017 4504 et
1063 4460 1167 4502 non
1221 4445 1486 4500 canticum
1528 4442 1833 4510 Zachariae,
1889 4445 2013 4514 quia
2067 4443 2166 4499 ista

596 4539 888 4599 modulatio
914 4535 1264 4609 deprecabilis
1291 4543 1376 4591 est
1415 4535 1629 4605 populo,
1663 4535 1799 4590 sicut
1834 4535 1998 4590 verba
2033 4536 2167 4591 texti

593 4636 762 4707 ipsius
787 4634 1152 4691 continentur.
1183 4631 1249 4686 Et
1278 4639 1496 4701 propter
1527 4630 1628 4685 hoc
1651 4644 1754 4685 non
1785 4638 2006 4684 cauetur
2045 4645 2169 4699 pro-

594 4727 794 4800 phetia,
826 4733 1044 4796 propter
1066 4723 1206 4794 quod
1239 4732 1292 4779 et
1333 4722 1700 4792 baptisterium
1729 4722 2032 4788 claudetur;
2067 4721 2168 4777 sci-

597 4820 721 4875 licet
747 4819 869 4890 quia
918 4818 1137 4873 canonis
1180 4815 1528 4886 praacipiunt,
1565 4814 1650 4869 vel
1683 4813 2003 4883 baptismum
2034 4827 2169 4883 qua-

592 4913 907 4983 dragesima:
939 4927 1041 4968 non
1072 4919 1175 4965 est.

2263 2367 2345 2412 est
2375 2367 2524 2414 tener
2546 2370 2597 2414 et
2618 2374 2786 2415 novus
2817 2361 2868 2413 in
2897 2373 3121 2427 corpore
3152 2376 3164 2410 :
3198 2361 3266 2412 ita
3295 2357 3648 2413 caticuminus
3688 2366 3845 2424 tener

2263 2458 2318 2506 et
2343 2465 2510 2505 novus
2554 2453 2605 2506 in
2639 2453 2793 2508 ﬁdem
2822 2497 2836 2518 ,
2868 2451 3084 2506 infantis
3113 2452 3350 2506 membra
3381 2465 3543 2520 super
3574 2451 3846 2519 plumacia

2265 2553 2552 2610 ponuntur,
2597 2555 2650 2598 ut
2683 2546 2872 2599 melius
2920 2545 3204 2598 nutriatur.
3254 2542 3588 2597 Caticumino
3642 2543 3849 2596 blanda

2264 2636 2425 2691 verba
2462 2636 2670 2692 Domini
2703 2636 3066 2706 proferuntur,
3099 2651 3204 2705 quo
3241 2635 3467 2703 amplius
3519 2634 3842 2689 delectetur.

2265 2730 2384 2786 Non
2429 2730 2571 2783 enim
2612 2736 2785 2796 potest
2815 2728 3082 2782 sustinere
3140 2725 3358 2782 fortiora
3409 2733 3674 2795 praecepta
3721 2734 3848 2780 ante

2265 2838 2424 2895 quam
2456 2837 2549 2891 per
2581 2821 2900 2889 baptismum
2934 2820 3165 2889 Spiritus
3195 2819 3364 2874 sancti
3396 2819 3755 2873 conﬁrmetur
3787 2819 3847 2872 in

2264 2915 2457 2987 gratia.
2487 2911 2720 2968 Membra
2753 2912 2956 2980 parvoli
2984 2911 3286 2979 sabaua,jid
3314 2920 3396 2966 est
3427 2911 3652 2965 candido
3673 2925 3743 2966 ac
3767 2911 3848 2964 vi-

2267 3007 2359 3061 lati
2406 3005 2574 3059 linteo
2614 3011 2958 3072 exterguntur
2986 3047 2999 3067 ,
3034 3017 3099 3055 ne
3129 3002 3334 3056 corium
3382 3002 3428 3056 ei
3473 3002 3718 3056 laedatur.
3769 3002 3846 3055 ita

2265 3095 2586 3152 caticumino
2607 3093 2876 3149 subtilitas
2899 3093 3022 3147 ﬁdei
3047 3093 3284 3161 aperitur
3306 3094 3357 3146 in
3374 3093 3638 3162 symbulo,
3663 3101 3726 3149 ut
3752 3108 3847 3161 per

2266 3190 2583 3246 credulitate
2608 3195 2846 3257 tergatur
2881 3185 2948 3240 ab
2993 3186 3136 3239 omni
3185 3194 3420 3254 peccato.
3467 3184 3620 3239 Prius
3661 3185 3847 3239 liniter

2270 3298 2367 3354 per
2391 3281 2589 3337 blanda
2616 3287 2904 3350 praecepta,
2938 3292 3004 3331 ne
3031 3286 3378 3343 eanperctttr
3409 3287 3560 3330 tener
3590 3277 3641 3329 in
3682 3275 3846 3330 intel-

2267 3375 2483 3445 ligentia
2511 3417 2525 3440 ,
2579 3381 2697 3442 post
2735 3369 3049 3424 modum....
3103 3383 3196 3437 per
3238 3367 3454 3421 fortiora
3500 3367 3750 3420 mandata
3790 3375 3847 3421 ut

2269 3465 2615 3522 convalescat
2646 3477 2742 3532 per
2766 3476 2950 3530 opera.
2986 3460 3161 3514 lnfans
3182 3459 3318 3513 lacte
3342 3459 3590 3521 nutritur,
3625 3467 3677 3512 et
3706 3458 3845 3512 cati-

2268 3555 2510 3612 cumenis
2556 3554 2845 3607 chrismate
2891 3559 3172 3620 unguatur.
3216 3548 3321 3604 Lac
3360 3564 3422 3603 ex
3466 3547 3649 3602 matris
3679 3550 3849 3604 ubera

2193 3651 2237 3715 ο
2270 3655 2546 3716 suggetur,
2576 3651 2631 3698 et
2664 3642 2896 3696 chrisma
2925 3641 2976 3696 in
3008 3642 3128 3697 sinu
3154 3650 3349 3696 sancta:
3380 3641 3561 3694 matris
3592 3640 3847 3694 Ecclesia:

2267 3746 2630 3795 consecratur.

2343 3830 2503 3885 Liber
2553 3836 2732 3883 autem
2790 3825 3065 3895 Evangelii
3096 3825 3146 3878 in
3178 3823 3353 3894 specie
3375 3825 3612 3892 corporis
3640 3822 3842 3880 Christi

2281 3921 2446 3975 rubro
2477 3920 2669 3987 legitur
2697 3917 2982 3982 velamine,
3017 3916 3285 3986 sanguinis
3307 3917 3457 3986 signo
3487 3926 3841 3972 monstrante.

2270 4011 2325 4066 ln
2365 4011 2546 4066 calicis
2600 4018 2778 4063 autem
2823 4007 3072 4062 chrisma
3117 4008 3328 4064 vaseula
3359 4007 3691 4075 deferuntur,
3721 4009 3844 4078 quia

2268 4103 2446 4158 omnia
2502 4108 2836 4156 sacramenta
2883 4099 3217 4169 baptismatis
3271 4100 3322 4155 in
3362 4099 3560 4154 Christi
3592 4102 3842 4170 passione

2269 4190 2758 4246 ﬁrmantur.Vitrea
2787 4198 2965 4243 autem
2996 4189 3080 4242 vel
3109 4189 3394 4243 crlstallina
3424 4204 3549 4244 vasa
3575 4190 3843 4244 chrisma-

2271 4285 2360 4350 tis,
2383 4285 2677 4339 claritatem
2700 4284 2912 4351 signant
2942 4281 3297 4351 baptismatis.
3332 4281 3634 4337 Balsamum
3661 4292 3839 4339 autem

2270 4377 2504 4433 chrisma
2554 4376 2850 4433 conﬁcitur.
2885 4375 3164 4431 Lentiscus
3211 4392 3376 4446 genus
3419 4379 3547 4448 ligni
3605 4377 3841 4448 dicitur,

2271 4470 2413 4525 unde
2461 4469 2625 4524 risina
2683 4468 2934 4522 balsama:
2983 4467 3219 4534 tolletur,
3268 4467 3335 4522 de
3390 4470 3489 4524 hoc
3537 4471 3763 4526 lentisco
3789 4474 3840 4526 in

2271 4575 2431 4617 cruce
2460 4560 2727 4615 dominica
2762 4558 2850 4612 illa
2880 4572 3003 4626 pars
3033 4557 3197 4612 fuisse
3226 4559 3482 4626 traditur,
3514 4562 3601 4615 ubi
3630 4571 3842 4618 sanctas

2274 4668 2462 4708 manus
2489 4652 2698 4707 Domini
2727 4651 2885 4705 clavo
2909 4650 3126 4705 conﬁxit
3147 4651 3360 4721 impius,
3396 4653 3685 4722 perﬁcitur.
3722 4655 3843 4710 ideo

2273 4753 2327 4799 et
2354 4743 2521 4798 risina
2546 4743 2672 4813 ligni
2698 4740 2864 4810 ipsius
2887 4739 3298 4810 dispensante...
3331 4745 3489 4798 etiam
3519 4745 3586 4799 ab
3611 4746 3843 4815 antiquis

2274 4835 2601 4905 temporibus
2656 4833 3067 4902 imprimatis....
3136 4835 3554 4890 transfundetur.
3605 4839 3842 4908 Angelus

2271 4925 2415 4981 enim
2440 4924 2534 4978 Dei
2565 4922 2629 4976 ad
2652 4930 2856 4977 secreta
2879 4937 3042 4991 super
3063 4923 3232 4977 altare
3258 4935 3523 4994 tamquam
3549 4940 3709 4995 super
3731 4943 3844 4983 mo-

663 5022 853 5081 Oleum
900 5032 1077 5077 autem
1132 5021 1271 5090 quod
1329 5036 1449 5075 cum
1508 5020 1740 5076 chrisma
1789 5021 2163 5090 benedicitur,
2191 5021 2245 5082 D
2273 5025 2582 5072 numentum
2613 5013 2910 5077 descendit,
2944 5023 2998 5068 et
3051 5015 3218 5083 ipsam
3255 5014 3480 5070 hosﬁam
3528 5017 3794 5072 benedicit
3824 5059 3842 5087 ,

595 5128 727 5170 vece
777 5113 972 5183 psalmi
1021 5113 1365 5178 ostenditur,
1416 5112 1505 5181 qui
1537 5111 1604 5166 de
1630 5110 1844 5167 Christo
1900 5113 2166 5182 profertur

593 5205 764 5276 (Paul.
795 5217 941 5270 xuv,
973 5203 1030 5273 8)
1066 5219 1080 5256 :
1112 5201 1266 5256 σηπία
1299 5212 1344 5255 te
1392 5201 1528 5256 Deus
1564 5203 1627 5256 de
1677 5203 1786 5257 oleo
1842 5206 2032 5260 (milite
2059 5221 2165 5276 pra:

593 5296 906 5351 consortibus
938 5294 1058 5362 tuis,
1089 5294 1174 5348 vel
1205 5293 1362 5348 illud:
1401 5294 1525 5348 Uleo
1551 5303 1726 5348 sancto
1755 5310 1865 5348 meo
1892 5295 2022 5347 linui
2049 5311 2165 5348 eum

595 5387 765 5459 (Prol.
798 5401 1056 5450 sxxxvm,
1081 5384 1176 5455 21)
1203 5428 1218 5453 ,
1264 5385 1411 5454 prius
1455 5400 1583 5455 ergo
1614 5387 1943 5454 ungebantur
1968 5386 2164 5440 veteris

595 5481 737 5548 oleo,
758 5478 836 5535 sic
857 5476 1314 5548 perfundebantur
1335 5487 1624 5546 unguento.
1646 5476 1959 5546 Specialiter
1985 5485 2162 5531 autem

595 5573 770 5628 oleum
811 5568 995 5626 Graece
1044 5567 1238 5623 Latine
1272 5567 1642 5624 misericordia
1693 5567 1926 5631 dicitur,
1968 5575 2023 5622 et
2075 5580 2170 5635 per

599 5667 776 5720 oleum
806 5661 991 5719 Sancti
1024 5661 1250 5731 Spiritus
1274 5663 1443 5732 gratia
1471 5662 1798 5729 designatur.
1842 5659 1993 5713 Hunc
2022 5658 2166 5712 enim

596 5757 853 5825 liquorem
886 5755 1217 5810 consecravit
1249 5754 1387 5809 Deus
1435 5755 1489 5808 in
1541 5751 1782 5807 Ecclesia
1827 5751 1892 5806 ad
1940 5751 2166 5821 mystica

2270 5115 2443 5167 instar
2469 5112 2619 5165 illius
2652 5108 2824 5178 angeli
2853 5110 2941 5178 qui
2966 5109 3163 5164 Christi
3204 5112 3648 5167 resurrectionem
3677 5128 3842 5168 evan-

2266 5201 2534 5273 gelizavit.
2583 5201 2732 5254 Tunc
2781 5199 2947 5253 libera
2991 5201 3204 5269 lingua,
3235 5211 3289 5256 et
3320 5216 3450 5256 voce
3477 5203 3616 5256 clara
3665 5204 3839 5259 omnia

2268 5294 2474 5348 cantica
2524 5306 2641 5361 quae
2689 5291 2742 5344 in
2793 5291 3194 5361 quadragesima
3239 5293 3455 5347 fuerunt
3494 5295 3593 5348 sub
3633 5296 3843 5351 silentio

2269 5387 2449 5441 clausa
2495 5386 2843 5452 recipiuntur,
2875 5396 2928 5440 et
2972 5388 3269 5441 submersio
3301 5387 3590 5444 Pharaonis
3619 5401 3674 5444 et
3704 5391 3840 5446 San-

2270 5488 2388 5532 ctus
2417 5477 2484 5532 de
2514 5477 2658 5531 caelis
2683 5484 2738 5532 et
2769 5477 2978 5532 alleluia
3008 5493 3128 5532 cum
3173 5479 3383 5548 gaudiis
3436 5482 3560 5550 quia
3607 5484 3840 5539 surrexit

2269 5568 2546 5625 Dominus.
2583 5567 2753 5622 Media
2779 5577 2955 5622 autem
2989 5578 3144 5623 nocte
3175 5570 3227 5623 iu
3267 5569 3450 5626 ofﬁcio
3500 5584 3840 5628 consumma-

2269 5672 2373 5730 tur,
2403 5663 2529 5734 quia
2560 5661 2733 5716 media
2759 5671 2916 5716 nocte
2944 5660 3099 5729 fregit
3124 5661 3388 5717 infernum
3417 5663 3680 5729 Salvator,
3715 5677 3837 5722 tunc

2267 5753 2333 5810 ab
2352 5767 2446 5809 ore
2471 5753 2645 5809 ﬁdelis
2678 5753 2857 5822 populi
2880 5751 3014 5819 Agni
3039 5765 3166 5807 caro
3195 5753 3509 5819 comeditur,
3544 5763 3598 5809 et
3623 5757 3836 5824 sanguis
