4108 6352
288 334 358 395 97
1003 339 1362 399 EXPOSlTlO
1399 333 2016 407 BREVIS;ANTIQUZE
2057 333 2405 394 LITURGME
2443 335 2879 397 GALLICANE.
3490 340 3561 400 98

288 451 522 513 dulciter
544 454 779 522 bibatur,
799 472 896 528 per
916 457 1056 528 quod
1081 457 1258 513 omnis
1282 457 1512 512 mundus
1535 454 1712 526 pretio
1739 466 1877 523 prte-
1905 454 1957 512 Α
2058 451 2445 509 Vestimentum
2489 455 2787 524 parvolum,
2812 454 2955 525 quod
2983 471 3089 511 non
3122 457 3192 513 sit
3219 459 3273 512 in
3301 458 3406 515 alio
3436 475 3558 529 uso,

287 546 441 604 claro
467 548 771 614 redimitur,
802 559 963 620 atque
988 549 1113 606 ilico
1139 550 1364 605 discitur
1391 558 1451 604 ut
1477 547 1688 603 auroris
1713 553 1873 601 tenta:

290 639 533 696 diluculo
557 641 673 697 laus
702 643 1086 698 resurrectioni
1114 643 1326 698 Domini
1349 641 1495 698 claro
1511 639 1720 697 cantico
1749 651 1872 694 cum

294 733 760 789 benedictionibus
793 736 1117 792 celebretur.

371 825 606 881 Palleum
638 841 767 882 vero
794 827 846 882 in
875 829 1073 898 pascha
1102 844 1222 883 cum
1252 827 1627 884 tintinnabulis
1667 826 1875 882 Eucha—

291 916 445 970 ristia
481 917 688 973 velatus
718 918 886 974 instar
933 922 1128 976 veteris
1170 923 1511 987 testamenti,
1560 921 1651 976 ubi
1701 919 1877 975 tonica

287 1008 588 1065 sacerdotis
618 1012 776 1080 plena
811 1011 1174 1068 tintinnabulis
1229 1013 1444 1083 signans
1474 1013 1639 1067 verba
1683 1009 1876 1080 praedi-

287 1103 521 1157 cationis
571 1104 891 1160 OStenditur.
955 1105 1275 1160 Praacinctio
1345 1116 1521 1161 autem
1566 1103 1877 1159 vestimenti

251 1195 506 1250 candidi
537 1195 680 1264 quod
725 1196 982 1255 sacerdos
1030 1198 1394 1268 baptizaturus
1442 1197 1781 1268 praecingitur
1822 1196 1876 1250 in

286 1289 440 1360 signa
471 1289 645 1344 sancti
675 1289 899 1346 Joannis
925 1299 1135 1361 agetur,
1169 1291 1259 1361 qui
1293 1291 1616 1360 praecinctus
1641 1289 1877 1357 baptiza-

284 1381 368 1438 vit
411 1382 717 1439 Dominum.
774 1383 927 1441 Albis
978 1394 1157 1441 autem
1192 1385 1430 1440 vestibus
1461 1383 1513 1437 in
1563 1381 1766 1438 Pascha
1798 1383 1878 1436 in-

288 1474 488 1530 duetur
534 1476 829 1532 secundum
887 1477 1030 1548 quod
1076 1478 1296 1547 angelus
1342 1479 1408 1531 ad
1467 1486 1876 1534 monumentum

285 1565 428 1621 albis
458 1565 698 1621 vestibus
724 1577 1056 1624 cerneretur.
1090 1568 1240 1623 Albae
1269 1569 1467 1625 etenim
1521 1570 1684 1625 vestis
1727 1569 1879 1625 exul-

287 1656 549 1713 tationem
578 1659 900 1725 signiﬁcant.

365 1747 554 1804 Casula
601 1766 758 1820 quam
804 1752 1167 1821 amphibalum
1199 1767 1416 1821 vocant,
1450 1755 1592 1825 quod
1623 1755 1875 1810 sacerdos

1979 540 2081 597 nisi
2101 541 2168 596 ad
2189 543 2636 614 frequentandum
2658 544 3007 614 sacriﬁcium,
3032 549 3116 602 vel
3133 548 3400 620 signiﬁcat
3417 550 3560 621 quod

1977 650 2088 691 non
2112 649 2408 706 graventur
2435 653 2628 696 manus
2659 649 2861 696 nostra:
2884 640 3181 698 honoribus
3209 643 3414 709 saeculi,
3463 644 3561 701 sed

1977 729 2383 788 circumdentur
2432 733 2647 790 subtilia
2696 736 2952 791 exercitia
3012 736 3383 792 mandatorum
3441 735 3562 794 Dei.

1978 822 2232 880 Prohibet
2252 836 2430 882 autem
2460 828 2668 883 manica
2699 829 2875 883 tonica
2898 842 2967 883 ne
2991 837 3246 898 appareat
3270 828 3376 884 vile
3402 829 3566 886 vesti-

1979 927 2243 985 mentum,
2290 928 2382 976 ant
2418 936 2759 993 quocumque
2789 923 3068 994 indignum
3097 933 3294 979 tactum
3323 924 3564 982 sordium

1979 1023 2140 1080 super
2170 1011 2348 1068 divina
2378 1015 2667 1084 sacriﬁcia,
2704 1030 2810 1086 quo
2835 1031 3025 1073 manus
3068 1015 3410 1075 immolantes
3453 1017 3565 1076 dis-

1979 1113 2219 1158 CUPl‘Ul‘Il.

2050 1194 2215 1250 Albas
2262 1211 2418 1265 vero,
2473 1213 2606 1268 quas
2635 1199 2816 1257 levita:
2847 1209 3090 1266 tttuntur,
3122 1201 3243 1258 ideo
3268 1209 3568 1259 statuerunt

1983 1297 2184 1355 patres,
2209 1288 2334 1358 quia
2361 1289 2412 1342 in
2438 1289 2760 1348 vestimento
2788 1292 2958 1348 tincto
2985 1308 3093 1348 non
3115 1292 3195 1348 sic
3215 1301 3440 1364 apparet
3459 1292 3567 1349 cito

1980 1380 2188 1434 macula
2219 1381 2491 1450 quomodo
2537 1382 2591 1438 in
2621 1383 2744 1440 albo
2777 1403 2787 1438 :
2821 1393 2877 1440 et
2918 1385 3165 1442 minister
3204 1386 3388 1442 altaris
3441 1386 3569 1443 ideo

1983 1471 2169 1537 utitur,
2217 1481 2274 1526 ut
2314 1475 2566 1530 observet
2598 1484 2654 1531 et
2682 1485 2868 1531 caveat
2898 1492 3112 1533 omnem
3169 1478 3434 1534 maculam
3459 1521 3474 1546 ,
3508 1485 3568 1536 et

1980 1563 2290 1620 nullatenus
2310 1568 2634 1623 vestimenta
2650 1568 3070 1625 ministrantium
3085 1571 3170 1626 vel
3197 1572 3399 1627 leviore
3421 1578 3566 1628 tactu

1980 1667 2275 1727 appareant
2325 1660 2543 1716 sordida
2572 1677 2586 1727 ;
2612 1661 2708 1718 sed
2736 1663 2962 1719 candida
2993 1665 3104 1719 sint
3123 1665 3359 1720 exterius
3391 1674 3562 1731 veste,

1981 1748 2206 1804 interius
2231 1761 2431 1807 mente.
2464 1753 2639 1809 Sirico
2662 1764 2753 1809 aut
2786 1755 2988 1811 vellere
3019 1757 3195 1823 ﬁctur,
3228 1756 3355 1827 quia
3384 1756 3563 1814 Domi-

285 1839 563 1908 induetur,
597 1850 705 1898 tota
739 1844 886 1898 unita
917 1860 1011 1914 per
1037 1845 1271 1916 Moysem
1317 1847 1590 1916 legilerum
1633 1848 1873 1902 instituta
1904 1844 1951 1904 B
1980 1857 2078 1896 nus
2107 1843 2475 1900 sacerdotibus
2513 1845 3058 1903 ideoexindehabere
3081 1847 3390 1903 indumenta
3413 1864 3570 1904 man-

287 1937 542 2006 primitus
587 1937 1009 1994 demonstratur.
1064 1939 1233 1995 iussit
1287 1956 1415 2010 ergo
1463 1942 1721 1996 Dominus
1762 1941 1877 1996 ﬁeri

285 2029 667 2085 dissimil’atum
712 2032 1135 2098 vestimentum,
1187 2043 1243 2088 ut
1295 2035 1452 2089 talem
1496 2036 1749 2090 sacerdos
1801 2035 1873 2088 in-

283 2121 487 2190 duerit,
514 2124 669 2193 quale
701 2125 846 2180 indui
879 2127 1108 2195 populus
1134 2143 1239 2183 non
1270 2128 1584 2183 auderetur.
1614 2129 1737 2185 Ideo
1761 2130 1878 2185 sine

285 2215 551 2282 manicas,
585 2217 706 2286 quia
738 2218 990 2273 sacerdus
1022 2220 1201 2288 potius
1247 2220 1518 2276 benedicit
1562 2237 1725 2292 qnam
1774 2225 1876 2278 mi-

283 2305 503 2359 nistrat.
535 2306 656 2362 ldeo
680 2308 829 2362 unita
859 2309 1160 2378 prinsecus,
1189 2325 1294 2364 non
1317 2311 1508 2378 scissa,
1536 2328 1644 2367 non
1667 2322 1874 2382 aperta;

287 2395 414 2464 quia
447 2397 630 2451 multae
661 2407 787 2452 sunt
815 2397 1111 2468 Scriptura:
1142 2415 1310 2456 sacrae
1341 2410 1546 2457 secreta
1576 2407 1833 2473 mysteria
1860 2447 1875 2472 ,

289 2499 413 2553 qua:
442 2488 592 2556 quasi
623 2488 724 2544 sub
755 2488 929 2559 sigillo
959 2491 1226 2547 sacerdoﬁ
1257 2493 1447 2549 doctus
1472 2491 1635 2551 debet
1653 2498 1880 2553 abscon-

289 2576 444 2648 dere,
477 2589 532 2636 et
563 2582 823 2638 unitatem
874 2583 1001 2641 ﬁdei
1054 2589 1355 2656 custodire,
1411 2608 1518 2649 non
1562 2594 1616 2648 in
1673 2593 1880 2653 haerese

287 2669 375 2726 vel
406 2672 698 2728 schismata
725 2675 1018 2734 declinare.

364 2763 605 2820 Pallenm
663 2781 792 2822 vero
839 2770 979 2838 quod
1032 2772 1171 2829 circa
1223 2776 1360 2831 collo
1393 2794 1560 2850 usque
1595 2780 1662 2836 ad
1693 2791 1879 2850 pectus

288 2854 461 2923 venit,
492 2855 758 2912 rationale
784 2859 1071 2931 vocabatur
1100 2865 1152 2917 in
1185 2875 1367 2922 vetere
1397 2877 1738 2936 testamento,
1771 2875 1878 2929 sci-

288 2948 420 3005 licet
453 2949 662 3020 signum
693 2953 998 3010 sanctitatis
1045 2972 1206 3028 super
1258 2963 1570 3019 memoriam
1600 2969 1830 3036 pectoris
1861 3013 1875 3037 ,

289 3042 503 3099 dicente
532 3046 790 3115 propheta
817 3061 882 3103 ex
914 3063 1145 3118 persona
1173 3052 1382 3110 Domini
1412 3057 1640 3127 Spiritus
1673 3059 1881 3116 Domini

289 3150 446 3200 super
467 3151 564 3189 me.
597 3137 663 3192 Et
693 3146 813 3207 post
850 3154 1038 3211 pauca,
1068 3153 1122 3197 ut
1152 3161 1390 3212 ponerem
1435 3150 1656 3219 gloriam
1702 3151 1878 3223 lugen-

293 3229 425 3280 tibus
467 3228 629 3296 Sion,
685 3241 733 3285 et
787 3233 966 3288 darem
993 3236 1064 3289 eis
1101 3253 1342 3292 coronam
1374 3257 1466 3309 pro
1494 3243 1678 3309 cinere,
1713 3246 1880 3300 oleum

291 3321 474 3388 gaudii
522 3340 615 3391 pro
652 3323 792 3379 luctu
825 3325 980 3398 (Isai.
1008 3345 1095 3384 LXI
1125 3372 1140 3397 ,
1188 3334 1265 3401 5).
1300 3333 1532 3389 l’alleum
1567 3336 1752 3393 laudes
1783 3354 1879 3408 pro

291 3412 487 3480 spiritu
517 3417 781 3471 maeroris.
818 3418 969 3486 Quod
1010 3431 1188 3477 autem
1230 3425 1368 3480 collo
1398 3425 1567 3499 cingit
1594 3468 1610 3493 ,
1642 3429 1878 3500 antiqua:

303 3509 704 3566 consuetudinis
762 3521 865 3583 est,
893 3515 1013 3583 quia
1047 3531 1203 3587 reges
1233 3530 1284 3575 et
1311 3522 1619 3578 sacerdotes
1649 3525 1881 3580 circum-

295 3597 405 3652 dati
437 3608 590 3654 erant
634 3602 808 3672 palleo
867 3615 1021 3663 veste
1059 3608 1320 3680 fulgente,
1353 3615 1493 3683 quod
1526 3618 1693 3686 gratia
1737 3633 1878 3686 pra:-

293 3690 559 3759 signabat.
579 3692 730 3761 Quod
753 3707 930 3752 autem
953 3699 1177 3756 ﬁmbriis
1195 3705 1509 3762 vestimenta
1524 3710 1879 3766 sacerdotalia

291 3783 672 3852 adnectuntur,
709 3788 964 3845 Dominus
1005 3792 1170 3864 Moysi
1224 3799 1476 3867 prmi-epit
1517 3800 1568 3854 in
1609 3801 1876 3870 Numeris,

292 3884 354 3933 ut
379 3893 474 3948 per
499 3889 730 3949 quatuor
760 3884 981 3954 angulos
1012 3887 1308 3955 palleorum
1333 3890 1433 3946 ﬁlii
1455 3892 1618 3949 Israel
1643 3894 1882 3952 ﬁmbrias

293 3974 554 4044 facerent,
604 3988 660 4034 ut
708 3981 938 4050 populus
977 3982 1188 4039 Domini
1225 4001 1332 4042 non
1364 3988 1534 4042 solum
1565 4004 1751 4059 Opere,
1787 3995 1880 4048 sed

295 4067 459 4122 etiam
489 4078 544 4124 et
575 4072 774 4126 vestitu
803 4075 1174 4132 mandatorum
1211 4078 1301 4134 Dei
1343 4080 1554 4149 signum
1585 4094 1844 4153 portaret.

369 4159 634 4230 Malnualia
657 4178 809 4231 vero,
841 4165 982 4223 idest
1008 4170 1247 4227 manicas
1270 4171 1492 4228 induere
1514 4175 1883 4232 sacerdotibus

298 4268 420 4309 mos
448 4265 530 4312 est
559 4258 728 4314 instar
759 4261 1087 4319 armillarum
1113 4306 1128 4332 ,
1159 4282 1291 4336 quas
1319 4284 1499 4339 regum
1529 4272 1612 4326 vel
1635 4275 1886 4328 sacerdo-

297 4356 412 4403 tum
440 4350 657 4407 brachia
689 4356 1218 4426 constringebantur.
1249 4361 1373 4416 ldeo
1403 4371 1578 4418 autem
1606 4379 1672 4420 ex
1711 4365 1884 4434 quoli-

297 4439 390 4496 bet
417 4444 655 4512 pretioso
685 4447 899 4514 vellere,
932 4465 1037 4505 non
1070 4453 1270 4508 metalli
1317 4454 1512 4511 duritia
1554 4467 1759 4521 extant,
1795 4459 1881 4515 vel

298 4544 359 4590 ut
386 4550 574 4592 omnes
603 4542 964 4597 communiter
991 4543 1324 4612 sacerdotes,
1353 4547 1510 4603 etiam
1533 4548 1760 4606 minoris
1791 4551 1879 4606 di-

295 4627 517 4696 gnitatis
540 4629 594 4684 in
625 4632 823 4688 saeculo
847 4633 1054 4692 facilius
1087 4635 1382 4693 inveniant.

1985 1933 2152 2000 davit,
2185 1943 2242 1988 ut
2272 1951 2458 1992 eorum
2489 1940 2657 1993 vestis
2686 1954 2840 2008 spem
2869 1940 3280 1995 resurrectionis
3313 1940 3562 1997 ostende-

1984 2035 2083 2081 ret.
2113 2027 2288 2082 Sirico
2319 2029 2460 2083 enim
2493 2029 2560 2084 de
2586 2030 2736 2100 ligno
2768 2046 2864 2100 per
2892 2047 3076 2087 verme
3128 2031 3302 2088 ﬁctur.
3355 2031 3567 2088 Vermis

1986 2127 2104 2187 post
2147 2129 2373 2176 mortem
2408 2121 2650 2188 procedit
2681 2122 2736 2175 in
2789 2123 2927 2178 alate
2955 2164 2970 2188 ,
3002 2132 3054 2178 et
3083 2131 3204 2192 post
3232 2137 3482 2178 occasum
3513 2131 3568 2179 et

1983 2210 2217 2265 volatum
2273 2211 2512 2282 ﬁgurans
2552 2212 2822 2268 Christum
2852 2254 2866 2280 ,
2933 2216 3025 2284 qui
3073 2230 3140 2270 ex
3193 2216 3339 2287 ligno
3384 2215 3565 2272 crucis

1985 2305 2269 2374 quiescens
2292 2305 2344 2360 in
2375 2305 2660 2376 sepulchro
2693 2317 2964 2377 tamquam
3007 2308 3207 2365 vermis
3258 2308 3474 2363 clausus
3509 2307 3565 2364 in

1983 2399 2196 2454 sacculo
2227 2412 2472 2470 angusto,
2508 2401 2740 2456 surrexit
2793 2401 2861 2456 de
2892 2402 3098 2457 tumulo
3123 2443 3137 2468 ,
3194 2409 3248 2457 et
3299 2401 3364 2455 ad
3404 2400 3564 2457 caelos

1981 2493 2177 2547 sumsit
2223 2493 2479 2548 volatum.
2531 2493 2764 2548 Alterius
2812 2507 2941 2549 vero
2994 2493 3210 2550 velleris
3264 2492 3382 2546 alba
3411 2492 3568 2548 inno-

1982 2587 2213 2641 centiam
2249 2596 2454 2643 tantum
2499 2589 2622 2643 vitae
2667 2589 3058 2644 demonstrant.
3092 2587 3222 2644 Alba
3253 2596 3429 2642 autem
3460 2603 3570 2642 non

1981 2680 2369 2749 constringitur
2391 2680 2629 2751 cingulo,
2652 2681 2748 2737 sed
2783 2696 3046 2751 suspensa
3086 2684 3217 2752 tegit
3244 2681 3418 2736 levita:
3447 2695 3570 2737 cor-

1981 2773 2287 2843 pusculum,
2315 2775 2440 2843 quia
2482 2774 2660 2829 omnis
2697 2775 3039 2830 conversatio
3068 2773 3306 2830 Levitica
3338 2773 3392 2828 in
3423 2773 3569 2830 desi-

1981 2865 2133 2919 derio
2162 2866 2395 2922 czelestis
2422 2869 2609 2936 patriae
2630 2882 2660 2921 a
2691 2867 2918 2924 terrenis
2949 2866 3200 2936 operibus
3244 2865 3403 2922 debet
3447 2878 3572 2924 esse

1982 2973 2266 3027 suSpensa,
2303 2974 2405 3014 nec
2443 2960 2657 3029 cingulo
2687 2969 3027 3030 peccatorum
3057 2959 3366 3015 constricta.

2057 3049 2208 3106 Stola
2261 3061 2438 3105 autem
2489 3065 2647 3120 quam
2701 3065 2866 3121 super
2910 3050 3032 3106 alba
3061 3050 3318 3106 diaconus
3348 3049 3566 3117 induit,

1987 3142 2252 3211 signiﬁcat
2278 3144 2588 3198 subtilitatis
2617 3144 3026 3214 intelligentiam
3057 3144 3110 3199 in
3154 3143 3335 3200 divina
3367 3150 3571 3215 myste-

1909 3218 1954 3279 (Σ
1986 3236 2086 3300 ria,
2119 3237 2245 3291 licet.
2273 3238 2442 3291 veteri
2469 3238 2605 3292 stola
2628 3238 2912 3294 induentes
2937 3238 3188 3309 gaudium
3211 3239 3569 3295 solemnitatis

1991 3344 2049 3384 se
2074 3329 2274 3385 habere
2298 3329 2687 3385 monstrabant.
2713 3331 2782 3386 Et
2809 3346 2906 3400 pro
2942 3333 3041 3388 hac
3068 3346 3227 3388 causa
3255 3333 3310 3388 in
3337 3331 3570 3403 quadra-

1987 3423 2193 3490 gesima
2226 3435 2322 3489 pro
2351 3420 2727 3478 humiliatione
2756 3436 2862 3476 non
2894 3431 3102 3491 utetur,
3133 3423 3274 3477 sicut
3301 3436 3399 3478 nec
3429 3422 3572 3479 alle-

1989 3512 2092 3568 luia
2127 3513 2180 3567 in
2212 3521 2393 3569 nostra
2425 3511 2666 3568 Ecclesia
2702 3555 2715 3578 ,
2766 3512 2994 3569 Sanctus
3024 3554 3039 3578 ,
3097 3513 3182 3569 vel
3241 3513 3520 3583 prophetia
3551 3555 3567 3582 ,

1991 3609 2248 3679 hymnum
2281 3607 2440 3662 trium
2473 3621 2784 3676 puerorum,
2811 3607 2895 3662 vel
2925 3605 3192 3661 canticum
3218 3605 3380 3662 Rubri
3407 3605 3572 3662 maris

1989 3700 2096 3755 illis
2125 3700 2315 3755 diebus
2349 3699 2724 3755 decantantur.
2758 3699 2907 3755 Stola
2943 3698 3063 3753 allia
3095 3711 3326 3768 namque
3351 3697 3574 3768 angelus

1989 3793 2308 3860 praecinctus
2356 3791 2604 3860 apparuit
2652 3789 2867 3861 quando
2898 3790 3092 3846 sedens
3122 3790 3180 3843 in
3221 3797 3569 3844 monumento

1989 3885 2203 3939 Domini
2236 3925 2253 3951 ,
2294 3884 2688 3939 solemnitatem
2728 3883 3138 3939 resurrectionis
3180 3881 3321 3936 illius
3350 3881 3575 3936 nuncia-

1990 3977 2086 4031 vit.
2121 3977 2242 4032 Ideo
2274 3977 2328 4031 in
2377 3977 2792 4045 Quadragesima
2850 3975 3242 4044 prohibendum
3299 3975 3415 4031 haec
3445 3989 3576 4031 can-

1992 4068 2118 4136 tica,
2152 4068 2276 4138 quia
2306 4067 2540 4124 caelestia
2565 4076 2620 4123 et
2648 4068 2887 4138 angelica
2927 4077 3073 4123 sunt.
3123 4068 3199 4125 De
3244 4067 3392 4124 caelis
3430 4067 3576 4124 enim

1991 4160 2241 4215 columna
2272 4161 2409 4230 lgnis
2441 4161 2494 4214 in
2521 4169 2700 4226 nocte,
2731 4171 2785 4216 et
2812 4161 3060 4216 columna
3081 4162 3238 4217 nubis
3269 4162 3323 4216 in
3348 4161 3456 4229 die,
3480 4175 3576 4216 an-

1993 4252 2144 4320 gelus
2170 4252 2222 4306 in
2257 4253 2470 4307 camino
2499 4251 2732 4308 ﬂammae
2786 4253 2840 4308 in
2891 4253 3039 4308 czelis
3089 4253 3270 4308 audita
3301 4260 3406 4308 est.
3431 4250 3576 4308 Alle-

1993 4345 2101 4400 luia
2126 4344 2214 4400 vel
2236 4345 2416 4400 Sancti
2441 4354 2466 4382 ο
2498 4353 2744 4402 tacentur
2769 4360 2898 4416 ergo
2923 4347 2976 4400 in
3000 4346 3335 4416 poenitentia,
3364 4355 3421 4401 ut
3436 4359 3575 4402 nova

1993 4441 2121 4495 ﬁant
2154 4441 2208 4494 in
2260 4440 2676 4497 Resurrectione
2722 4440 2993 4496 dominica
3022 4440 3237 4510 quando
3266 4449 3578 4496 reserantur

1992 4541 2047 4588 et
2071 4532 2360 4602 baptisma.
2405 4532 2630 4603 Oportet
2675 4547 2807 4604 ergo
2852 4532 3013 4589 levita
3070 4531 3342 4589 czelestem
3399 4539 3578 4589 cantet

1993 4624 2281 4681 canticum.

376 4787 805 4876 f‘ld‘estbre-ves
836 4793 1242 4876 orationesillze
1271 4812 1389 4867 qua:
1423 4814 1453 4854 a
1499 4801 1665 4858 verbo
1704 4802 1927 4859 Sanctus
1966 4802 2334 4876 incipiebant,
2380 4803 2566 4874 quales
2608 4802 2964 4859 cantabantur
3013 4809 3139 4858 ante
3193 4800 3526 4870 prophetiam
3555 4838 3579 4866 ,

299 4868 429 4914 ante
457 4867 514 4914 et
543 4870 662 4930 post
691 4864 1060 4935 Evangelium.
1121 4871 1130 4880 ‘

377 4996 647 5079 Nora._ln
675 5000 772 5056 hac
810 5001 867 5058 S.
891 5003 1162 5079 _Germani
1197 5006 1534 5079 Expositicme
1563 5009 1863 5067 recudenda
1897 5008 2330 5068 Mabillonianum
2357 5007 2654 5079 exemplar,
2683 5009 2819 5075 sive,
2849 5009 2990 5078 quod
3019 5008 3158 5063 idem
3185 5017 3296 5075 est,
3330 5008 3569 5064 codicem

304 5065 844 5154 Augustodunensem
872 5075 939 5130 de
966 5077 1130 5154 verbo
1156 5078 1223 5132 ad
1248 5065 1473 5154 verbum
1502 5065 2130 5154 exscripsimusflllenda
2161 5083 2320 5153 igitur
2351 5065 2541 5152 quibus
2582 5065 2688 5138 non
2718 5065 2887 5139 semel
2929 5065 3173 5152 Syntaxis
3213 5065 3448 5144 laeditur,
3493 5081 3577 5133 cui

305 5153 405 5208 par
429 5149 512 5198 est
549 5141 750 5199 tribuat
775 5145 942 5202 lector
981 5148 1296 5208 benevolus.
1335 5149 1476 5206 Edit.
