4108 6352
585 330 690 389 I03
1296 317 1640 377 APPENDIX
1679 315 1772 374 AD
1810 311 2040 370 OPERA
2079 303 2325 366 SANCTI
2365 302 2672 362 GERMANI
2712 299 3151 358 PARISIENSIS.
3655 341 3660 345 Α
3783 291 3882 348 IN

588 440 964 500 deﬁcientibus
986 438 1185 510 quippe
1213 436 1422 491 idoneis
1449 433 1608 503 hujus
1634 430 1714 487 rei
1741 423 2118 485 monumentis.
2144 421 2278 479 Illud
2308 420 2447 492 apud
2473 433 2662 475 omnes
2695 419 2745 472 in
2778 415 3024 472 confesso
3049 426 3130 470 est
3153 455 3167 480 ,
3195 412 3487 485 Liturgiam
3512 411 3877 468 Gallicanam

586 534 852 606 principio
879 547 909 587 a
939 505 1179 586 Romana
1209 528 1379 584 fuisse
1420 528 1684 582 diversam
1710 565 1724 588 ,
1761 521 1982 591 ejusque
2015 516 2370 572 mutationem
2399 523 2522 569 ante
2561 527 2758 568 annum
2789 509 2986 566 Christi
3029 507 3531 580 octingentesimum
3570 505 3883 577 contigisse

586 627 766 685 Caroli
798 625 968 697 Magni
999 622 1321 694 principatu.
1359 623 1402 677 Is
1436 619 1576 675 enim
1605 616 1775 672 sancti
1807 611 2046 685 Gregorii
2074 607 2596 673 Sacramentarium,
2631 619 2736 672 quo
2778 603 3006 658 Romani
3040 604 3092 658 in
3120 605 3289 658 sacris
3331 600 3631 656 utebantur
3653 639 3670 660 .
3722 605 3884 653 utun-

595 736 787 796 turque
810 692 970 778 etiam
999 692 1143 776 nunc
1170 761 1184 785 ,
1207 721 1274 777 ab
1304 720 1539 776 Adriano
1561 730 1695 786 papa
1728 713 1900 782 primo
1925 706 2197 777 suscepit,
2232 705 2374 761 edito
2401 701 2690 772 Capitulari
2712 740 2728 769 ,
2759 709 2819 756 ut
2845 699 3005 756 missa
3037 699 3088 754 in
3112 707 3386 770 posterum
3409 697 3599 753 ordine
3633 692 3875 748 Romano

589 825 643 880 in
675 819 962 876 Gallicanis
987 817 1228 873 ecclesiis
1263 815 1646 870 celebraretur.

665 914 728 968 Il.
766 912 1021 979 Quanam
1061 907 1224 964 fuerit
1263 906 1484 976 hujusce
1530 900 1841 958 mutationis
1869 910 2060 960 causa,
2121 895 2175 950 in
2223 892 2472 960 ambiguo
2502 898 2603 944 est.
2650 887 2763 943 Hoc
2801 888 2917 943 sine
2961 885 3278 942 temeritatis
3319 894 3446 940 nota
3482 883 3683 939 dicere
3727 880 3891 949 licet,

601 976 896 1063 Adrianum
940 1004 992 1058 id
1021 1004 1153 1058 sat-is
1194 1000 1368 1071 egisse
1403 998 1544 1070 apud
1585 995 1836 1052 Carolum
1868 993 1999 1062 :qui
2030 989 2205 1054 ultro,
2236 996 2296 1042 ut
2325 985 2568 1040 Romano
2597 982 2838 1056 pontifici
2882 981 3303 1052 gratiﬁcaretur,
3353 976 3554 1048 petenti
3603 976 3889 1029 annuerit.

603 1099 748 1156 Idem
776 1109 973 1167 magno
1012 1069 1289 1149 molimine
1315 1069 1529 1145 tandem
1560 1089 1721 1142 evicit
1750 1083 2037 1156 Gregorius
2069 1080 2155 1135 VII
2189 1078 2329 1149 apud
2363 1077 2626 1145 IliSpanos
2645 1119 2659 1142 ,
2684 1075 2774 1145 qui
2796 1074 2864 1128 ab
2892 1074 3047 1128 avitis
3073 1083 3127 1128 et
3156 1072 3340 1143 patriis
3371 1071 3566 1125 ritibus
3596 1069 3892 1137 agerrime

595 1159 980 1249 discesserunt.
1012 1187 1271 1242 Nimirum
1297 1185 1413 1238 haec
1433 1195 1647 1250 semper
1678 1176 1895 1232 fuerunt
1917 1187 2246 1228 summorum
2270 1168 2579 1241 pontificum
2609 1166 2986 1222 ardentissima
3012 1165 3185 1219 studia
3205 1205 3220 1229 ,
3252 1171 3312 1218 ut
3331 1162 3595 1216 Romana
3626 1159 3891 1214 Ecclesia

597 1286 735 1342 ritus
763 1285 884 1339 aliis
917 1281 1175 1337 Ecelesiis
1198 1276 1556 1347 approbarent
1585 1286 1647 1326 ac
1677 1268 2064 1340 persuaderent
2091 1308 2105 1332 ,
2135 1267 2233 1321 rati
2265 1265 2318 1320 id
2349 1264 2490 1334 quod
2517 1278 2603 1318 res
2626 1269 2744 1318 erat
2769 1305 2782 1328 ,
2815 1275 2908 1315 eas
2939 1258 3143 1313 facilius
3176 1258 3229 1312 in
3261 1273 3366 1311 una
3395 1255 3520 1310 ﬁdei
3553 1264 3906 1336 morumque,

600 1375 924 1441 concordia,
954 1380 1114 1442 atque
1161 1371 1214 1425 in
1258 1369 1512 1422 Romana
1556 1361 1811 1418 Ecclesia
1853 1359 2111 1428 obsequio
2157 1358 2507 1427 perstituras,
2540 1356 2584 1408 si
2616 1352 2821 1409 eisdem
2852 1350 3223 1416 caeremoniis,
3255 1349 3556 1416 eademque
3602 1357 3898 1412 sacrorum

600 1415 924 1441 νυυυνιυιυιν
954 1415 1114 1442 *νει-ι·-
1161 1415 1214 1425 --
1258 1415 1508 1422 --ν--------
1556 1415 1655 1418 -νί
1696 1415 1706 1416 κ
2003 1415 2018 1428 .
2158 1415 2174 1427 ,
2495 1415 2503 1420 ,
3211 1415 3216 1416 γ
3472 1415 3478 1416 7

599 1470 772 1526 forma
811 1466 1236 1522 continerentur.
1280 1459 1355 1513 Ea
1388 1470 1540 1511 mens
1568 1451 1666 1508 fuit
1707 1450 2004 1506 Innocentii
2049 1449 2067 1503 I
2108 1450 2161 1502 in
2198 1447 2424 1517 epistola
2461 1446 2528 1501 ad
2563 1444 2874 1501 Decentium
2919 1444 3226 1513 episcopum
3276 1440 3624 1510 Eugubinum
3660 1454 3676 1492 :
3708 1415 3912 1512 eadem:

598 1568 760 1626 etiam
791 1564 1033 1621 omnium
1064 1559 1326 1629 cujusque
1356 1552 1506 1621 regni
1547 1557 1644 1605 aut
1687 1545 1978 1618 provincia
2005 1545 2395 1615 pracipuorum
2425 1541 2724 1596 antistitum
2747 1582 2761 1607 ,
2795 1537 2989 1610 quibus
3021 1537 3135 1591 hac
3175 1539 3226 1590 in
3260 1535 3446 1605 primis
3479 1549 3619 1588 cura
3656 1532 3801 1599 fuit,
3846 1517 3908 1629 ui

602 1568 760 1626 etiam
791 1564 1033 1621 omnium
1064 1559 1326 1629 cujusque
1356 1552 1506 1621 regni
1547 1557 1644 1605 aut
1687 1545 1978 1618 provincia
2005 1545 2395 1615 pracipuorum
2425 1541 2724 1596 antistitum
2747 1582 2761 1607 ,
2795 1541 2989 1610 quibus
3021 1541 3135 1591 hac
3175 1541 3226 1590 in
3260 1541 3446 1605 primis
3479 1549 3619 1588 cura
3656 1541 3763 1588 fuit
3786 1576 3801 1599 ,
3846 1541 3918 1670 ur

602 1663 670 1718 ad
702 1658 1024 1716 uniformem
1057 1651 1274 1707 modum
1301 1659 1487 1703 omnes
1514 1642 1614 1697 sibi
1644 1640 1872 1696 subdita
1903 1638 2158 1694 Ecclesia
2189 1642 2660 1705 componerentur.
2704 1631 2779 1686 Ita
2825 1631 3070 1686 Patribus
3111 1629 3325 1684 concilii
3349 1644 3398 1682 IV
3421 1627 3683 1682 Toletani
3711 1668 3728 1693 ,
3771 1625 3911 1708 Brar

603 1691 670 1718 ilu
703 1691 868 1716 UIHIUI
884 1691 1024 1712 unum
1057 1691 1274 1707 uului-u-
1303 1691 1487 1703 ν--ο--ν-
1515 1691 1614 1697 --η-
1644 1691 1735 1696 -μ-
1752 1691 1867 1695 --ηψ
1904 1691 2004 1694 _--
2044 1691 2057 1692 κ
2317 1691 2332 1705 Ι
3715 1691 3720 1693 Ἴ

603 1754 842 1812 carensis
868 1751 916 1819 I,
950 1757 1005 1804 et
1038 1741 1402 1802 Gerundensis
1423 1737 1564 1808 apud
1592 1737 1856 1805 Hispanos
1886 1741 2045 1802 atque
2067 1729 2308 1785 Venetici
2337 1735 2392 1784 et
2418 1727 2750 1797 Epaonensis
2781 1725 2923 1796 apud
2967 1723 3146 1778 Gallos
3169 1723 3338 1776 visum
3369 1729 3472 1775 est.
3499 1719 3660 1774 lianc
3695 1691 3890 1789 ritum.

603 1845 657 1903 in
710 1846 905 1901 divinis
952 1839 1150 1897 ofﬁciis
1181 1833 1522 1891 concordiam
1563 1842 1888 1900 magnopere
1918 1833 2202 1889 curarunt,
2238 1831 2375 1877 teste
2423 1821 2702 1885 Cassiano,
2733 1820 2897 1874 etiam
2946 1817 3101 1887 primi
3155 1815 3279 1868 vita
3335 1812 3609 1882 religiosa
3663 1805 3872 1883 instﬁ'u.

607 1948 754 1993 tores
780 1955 794 1991 :
817 1935 1107 1989 «Verentes
1139 1927 1366 1994 scilicet,
1397 1938 1466 1979 ne
1496 1937 1600 1992 qua
1627 1922 1679 1974 in
1711 1916 2034 1989 quotidianis
2053 1913 2479 1970 solemnitatibus
2503 1913 2641 1967 inter
2666 1911 2812 1965 viros
2852 1907 3092 1979 ejusdem
3120 1907 3344 1961 cultura
3391 1913 3686 1961 consortes
3715 1902 3853 1977 disso

612 2030 793 2089 nantia
823 2026 908 2081 vel
936 2025 1165 2079 varietas
1195 2028 1399 2085 exorta,
1434 2014 1756 2087 quandoque
1787 2013 1838 2066 in
1873 2019 2144 2082 posterum
2175 2006 2397 2073 erroris,
2418 2005 2502 2062 vel
2534 2003 2921 2068 amulationis,
2950 2017 3047 2057 seu
3072 1998 3386 2057 schismatis
3415 2001 3645 2055 noxium
3677 2012 3888 2072 germen

609 2124 914 2188 emitteret,
954 2139 971 2171 ι
1009 2127 1064 2173 ut
1092 2116 1208 2184 ipse
1232 2113 1418 2168 scribit
1443 2110 1496 2165 in
1526 2108 1621 2164 lib.
1652 2123 1691 2161 ιι
1722 2107 2118 2170 Institutorum,
2147 2116 2266 2169 cap.
2298 2101 2352 2156 5.

685 2214 769 2268 III.
813 2212 939 2267 liae
969 2208 1223 2278 Liturgia
1253 2202 1541 2258 Gallicana
1582 2200 1633 2252 in
1667 2197 1963 2252 Romanam
2011 2195 2234 2248 mutatio
2273 2200 2419 2246 tanta
2450 2192 2716 2246 universa
2742 2188 2928 2245 Gallia
2956 2186 3319 2242 Ecclesiarum
3361 2184 3738 2240 consensione
3766 2189 3891 2256 In.“

607 2315 724 2373 est,
755 2313 811 2359 ut
861 2273 1338 2373 regnantevCaroIo
1385 2292 1582 2358 Calvo,
1616 2288 1791 2358 Magni
1819 2297 2045 2356 nepote,
2078 2287 2256 2341 missa
2283 2284 2574 2340 Gallicana
2612 2283 2798 2337 notitia
2826 2282 2933 2352 jam
2973 2283 3180 2350 penitus
3211 2280 3515 2334 oblitterata
3545 2286 3724 2331 esset.
3759 2273 3901 2330 Unus

611 2396 835 2450 Carolus
857 2369 1050 2448 Calvus
1074 2432 1087 2454 ,
1121 2397 1180 2440 ut
1206 2385 1321 2454 ejus
1369 2398 1398 2435 a
1448 2383 1686 2435 Romana
1717 2378 2008 2433 discrimen
2040 2376 2210 2430 oculis
2241 2375 2542 2444 perciperet
2581 2389 2644 2428 ac
2683 2374 3091 2443 comprobaret,
3133 2371 3352 2426 missam
3383 2369 3657 2423 Toletano
3702 2380 3850 2421 more
3875 2379 3900 2416 ι

611 2487 933 2559 quibusdam
968 2479 1334 2552 presbyteris,
1377 2477 1465 2546 qui
1512 2492 1576 2529 ex
1625 2474 1856 2542 partibus
1904 2470 2169 2525 Toletani:
2220 2467 2463 2523 Ecclesia:
2510 2468 2576 2522 ad
2623 2483 2682 2522 se
2731 2473 3017 2533 venerant,
3063 2463 3324 2519 celebrari
3363 2462 3531 2517 voluit
3592 2479 3609 2515 :
3655 2459 3899 2531 quoniam

622 2554 862 2640 veterem
903 2579 1177 2635 Gallorum
1222 2569 1512 2641 Liturgiam
1559 2583 1681 2622 cum
1714 2567 1976 2621 Toletana
2024 2564 2342 2620 convenisse
2390 2563 2675 2618 didicerat.
2727 2560 2782 2616 Id
2830 2568 2974 2630 patet
3020 2574 3084 2613 ex
3137 2557 3252 2627 ejus
3306 2556 3534 2626 epistola
3581 2555 3653 2611 ad
3697 2554 3901 2608 Clerum

618 2677 988 2734 Ravennatem
1013 2710 1029 2737 ,
1072 2671 1125 2724 in
1155 2682 1260 2737 qua
1293 2665 1408 2719 hac
1436 2660 1616 2719 subdit
1645 2678 1656 2712 :
1697 2677 1716 2710 ι
1748 2658 2027 2714 Celebrate
2059 2657 2219 2711 etiam
2249 2665 2374 2710 sunt
2403 2670 2583 2710 coram
2628 2652 2780 2708 nobis
2808 2653 3092 2706 missarum
3140 2648 3401 2704 solemnia
3441 2663 3599 2704 more
3630 2641 3896 2710 Jerosoly-

615 2775 852 2841 mitano,
901 2777 1120 2824 auctore
1161 2764 1362 2820 Iacobo
1404 2758 1684 2829 apostolo;
1725 2763 1780 2810 et
1821 2768 1971 2808 more
2019 2751 2656 2821 Constantinopolitano,
2701 2757 2920 2802 auctore
2962 2745 3160 2800 Basilio
3196 2763 3207 2798 :
3263 2744 3358 2800 sed
3409 2758 3506 2798 nos
3548 2737 3884 2811 sequendam

625 2861 872 2925 ducimus
899 2864 1192 2918 Romanam
1243 2855 1540 2911 Ecclesiam
1587 2853 1638 2905 in
1672 2850 1958 2906 missarum
1986 2844 2365 2904 celebratione.
2405 2863 2426 2899 ι
2476 2843 2568 2897 llis
2595 2842 2777 2898 verbis
2807 2839 3032 2894 Carolus
3077 2840 3286 2904 innuit,
3328 2852 3446 2893 eam
3499 2833 3734 2905 hujusce
3779 2825 3892 2884 facti

631 2961 892 3019 rationem
923 2957 1114 3017 luisse,
1140 2957 1200 3006 ut
1228 2949 1355 3004 visis
1385 2946 1780 3015 compertisque
1819 2943 2154 2997 diversarum
2192 2938 2554 2993 Ecclesiarum
2583 2935 2750 2990 variis
2779 2933 3114 2990 celebranda
3151 2934 3328 2988 missa
3369 2931 3563 2988 ritibus
3610 2931 3897 2987 statueret,

631 3051 842 3124 qualem
891 3044 1044 3101 alteri
1078 3042 1309 3098 formam
1355 3035 1745 3107 praeferendam
1773 3034 2108 3089 existimaret
2138 3047 2151 3083 :
2180 3029 2275 3085 sed
2322 3029 2620 3084 Romanum
2654 3027 2867 3082 tandem
2897 3027 3056 3081 ritum
3089 3025 3190 3082 sibi
3221 3040 3336 3096 pra
3365 3022 3576 3079 cateris
3617 3019 3898 3091 placuisse.

631 3108 712 3201 Ᾰῐ)
742 3158 808 3198 eo
835 3150 1080 3207 tempore
1107 3130 1308 3190 nemini
1338 3130 1406 3186 de
1437 3127 1766 3185 restituenda
1798 3126 2036 3198 Liturgia
2066 3124 2343 3180 Gallicana
2369 3163 2384 3189 ,
2433 3124 2744 3177 Romanave
2773 3121 3086 3177 dimittenda
3114 3121 3406 3192 quidquam
3441 3127 3653 3174 tentare
3685 3113 3831 3171 venit
3854 3108 3900 3164 in

632 3236 904 3301 animum,
939 3245 1039 3284 nec
1065 3236 1190 3283 ante
1221 3233 1462 3280 nostram
1492 3230 1706 3276 aetatem
1731 3219 1870 3290 apud
1901 3218 2084 3274 Gallos
2111 3216 2178 3272 de
2209 3215 2386 3287 prisco
2413 3215 2506 3270 illo
2529 3215 2630 3270 ritu
2663 3214 2760 3269 fuit
2791 3213 2900 3268 ulla
2928 3211 3041 3267 fere
3065 3213 3266 3266 mentio
3291 3221 3384 3265 aut
3411 3211 3700 3266 memoria.

703 3327 793 3381 IV.
834 3324 977 3379 Inter
1002 3321 1206 3392 primos
1248 3317 1365 3389 ejus
1413 3312 1657 3370 notitiam
1687 3311 1866 3368 denuo
1896 3307 2184 3366 revocandi
2210 3309 2551 3364 occasionem
2594 3305 2821 3375 prabuit
2851 3303 3098 3359 Matthias
3128 3304 3352 3359 Flaccus
3391 3301 3642 3374 Illyricus
3669 3342 3687 3369 ,
3729 3305 3904 3356 centu-

629 3426 887 3481 riatorum
930 3414 1469 3491 Magdeburgensium
1519 3411 1672 3466 facile
1706 3411 1953 3479 princeps
1989 3425 2001 3459 :
2034 3407 2123 3476 qui
2153 3421 2278 3462 cum
2305 3412 2543 3459 veterem
2585 3402 2871 3473 quamdam
2914 3401 3133 3456 missam
3180 3399 3422 3455 Latinam
3470 3415 3533 3455 ex
3564 3397 3768 3454 Codice
3810 3404 3900 3447 ms.

625 3520 890 3585 eruisset,
926 3490 1091 3584 atque
1120 3510 1431 3582 Argentina
1458 3523 1599 3563 anno
1630 3505 1769 3560 1557
1803 3502 2089 3567 edidisset,
2119 3516 2240 3557 eam
2267 3514 2387 3556 esse
2416 3497 2717 3568 suspicatus
2759 3506 2843 3552 est
2865 3513 2983 3566 qua
3024 3495 3479 3564 ariteE‘Romanam
3513 3495 3564 3548 in
3613 3509 3718 3548 usu
3748 3490 3903 3544 fuerat

630 3610 772 3680 apud
802 3580 984 3663 Gallos
1005 3580 1070 3660 vet
1103 3580 1425 3659 Germanos.
1459 3598 1607 3653 Hanc
1633 3595 2000 3664 conjecturam
2034 3606 2128 3660 pro
2169 3591 2466 3646 indubitata
2496 3591 2762 3647 sententia
2803 3590 3014 3659 excepit
3043 3589 3340 3645 Guillemus
3383 3585 3654 3658 Peyratus
3697 3586 3750 3640 in
3797 3580 3900 3636 Ilis-

631 3705 766 3761 toria
804 3700 1038 3772 Capella
1079 3712 1261 3768 regum
1305 3696 1673 3755 Francorum;
1723 3703 1953 3760 eumque
1999 3695 2216 3742 secutus
2259 3687 2480 3743 Carolus
2524 3687 2801 3753 Cointius,
2846 3686 3189 3741 doctissimus
3227 3683 3460 3738 Oratorii
3506 3683 3819 3753 presbyter,
3857 3675 3902 3730 in

631 3815 781 3861 tomo
821 3798 864 3853 II
907 3809 1126 3851 suorum
1170 3791 1477 3847 Annalium.
1521 3787 1814 3855 Utriusque
1862 3784 2184 3840 sententiam
2235 3784 2301 3838 ad
2347 3798 2571 3838 examen
2618 3783 2890 3838 revocavit
2939 3782 3253 3836 clarissima
3300 3780 3580 3835 memoria
3632 3768 3902 3834 cardinalis

635 3895 783 3951 Bona
813 3894 865 3948 in
898 3892 1094 3961 insigni
1119 3902 1284 3957 opere
1313 3885 1513 3939 Rerum
1547 3881 1912 3951 liturgicarum
1942 3897 1956 3947 ;
1989 3879 2302 3948 idoneisque
2345 3879 2577 3935 asseruit
2606 3877 2934 3947 argumentis
2962 3919 2976 3942 ,
3023 3877 3181 3946 longe
3210 3877 3478 3933 diversam
3512 3877 3581 3929 ab
3612 3869 3899 3946 lllyriciana

635 3986 803 4042 fuisse
834 3984 1052 4038 missam
1081 3978 1412 4036 Gallicanam
1442 3991 1454 4026 ε
1486 3973 1539 4027 in
1566 3970 1718 4041 cujus
1761 3981 1942 4025 tamen
1972 3970 2321 4040 inquisitione
2346 3987 2403 4026 se
2434 3971 2757 4041 implicatum
2788 3971 2944 4026 fateri
2976 3985 3079 4025 non
3109 3970 3324 4025 erubuit
3355 3970 3434 4024 vir
3483 3968 3768 4024 modestia
3810 3960 3902 4014 sin-

638 4081 858 4152 gularis.
891 4076 1071 4132 Nihilo
1113 4076 1290 4129 minus
1321 4068 1575 4138 Liturgia
1618 4066 1908 4124 Gallicana
1947 4075 2176 4136 quatuor
2219 4067 2510 4136 assignavit
2558 4065 2799 4133 indicia;
2847 4075 2903 4121 et
2953 4065 3186 4121 Missalia
3234 4065 3341 4123 duo
3367 4106 3382 4131 ,
3440 4078 3601 4121 unum
3653 4058 3902 4117 Vaticani!

641 4173 982 4231 bibliotheca
1011 4212 1025 4237 ,
1054 4171 1284 4225 alterum
1313 4165 1676 4222 serenissima
1719 4165 2017 4222 Succorum
2050 4164 2251 4234 regina
2277 4204 2294 4231 ,
2328 4164 2583 4219 indicavit
2607 4207 2620 4231 ,
2653 4178 2771 4233 qua
2804 4179 2900 4234 pro
2930 4164 3177 4234 genuinis
3204 4162 3494 4219 Gallicanis
3526 4157 3771 4215 habenda
3799 4158 3902 4206 esse

643 4264 930 4319 arbitratus
961 4271 1063 4318 est.
1095 4261 1213 4315 Duo
1246 4259 1360 4314 hac
1390 4257 1621 4312 Missalia
1652 4265 1778 4312 ante
1808 4252 2078 4311 biennium
2127 4259 2332 4326 integra
2367 4258 2591 4326 protulit
2620 4258 2673 4312 in
2707 4258 2882 4312 lucem
2907 4258 3174 4328 Iosephus
3205 4256 3528 4312 Thomasius
3555 4297 3568 4321 ,
3601 4250 3902 4308 clericorurn

641 4356 966 4427 regularium
999 4354 1052 4408 in
1087 4352 1229 4412 Urbe
1259 4350 1540 4422 presbyter
1567 4363 1750 4404 rerum
1791 4362 2067 4403 sacrarum
2098 4347 2529 4405 studiosissimus
2555 4387 2569 4414 ,
2604 4349 2763 4405 tertio
2803 4347 3004 4404 Missali
3045 4346 3229 4404 addito
3254 4391 3269 4417 ,
3301 4345 3444 4417 quod
3475 4344 3663 4401 itidem
3693 4339 3758 4397 ad
3789 4331 3905 4407 pri?

645 4464 768 4506 cum
796 4446 1088 4502 Gallicana
1117 4440 1373 4498 Ecclesia
1405 4440 1564 4494 ritum
1597 4439 1870 4509 pertinere
1897 4439 2244 4494 existimavit.

723 4562 785 4617 ν.
818 4559 947 4616 Cum
993 4573 1080 4614 res
1122 4558 1194 4612 ita
1225 4570 1282 4613 se
1310 4554 1569 4610 haberent
1590 4601 1603 4624 ,
1637 4553 1882 4609 adeundo
1915 4553 2258 4611 Germaniam
2289 4553 2513 4624 contigit
2541 4563 2601 4608 ut
2644 4555 2696 4612 in
2728 4554 3065 4613 Luxoviense
3095 4556 3481 4614 monasterium
3512 4551 3897 4610 accederemus,

647 4668 807 4727 atque
848 4654 991 4709 inter
1031 4650 1370 4708 semilaceras
1400 4652 1598 4707 veteris
1627 4652 1744 4720 ejus
1775 4650 1876 4705 loci
1908 4649 2250 4706 bibliotheca
2298 4650 2551 4722 reliquias
2579 4651 3008 4722 antiquissimum
3043 4650 3468 4722 Lectionarium,
3501 4649 3642 4721 quod
3676 4649 3728 4702 in
3758 4633 3904 4698 sacri!

651 4753 716 4809 ad
749 4751 999 4823 legendas
1028 4748 1337 4820 prophetias
1367 4760 1420 4804 et
1462 4749 1732 4820 Epistolas
1758 4763 1880 4804 cum
1914 4750 2215 4819 Evangeliis
2245 4757 2370 4805 ante
2396 4763 2565 4806 annos
2595 4752 2741 4807 mille
2783 4752 2834 4807 in
2862 4766 2959 4806 usu
2992 4751 3192 4817 fuerat,
3226 4749 3612 4807 inveniremus.
3645 4749 3766 4804 Mox
3808 4742 3901 4808 Ill8

659 4845 850 4912 gaudio
878 4845 1208 4908 exsilientes,
1241 4840 1370 4897 illud
1404 4839 1693 4896 Gallicana
1741 4839 1998 4895 Ecclesia
2031 4841 2304 4911 proprium
2334 4841 2497 4898 fuisse
2543 4843 2796 4911 suSpicati
2837 4856 3046 4898 sumus.
3089 4844 3197 4899 Nec
3241 4857 3338 4898 nos
3378 4842 3564 4900 fefellit
3591 4840 3901 4910 conjectura.

653 4941 787 4997 Nam
831 4954 889 4994 re
919 4938 1179 4993 maturius
1226 4938 1279 4991 in
1324 4936 1495 4990 reditu
1541 4949 1805 5004 expensa,
1851 4932 2025 4987 nullus
2055 4933 2208 4990 nobis
2252 4933 2470 4990 relictus
2513 4941 2595 4988 est
2637 4934 2941 5004 ambigendi
2977 4933 3146 5000 locus,
3182 4934 3301 4990 hoc-
3326 4949 3446 4990 esse
3494 4930 3900 5004 antiquissimum

653 5034 1047 5093 Lectionarium
1079 5031 1336 5089 Ecclesia
1364 5029 1669 5085 Gallicana.
1703 5029 1871 5095 Quam
1898 5030 1965 5084 ob
1996 5044 2107 5084 rem
2134 5029 2430 5085 amicorum
2457 5026 2710 5083 consultu
2739 5027 3005 5096 quoddam
3033 5041 3211 5096 Opera
3241 5029 3471 5099 pretium
3502 5027 3617 5084 fore
3645 5022 3902 5082 duximus,

653 5130 702 5188 si
751 5131 850 5186 hoc
881 5127 948 5184 de
978 5135 1290 5196 argumento
1320 5124 1643 5196 singularem
1688 5124 2041 5181 conderemus
2077 5132 2356 5180 tractatum
2390 5140 2403 5175 :
2438 5123 2491 5177 in
2535 5135 2643 5192 quo
2669 5121 2921 5191 Liturgia
2951 5121 3259 5188 Gallicana,
3288 5121 3462 5193 qualis
3509 5131 3633 5178 ante
3673 5112 3901 5177 Carolum

658 5226 908 5296 Magnum
954 5222 1096 5293 apud
1145 5222 1374 5291 majores
1403 5229 1616 5276 nostros
1644 5229 1860 5290 recepta
1890 5226 2035 5285 erat,
2067 5231 2194 5273 vera
2238 5216 2432 5280 forma,
2462 5214 2786 5284 genuinique
2827 5214 2960 5270 ritus
3004 5215 3422 5285 explicarentur.
3455 5212 3513 5271 Id
3560 5229 3658 5287 pro
3708 5201 3904 5268 modulo

660 5317 898 5463 Exsecuti
927 5329 1119 5461 δυωυέ
1142 5332 1156 5368 :
1190 5329 1294 5385 quo
1321 5314 1530 5383 fructu,
1560 5313 1651 5370 alii
1683 5311 1934 5369 viderint.
1969 5311 2134 5368 Nobis
2180 5317 2327 5365 certe
2357 5307 2501 5378 (sine
2522 5307 2778 5378 jactantia
2827 5308 3008 5367 dicere
3038 5307 3220 5381 liceat)
3250 5308 3522 5381 diligentia
3565 5323 3663 5383 pro
3689 5297 3903 5366 maten'ﬂ

701 5408 920 5463 imitate
949 5421 1059 5461 non
1122 5405 1276 5462 efuit.

701 5408 920 5478 ignitate
949 5421 1059 5461 non
1086 5406 1276 5462 defuit.

733 5519 822 5577 VI.
863 5519 1056 5576 Totum
1085 5536 1218 5591 opus
1266 5519 1319 5574 in
1367 5528 1478 5576 tres
1507 5517 1672 5575 libros
1703 5517 2004 5573 tribuimus.
2041 5515 2098 5570 In
2136 5515 2330 5584 primo,
2369 5521 2650 5585 postquam
2679 5514 2745 5570 de
2778 5516 2938 5573 variis
2980 5515 3238 5573 Ecclesia
3282 5514 3488 5573 Latina
3518 5506 3767 5591 Liturgiis
3803 5503 3905 5558 Ι)ῐὺ⁸

659 5615 792 5670 viter
835 5620 1013 5667 actum
1055 5589 1170 5676 est,
1225 5610 1515 5668 Gallicana
1570 5610 1767 5666 indicia
1809 5623 2058 5679 veraque
2105 5618 2246 5664 nota
2285 5594 2600 5674 afferuntur,
2648 5611 3044 5681 expenduntur,
3085 5621 3141 5667 et
3186 5611 3500 5682 probantur.
3548 5589 3742 5666 Deinde
3787 5597 3906 5654 facta

661 5705 898 5773 ejusdem
948 5703 1199 5771 Liturgia
1243 5717 1362 5756 cum
1414 5702 1740 5757 Mozarabica
1790 5699 2227 5770 comparatione,
2274 5707 2440 5756 totam
2493 5701 2610 5772 ejus
2659 5705 2850 5759 seriem
2898 5718 2964 5760 ex
3015 5703 3275 5775 Gregorio
3315 5701 3616 5760 Turonensi
3664 5696 3904 5768 episCOPov

665 5796 890 5867 aliisque
921 5793 1115 5867 priscis
1144 5791 1508 5851 monumentis
1537 5793 1773 5853 eruimus
1802 5803 1858 5852 et
1894 5792 2242 5852 illustramus.
2274 5790 2480 5862 Quibus
2519 5794 2802 5865 absolutis,
2834 5805 2982 5852 vetus
3014 5811 3183 5853 sacra
3214 5795 3560 5869 supellectilis
3588 5793 3721 5865 apud
3750 5780 3905 5842 Gallo6

4032 1845 4033 1932 ι

4031 2009 4033 2106 (

4031 2207 4033 2334 1

4031 2389 4033 2488 1

4032 2595 4033 2672 ι
