4108 6352
250 463 358 527 105
1043 468 1112 526 IN
1148 468 1394 527 LIBROS
1433 469 1522 526 DE
1556 467 1885 527 LITURGIA
1921 470 2312 529 GALLICANA
2351 466 2740 530 PBEFATIO.
3432 459 3533 529 1οῢ

249 587 546 647 nostrates,
577 582 1034 654 ecclesiarumque
1061 583 1229 640 forma
1271 595 1328 641 et
1365 594 1651 658 apparatus
1689 587 2028 645 describitur.
2061 590 2228 646 Porro
2270 591 2322 645 in
2350 590 2570 647 exordio
2613 601 2667 647 et
2707 590 2814 645 fine
2862 589 2982 644 libri
3033 589 3318 660 exponitur
3360 591 3537 660 qualis

251 674 413 730 fuerit
457 674 723 744 majorum
757 685 1061 731 nostrorum
1093 692 1188 746 per
1219 678 1268 731 id
1303 688 1512 749 tempus
1542 680 1610 736 de
1655 680 1991 738 Eueharistia
2038 682 2169 739 fides
2199 691 2255 738 et
2301 684 2597 753 persuasio.
2631 685 2956 753 Argumenta
2991 693 3235 751 repetere
3269 681 3369 736 hoc
3415 682 3536 737 loco

254 779 362 818 non
391 765 565 834 juvat.
595 765 727 822 Illud
757 767 987 838 quadam
1018 769 1376 838 explicatione
1403 769 1607 844 indiget
1622 793 1650 838 ,*
1669 773 1810 843 quod
1839 775 2046 845 agendo
2076 776 2143 831 de
2181 775 2401 832 ciboriis
2439 776 2672 847 antiquis
2718 774 2976 844 (aedicula:
3005 785 3157 830 erant
3185 775 3536 829 umbellarum

250 855 425 912 instar
462 873 626 928 super
655 859 870 928 altaria,
899 871 1128 932 quatuor
1157 864 1438 920 minimum
1468 865 1734 923 columnis
1761 867 1981 939 innixae)
2026 869 2078 924 in
2108 873 2414 941 exemplum
2443 871 2759 925 adducimus
2791 871 2959 925 altare
2986 871 3334 940 parthenonis
3369 870 3538 924 Vallis

253 946 453 1005 Gratite
485 952 625 1021 apud
650 951 904 1024 Parisios,
937 958 1077 1026 quod
1109 958 1394 1013 recentiori
1441 958 1802 1017 Romanorum
1831 976 1929 1016 usu
1963 977 2067 1018 non
2099 963 2360 1019 cibarium
2380 1006 2394 1030 ,
2424 965 2518 1020 sed
2558 961 2931 1018 baldachinum
2964 962 3221 1032 appellari
3252 962 3442 1029 debet,
3479 970 3537 1016 ut

252 1057 342 1098 me
392 1045 600 1099 monuit
645 1047 886 1104 eruditus
926 1060 980 1104 et
1022 1051 1346 1107 venerabilis
1391 1050 1643 1109 Claudius
1687 1053 2020 1111 Castellanus
2070 1055 2327 1112 Ecclesia:
2375 1056 2692 1113 Parisiensis
2742 1058 3053 1112 canonicus.
3103 1056 3159 1111 Id
3208 1072 3339 1112 vero
3396 1057 3540 1111 inter

252 1145 547 1208 utrumque
571 1137 901 1194 discriminis
923 1149 1036 1208 est,
1067 1142 1209 1209 quod
1243 1141 1544 1200 baldachini
1585 1161 1708 1216 pars
1735 1147 1980 1216 superior
2010 1158 2215 1218 aperta,
2247 1157 2302 1203 et
2342 1148 2397 1204 in
2436 1163 2648 1204 coronae
2678 1150 2893 1205 modum
2928 1163 3167 1204 convexa
3198 1157 3316 1214 est;
3350 1149 3540 1204 ciborii

256 1245 414 1302 aqua
445 1239 500 1287 et—
527 1231 712 1302 plana,
744 1248 847 1287 non
878 1242 1094 1304 aperta;
1120 1237 1407 1292 armarium
1433 1239 1750 1308 quadratum
1783 1240 1837 1294 in
1867 1255 2076 1296 summo
2107 1241 2309 1296 habens
2338 1241 2403 1296 ad
2438 1244 2790 1298 asservandas
2819 1242 3102 1312 reliquias;
3132 1252 3185 1297 et
3217 1242 3528 1311 porticulas,

255 1327 418 1397 vulgo
448 1327 751 1398 ringuiéres,
784 1329 836 1383 in
864 1318 1090 1384 ciréuitu
1121 1334 1362 1388 armarii.
1410 1334 1482 1388 Ita
1513 1333 1698 1390 Romae
1745 1335 2005 1391 ciborium
2049 1338 2214 1391 sancti
2252 1337 2492 1404 Joannis,
2524 1349 2577 1392 et
2604 1349 2802 1394 sanctae
2833 1337 3125 1403 I’raxedis;
3157 1337 3537 1393 baldaehinum

258 1419 434 1474 sancti
481 1418 626 1474 Petri
671 1420 992 1489 appellatur.
1024 1423 1105 1476 An
1155 1435 1440 1495 utrumque
1489 1426 1625 1496 apud
1672 1429 1917 1497 antiquos
1946 1427 1998 1480 in
2048 1443 2146 1481 usu
2179 1428 2364 1492 fuerit,
2396 1444 2502 1483 non
2551 1429 2754 1500 liquet:
2788 1437 2843 1482 at
2893 1439 3036 1483 certe
3082 1445 3187 1483 una
3242 1428 3338 1484 fuit
3394 1429 3536 1499 apud

258 1525 454 1567 omnes
495 1513 674 1569 cibarii
720 1514 1028 1586 appellatio.
1061 1515 1212 1571 Unde
1255 1517 1516 1574 ciborium
1563 1520 1796 1587 sepulcri
1848 1525 2022 1579 sancti
2071 1524 2211 1580 Petri
2247 1524 2298 1577 in
2331 1523 2588 1577 Vaticano
2631 1531 2855 1576 vocatur
2884 1537 2915 1575 a
2952 1522 3208 1590 Gregorio
3238 1519 3540 1578 Turonensi

265 1608 522 1677 episeopo
552 1607 602 1660 in
629 1606 722 1660 lib.
746 1622 764 1660 ι
789 1606 858 1660 de
889 1606 1071 1661 Gloria
1101 1617 1395 1680 martyrum
1424 1626 1543 1680 cap.
1567 1611 1657 1666 28.
1685 1611 1741 1667 Id
1775 1617 2048 1670 monuisse
2081 1617 2180 1671 hoc
2213 1617 2328 1671 loco
2357 1615 2617 1685 aliquanti
2649 1614 2904 1669 momenti
2930 1624 3032 1670 est.

337 1699 454 1755 VII.
495 1699 774 1757 Secundus
820 1700 956 1756 liber
985 1702 1204 1758 exhibet
1247 1703 1642 1760 Lectionarium
1683 1707 2050 1773 Gallicanum,
2082 1709 2220 1776 quod
2266 1709 2318 1763 in
2351 1709 2668 1763 Luxoviensi
2713 1708 3070 1764 Benedictinae
3109 1707 3540 1778 congregationis

262 1797 439 1852 sancti
475 1795 650 1852 Vitoni
691 1797 986 1867 percelebri
1031 1801 1354 1856 monasterio
1386 1805 1702 1872 reperimus.
1737 1806 1790 1859 lu
1835 1806 1950 1875 ipso
1977 1806 2199 1876 hujusce
2223 1805 2342 1861 libri
2386 1805 2566 1860 limine
2612 1802 2868 1857 nonnulla
2911 1803 2978 1856 de
3016 1801 3261 1857 Adventu
3293 1804 3542 1870 Domini,

270 1895 327 1944 et
367 1887 437 1943 de
486 1888 636 1943 festis
680 1890 817 1956 apud
867 1889 1046 1946 Gallos
1091 1893 1382 1963 antiquitus
1424 1898 1656 1967 receptis
1687 1902 2106 1967 praemittuntur,
2134 1900 2441 1970 singillatim
2477 1897 2669 1953 deinde
2698 1896 2808 1951 suis
2839 1897 2968 1950 locis
3002 1912 3093 1964 per
3133 1905 3299 1950 totum
3347 1898 3540 1952 librum

276 1979 614 2048 explicanda.
646 1980 788 2035 Nihil
818 1981 870 2035 in
902 1981 993 2035 illo
1035 1983 1378 2041 Lectionario
1408 2003 1513 2042 non
1548 1989 1764 2059 dignum
1799 1991 2176 2047 observatione
2207 2009 2219 2043 :
2252 1990 2415 2044 multa
2449 1988 2757 2060 singularia,
2803 1988 3097 2056 praesertim
3144 2003 3261 2056 quae
3305 1989 3369 2042 ad
3418 2005 3538 2058 pas-

264 2073 475 2129 sionem
504 2074 718 2165 Domini
746 2085 798 2130 et
829 2075 894 2130 ad
937 2077 1260 2147 Rogationes
1296 2083 1586 2150 pertinent.
1622 2085 1902 2141 Lectiones
1928 2100 1995 2140 ex
2027 2086 2302 2156 Scriptura
2333 2099 2432 2140 nec
2464 2084 2688 2138 multum
2710 2083 2980 2138 recedunt
3007 2099 3036 2136 a
3071 2083 3293 2153 Vulgata
3336 2095 3540 2150 nostra,

275 2186 377 2228 nec
403 2173 624 2226 omnino
647 2186 766 2225 cum
793 2171 880 2226 illa
903 2174 1249 2230 conveniunt.
1285 2174 1579 2234 Varietates
1605 2179 1925 2253 insigniores
1951 2181 2007 2236 in
2036 2180 2142 2237 fine
2172 2180 2349 2251 oneris
2381 2179 2694 2234 referemus.
2725 2177 3043 2232 Lectionarii
3079 2178 3236 2247 hujus
3258 2181 3544 2250 antiquitas

260 2281 330 2324 ex
361 2269 512 2324 festis
538 2266 592 2321 in
624 2279 689 2319 eo
719 2265 1021 2332 recensitis,
1052 2275 1109 2321 et
1137 2282 1206 2321 ex
1247 2268 1576 2334 litterarum,
1613 2272 1804 2342 quibus
1843 2281 2094 2329 exaratos
2118 2281 2204 2328 est
2231 2271 2442 2338 Codex,
2475 2271 2644 2324 forma
2678 2267 3009 2337 intelligitur.
3046 2267 3217 2322 Pauca
3247 2270 3440 2340 quippe
3488 2269 3538 2322 in

259 2381 330 2422 eo
361 2363 536 2418 festa:
569 2362 771 2416 nullum
818 2369 1015 2416 sanctae
1043 2360 1329 2419 Genovefa:
1359 2364 1448 2421 die
1489 2366 1656 2422 natali
1701 2369 1988 2427 recentius.
2017 2368 2373 2424 Characteres
2415 2366 2518 2437 ipsi
2566 2363 2978 2432 Merovingicatn
3028 2361 3270 2418 referunt
3310 2362 3540 2432 scriptu~

257 2475 411 2526 ram,
439 2474 559 2528 quae
589 2458 690 2514 sub
719 2459 888 2529 prima
917 2473 1104 2530 regum
1135 2471 1444 2519 nostrorum
1474 2465 1643 2535 stirpe
1669 2464 1867 2521 usitata
1899 2474 2038 2522 erat.
2067 2465 2174 2520 Sed
2205 2479 2272 2519 ne
2302 2463 2489 2518 lectori
2521 2461 2695 2517 fucum
2733 2459 2910 2514 facere
2939 2457 3237 2527 videamur,
3269 2457 3539 2527 specimen

252 2553 563 2624 scripturae,
593 2566 714 2622 quae
746 2551 798 2607 in
830 2553 922 2608 illo
947 2553 1132 2611 codice
1159 2555 1358 2628 ubique
1385 2558 1607 2628 aequalis
1634 2567 1748 2628 est,
1773 2559 1870 2615 aeri
1896 2559 2129 2616 incisum
2161 2558 2248 2615 hic
2272 2557 2609 2614 exhibemus.

269 3596 391 3653 Hoc
431 3600 701 3669 specimen
742 3601 791 3657 si
837 3604 956 3672 quis
996 3619 1118 3660 cum
1151 3603 1280 3673 illis,
1312 3605 1452 3683 quae}
1473 3605 1527 3660 in
1576 3605 1716 3661 libro
1742 3620 1775 3659 v
1818 3605 1885 3680 de
1933 3605 2012 3661 Re
2039 3603 2381 3677 diplomatica
2422 3611 2787 3672 exponuntur,
2835 3600 3080 3657 conferre
3127 3601 3386 3667 voluerit,
3422 3615 3538 3656 eam

260 3687 672 3764 Merovingicam
705 3697 845 3765 Iesse
888 3697 1207 3767 scripturam
1239 3698 1518 3753 nobiscum
1561 3699 1701 3755 ultro
1733 3683 2003 3756 fatebitur.
2031 3701 2184 3756 Haud
2226 3701 2340 3756 seio
2378 3714 2445 3754 an
2475 3698 2646 3752 ullum
2687 3698 2755 3752 sit
2797 3696 3187 3751 Lectionarium
3234 3696 3335 3749 hoc
3380 3696 3542 3752 Galli-

260 3796 400 3837 cano
431 3787 701 3856 antiquius
728 3803 742 3840 :
774 3786 820 3841 si
852 3787 992 3843 forte
1024 3789 1258 3858 excipias
1286 3789 1478 3844 librum
1518 3790 1759 3856 comitis,
1793 3790 2118 3848 indicantem
2150 3793 2406 3847 lectiones
2432 3790 2499 3846 ad
2537 3805 2692 3845 usum
2725 3789 2982 3846 Ecclesiae
3011 3789 3268 3844 Romanae
3294 3805 3308 3843 ε
3338 3804 3442 3860 quo
3472 3791 3540 3844 de

247 3876 389 3934 libro
432 3883 632 3936 mentio
673 3881 732 3936 tit
772 3881 827 3937 in
869 3882 1054 3938 charta
1090 3881 1448 3948 Cornutiana,
1490 3896 1610 3952 quae
1657 3882 1832 3939 Leone
1881 3885 2116 3959 Augusto
2157 3900 2230 3948 tv,
2273 3894 2323 3940 et
2366 3883 2630 3940 Probiano
2672 3901 2832 3950 coss.,
2865 3898 2959 3939 seu
3001 3899 3146 3939 anno
3183 3882 3384 3938 Christi
3428 3883 3528 3938 471

247 3971 372 4028 data
403 3983 506 4029 est.

321 4067 460 4122 VIII.
500 4066 740 4123 Tertium
785 4068 978 4124 librum
1022 4073 1353 4127 constituunt
1395 4073 1631 4129 Missalia
1664 4075 1783 4139 tria,
1818 4089 2045 4146 quorum
2079 4073 2306 4144 primam
2351 4073 2646 4129 editionem
2678 4074 2914 4145 .losepho
2943 4075 3234 4131 'l‘homasio
3263 4091 3385 4133 mox
3418 4077 3533 4130 lau-

255 4159 385 4217 dato
414 4171 689 4232 acceptam
719 4162 921 4218 referre
945 4163 1222 4220 debemus.
1264 4164 1500 4220 Primum
1530 4175 1612 4222 est
1640 4166 1921 4223 Gothicum
1947 4180 2042 4222 seu
2071 4166 2620 4238 Gothic0gallicauum
2647 4183 2660 4221 :
2694 4182 2799 4236 quo
2840 4164 3045 4223 scilicet
3065 4169 3358 4227 utebantur
3399 4168 3536 4224 Galli

253 4254 652 4330 Visigotborum
685 4259 910 4329 imperio
943 4259 1186 4331 subjecti.
1216 4261 1502 4332 Exemplar
1530 4273 1704 4318 exstat
1731 4263 1782 4317 in
1811 4263 2132 4319 bibliotheca
2159 4262 2519 4318 serenissima:
2548 4261 2832 4318 Christinae
2860 4263 3154 4318 Succorum
3187 4265 3408 4334 reginas,
3445 4263 3533 4316 lit-

253 4353 387 4408 teris
417 4354 688 4424 quadratis
718 4368 771 4410 et
812 4355 1119 4426 majusculis
1167 4355 1422 4425 scriptum
1454 4365 1578 4412 ante
1617 4371 1788 4411 annos
1831 4363 2152 4426 nongentos,
2183 4364 2240 4410 ut
2269 4356 2563 4424 peritorum
2597 4356 2802 4425 judicio
2843 4356 3051 4410 censuit
3081 4356 3538 4410 eminentissimus

248 4449 536 4506 cardinalis
578 4450 758 4519 Bona,
793 4457 848 4505 et
875 4450 1194 4506 Thomasius
1237 4459 1358 4520 post
1391 4465 1534 4506 eum.
1578 4448 1792 4504 Nullum
1841 4449 1893 4502 in
1944 4463 2010 4503 eo
2057 4447 2250 4503 festum
2297 4446 2563 4502 recentius
2605 4461 2763 4516 quam
2804 4447 2969 4500 sancti
3013 4445 3361 4514 Leodegarii,
3398 4461 3540 4500 anno

251 4541 358 4598 678
387 4560 517 4600 nece
545 4544 739 4600 allecti.
769 4544 1008 4601 Alterum
1059 4545 1273 4600 Missale.
1316 4545 1533 4600 brevius
1577 4551 1798 4599 vocatur
1847 4541 2212 4609 Francorum,
2241 4556 2309 4596 ex
2356 4541 2545 4596 eadem
2586 4539 2941 4606 Bibliotheca,
2979 4539 3119 4608 quod
3172 4539 3454 4593 uncialibus
3495 4548 3542 4593 et

247 4636 516 4704 quadratis
546 4638 730 4692 litteris
761 4637 944 4693 itidem
987 4638 1243 4708 scriptum
1290 4638 1482 4693 asserit
1531 4636 1788 4702 Morinus,
1823 4637 1911 4706 qui
1953 4635 2084 4691 illud
2126 4636 2393 4706 quondam
2427 4635 2590 4702 vidit,
2634 4643 2688 4690 et
2729 4644 2853 4689 ante
2901 4649 3097 4688 annum
3127 4632 3232 4690 5in
3257 4643 3536 4691 exaratum

247 4730 594 4785 existimavit.
637 4731 814 4786 Malim
853 4731 1034 4787 dicere
1074 4742 1192 4801 post
1232 4729 1546 4810 Gregorium
1591 4730 1873 4800 Magnum,
1905 4729 2058 4800 cujus
2094 4728 2514 4783 additamentum
2546 4728 2598 4782 in
2627 4741 2830 4782 canone
2860 4727 3058 4790 missze,
3093 4741 3305 4793 nempe,
3334 4727 3541 4794 diesque

247 4832 454 4878 nostros
478 4826 534 4878 in
558 4833 647 4878 tua
674 4841 799 4895 pace
825 4825 1088 4896 disponas,
1115 4825 1165 4879 in
1200 4840 1266 4879 eo
1295 4824 1495 4879 Missali
1525 4823 1778 4878 habetur.
1805 4823 1861 4876 In
1891 4820 2226 4878 orationibus
2255 4836 2351 4889 pro
2379 4835 2545 4890 regno
2571 4829 2626 4874 et
2648 4817 2861 4888 regibus
2891 4817 3194 4872 indicantur
3220 4816 3543 4871 Francorum

245 4933 392 4987 reges
420 4927 465 4970 et
496 4927 733 4972 rectores.
764 4917 915 4986 Quod
947 4927 1260 4988 argumento
1291 4926 1373 4971 est
1415 4931 1519 4971 non
1566 4917 1632 4971 ad
1673 4931 1865 4982 unum,
1911 4915 2005 4970 sed
2043 4914 2109 4968 ad
2151 4915 2330 4984 plures
2370 4921 2498 4968 tunc
2542 4912 2863 4982 pertinuisse
2892 4908 3264 4979 principatum.
3300 4911 3539 4966 Tertium

249 5011 467 5069 Missale
506 5012 700 5068 dicitur
729 5011 1095 5082 Gallicanum,
1134 5027 1161 5065 a
1192 5010 1464 5067 cardinale
1511 5008 1656 5063 Bona
1700 5008 1970 5062 laudatum
2006 5023 2020 5060 :
2062 5006 2147 5060 cui
2191 5004 2470 5073 imperitus
2513 5003 2990 5059 nonnemoMissw
3038 5003 3288 5057 Romam
3332 5004 3539 5058 titulum

247 5103 554 5160 affiuxerat.
598 5104 799 5159 Eodem
830 5103 1198 5159 characterum
1230 5117 1427 5173 genere
1468 5101 1724 5171 scriptum
1757 5107 1837 5153 est
1871 5111 1933 5153 ac
1963 5097 2141 5167 priora
2174 5096 2303 5150 duo.
2347 5098 2667 5150 Asservatur
2710 5094 2764 5149 in
2811 5093 3129 5150 bibliotheca
3175 5093 3447 5160 Vaticana,
3476 5111 3542 5150 eo

246 5200 567 5254 translatum
594 5215 658 5255 ex
690 5198 927 5254 Palatina
954 5213 1047 5254 seu
1081 5197 1536 5267 lleidelbergeusi.
1566 5195 1722 5250 Plura
1747 5192 1813 5248 de
1846 5193 1927 5247 his
1959 5192 2130 5248 tribus
2161 5189 2459 5246 Missalibus
2484 5188 2636 5244 initio
2662 5188 2782 5244 libri
2807 5205 2884 5243 Ill.

321 5291 416 5346 IX.
457 5291 675 5346 Duobus
705 5290 822 5345 aliis
853 5301 962 5346 tum
998 5290 1322 5359 integritate,
1355 5297 1465 5343 tum
1515 5286 1852 5356 antiquitate,
1902 5282 2061 5353 longe
2104 5290 2324 5353 praestat
2366 5280 2580 5337 Missale
2629 5281 2892 5350 primum,
2927 5280 3069 5352 quod
3117 5278 3400 5336 Gathicum
3450 5295 3542 5337 seu

245 5383 801 5455 Gntbicogallicanum
851 5383 1197 5454 appellamus.
1251 5380 1417 5450 Hujus
1469 5379 1764 5450 fragmenta
1812 5375 2061 5447 quasdam
2114 5374 2169 5430 in
2218 5383 2364 5429 tomo
2406 5383 2677 5445 postremo
2721 5375 3068 5430 Bibliotheca:
3111 5373 3325 5429 Patrum
3378 5379 3546 5431 addu-

242 5489 446 5534 cuntur
471 5493 536 5535 ex
575 5477 754 5533 officio
787 5477 943 5533 tridui
983 5484 1108 5530 ante
1138 5474 1362 5528 Pascha.
1413 5473 1479 5527 Et
1504 5473 1717 5542 quidem
1758 5471 1810 5523 in
1838 5464 2019 5524 officio
2050 5467 2268 5523 Sabbati
2311 5467 2511 5534 sancti,
2541 5483 2662 5521 cum
2695 5466 2968 5520 orationes
2993 5463 3062 5518 ad
3095 5463 3419 5534 baptismum
3451 5486 3538 5523 re-

243 5569 520 5641 feruntur,
560 5572 805 5643 quaedam
851 5571 1096 5627 lectionis
1125 5569 1356 5623 varietas
1384 5575 1468 5622 est
1515 5569 1568 5620 in
1611 5566 1796 5620 ultima
1844 5565 2166 5622 collectione
2195 5563 2262 5618 ad
2307 5561 2422 5617 haec
2454 5563 2617 5617 verba
2649 5577 2664 5616 :
2700 5561 2938 5625 Oremus,
2973 5561 3162 5630 fratres
3214 5565 3506 5618 ινιτινὶεεὶιηὶ
3538 5605 3549 5622 .

243 5665 534 5724 Dominum
559 5678 606 5722 et
635 5667 807 5723 Deum
837 5676 1067 5721 nostrum
1099 5681 1190 5736 pro
1213 5663 1400 5734 aufetis
1423 5663 1631 5716 nostris.
1657 5661 1732 5714 Ita
1761 5659 1903 5731 apud
1932 5659 2315 5724 'I‘homasium;
2344 5667 2399 5714 at
2427 5659 2483 5714 in
2514 5656 2842 5714 Bibliotheca
2875 5653 3120 5723 Patrum,
3153 5673 3246 5726 pro
3269 5661 3540 5726 amphibiis

242 5763 380 5815 suis.
422 5759 529 5817 Sed
573 5771 760 5817 neutra
809 5761 968 5817 lectio
1009 5759 1164 5815 nobis
1214 5759 1501 5829 probatur;
1544 5755 1829 5826 potiusque
1867 5756 2151 5827 legendum
2195 5755 2428 5818 videtur,
2473 5769 2566 5823 pro
2613 5750 2883 5822 neophytis
2924 5752 3140 5819 nostris,
3183 5761 3241 5806 ut
3279 5768 3377 5806 suo
3426 5753 3546 5807 loco

248 5854 581 5912 monuimus.
615 5854 909 5911 Luculenta
948 5869 1077 5910 vero
1107 5869 1171 5909 ex
1219 5854 1321 5908 hoc
1349 5850 1548 5906 Missali
1578 5849 1804 5907 Gothico
1849 5851 2152 5907 testimonia
2196 5858 2452 5905 eruuntur
2494 5847 2562 5902 ad
2608 5846 3084 5902 demonstrandam
3128 5862 3310 5902 veram
3340 5847 3539 5902 Christi

243 5949 494 6020 Corporis
520 5959 577 6007 et
608 5947 885 6020 sanguinis
932 5947 984 6002 in
1018 5947 1352 6005 Eucharistia
1385 5947 1753 6018 praesentiain,
1787 5959 2080 6017 verumque
2109 5944 2288 6000 missas
2327 5941 2680 6009 sacrificium,
2712 5951 2765 5998 et
2805 5940 3030 5998 Romani
3071 5941 3341 6013 pontiﬁcis
3384 5958 3545 6013 super

581 6062 854 6126 PATROL.
905 6063 1162 6126 LXXII.
3029 6059 3066 6118 Is
