4108 6352
599 343 696 399 107
1303 343 1651 401 APPENDIX
1693 344 1784 398 AD
1824 341 2055 399 OPEBA
2093 336 2338 395 SANCTI
2377 335 2688 392 GERMANI
2735 328 3177 391 PARISIENSIS.
3775 324 3868 381 108

592 477 781 519 omnes
816 463 1098 535 episcopos
1131 464 1436 533 primatum.
1480 464 1593 519 Non
1622 460 1913 532 repetimus
1940 457 2099 513 modo
2127 468 2248 525 qua
2276 455 2346 511 de
2374 455 2486 523 ipsa
2516 452 2715 509 Christi
2746 452 3024 521 promittis
3055 449 3109 504 id
3153 447 3375 503 exordio
3401 454 3453 499 ct
3494 446 3553 498 in
3603 443 3717 497 ﬁne
3748 440 3869 497 [illi

594 555 749 622 primi
800 557 921 614 inde
952 560 1290 627 protulimus.
1322 558 1452 613 Illud
1485 565 1688 633 tantum
1728 554 1990 647 addimus
2017 552 2069 607 in
2112 548 2713 647 prasens,_voca_bulum
2757 541 3471 647 transfero-satianisszpius
3518 538 3777 647 adhiberi
3803 537 3898 647 adt

593 648 993 719 signiﬁcandam
1042 652 1225 725 (quam
1272 651 1542 719 vocamus)
1591 646 2257 712 transsubstantiationem,
2288 652 2344 700 ut
2387 641 2441 698 in
2473 642 2636 697 missa
2682 648 2871 698 octava
2892 640 2963 695 de
2990 635 3431 699 Circumcisione,
3455 647 3594 705 pag.
3620 631 3801 725 θοοῖς.
3822 633 3871 725 in

598 743 759 799 missa
788 722 1182 817 vicesima‘pro
1220 744 1472 801 cathedra
1511 743 1680 799 sancti
1724 741 1900 809 Petri,
1931 749 1986 797 et
2026 741 2081 797 in
2125 738 2285 795 missa
2318 736 2712 809 septuagesima
2753 733 2941 804 quinta
2976 731 3046 788 de
3083 737 3273 787 sancto
3312 725 3680 797 Leodeprio.
3709 722 3867 781 Simi-

597 836 719 893 liter
746 842 979 896 occurrit
1018 840 1159 897 idem
1192 840 1507 895 vocabulum
1538 838 1593 893 in
1616 837 1812 894 Missali
1853 835 2210 899 Francorum,
2238 844 2359 903 pag.
2392 830 2491 885 507
2513 872 2530 900 ,
2556 838 2615 887 et
2640 830 2695 888 in
2726 826 3020 891 Gallicana,
3052 822 3208 895 cuius
3245 818 3577 879 sententiam
3621 830 3754 875 mox
3787 830 3872 875 re-

595 934 755 992 laturi
781 951 987 993 sumus.

663 1030 735 1089 Χ.
778 1032 1031 1106 Egregius
1064 1035 1211 1091 locus
1236 1042 1320 1091 est
1346 1032 1574 1091 Missalis
1598 1029 1809 1090 Gotltici
1851 1031 1909 1089 in
1936 1029 2112 1087 ofﬁcio
2156 1030 2555 1100 septuagesimo
2584 1035 2775 1083 octava
2818 1024 2890 1081 de
2931 1019 3197 1081 sacriﬁcio
3222 1016 3467 1088 corporis
3487 1024 3553 1074 et
3595 1013 3873 1083 ululith

595 1126 679 1181 sui
708 1141 738 1180 a
768 1128 982 1185 Christo
1009 1130 1063 1187 in
1099 1144 1247 1185 omna
1282 1128 1681 1194 instituto.‘Qui
1714 1126 1937 1195 formem
1974 1125 2219 1193 sacriﬁcii
2255 1123 2489 1194 perennis
2526 1120 2814 1183 instituens,
2845 1116 3067 1172 hostium
3093 1128 3151 1169 se
3180 1112 3275 1167 tibi
3309 1109 3504 1181 (Daem
3540 1108 3765 1165 Patren
3792 1121 3875 1163 sa-

594 1219 787 1276 cerdos
824 1222 1131 1291 alloquitur)
1158 1223 1378 1291 primum
1405 1222 1617 1285 obtulit,
1646 1229 1695 1275 et
1727 1221 1926 1286 primus
1952 1218 2125 1273 docuit
2156 1216 2351 1285 olsrri.
2380 1212 2533 1281 Quod
2560 1210 2631 1269 de
2664 1207 2953 1274 sacriﬁcio,
2983 1221 3087 1263 non
3114 1203 3315 1268 crucis,
3334 1201 3435 1300 sed

596 1329 717 1370 esse
743 1315 917 1385 quivis
951 1290 1202 1372 cordatus
1243 1317 1412 1377 lector
1437 1316 1707 1385 intelligit.
1739 1314 1939 1371 Prater
1970 1314 2070 1368 hoc
2098 1310 2494 1376 testiinonium,
2523 1304 2665 1377 quod
2707 1304 2859 1361 initio
2885 1301 3007 1359 libri
3042 1315 3100 1393 tn
3127 1296 3494 1369 espOSttimuS,
3524 1292 3683 1393 aliud
3720 1290 3871 1349 nobis

595 1407 735 1463 idem
778 1410 989 1464 lissale
1016 1411 1317 1479 suppeditat
1348 1411 1399 1462 in
1434 1410 1595 1463 missa
1637 1408 1993 1476 praecedente,
2024 1406 2111 1461 ubi
2140 1405 2196 1460 in

2241 1402 2469 1458 natione
2506 1407 2620 1470 post
2658 1394 2987 1468 mysterium,
3017 1392 3070 1448 id
3097 1400 3181 1448 est
3211 1398 3332 1458 post
3360 1392 3863 1479 consecrationem,

594 1501 708 1558 [nec
735 1503 981 1571 leguntur
1007 1521 1018 1555 :
1054 1478 1299 1572 Magnum
1330 1502 1426 1557 hoc
1455 1517 1640 1555 munus
1668 1500 2031 1556 misericordia
2058 1507 2166 1562 est,
2195 1499 2285 1567 qui
2315 1495 2460 1550 nobis
2484 1495 2657 1550 docuit
2685 1489 3049 1561 redemptionis
3077 1496 3262 1542 nostra
3296 1482 3565 1552 sacrificia
3595 1478 3873 1541 celebrare,

592 1595 721 1648 sicut
751 1596 929 1649 obtulit
965 1594 1216 1649 Dominus
1244 1604 1410 1649 noster
1436 1594 1587 1649 Jesns
1616 1595 1849 1649 Christus
1893 1596 1947 1649 in
1985 1594 2155 1648 terris.
2185 1590 2279 1647 His
2317 1591 2521 1648 accedit
2563 1589 2751 1647 tertius
2796 1587 2945 1643 locus
2970 1599 3037 1641 el
3074 1580 3271 1637 Iisaall
3299 1578 3583 1637 Gallicana
3614 1575 3673 1628 in
3712 1572 3875 1629 (ius

595 1686 838 1753 Domini,
874 1690 930 1741 in
957 1703 1059 1755 qua
1091 1684 1339 1742 Dominus
1380 1696 1549 1742 noster
1585 1686 1738 1742 Iesus
1778 1686 2007 1742 Christus
2046 1689 2096 1741 in
2138 1702 2270 1743 noro
2299 1686 2624 1744 Testamento
2652 1682 2984 1752 sacriﬁcandi
3013 1681 3169 1735 ritum
3195 1676 3477 1732 instituisse
3514 1676 3870 1730 memoratur.

592 1780 715 1833 dum
741 1796 927 1850 panem
950 1789 997 1833 et
1021 1780 1229 1845 vinum,
1262 1796 1373 1847 qua
1405 1778 1776 1834 Melchisedech
1822 1784 1875 1833 in
1905 1778 2320 1847 prtzfiguratione
2361 1777 2522 1849 futuri
2563 1777 2789 1849 mysterii
2817 1773 3056 1831 sacerdos
3094 1769 3372 1831 obtulerat,
3400 1766 3453 1819 in
3496 1770 3875 1819 suam

592 1878 671 1928 sui
701 1878 933 1945 carparis
959 1886 1007 1929 et
1036 1878 1298 1946 sanguinis
1322 1876 1722 1945 transformaoit.
1757 1875 1865 1931 Nec
1894 1878 2243 1935 omittendum
2272 1878 2374 1933 hoc
2401 1879 2521 1933 loco
2548 1876 2603 1932 id
2642 1876 2786 1948 quod
2827 1876 3019 1946 legitur
3056 1872 3110 1926 in
3152 1871 3343 1925 Μίκυιὶ
3380 1866 3717 1923 Franci-Iuli
3749 1875 3863 1930 pug;

598 1970 703 2025 525
740 1989 752 2023 :
786 1970 1011 2027 Remotis
1038 1973 1503 2026 obumbrationibus
1532 1975 1818 2029 carnalium
1843 1975 2192 2040 uictimarum,
2219 1977 2502 2045 spiritalem
2532 1976 2648 2039 tibi,
2681 1990 2878 2030 sumuu
2908 1972 3085 2035 Pater,
3113 1968 3330 2023 hostium
3366 1965 3595 2034 supplici
3637 1959 3870 2016 servili”

593 2066 874 2136 deferimus
904 2082 923 2119 :
952 2082 1067 2135 qua:
1095 2067 1222 2119 miro
1253 2065 1600 2134 ine/fnbilique
1639 2067 1878 2135 mysterio
1902 2078 1949 2121 et
1978 2068 2273 2123 immolatur
2310 2084 2532 2138 semper,
2564 2076 2611 2121 et
2638 2068 2814 2121 eadem
2852 2078 3052 2131 semper
3097 2060 3344 2126 otiatur;
3378 2058 3678 2126 pariterque
3704 2061 3754 2105 α
3780 2050 3863 2102 ά·

594 2166 823 2212 votorum
852 2175 1056 2222 munus,
1084 2165 1132 2212 et
1162 2160 1534 2213 remunerantis
1558 2168 1632 2213 est
1672 2160 1958 2229 praemium.
1991 2160 2089 2214 Ubi
2120 2160 2406 2229 spiritalem
2435 2160 2653 2215 hostiam
2680 2158 2808 2214 dicit
2848 2156 3121 2217 sacerdos,
3151 2152 3297 2222 quod
3331 2146 3657 2218 ερὶῆηιίωι·
3688 2146 3871 2198 m

594 2256 729 2307 letor
760 2268 882 2309 vera
910 2254 1109 2310 Christi
1136 2270 1282 2322 caro,
1315 2270 1582 2327 verosque
1622 2258 1857 2327 sanguis.
1888 2256 2060 2321 Quid?
2088 2256 2231 2325 quod
2259 2257 2530 2310 adoranda
2558 2253 2817 2322 sacrificia
2844 2252 3180 2323 appellantur
3203 2247 3259 2302 in
3290 2246 3397 2300 ﬁne
3430 2242 3580 2299 tertii
3622 2236 3864 2299 Ml

592 2348 799 2403 scilicet
820 2332 1111 2414 Gallicani,
1139 2366 1259 2420 pag.
1284 2350 1411 2407 577.
1441 2352 1558 2405 Alia
1583 2350 1637 2405 id
1667 2366 1837 2419 genus
1867 2366 1971 2405 non
2004 2364 2168 2418 pauca
2200 2351 2678 2420 praetermittimus;

669 2458 758 2511 XI.
788 2460 941 2526 Quod
969 2462 1153 2515 attinet
1184 2462 1249 2515 ad
1281 2463 1565 2530 primatum
1600 2462 1823 2515 Romani
1855 2462 2142 2531 pontificis,
2169 2476 2290 2517 eum
2325 2462 2509 2529 probat
2534 2463 2694 2517 missa
2716 2461 2787 2515 de
2813 2466 3001 2515 sancto
3022 2458 3191 2527 Xysto
3220 2462 3355 2526 papa
3378 2460 3436 2510 et
3462 2460 3725 2521 ωσηῖτθο
3753 2454 3868 2515 (1⁸³

594 2564 647 2602 ιη
679 2549 874 2602 Missili
906 2550 1132 2605 Gothico
1161 2560 1245 2605 est
1274 2552 1463 2607 ordine
1489 2552 1928 2622 quinquagesima
1972 2563 2199 2607 octava:
2232 2552 2317 2607 Ea
2341 2556 2527 2622 quibus
2562 2564 2639 2608 est
2675 2563 2883 2609 sanctus
2913 2568 2973 2605 se
3012 2550 3311 2606 venerabilis
3348 2548 3534 2604 Sintiis
3574 2544 3858 2611 Mirm-

589 2642 676 2711 qui
706 2643 829 2695 dum
868 2642 1163 2713 apostolica:
1203 2644 1337 2698 sedis
1377 2644 1649 2707 accepisset
1692 2645 1942 2713 insignia,
1976 2655 2020 2695 et
2049 2660 2099 2697 se
2131 2646 2353 2711 primum
2380 2662 2485 2699 esse
2524 2646 2831 2717 conspiceret
2867 2645 3216 2707 sacerdotum,
3250 2640 3302 2695 id
3343 2650 3423 2694 est
3458 2638 3861 2708 episcoporum:

593 2734 682 2799 qui
718 2737 768 2787 in
802 2736 883 2790 bis
914 2736 1218 2791 Missalibus
1246 2738 1422 2790 solent
1450 2737 1706 2805 appellari
1733 2738 2042 2797 sacerdotes,
2079 2738 2371 2808 presbyteri
2406 2752 2530 2791 vero
2573 2753 2679 2791 non
2708 2738 2875 2791 semel
2916 2737 3158 2799 seniores,
3193 2741 3249 2786 tit
3277 2733 3381 2786 col.
3407 2729 3535 2785 000.
3570 2726 3740 2796 Hujus
3769 2717 3863 2775 loci

590 2828 875 2881 occasione
917 2830 968 2881 in
1013 2838 1246 2884 mentem
1292 2832 1522 2884 recurrit
1566 2830 1825 2885 solemnis
1856 2830 2000 2885 locus
2028 2846 2095 2886 ex
2137 2833 2389 2905 Cypriani
2440 2832 2577 2887 libro
2604 2832 2672 2886 de
2700 2830 2919 2888 Unitate
2958 2827 3240 2895 Ecclesiae,
3284 2828 3371 2883 ubi
3418 2826 3676 2895 primatus
3720 2818 3863 2873 Petro

591 2920 765 2969 datur.
805 2919 855 2970 ln‘
892 2928 1141 2987 tanquam
1185 2931 1549 2975 assutnentum
1594 2922 1898 2991 rejecerunt
1944 2922 2130 2991 nuperi
2170 2923 2402 2979 editores
2437 2920 2793 2986 Oxonienses,
2824 2914 2940 2975 freti
2982 2922 3317 2988 antiquorum
3363 2918 3685 2973 auctoritate
3727 2911 3863 2967 codi-

589 3028 744 3078 cum,
778 3028 1004 3083 quorum
1049 3015 1294 3072 nonnulli
1327 3016 1463 3073 hanc
1500 3016 1796 3073 clausulam
1828 3033 1931 3071 non
1965 3018 2190 3087 habent,
2233 3020 2353 3074 aliis
2395 3034 2512 3074 eam
2558 3017 2875 3073 habentibus
2920 3030 3144 3071 numero
3180 3024 3234 3069 et
3277 3017 3407 3067 bona
3442 3022 3567 3067 nota
3622 3014 3703 3084 (ut
3744 3008 3861 3076 ipsis

590 3106 819 3177 videtur)
854 3111 1107 3176 potiores.
1134 3111 1202 3162 At
1233 3109 1434 3163 nullum
1459 3109 1712 3167 Codicem
1741 3113 2014 3180 proferent
2046 3123 2125 3175 tut
2151 3112 2367 3183 quidem
2398 3111 2666 3183 putamus)
2695 3110 3050 3180 antiquiorem
3078 3107 3292 3177 Pelagio
3323 3122 3453 3177 papa
3484 3107 3607 3176 ejus
3639 3104 3860 3161 nominis

586 3198 845 3264 secundo,
877 3200 964 3267 qni
1014 3198 1069 3251 in
1108 3199 1333 3269 epistola
1356 3214 1503 3255 sexta
1547 3200 1687 3256 hunc
1716 3200 1967 3272 Cypriani
2000 3204 2175 3258 locum
2206 3206 2273 3258 ita
2309 3204 2469 3259 refert
2503 3222 2514 3256 :
2544 3205 2649 3259 Sed
2676 3215 2720 3257 et
2752 3204 2926 3259 beatus
2962 3202 3268 3273 Cyprianus,
3300 3201 3534 3271 egregius
3566 3208 3781 3268 martyr,
3811 3196 3859 3248 iu

588 3290 739 3355 libro,
769 3296 917 3359 quem
945 3296 1008 3345 de
1050 3288 1274 3348 Unitatis
1313 3295 1522 3349 nomine
1548 3295 1797 3363 titulavit,
1827 3297 1959 3350 inter
1997 3298 2102 3350 alia
2146 3298 2221 3351 sic
2258 3299 2425 3354 dicit:
2462 3286 2746 3351 Exordium
2789 3296 2851 3350 ab
2894 3295 3090 3351 unitate
3130 3292 3499 3364 proﬁciscitur,
3528 3297 3583 3348 et
3623 3278 3861 3363 primaint

589 3385 746 3438 Petro
776 3384 947 3450 datur,
979 3395 1033 3438 ut
1062 3401 1166 3440 una
1196 3386 1388 3439 Christi
1429 3385 1659 3442 Ecclesia
1689 3397 1735 3441 et
1765 3387 2012 3443 cathedra
2042 3397 2371 3445 monstretur.
2408 3386 2474 3443 Et
2514 3404 2742 3460 pastores
2772 3398 2887 3442 sunt
2927 3404 3123 3456 omnes,
3152 3396 3196 3439 rt
3229 3402 3355 3456 grex
3401 3380 3533 3439 undi
3561 3372 3857 3447 oiieiititur,

585 3480 677 3548 qui
702 3480 763 3531 ab
796 3481 1042 3546 apostolis
1070 3480 1302 3533 unanimi
1328 3482 1659 3536 consensione
1700 3491 1968 3549 pascatur.
2015 3480 2117 3534 Pro
2146 3480 2249 3535 hac
2288 3482 2516 3535 lectione
2544 3480 2778 3536 editores
2805 3482 2971 3534 citant
2999 3477 3224 3533 Codices
3258 3476 3443 3531 decem
3472 3492 3485 3529 ε
3519 3475 3617 3530 sed
3648 3490 3740 3529 eos
3780 3486 3857 3527 re-

584 3571 805 3640 jiciunt,
841 3574 983 3629 nulla
1014 3574 1212 3643 Pelagii
1248 3590 1397 3645 papae
1424 3578 1563 3632 facta
1593 3577 1891 3633 mentione.
1914 3576 1986 3630 At
2016 3574 2221 3631 sufﬁcit
2248 3576 2319 3630 ad
2347 3576 2629 3644 primatum
2665 3576 2841 3641 Petri,
2867 3575 3007 3643 quod
3038 3574 3336 3644 Cyprianus
3362 3572 3622 3629 Ecclesia
3655 3568 3865 3625 unum

584 3665 865 3738 originem,
893 3668 953 3721 ab
982 3684 1107 3732 uno,
1139 3669 1189 3723 id
1216 3677 1296 3725 est
1318 3684 1348 3724 a
1372 3668 1555 3740 Petro,
1582 3669 1944 3739 incipientem,
1971 3672 2162 3725 asserit
2184 3684 2216 3723 a
2239 3668 2455 3725 Cbrisw
2486 3671 2806 3728 institutam.
2831 3669 3041 3724 Clarius
3068 3669 3121 3723 in
3150 3668 3377 3739 epistola
3404 3667 3470 3722 ad
3504 3666 3820 3724 lubaianum
3840 3675 3855 3691 '

584 3757 741 3815 Petro
785 3762 1007 3828 primum
1036 3761 1305 3830 Dominus,
1336 3780 1489 3834 super
1519 3780 1666 3834 quem
1693 3764 1969 3833 ludiﬁcabit
1997 3762 2287 3818 Ecclesium
2308 3806 2323 3827 ,
2350 3774 2394 3818 et
2434 3764 2565 3819 unde
2595 3766 2809 3819 unitatis
2847 3764 3097 3835 originem
3131 3764 3355 3819 instituit
3395 3774 3445 3817 et
3482 3764 3739 3827 ostendit;
3775 3772 3860 3830 ρο-

585 3860 815 3907 testatem
843 3855 985 3909 illam
1014 3856 1185 3921 dedit,
1227 3869 1329 3913 etc.
1377 3856 1484 3914 Sed
1526 3873 1691 3927 quam
1734 3858 2027 3929 praeclarus
2074 3858 2224 3915 locus
2258 3858 2309 3913 in
2342 3856 2585 3927 ejusdem
2616 3858 2842 3927 epistola
2884 3861 2955 3913 ad
3000 3857 3255 3925 Quintum
3287 3876 3303 3912 :
3338 3857 3479 3911 Nam
3517 3874 3619 3913 nec
3662 3854 3863 3915 Petrus

584 3964 733 4017 quem
760 3950 980 4017 primum
1010 3950 1258 4003 Dominus
1285 3952 1465 4022 elegit,
1495 3961 1542 4005 et
1570 3966 1725 4020 super
1761 3966 1911 4020 quem
1948 3950 2217 4021 ludiﬁcabit
2245 3949 2529 4005 Ecclesium
2556 3967 2739 4019 suam,
2777 3965 2895 4004 cum
2934 3966 3105 4004 secum
3147 3948 3345 4003 Paulus
3379 3951 3445 4004 de
3476 3945 3859 4004 circumcisio“

586 4043 907 4110 postmodum
946 4044 1283 4113 disceptaret,
1329 4045 1605 4098 vindicavit
1644 4043 1741 4099 sibi
1768 4045 1967 4114 aliquid
2011 4046 2303 4109 insolenter,
2345 4056 2433 4099 aut
2480 4055 2779 4115 arroganter
2825 4045 3129 4113 assumpsit,
3170 4058 3224 4103 ut
3265 4044 3455 4098 diceret
3490 4059 3546 4097 se
3592 4041 3858 4113 primam

585 4146 775 4203 tenere,
804 4145 910 4191 etc.
942 4136 1102 4192 Petro
1144 4137 1467 4204 prioritatem
1486 4180 1501 4204 ,
1532 4148 1588 4193 et
1616 4137 1661 4193 si
1690 4139 1839 4195 lubet
1876 4139 2156 4210 primatum
2181 4139 2483 4196 concedunt
2510 4138 2745 4195 editores
2770 4138 3107 4196 Oxosieuses
3136 4141 3195 4195 in
3219 4139 3361 4194 notis
3389 4139 3458 4192 ad
3487 4138 3627 4192 hanc
3655 4134 3851 4203 θρίοισι

586 4229 725 4297 lam,
762 4229 920 4285 modo
946 4243 1013 4283 ne
1050 4230 1413 4300 principatum.
1446 4226 1801 4299 Quantumvis
1838 4244 2020 4289 autem
2052 4236 2136 4305 (ut
2168 4234 2268 4303 ipsi
2296 4234 2621 4305 obtendunt)
2645 4230 2883 4289 Africani
2924 4235 3183 4304 praesules
3225 4233 3577 4303 prohiberent
3621 4224 3848 4300 appelll'

588 4324 757 4378 tiones
789 4326 1203 4391 transmarinas;
1233 4326 1372 4395 apud
1403 4340 1499 4381 eos
1530 4337 1705 4382 tamen
1738 4324 1978 4382 Ecclesia
2010 4327 2244 4383 Romana
2272 4340 2428 4401 caput
2453 4330 2683 4386 omnium
2707 4328 3057 4383 Ecclesiarum
3085 4328 3424 4394 censebatur,
3455 4337 3593 4382 teSIe
3621 4317 3849 4391 Sagen“

584 4417 838 4489 episcopo
864 4418 1270 4490 Carthaginensi
1301 4420 1439 4489 apud
1470 4416 1742 4479 Victorem
1775 4420 2045 4478 Vitensetu
2081 4424 2131 4477 in
2164 4424 2257 4482 lib.
2289 4440 2345 4480 ιι.
2377 4425 2482 4480 Sed
2525 4424 2737 4493 longius
2773 4422 3135 4493 provehimur.
3163 4421 3335 4478 Unum
3382 4430 3561 4479 tamen
3588 4416 3851 4474 addimus.

586 4533 779 4585 nempe
822 4532 887 4573 ex
916 4527 1287 4589 prseconcepta
1327 4517 1413 4573 illa
1444 4518 1512 4574 de
1543 4518 1771 4574 Romani
1813 4520 2078 4589 pontiﬁcis
2109 4523 2340 4592 primatu
2372 4522 2511 4590 apud
2541 4521 2843 4577 Catholicos
2876 4518 3219 4589 persuasione
3256 4517 3442 4574 forsan
3475 4517 3675 4575 locum
3718 4522 3847 4572 esse.

590 4617 648 4663 ut
674 4609 931 4665 Catholici
959 4610 1103 4679 apud
1143 4610 1460 4680 Gregorium
1509 4612 1872 4668 'l‘uronensem
1902 4616 2214 4683 episcopum
2244 4614 2469 4670 Romani
2511 4630 2619 4669 non
2648 4614 2817 4669 semel
2843 4614 2969 4668 dicti
2999 4612 3130 4667 sint.
3160 4610 3308 4668 Unus
3334 4610 3484 4664 locus
3513 4619 3599 4664 est
3627 4609 3681 4663 in
3717 4604 3805 4659 lib.
3830 4612 3849 4653 t

585 4704 653 4758 de
690 4703 867 4759 Gloria
914 4714 1207 4774 martyrum
1237 4718 1356 4773 cap.
1380 4704 1473 4769 θῶ,
1504 4704 1591 4759 ubi
1622 4704 1908 4776 Gregorius
1939 4721 2103 4777 agens
2132 4708 2203 4763 de
2239 4708 2456 4762 violatis
2491 4721 2587 4775 per
2615 4706 2898 4762 haereticos
2928 4702 3214 4761 Lusitania
3257 4701 3516 4767 fontibus,
3543 4712 3596 4754 et
3642 4700 3708 4754 de
3743 4705 3851 4750 cm-

583 4796 706 4853 lesti
736 4795 965 4851 vindicta
998 4798 1053 4853 in
1087 4798 1399 4863 Violatores,
1432 4800 1543 4853 haec
1580 4798 1759 4853 subdit
1785 4817 1798 4852 :
1828 4817 1846 4851 ι
1873 4799 2113 4870 Denique
2145 4799 2575 4869 'l‘heuttegisilus,
2610 4797 2767 4868 hujus
2797 4812 2888 4851 rex
2925 4793 3179 4865 regionis,
3213 4808 3336 4848 cum
3367 4793 3590 4847 vidisset
3619 4792 3717 4845 hoc
3744 4782 3843 4839 Illi"

581 4890 822 4944 raculum
842 4928 857 4955 ,
897 4889 1038 4958 quod
1072 4888 1128 4942 in
1162 4888 1245 4943 bis
1270 4892 1492 4946 sacratis
1538 4891 1646 4946 Deo
1677 4892 1919 4948 fontibus
1951 4894 2261 4964 gerebatur,
2289 4893 2542 4965 cogitavit
2589 4891 2728 4947 intra
2758 4906 2817 4944 se
2846 4890 3052 4954 dicens,
3081 4889 3207 4956 quia
3244 4886 3518 4956 ingenium
3543 4893 3629 4941 est
3658 4884 3843 4937 Romus

582 4996 774 5037 norum
809 4980 1105 5051 (Romanos
1132 4982 1272 5036 enim
1304 4984 1536 5037 vocitant
1566 4983 1809 5043 homines
1839 4996 2035 5040 nostrae
2082 4985 2381 5055 religionis)
2414 4995 2469 5039 ut
2506 4986 2573 5038 ita
2618 4984 2859 5047 accidat,
2888 4994 2944 5037 et
2972 4994 3075 5035 non
3103 4992 3186 5034 est
3227 4979 3321 5034 Dei
3350 4980 3541 5034 virtus.
3574 4999 3593 5030 ι
3632 4978 3767 5034 idem
3796 4970 3847 5025 ill

583 5075 826 5146 ejusdem
856 5074 974 5130 libri
1005 5089 1126 5144 cap.
1156 5071 1226 5128 80
1269 5074 1435 5133 refert
1481 5078 1797 5133 miraculum
1829 5094 1925 5145 pro
1968 5078 2088 5133 ﬁdei
2133 5078 2451 5133 Christianae
2490 5076 2875 5146 approbatione
2920 5072 3117 5127 factum
3158 5074 3213 5128 in
3255 5071 3571 5143 presbytero
3601 5065 3853 5127 catholico

584 5170 842 5223 adversus
871 5156 1239 5238 presbyterum
1268 5169 1526 5227 Arianum
1552 5186 1567 5229 ;
1600 5170 1692 5239 qui
1720 5170 2016 5226 catholicus
2044 5169 2326 5239 presbyter
2359 5177 2546 5222 nostris
2574 5166 2840 5236 religionis
2865 5179 2896 5218 a
2922 5163 3214 5234 Gregorio;
3254 5164 3604 5219 Romanarum
3635 5173 3759 5217 vero
3782 5152 3849 5209 ὠ

588 5264 856 5319 haereticis
888 5262 1204 5332 appellatur.
1254 5261 1364 5317 lmo
1391 5264 1552 5319 etiam
1574 5279 1605 5318 a
1634 5262 1934 5319 Catholicis
1976 5262 2106 5329 ipsis
2140 5261 2376 5317 Romana
2406 5258 2542 5314 ﬁdes
2571 5273 2668 5326 pro
2705 5257 2972 5311 catholica
3014 5265 3139 5312 ante
3180 5256 3234 5310 id
3275 5265 3485 5325 tempus
3525 5254 3844 5311 sumehlllh'

586 5359 675 5415 Sic
718 5356 1073 5426 Hieronymus
1116 5353 1167 5409 in
1200 5356 1371 5423 prima
1407 5355 1665 5426 Apologia
1705 5353 1965 5410 adversus
1993 5352 2245 5411 Rufinum
2276 5373 2291 5409 :
2328 5373 2347 5405 ι
2377 5352 2564 5408 Fidem
2605 5366 2753 5404 suam
2783 5366 2944 5421 quam
2988 5350 3177 5406 vocat?
3220 5351 3440 5416 Eamne,
3472 5364 3576 5419 qua
3623 5348 3849 5403 Belial!

584 5450 747 5522 pollet
767 5448 1295 5517 Ecclesia,anillam,
1326 5463 1444 5517 quau
1464 5447 1518 5501 in
1541 5448 1789 5517 Origeuis
1830 5448 2188 5503 voluminibus
2232 5448 2569 5505 continetur?
2599 5447 2655 5503 ss
2695 5446 2991 5502 Romanam
3013 5447 3391 5515 responderit:
3425 5445 3563 5515 ωτι»
3595 5432 3847 5503 cuicui

585 5557 793 5599 sumus.
827 5562 846 5595 ι
882 5540 995 5597 Non
1020 5557 1149 5612 ergo
1188 5543 1445 5597 novitium
1476 5550 1590 5609 est,
1617 5542 1761 5611 quod
1797 5540 2061 5598 Catholici
2101 5542 2326 5597 Romani
2345 5543 2593 5598 dicimur.
2627 5543 2753 5598 Haec
2791 5543 3079 5598 occasione
3116 5541 3411 5598 lissalium
3438 5541 3840 5598 Gallicanam!-

662 5639 776 5694 Xll.
807 5636 922 5693 Erit
948 5636 1170 5691 fortasse
1201 5636 1294 5706 qui
1326 5636 1555 5705 inquiras
1577 5649 1684 5704 quo
1716 5648 1871 5705 pacto
1904 5637 2019 5693 haec
2046 5638 2278 5697 Missalia
2308 5654 2377 5693 ex
2400 5636 2570 5694 Gallia
2604 5637 2828 5692 Romam
2857 5636 3138 5705 deportata
3167 5637 3305 5702 sint;
3340 5636 3653 5705 nullumque
3677 5632 3847 5688 is!!!

585 5736 816 5803 supersit
840 5731 981 5802 apud
1007 5732 1153 5801 ipsos
1182 5730 1365 5786 Gallos
1395 5729 1645 5798 Liturgiae
1676 5727 1964 5785 Gallicana:
2001 5732 2329 5801 exemplum.
2357 5732 2614 5788 Nimirum
2639 5734 2754 5787 haec
2782 5730 3103 5787 nostratium
3131 5732 3331 5799 (neque
3350 5733 3496 5786 enim
3526 5720 3847 5786 dissimili“

648 5867 665 5887 ⁶
690 5862 779 5913 Hic
801 5866 855 5912 et
874 5861 996 5911 infra
1013 5864 1267 5908 revocatur
1296 5856 1450 5906 lector
1473 5856 1529 5905 sd
1554 5866 1784 5909 numeros
1801 5860 1849 5907 in
1873 5862 2015 5909 textu
2035 5860 2259 5911 crassiori
2278 5863 2559 5912 charactere
2595 5873 2873 5920 expressos.
2902 5858 3038 5907 Ευιτ.
