4108 6352
560 366 658 424 lii
1263 366 1611 427 APPENDIX
1652 366 1742 422 AD
1781 362 2011 419 OPERA
2048 355 2294 417 SANCTI
2334 353 2642 413 GERMANI
2683 331 3151 409 PARISIENSIS:
3733 336 3836 391 112

552 483 691 542 Huic
718 485 870 557 operi
894 486 1165 543 coronidis
1194 488 1361 545 instar
1399 489 1713 560 subjicimus
1745 482 2182 555 Disquisitionem
2232 480 2299 535 de
2338 492 2495 533 cursu
2540 475 2833 539 Gallicana,
2888 472 2939 529 id
2972 468 3144 527 estde
3185 463 3492 522 divinorum
3512 456 3834 565 ciliciorum

551 579 764 651 origine
790 590 844 637 et
894 598 1175 653 progressu
1205 581 1259 637 in
1291 558 1545 637 Ecclesiis
1578 576 1865 636 Gallicanis
1897 594 1908 628 :
1941 575 2025 631 cui
2077 570 2445 642 Disquisitioni
2475 572 2763 625 succedent
2803 566 3055 623 nonnulla
3088 558 3527 653 monumentagad
3553 558 3837 653 utriusle

550 648 735 744 operis
782 648 1170 745 probationem.
1205 675 1336 743 Quae
1379 675 1556 729 omnia
1592 673 1718 727 faxit
1745 669 1884 725 Deus
1915 668 2152 738 optimus
2183 663 2444 719 maximus
2491 674 2547 717 ut
2576 661 2766 719 cedant
2804 660 2858 715 in
2902 661 3198 731 profectum
3248 650 3502 709 Ecclesiae
3528 648 3835 709 catholicae,

552 763 708 835 cujus
729 764 933 837 judicio
960 781 1024 821 ac
1049 781 1291 822 censurae
1319 767 1456 821 hanc
1484 764 1739 834 opellam,
1772 775 1977 830 nosque
2001 761 2146 829 ipsos
2172 756 2415 812 lubenter
2446 755 2830 810 submittimus.
2867 754 2977 809 Nec
3024 750 3313 821 refugimus
3343 748 3505 803 etiam
3546 756 3835 800 censuram

552 860 888 917 eruditorum
917 860 1215 917 hominum.
1252 860 1372 917 Non
1399 861 1536 915 enim
1560 859 1832 924 vincimur,
1861 855 2069 926 quando
2094 852 2380 921 offeruntur
2415 852 2559 907 nobis
2589 850 2823 921 meliora,
2861 850 2953 906 sed
2978 847 3304 916 instruimur,
3335 855 3395 903 ut
3419 844 3599 901 verbis
3632 852 3844 896 utamur

553 953 735 1023 magni
763 951 1019 1026 Cypriani
1045 972 1109 1010 cx
1135 954 1361 1027 epistola
1386 953 1454 1009 ad
1482 952 1762 1022 Quintum.

557 1116 3848 1182 ψ

819 1184 1149 1448 κΒΕ
1239 1295 2220 1446 LITURGIA
2322 1284 3483 1440 GALLICANA

1590 1562 2073 1674 LIBER
2150 1557 2812 1680 PBLMUS.

1071 1888 1298 1948 CAPUT
1336 1888 1623 1947 PRIMUM.

558 2002 1284 2079 Ιιίιιινειὶαηιρθι-ςοηείςιιειίιμὶοΔ
1299 2019 1450 2079 quam
1474 2002 1615 2055 utilis
1625 2002 1706 2079 Διιίί
1726 2001 1881 2079 ﬁdem
1910 1997 2155 2055 Ecclesia

762 2074 1030 2129 catholica:
1058 2074 1121 2127 de
1154 2072 1481 2128 Eucharistia
1512 2073 1938 2143 conﬁrmandam.

632 2172 677 2242 ι
704 2170 757 2224 1.
796 2167 928 2223 Cum
957 2165 1098 2221 varia
1130 2166 1238 2219 sint
1264 2173 1575 2236 argumenta
1602 2180 1721 2235 quae
1750 2180 1930 2221 veram
1964 2163 2017 2218 in
2050 2162 2154 2219 Eu-

555 2260 811 2318 charistia
857 2258 1056 2315 Christi
1106 2258 1347 2326 corporis
1377 2257 1761 2329 sanguinisque
1811 2255 2155 2326 praesentiam

556 2354 816 2427 probant;
850 2369 959 2409 non
987 2350 1294 2408 inferiorem
1326 2351 1381 2407 in
1412 2353 1493 2407 his
1520 2354 1696 2407 locum
1740 2362 1924 2407 tenent
1948 2367 2145 2423 augus-

556 2448 748 2504 tissimi
793 2448 931 2503 ritus
959 2460 1023 2500 ac
1050 2446 1319 2501 solemnes
1367 2446 1473 2500 illae
1528 2460 1713 2515 preces
1759 2446 1953 2515 quibus
2000 2444 2155 2500 Chri-

556 2539 745 2596 stianae
774 2536 947 2594 ubivis
973 2538 1211 2606 gentium
1240 2537 1489 2608 legitimas
1518 2539 1805 2593 societates
1837 2537 1905 2591 ab
1927 2525 2079 2592 initio
2101 2536 2155 2591 in

558 2647 620 2688 re
651 2646 799 2687 sacra
831 2645 942 2686 usa:
970 2640 1117 2686 sunt.
1150 2630 1206 2685 ld
1231 2629 1374 2685 enim
1404 2630 1578 2686 modis
1607 2631 1857 2685 omnibus
1893 2632 1999 2700 agit
2034 2630 2156 2698 Spi-

556 2722 661 2777 ritu
689 2730 876 2778 sancto
907 2722 1137 2776 animata
1168 2719 1435 2787 Ecclesia,
1462 2730 1518 2775 ut
1546 2735 1795 2791 magnum
1848 2719 2045 2790 aliquid
2094 2733 2159 2774 ac

555 2812 717 2883 plane
742 2812 987 2868 divinum
1020 2810 1121 2867 hoc
1148 2810 1416 2867 sacriﬁcio
1440 2811 1705 2868 contineri
1736 2810 1911 2881 palam
1944 2821 2156 2881 protes-

556 2912 719 2960 tetur.
766 2903 882 2960 lluc
908 2912 1154 2974 spectant
1184 2903 1398 2973 praevia;
1434 2918 1501 2959 ex
1546 2912 1771 2975 utroque
1809 2903 2157 2959 Testamento

555 2996 843 3062 lectiones,
896 3011 1125 3068 quarum
1180 2996 1529 3051 meditatione
1585 2994 1821 3051 ﬁdelium
1877 2994 2043 3050 animi
2092 2994 2159 3050 ad

558 3098 765 3145 tantum
815 3090 1146 3163 mysterium.
1181 3088 1535 3159 disponantur
1575 3108 1587 3143 :
1632 3089 1735 3143 hnc
1782 3088 1935 3157 panis
1984 3088 2160 3143 studio

559 3191 905 3251 preparatus,
961 3180 1314 3253 ejusdemque
1342 3196 1462 3237 cum
1494 3181 1616 3236 vino
1645 3181 1757 3236 Deo
1784 3179 1923 3237 facta
1954 3181 2161 3237 oblatio

2176 1892 2228 1950 Α
2254 1887 2406 1956 licata
2430 1887 2697 1941 accedant.
2744 1886 2895 1955 Quod
2928 1902 3032 1942 non
3064 1888 3235 1943 solum
3268 1889 3337 1945 de
3362 1888 3465 1944 ﬁde
3494 1887 3775 1944 Trinitatis
3801 1900 3849 1946 et

2260 1978 2663 2044 Incarnationis,
2704 1977 2800 2034 sed
2846 1978 3008 2033 etiam
3042 1980 3110 2035 de
3143 1980 3245 2035 ﬁde
3276 1980 3627 2036 Encharistim
3660 1981 3850 2036 intelli—

2258 2070 2491 2139 gendum
2519 2080 2621 2137 est,
2650 2072 2941 2127 secundum
2977 2072 3105 2127 illud
3138 2074 3278 2143 quod
3311 2077 3363 2127 in
3394 2074 3595 2128 Missali
3629 2073 3852 2130 Gothico

2258 2162 2521 2235 gallicano
2561 2164 2775 2233 legitur,
2800 2166 3048 2221 nimirum
3094 2167 3144 2220 in
3191 2168 3349 2221 missa
3380 2165 3468 2220 75.
3510 2165 3579 2221 Ut
3611 2169 3848 2222 sollemne

2260 2254 2357 2308 hoc
2382 2255 2696 2323 sacri/icium
2736 2256 3016 2325 sanctiﬁcet
3045 2258 3203 2311 corda
3229 2267 3424 2327 nostra,
3452 2258 3581 2312 dum
3604 2260 3850 2325 creditur,

2260 2345 2423 2401 deleat
2454 2357 2679 2415 peccata,
2712 2348 2833 2403 dum
2853 2350 3093 2403 sumitur.

2332 2440 2385 2512 3
2414 2440 2467 2495 5.
2492 2439 2691 2496 Verum
2714 2442 2758 2497 si
2788 2442 2855 2496 ad
2890 2443 3222 2511 precationes
3254 2444 3303 2498 in
3328 2443 3580 2513 Liturgiis
3624 2440 3851 2498 adhiberi

2260 2535 2448 2590 solitas
2496 2536 2875 2600 attendamus;
2923 2534 3073 2603 plura
3115 2536 3316 2605 utique,
3363 2551 3535 2607 eaque
3563 2537 3738 2607 magis
3764 2550 3851 2590 et-

2264 2639 2473 2694 pressa,
2504 2623 2627 2679 huic
2650 2624 2727 2680 rei
2754 2625 3138 2681 conﬁrmanda:
3162 2627 3465 2681 testimonia
3496 2627 3657 2682 nobis
3678 2640 3843 2680 Occur-

2263 2731 2407 2775 rent.
2444 2720 2500 2775 In
2542 2721 2623 2776 his
2660 2720 2988 2776 luculenlunt
3036 2731 3121 2776 est
3172 2721 3321 2785 illud,
3368 2722 3509 2792 quod
3549 2722 3709 2776 nobis
3738 2734 3851 2788 sup-

2264 2810 2469 2881 peditat
2516 2809 2678 2867 Liber
2729 2811 3197 2867 Sacramentorum
3256 2812 3498 2883 Gregorii
3565 2812 3741 2883 Magni
3802 2811 3848 2865 in

2264 2902 2542 2961 Dominica
2570 2905 2754 2977 quinta
2786 2916 2905 2974 post
2936 2906 3307 2977 Epiphaniam,
3334 2906 3425 2960 ubi
3453 2908 3503 2961 in
3533 2905 3848 2961 Praefatione

2268 2998 2382 3054 hzec
2412 3000 2661 3071 leguntur
2690 3017 2704 3055 :
2738 3000 2946 3070 Singuli
2975 3000 3226 3068 accipiunt
3256 2998 3516 3054 Christum
3550 2999 3841 3061 Dominum,

2268 3100 2317 3145 et
2358 3093 2413 3146 in
2452 3092 2672 3166 singulis
2718 3092 3035 3160 portionibus
3074 3102 3210 3146 totus
3240 3103 3346 3155 est;
3388 3108 3478 3145 nec
3507 3108 3598 3162 per
3632 3088 3849 3162 singulos

2266 3183 2533 3248 minuitur,
2582 3186 2671 3238 sed
2718 3184 2971 3256 integrum
3005 3200 3060 3239 se
3106 3184 3291 3256 praebet
3340 3184 3393 3237 in
3431 3183 3671 3255 singulis.
3708 3176 3848 3249 Quod

557 3274 740 3329 verbis
768 3275 979 3329 arcanis
1006 3289 1129 3329 cum
1160 3277 1213 3347 3
1243 3289 1400 3330 sacro
1445 3274 1656 3341 sumtu;
1702 3274 1805 3330 huc
1831 3275 1897 3329 ad
1929 3275 2157 3331 circum-
2190 3296 2241 3359 Β
2268 3278 2631 3334 testimonium
2688 3277 3018 3335 Guitmundo
3070 3279 3199 3333 tanti
3254 3277 3422 3333 visum
3472 3289 3579 3346 est,
3633 3286 3691 3334 ut
3731 3272 3849 3332 illud

557 3374 766 3422 Stantes
788 3380 1051 3422 conversa
1092 3364 1265 3422 oratio
1296 3365 1628 3421 Praefationis
1664 3366 1856 3435 instar,
1881 3373 1940 3421 ut
1964 3380 2157 3423 eorum

561 3475 721 3516 aures
743 3470 797 3517 et
825 3461 988 3517 corda
1014 3462 1067 3516 in
1093 3460 1332 3518 caelestia
1353 3460 1629 3533 erigantur
1656 3476 1670 3515 :
1695 3460 1799 3515 huc
1818 3460 1957 3515 actio
1981 3475 2155 3528 sacra,

557 3563 615 3608 et
654 3553 993 3610 consecratio
1036 3553 1279 3625 mysticis
1312 3551 1516 3608 Christi
1546 3552 1724 3607 verbis
1752 3553 1932 3622 peragi
1962 3553 2155 3619 solita;

558 3653 674 3701 tum
696 3644 891 3701 hostias
913 3644 1206 3716 calicisque
1230 3644 1461 3701 elevatio
1482 3660 1602 3700 cum
1632 3643 1830 3715 insigni
1858 3648 2161 3702 reverentia

558 3742 862 3801 sacerdotis
893 3750 950 3798 et
992 3742 1178 3813 populi
1218 3742 1653 3812 procumbentis;
1680 3742 1749 3797 ad
1781 3741 1897 3797 haec
1919 3742 2159 3798 vivorum

560 3837 1046 3907 defunctorumque
1079 3836 1380 3902 memoria;
1426 3836 1532 3892 huc
1572 3836 1806 3907 denique
1852 3837 2163 3893 communio

559 3943 685 3984 cum
714 3927 780 3984 iis
800 3926 1073 3997 religionis
1100 3936 1155 3983 et
1185 3926 1550 3983 venerationis
1580 3927 1769 3997 signis,
1799 3942 1921 3983 cum
1948 3944 2010 3984 ea
2040 3943 2163 3997 gra-

561 4021 758 4076 tiarum
785 4021 1023 4087 actione,
1054 4020 1230 4075 nullus
1260 4029 1316 4074 ut
1343 4020 1676 4076 intuentibus
1700 4020 1982 4076 dubitandi
2009 4021 2163 4077 locus

562 4111 924 4185 relinquatur,
956 4111 1095 4167 hanc
1139 4125 1284 4180 esse,
1335 4126 1654 4181 semperque
1694 4110 1862 4169 fuisse
1904 4112 2162 4170 Ecclesia:

559 4203 723 4263 ﬁdem
749 4221 815 4263 ac
843 4206 1267 4276 persuasionem,
1309 4204 1582 4262 Christum
1613 4221 1739 4263 vere
1779 4208 1832 4263 in
1860 4206 1963 4264 hoc
1989 4209 2159 4265 sacri-

560 4296 687 4356 ﬁcio
711 4298 977 4356 exhiberi.

630 4393 688 4449 2.
728 4393 798 4450 Et
824 4393 941 4450 htec
981 4393 1199 4465 quidem
1242 4394 1295 4450 in
1345 4410 1633 4451 commune
1676 4393 1926 4464 Liturgize
1968 4408 2159 4451 omnes

561 4495 979 4558 repraesentant.
1009 4486 1067 4544 Si
1096 4502 1226 4543 vero
1252 4487 1552 4559 singulares
1577 4487 1997 4560 uniuscujusque
2023 4489 2160 4545 ritus

560 4581 911 4638 considerare
942 4597 1085 4638 nunc
1104 4593 1342 4650 vacaret,
1371 4584 1548 4639 nullos
1570 4583 1622 4639 in
1652 4585 1904 4641 eumdem
1937 4600 2158 4656 scopum

2266 3368 2511 3425 retulerit
2563 3367 2616 3424 in
2666 3368 2859 3425 librum
2908 3384 3065 3426 suum
3106 3370 3175 3425 de
3217 3369 3455 3439 Corpore
3498 3378 3554 3425 et
3600 3368 3851 3437 sanguine

2270 3458 2509 3526 Domini;
2569 3458 2862 3531 itidemque
2904 3460 3131 3529 Algerus
3185 3460 3237 3515 in
3285 3460 3379 3516 lib.
3430 3475 3602 3531 rcap.
3657 3462 3742 3525 l5,
3792 3472 3851 3512 ex

2264 3550 2573 3618 Ambrosio,
2621 3551 2675 3607 id
2712 3561 2796 3607 est
2839 3567 2906 3608 ex
2952 3551 3186 3621 Liturgia
3240 3552 3617 3619 Ambrosiana,
3668 3554 3722 3608 in
3759 3564 3849 3621 qua

2267 3640 2385 3698 haec
2413 3642 2659 3714 leguntur
2686 3644 2826 3714 apud
2854 3644 3146 3702 Pamelium
3177 3645 3454 3703 Dominica
3481 3646 3695 3719 quinta,
3725 3655 3777 3702 et
3804 3646 3848 3698 in

2267 3730 2529 3788 hodierno
2580 3732 2777 3789 Missali
2829 3735 3185 3792 Ambrosiano
3228 3736 3504 3792 Dominica
3541 3747 3697 3793 sexta
3742 3742 3851 3807 post

2268 3822 2643 3894 Epiphaniam.

2336 3918 2391 3972 4.
2434 3919 2587 3986 Quod
2619 3919 2664 3975 si
2691 3930 2940 3978 auctores
2983 3922 3060 3977 illi
3108 3923 3242 3979 alias
3266 3924 3427 3981 etiam
3466 3923 3758 3997 Liturgias,
3802 3924 3846 3978 in

2266 4011 2451 4078 primis
2494 4023 2733 4070 veterem
2766 4016 3113 4083 Gallicanam,
3164 4017 3219 4073 in
3265 4028 3475 4089 promtu
3517 4019 3843 4080 habuissent.

2268 4104 2407 4160 haud
2461 4107 2621 4163 dubie
2670 4109 2867 4164 multas
2922 4110 3047 4166 inde
3096 4114 3371 4184 suppetias
3428 4113 3739 4171 hausissent
3790 4106 3847 4162 ad

2263 4201 2607 4257 asserendam
2653 4202 2971 4259 catholicam
3024 4202 3209 4261 ﬁdem.
3266 4205 3400 4262 Tres
3452 4214 3663 4263 tantum
3712 4206 3849 4261 locos

2265 4290 2371 4347 huc
2393 4292 2660 4349 adducere
2684 4294 2836 4364 juvat
2859 4311 2923 4352 ex
2960 4297 3161 4352 Missali
3188 4295 3416 4353 Gothico
3453 4314 3550 4354 seu
3581 4296 3849 4354 Gallicana

2266 4384 2605 4455 perantiquo,
2636 4386 2832 4456 quibus
2862 4387 2997 4444 locis
3022 4389 3155 4445 nihil
3184 4389 3482 4462 signantius
3504 4401 3597 4447 aut
3620 4389 3849 4447 luculen-

2266 4475 2370 4531 tius
2400 4477 2576 4533 afferri
2620 4490 2814 4549 potest.
2858 4480 3004 4538 Unus
3046 4493 3221 4539 exstat
3248 4484 3302 4540 in
3334 4484 3494 4540 missa
3523 4484 3591 4541 de
3619 4480 3847 4554 Epipha-

2264 4570 2373 4639 nia,
2407 4570 2494 4626 ubi
2523 4572 2702 4627 statim
2742 4572 2811 4627 ab
2848 4574 2998 4629 initio
3043 4575 3159 4631 haec
3200 4575 3517 4632 solemnitas
3546 4569 3843 4634 veneranda

560 4690 671 4731 non
700 4660 980 4732 collimare
1009 4674 1167 4731 facile
1200 4675 1642 4745 intelligeremus.
1693 4678 1811 4745 Quo
1859 4681 1913 4733 in
1957 4693 2154 4750 genere
2185 4695 2231 4759 ρ
2264 4665 2602 4734 Ρτοροηίιυτ,
2634 4668 2971 4724 exhortando
2997 4670 3183 4725 fideles
3211 4671 3279 4727 ad
3316 4670 3614 4727 ferventem
3663 4668 3848 4727 oratio-

560 4767 881 4837 prazclarum
921 4777 1004 4824 est
1050 4767 1105 4823 in
1153 4768 1315 4823 missa
1362 4767 1694 4825 Mozarabica
1732 4770 2054 4835 institutum,
2088 4777 2157 4834 ,ut

562 4859 790 4916 recitato
816 4860 1035 4916 Canone
1052 4859 1306 4916 sacerdos
1336 4860 1567 4916 hostiam
1596 4870 1965 4917 consecratam
1995 4876 2161 4931 super

564 4952 791 5008 calicem
823 4963 1032 5018 tenens,
1079 4952 1394 5025 Symbolum
1420 4952 1525 5009 ΟΡ.
1558 4954 1815 5025 praecinet
1845 4969 1911 5009 ex
1942 4952 2160 5009 decreto

564 5047 779 5103 concilii
810 5061 870 5102 ut
891 5046 1158 5111 Toletani,
1183 5047 1703 5125 subsequentecleri
1735 5058 1789 5104 et
1816 5047 1995 5125 populi
2028 5062 2161 5103 con-

564 5147 751 5197 centu.
797 5138 909 5195 Hac
952 5140 1094 5195 enim
1138 5138 1478 5197 confessione
1507 5124 1697 5197 omnes
1724 5150 1780 5195 et
1807 5124 2000 5211 singuli
2031 5156 2160 5198 con-

565 5232 757 5288 testari
791 5230 1061 5301 videntur,
1094 5247 1153 5289 se
1182 5248 1243 5289 ea
1273 5232 1377 5289 ﬁde
1406 5249 1591 5290 verum
1635 5233 1831 5289 Christi
1880 5248 2075 5303 corpus
2114 5243 2170 5290 et

566 5325 888 5395 sanguinem
918 5325 971 5380 in
1002 5322 1337 5382 Eucharistia
1367 5326 1609 5393 credere,
1643 5340 1745 5396 qua
1777 5325 1881 5381 fide
1918 5326 2168 5398 omnipo-

571 5424 782 5473 tentem
809 5416 977 5473 Deum
1009 5434 1172 5475 unum
1196 5429 1359 5490 atque
1383 5419 1604 5487 trinum,
1658 5434 1721 5474 ac
1761 5420 1951 5476 Filium
1998 5422 2172 5478 incar-

574 5522 763 5566 natum
807 5511 1051 5568 credunt.
1111 5512 1237 5570 Ideo
1282 5514 1478 5585 quippe
1533 5512 1778 5568 Toletani
1828 5514 2015 5569 Patres
2070 5514 2171 5570 hoc

573 5600 914 5673 Symbolum,
946 5607 1241 5676 priusquam
1271 5604 1541 5660 Dominica
1570 5604 1773 5660 dicatur
1803 5609 1988 5673 oratio,
2024 5608 2169 5663 clara

570 5709 695 5748 uoce
726 5712 759 5749 α
795 5699 985 5769 populo
1022 5697 1283 5754 demutari
1312 5697 1651 5768 praecipiunt,
1695 5714 1794 5769 quo
1817 5708 1867 5754 et
1894 5699 2021 5766 ﬁdes
2051 5715 2170 5755 vera

578 5791 906 5861 manifestum
935 5791 1274 5845 testimonium
1302 5789 1503 5857 habeat,
1529 5799 1577 5847 et
1599 5790 1668 5845 ad
1694 5789 1885 5847 Christi
1913 5808 2094 5862 corpus
2123 5801 2171 5849 et

574 5882 859 5951 anguinum
889 5878 1262 5942 pralibandum
1308 5890 1510 5950 pectora
1539 5884 1851 5955 populorum
1880 5883 1984 5954 fide
2019 5885 2166 5955 puri-

2274 4771 2421 4823 nem,
2463 4773 2653 4828 nempe
2693 4768 2745 4813 ut
2771 4762 2860 4830 qui
2889 4770 3011 4815 tunc
3038 4778 3196 4832 aquas
3220 4764 3273 4817 in
3303 4765 3418 4817 vina
3458 4766 3693 4830 mutauit,
3722 4770 3847 4815 nunc

2270 4848 2325 4902 in
2366 4851 2669 4921 sanguinem
2710 4868 2861 4907 suum
2902 4853 3213 4909 oblationum
3264 4857 3382 4910 vina
3429 4867 3703 4913 convertat.
3760 4850 3848 4909 Hic

2272 4955 2499 4999 necesse
2525 4952 2610 4998 est
2635 4958 2927 5015 agnoscere
2958 4959 3137 5001 veram
3170 4962 3233 5002 ac
3272 4948 3560 5014 sinceram,
3591 4964 3695 5005 non
3723 4946 3847 5014 ﬁgu-

2272 5047 2443 5094 ratam
2472 5037 2734 5094 duntaxat
2754 5038 2863 5095 vini
2892 5042 3241 5097 mutationem
3264 5041 3317 5097 in
3353 5042 3670 5114 sanguinem
3701 5036 3847 5096 Chri-

2270 5134 2373 5196 sti;
2423 5132 2491 5186 ad
2542 5147 2701 5203 quam
2752 5133 2959 5188 scilicet
3005 5132 3338 5191 efficiendam
3385 5137 3526 5193 coelo
3573 5136 3847 5193 devocatur

2277 5224 2662 5293 omnipatentia
2712 5223 2825 5291 Dei,
2876 5240 2939 5281 ea
2982 5227 3198 5298 quidem
3250 5229 3386 5301 ipsa,
3434 5244 3554 5300 qua:
3602 5240 3764 5302 aquas
3797 5222 3845 5276 in

2278 5316 2460 5372 vinum
2491 5316 2780 5387 aliquando
2805 5323 3092 5376 convertit.
3840 5374 3843 5377 .

2350 5411 2403 5465 5.
2445 5410 2549 5467 Sed
2579 5410 2838 5482 insignior
2865 5415 3000 5471 alter
3022 5415 3174 5471 locus
3197 5425 3283 5471 est
3308 5416 3409 5473 sub
3431 5416 3589 5474 ﬁnem
3619 5411 3847 5487 ejusdem

2280 5502 2509 5558 Missalis
2552 5503 2606 5559 in
2651 5505 2814 5562 missa
2856 5505 3185 5563 dominicali.
3232 5507 3322 5563 Sic
3369 5510 3511 5564 enim
3554 5510 3776 5566 habetur
3800 5503 3846 5556 in

2280 5596 2525 5653 oratione
2550 5608 2755 5654 secreta
2786 5618 2799 5654 :
2831 5598 3116 5655 Precamur
3139 5611 3305 5656 mente
3323 5602 3501 5656 devota
3526 5612 3593 5670 te,
3615 5600 3847 5670 Majestat

2276 5699 2489 5757 (eterna,
2543 5688 2599 5760 ﬁ.
2640 5700 2693 5743 ut
2744 5701 2983 5763 operante
3020 5691 3221 5756 virtute,
3276 5708 3457 5762 partem
3505 5702 3751 5746 mutatum
3802 5684 3847 5735 ἱη

2276 5796 2499 5848 carnem,
2533 5780 2775 5850 poculum
2795 5799 2992 5838 tersum
3015 5784 3067 5838 in
3088 5786 3407 5856 sanguinem,
3431 5786 3580 5841 illum
3600 5788 3845 5841 sumath

2277 5875 2330 5929 in
2351 5874 2528 5939 calice,
2560 5876 2647 5943 qui
2673 5874 2739 5929 de
2761 5883 2809 5928 te
2834 5877 2985 5945 ﬂuuit
3012 5878 3062 5929 in
3083 5894 3229 5932 cruce
3253 5895 3313 5933 er
3343 5878 3514 5935 latere.
3543 5878 3671 5948 Quis
3702 5866 3845 5929 hodie
