4108 6352
329 404 434 461 H3

1261 405 1348 462 DE
1387 404 1716 464 LITURGIA
1758 409 2153 468 GALLIC‘ANA
2196 413 2396 474 LIBER
2435 417 2708 479 PRIMUS.

3502 434 3613 490 ηι

319 523 720 581 Catholicorum
749 537 900 580 suam
929 525 998 582 de
1028 525 1361 582 Eucharistia
1392 525 1548 580 ﬁdem
1581 530 1818 598 apertius
1860 533 1914 583 et
1939 529 1993 588 Α
2020 543 2400 600 respexerunt;
2443 536 2664 592 multum
2711 539 3038 598 discriminis
3064 543 3116 599 in
3161 545 3332 602 sacris
3369 560 3608 616 agnove-

319 617 594 676 efﬁcacius
637 628 818 688 posset
868 619 1202 689 exprimere,
1260 634 1419 690 quam
1470 620 1624 676 istius
1663 620 1915 692 Liturgiaa

319 713 607 770 auctores?
629 729 761 785 quos
785 723 910 769 ante
932 729 1104 769 annos
1132 713 1276 770 mille
1302 713 1506 770 vixisse
1531 723 1761 780 constat,
1791 729 1911 770 cum

318 809 514 874 codex,
547 808 690 862 unde
718 806 832 862 haec
861 817 1111 876 excerpta
1141 816 1243 872 est,
1286 808 1481 863 litteris
1515 808 1825 877 majusculis
1859 817 1914 864 et

316 901 592 971 quadratis
620 902 873 969 scriptus,
903 912 1119 969 superet
1159 914 1330 955 annos
1363 909 1687 970 nongentos,
1746 909 1805 955 ut
1856 901 1908 956 in

319 995 776 1064 consequentibus
799 1007 1152 1062 exponemus.

389 1090 443 1144 6.
487 1089 734 1158 Ejusdem
790 1097 872 1144 est
923 1090 1174 1145 momenti
1221 1089 1360 1144 aliud
1406 1103 1471 1144 ex
1517 1087 1704 1145 eadem
1747 1088 1905 1145 missa

314 1182 676 1238 testimonium
707 1192 826 1252 post
851 1182 1146 1238 orationem
1173 1183 1523 1238 dominicam:
1554 1182 1737 1236 Libera
1761 1197 1855 1236 nos
1876 1198 1909 1236 a

312 1274 468 1339 malo,
495 1273 694 1330 Christe
711 1273 856 1329 Jesu.
891 1275 1088 1347 Corpus
1119 1286 1267 1330 tuum
1297 1292 1390 1345 pro
1419 1276 1562 1330 nobis
1599 1277 1905 1343 cruri/istum

309 1365 526 1433 edimus,
557 1375 606 1421 et
633 1369 935 1440 sanguinem
961 1379 1196 1422 sanctum
1229 1379 1368 1422 tuum
1392 1386 1484 1441 pro
1508 1369 1654 1422 nobis
1681 1368 1905 1437 effusum

311 1456 549 1512 bibimus.
591 1455 736 1513 Nihil
774 1459 1214 1528 interpretatione
1266 1460 1352 1515 hic
1397 1475 1533 1530 opus
1571 1472 1672 1516 est.
1707 1461 1903 1532 Corpus

305 1548 501 1606 Christi
529 1549 581 1606 in
614 1551 944 1606 Eucharistia
970 1553 1186 1619 edimus,
1235 1570 1339 1608 non
1371 1554 1763 1625 qualecunque,
1808 1557 1900 1609 sed

309 1642 443 1698 illud
471 1644 639 1714 ipsum
669 1648 808 1716 quod
835 1662 927 1712 pro
948 1645 1093 1700 nobis
1114 1646 1423 1715 cruciﬁxum
1453 1657 1535 1701 est
1559 1663 1573 1702 :
1598 1648 1902 1715 sanguinem

310 1737 425 1804 ejus
451 1718 686 1805 bibimus,
718 1751 822 1792 non
856 1737 1234 1806 umbraticum,
1266 1736 1361 1791 sed
1389 1735 1535 1791 illum
1567 1738 1767 1806 ipsum,
1810 1737 1902 1807 qui

301 1840 402 1894 pro
447 1825 590 1880 nobis
635 1826 828 1892 e/Tusus
872 1836 973 1883 est.
1019 1827 1134 1883 Uno
1173 1829 1338 1882 verbo
1379 1842 1570 1896 panem
1614 1827 1898 1893 sumimus,

2020 633 2166 691 runt,
2201 641 2304 680 non
2339 636 2538 683 tantum
2574 630 2714 686 inter
2741 632 3068 690 Orientalem
3098 648 3154 692 et
3178 638 3602 709 Occidentalem,

2019 714 2114 770 sed
2144 717 2306 773 etiam
2337 719 2478 776 inter
2506 722 2718 778 Latinas
2751 725 2976 782 invicem
3010 726 3301 787 Ecclesias.

2087 805 2142 861 5.
2186 808 2242 863 ln
2273 812 2554 868 occidente
2582 829 2676 870 seu
2707 818 2845 885 apud
2886 819 3125 886 Latinos,
3172 834 3401 891 quatuor
3446 829 3609 887 mini-

2017 915 2160 955 mum
2192 903 2464 960 solemnes
2497 907 2758 979 Liturgias
2791 911 2927 966 inter
2955 928 3076 971 sese
3129 915 3369 975 diversas
3398 920 3600 977 distin-

2015 1007 2176 1061 guere
2229 994 2353 1050 licet
2403 1014 2418 1053 :
2473 1009 2596 1068 puta
2657 1000 2993 1071 Romanam,
3045 1008 3452 1066 Ambrosianum
3511 1029 3610 1070 seu

2015 1083 2489 1155 Mediolanensem,
2542 1091 2895 1162 Gallicanam,
2937 1105 2992 1153 et
3036 1098 3398 1169 Hispanicam,
3449 1120 3609 1175 quam

2011 1181 2178 1232 secuti
2211 1189 2334 1234 sunt
2378 1183 2516 1251 apud
2555 1185 2816 1256 Hispanos
2870 1188 3159 1248 Christiani
3190 1195 3454 1252 Arabibus
3484 1211 3610 1266 per-

2017 1273 2180 1340 misti,
2208 1274 2277 1329 ob
2306 1276 2359 1330 id
2398 1277 2736 1336 Mozarahum
2765 1283 3112 1354 appellatam“
3137 1303 3151 1341 :
3207 1290 3399 1358 quibus
3431 1289 3607 1346 Litur-

2014 1364 2114 1436 giis
2145 1366 2266 1421 addi
2301 1381 2523 1437 possunt
2551 1373 2796 1428 Africana
2829 1385 2882 1429 et
2912 1375 3219 1434 llibernica.

2081 1457 2136 1513 4.
2181 1459 2436 1516 Romamn
2466 1462 2717 1535 Liturgize
2748 1467 2943 1538 triplex
2972 1470 3137 1524 veluti
3157 1471 3290 1527 ordo
3311 1488 3409 1530 seu
3432 1483 3606 1531 status

2008 1553 2435 1610 considerandus
2484 1566 2586 1612 est.
2630 1558 2781 1616 Unus
2825 1563 3190 1633 primigenios,
3231 1566 3300 1622 ab
3342 1567 3604 1625 Ecclesia

2013 1651 2286 1701 nascentis
2309 1651 2534 1706 exordio
2557 1653 2620 1706 ad
2654 1655 2925 1712 Gelasium
2958 1675 3124 1728 usque
3152 1669 3428 1732 receptus;
3461 1663 3602 1718 alter

2007 1735 2363 1806 Gelasianus,
2434 1752 2708 1802 auctorem
2751 1763 2846 1803 seu
2893 1751 3337 1820 ampliﬁcatorem
3397 1753 3606 1811 habens

2007 1825 2276 1886 Gelasium
2307 1847 2496 1901 papam
2524 1836 2642 1906 ejus
2669 1841 2905 1895 nominis
2937 1843 3201 1910 primum;
3243 1845 3432 1901 tertius
3469 1847 3607 1904 Gre-

301 1915 485 1972 divina
515 1929 763 1988 operante
792 1921 975 1974 virtute
1005 1927 1255 1976 mutatum
1281 1921 1337 1974 in
1371 1936 1606 1986 carnem;
1645 1921 1896 1990 poculum
1930 1921 1978 1982 B
2004 1925 2280 1992 gorianus,
2326 1927 2396 1982 ita
2452 1930 2625 1986 dictus
2653 1947 2720 1988 ex
2751 1934 2968 1991 nomine
2998 1937 3239 2009 Gregorii
3290 1940 3462 2011 Magni
3503 1941 3606 2011 qui

300 2024 504 2064 versum
549 2011 603 2064 in
641 2011 962 2082 sanguinem,
1005 2011 1095 2082 qui
1139 2014 1192 2066 in
1235 2028 1383 2066 cruce
1422 2029 1486 2066 ea:
1517 2014 1674 2068 latere
1699 2013 1899 2069 Christi

303 2105 476 2174 ﬂuxit,
507 2109 582 2161 uti
615 2109 864 2178 superior
894 2109 1041 2164 locus
1058 2109 1262 2164 diserte
1289 2110 1500 2164 astruit.

376 2199 430 2253 7.
473 2200 549 2255 Ex
577 2201 771 2271 quibus
812 2200 1128 2271 intelligitur
1168 2211 1425 2273 quantum
1470 2203 1682 2261 intersit
1718 2207 1899 2275 reipu-

300 2290 457 2347 blicae
485 2293 808 2349 Christianae
830 2296 897 2350 de
925 2295 1150 2350 vetustis
1173 2294 1281 2350 illis
1312 2295 1566 2367 Liturgiis
1587 2305 1896 2353 accuratam

300 2382 503 2438 habere
532 2385 802 2456 notitiam,
834 2396 891 2441 ut
921 2403 987 2442 ex
1025 2387 1128 2442 illis
1174 2387 1438 2443 catholica
1484 2387 1700 2443 traditio
1742 2389 1895 2445 reddi

299 2478 474 2545 possit
501 2477 780 2534 illustrior.
813 2478 1150 2550 Quapropter
1176 2495 1243 2534 ne
1272 2479 1326 2533 in
1357 2487 1630 2549 posterum
1654 2480 1893 2554 Liturgia

297 2567 595 2636 Gallicana,
631 2586 750 2641 quae
780 2571 1165 2642 Gregorianam
1198 2571 1492 2642 praecessit,
1523 2574 1748 2630 obscura
1779 2591 1896 2632 ma-

297 2669 443 2728 neat,
478 2661 662 2716 induxi
689 2664 925 2718 animum
957 2679 1019 2719 ea
1063 2666 1115 2719 in
1157 2680 1318 2719 unum
1349 2666 1621 2734 conferre,
1663 2683 1784 2737 quae
1824 2671 1892 2727 ad

297 2752 444 2808 illam
499 2770 531 2810 e
586 2757 824 2812 tenebris
879 2758 1163 2815 oblivionis
1217 2759 1591 2816 vindicandam
1649 2765 1893 2832 reperire

293 2849 568 2918 potuimus
616 2870 629 2905 :
679 2860 738 2906 ut
779 2855 991 2923 quando
1040 2853 1155 2910 haec
1207 2854 1262 2908 in
1307 2868 1462 2910 usum
1504 2854 1614 2924 jam
1660 2858 1893 2927 amplius

293 2943 539 2997 revocari
568 2946 769 3013 nequit,
808 2946 995 3001 saltem
1039 2962 1109 3002 ex
1139 2945 1256 3016 ejus
1280 2946 1587 3018 cognitione
1614 2959 1894 3006 asseratur

289 3037 559 3106 majorum
589 3048 916 3107 nostrorum,
967 3039 1020 3095 id
1066 3049 1148 3096 est
1177 3048 1420 3096 veterum
1467 3038 1765 3110 Gallorum,
1799 3058 1889 3100 re-

291 3131 441 3202 ligio.

919 3205 1146 3262 CAPUT
1184 3205 1246 3260 ll.

297 3294 470 3352 Varia:
495 3296 742 3368 Liturgire
765 3299 906 3369 apud
931 3297 1143 3353 Latinos
1165 3337 1182 3364 ,
1223 3313 1495 3368 summque
1537 3299 1888 3354 conuenientia

884 3380 933 3424 et
961 3370 1287 3436 differentiis.

361 3462 414 3535 5
455 3462 504 3516 l.
545 3461 601 3516 In
637 3461 964 3518 celebrando
997 3471 1342 3518 sacrosancto
1380 3461 1560 3518 missae
1618 3462 1887 3520 sacriﬁcio

285 3572 476 3612 onmes
507 3557 740 3612 Orientis
767 3566 822 3612 et
841 3556 1146 3614 Occidentis
1168 3557 1424 3612 Ecclesiae
1453 3556 1667 3612 modum
1690 3573 1884 3628 quem-

287 3648 412 3702 dam
443 3650 492 3704 in
521 3664 729 3704 summa
759 3663 1102 3706 communem
1145 3649 1214 3704 ab
1257 3650 1411 3704 initio
1457 3649 1692 3705 habuere
1725 3667 1740 3704 :
1770 3651 1882 3705 sin-

283 3741 424 3810 gulae
471 3749 651 3796 tamen
706 3742 836 3796 ritus
884 3741 1090 3810 aliquos
1136 3741 1438 3810 singulares
1493 3755 1557 3795 ac
1601 3742 1874 3797 diversos.

285 3832 413 3887 Haec
453 3832 702 3887 omnibus
753 3847 965 3901 semper
1003 3831 1330 3897 communia,
1381 3846 1576 3902 nempe
1624 3833 1882 3890 lectiones

281 3939 555 3980 sacrarum
586 3925 991 3997 Scripturarum
1040 3924 1194 3980 initio
1241 3925 1513 3995 Liturgiae,
1550 3925 1879 3995 psalmorum

281 4016 616 4087 aliorumque
669 4017 998 4072 canticorum
1037 4016 1316 4081 recitatio;
1363 4017 1562 4072 oblatio
1614 4016 1767 4087 panis
1818 4027 1874 4075 et

281 4107 392 4162 vini
431 4122 565 4176 aqua
597 4110 773 4175 misti;
805 4111 1139 4166 consecratio
1165 4110 1439 4179 utriusque
1466 4112 1646 4166 verbis
1669 4109 1872 4168 Christi

279 4198 493 4255 Domini
519 4214 639 4255 cum
669 4201 1044 4257 benedictione
1069 4217 1131 4256 ac
1154 4203 1306 4273 signo
1332 4203 1506 4257 crucis
1530 4219 1558 4256 a
1586 4203 1868 4260 sacerdote

279 4290 459 4357 facto;
490 4297 668 4348 oratio
693 4293 988 4361 Dominica;
1016 4304 1070 4350 et
1096 4310 1247 4350 sacra
1271 4295 1578 4349 communio
1605 4310 1726 4350 cum
1755 4310 1878 4365 gra-

277 4383 476 4439 tiarum
505 4386 736 4441 actione.
767 4389 837 4441 At
874 4385 1173 4458 designatio
1213 4397 1480 4442 certarum
1507 4402 1572 4443 ex
1600 4386 1877 4457 Scriptura

277 4477 600 4546 lectionum;
635 4480 984 4551 psalmorom,
1007 4480 1341 4551 aliarumque
1367 4496 1585 4551 precum
1613 4498 1871 4538 numerus

275 4578 334 4626 et
363 4571 623 4637 deﬁnitio,
658 4573 1030 4629 ministrorum
1059 4575 1195 4628 ritus
1221 4583 1417 4644 praeter
1465 4590 1559 4630 eos
1607 4577 1698 4646 qui
1747 4585 1872 4631 sunt

275 4679 339 4718 ex
387 4666 716 4720 institutione
754 4665 953 4733 divina,
996 4665 1111 4722 haec
1139 4682 1266 4722 vero
1307 4667 1485 4721 omnia
1516 4682 1614 4737 pro
1645 4668 1777 4724 locis
1806 4683 1869 4724 ac

279 4757 611 4824 temporibus
637 4757 781 4811 varia
805 4758 1146 4813 exstiterunt.

347 4849 403 4905 2.
445 4848 547 4918 Qui.
603 4851 833 4920 priorem
887 4851 1103 4905 modum
1161 4849 1505 4906 attenderunt
1572 4859 1870 4923 auctores,

275 4941 454 4996 missae
496 4941 736 4997 ordinem
779 4942 976 5011 ubique
1025 4941 1344 4996 uniformem
1388 4940 1552 4996 fuisse
1592 4941 1870 4999 dixerunt.

273 5033 421 5100 Quos
450 5033 589 5087 inter
619 5033 872 5100 Isidorus,
903 5044 958 5090 et
983 5043 1105 5104 post
1135 5049 1256 5088 eum
1286 5033 1561 5089 IEtherius
1589 5043 1644 5089 et
1675 5036 1871 5090 Beatus

273 5126 546 5195 Hispanici
587 5126 879 5196 scriptores
924 5127 978 5182 in
1027 5127 1163 5182 libro
1209 5145 1227 5182 ι
1271 5136 1460 5182 contra
1523 5126 1868 5199 Elipandum,

273 5220 495 5276 totidem
522 5220 698 5276 verbis
729 5221 780 5275 id
809 5229 1181 5277 asseruerunt:
1208 5221 1348 5276 Ordo
1371 5223 1539 5277 missa:
1565 5220 1644 5277 vel
1669 5225 1868 5278 oratio-

271 5327 417 5376 num,
445 5312 631 5383 quibus
653 5312 826 5367 oblata
855 5311 965 5367 Deo
989 5314 1248 5382 sacriﬁcia
1276 5326 1656 5382 consecrantur,
1700 5318 1868 5387 primo

269 5418 305 5455 ο
332 5413 509 5457 sancto
535 5401 691 5458 Petro
713 5414 786 5460 est
816 5405 1078 5459 institutus
1104 5418 1124 5459 :
1154 5408 1302 5475 cujus
1341 5405 1731 5463 celebrationem
1763 5425 1866 5465 uno

269 5496 552 5568 eodemque
582 5499 733 5552 modo
761 5499 1027 5553 universus
1070 5498 1269 5568 peragit
1307 5499 1462 5553 orbis.
1511 5499 1625 5554 Non
1659 5502 1868 5572 ignora-

269 5588 401 5644 bant
448 5587 643 5645 eruditi
693 5590 768 5645 illi
823 5600 1073 5646 auctores
1138 5591 1549 5659 discrepantiam
1611 5592 1862 5666 Liturgias

270 5683 575 5753 Hispanicae
615 5699 645 5738 a
686 5683 952 5753 Romana,
978 5695 1042 5742 et
1071 5685 1224 5751 aliis,
1265 5684 1359 5739 sed
1400 5685 1470 5738 ita
1511 5684 1864 5755 loquebantur

269 5775 452 5832 habita
497 5778 706 5834 ratione
757 5779 900 5833 modi
942 5779 1084 5834 illius
1118 5777 1384 5849 generalis
1424 5779 1724 5834 uniformis.
1758 5779 1864 5836 Ve-

269 5884 390 5925 rum
420 5870 512 5936 qui
541 5871 608 5926 ad
649 5872 784 5927 ritus
805 5874 1029 5943 singulis
1060 5871 1318 5928 Ecclesiis
1344 5874 1399 5943 6
1432 5887 1529 5929 seu
1557 5871 1862 5941 regionibus

269 5964 544 6032 proprios,
575 5964 642 6021 ad
673 5966 944 6022 orationes
988 5963 1306 6035 peculiares,
1352 5961 1566 6033 aliaque
1608 5962 1662 6018 id
1690 5976 1864 6032 genus
1907 6044 1909 6046 η

1897 4711 1956 4774 D

2006 2015 2349 2074 Gelasianum
2387 2021 2631 2077 ordinem
2668 2026 2975 2082 correxisse
3021 2038 3370 2084 memoratur.
3418 2031 3606 2099 Qualis

2003 2107 2164 2165 fuerit
2195 2111 2542 2180 primigenius
2570 2115 2681 2180 ille,
2711 2131 2816 2172 non
2846 2120 3068 2174 omnino
3094 2129 3330 2177 constat.
3361 2121 3606 2178 Gelasia-

2002 2217 2103 2257 nus
2148 2202 2235 2257 ditt
2276 2202 2610 2261 desideratus
2642 2217 2720 2263 est
2755 2225 2770 2263 :
2800 2211 2895 2265 sed
2927 2213 3142 2268 tandem
3175 2213 3328 2269 illum
3372 2229 3405 2270 e
3451 2225 3604 2272 tene-

2001 2292 2111 2347 bris
2158 2294 2298 2349 cruit
2339 2295 2422 2350 vir
2463 2297 2530 2352 de
2580 2298 2823 2356 Ecclesia
2871 2303 3006 2358 bene
3051 2306 3278 2360 meritus
3329 2305 3602 2377 Josephus

1999 2382 2162 2440 Maria
2220 2385 2576 2455 Thomasius,
2627 2391 2864 2446 clericus
2916 2396 3215 2464 regularis,
3265 2406 3425 2468 atque
3473 2411 3604 2458 ante

1999 2491 2170 2532 annos
2198 2488 2426 2549 quatuor
2456 2481 2712 2538 Romanis
2742 2486 2884 2555 typis
2919 2487 3172 2555 vulgavit.
3227 2488 3598 2562 Grcgorianus

1998 2569 2213 2627 demum
2258 2571 2311 2628 in
2357 2589 2455 2629 usu
2495 2577 2768 2632 communi
2797 2588 2879 2633 est
2904 2581 3066 2636 modo
3092 2582 3230 2651 apud
3261 2601 3450 2642 omnes
3480 2589 3592 2645 fere

1998 2663 2292 2736 Ecclesias,
2321 2668 2464 2724 notis
2493 2677 2546 2724 et
2573 2669 3041 2728 observationibus
3065 2689 3094 2728 a
3116 2674 3374 2732 Menardo
3400 2690 3591 2739 nostro

1996 2755 2314 2815 illustratus.

2163 2870 2476 2944 Gregoriani
2501 2887 2531 2928 a
2563 2873 2848 2931 Gelasiano
2889 2886 3057 2933 totum
3102 2881 3391 2940 discrimen
3417 2897 3503 2942 est
3532 2887 3591 2946 in

1993 2965 2250 3020 varietate
2280 2973 2333 3021 et
2362 2981 2589 3021 numero
2615 2982 2800 3023 earum
2824 2972 3128 3026 orationum
3157 2989 3291 3044 quas
3319 2975 3590 3034 Collectas

1992 3067 2219 3124 vocant;
2250 3072 2371 3112 nam
2401 3068 2594 3115 caetera
2626 3063 2899 3133 utriusque
2926 3065 3130 3120 eaedem
3159 3070 3380 3124 omnino
3403 3082 3589 3140 partes

1991 3159 2134 3206 sunt.
2165 3151 2220 3205 ln
2252 3151 2539 3207 Gelasiano
2568 3153 2690 3209 dum
2719 3166 2811 3208 aut
2847 3166 2954 3211 tres
2983 3168 3107 3215 ante
3140 3161 3431 3231 Epistolam
3461 3179 3590 3219 ora-

1993 3244 2198 3310 tiones;
2227 3245 2382 3298 unica
2411 3245 2634 3302 Secreta
2659 3258 2782 3303 ante
2812 3249 3216 3319 Praefationem;
3263 3265 3425 3326 atque
3463 3257 3589 3312 duae

1915 3321 1962 3385 C
1995 3343 2116 3403 post
2144 3339 2598 3404 communionem,
2627 3355 2852 3408 quarum
2879 3357 2982 3395 una
3011 3354 3093 3398 est
3122 3362 3282 3414 supra
3312 3350 3590 3418 populum.

1996 3427 2068 3481 At
2099 3428 2148 3480 in
2181 3428 2230 3497 7
2263 3425 2595 3498 Gregoriano
2625 3438 2735 3485 tres
2768 3440 2972 3486 tantum
3008 3437 3076 3487 ad
3115 3438 3357 3505 singulas
3397 3441 3594 3497 missas

1993 3521 2333 3589 assignantur
2373 3522 2664 3588 orationes,
2713 3539 2938 3593 quarum
2972 3541 3072 3579 una
3105 3538 3229 3584 ante
3265 3532 3582 3601 Epistulam,

1991 3614 2158 3668 altera
2185 3614 2429 3678 Secreta,
2462 3616 2613 3669 tertia
2649 3627 2768 3684 post
2788 3620 3247 3675 communionem.
3281 3623 3335 3676 Id
3368 3639 3495 3678 vero
3524 3626 3582 3682 in

1991 3706 2189 3762 Ordine
2215 3708 2500 3761 Gelasiano
2523 3711 2773 3778 praestitit
2792 3709 3106 3780 Gregorius,
3129 3723 3358 3771 testante
3378 3715 3588 3774 Joanne

1991 3799 2248 3866 Diacono,
2301 3803 2442 3870 quod
2503 3819 2522 3852 ι
2550 3803 2714 3856 multa
2761 3803 3046 3869 subtraxit,
3091 3822 3256 3876 pauca
3297 3814 3586 3880 convertit,

1989 3891 2246 3946 nonnulla
2289 3892 2506 3961 adjecit,
2543 3913 2559 3944 ι
2616 3906 2775 3963 atque
2815 3894 3155 3951 Celasianum
3187 3897 3476 3968 ’Codicem,
3522 3903 3580 3958 in

1986 3993 2097 4040 tres
2135 3984 2305 4039 libros
2351 3985 2685 4053 distinctum,
2739 4005 2758 4038 ς
2793 4002 2898 4041 uno
2941 3989 3213 4047 volumine
3266 3995 3583 4052 coarctavit.

1986 4077 2137 4143 Quod
2163 4078 2409 4132 volumen
2431 4077 2648 4132 Librum
2675 4077 3146 4136 Sacramentorum
3171 4083 3575 4151 praetitulavita

2061 4192 2116 4247 6.
2162 4190 2237 4244 lta
2269 4206 2396 4260 ergo
2428 4191 2665 4258 procedit
2703 4190 2847 4244 Ordo
2883 4193 3176 4260 Romanus,
3203 4204 3262 4250 ut
3292 4199 3464 4264 primo
3488 4197 3576 4253 di-

1981 4294 2136 4343 catur
2162 4284 2474 4351 antiphona,
2511 4299 2627 4352 quae
2659 4285 2819 4354 vulgo
2843 4285 3100 4341 lntroitus
3128 4287 3449 4356 appellatur,
3477 4289 3575 4346 de-

1981 4378 2107 4433 inde
2133 4375 2291 4446 Kyrie
2320 4377 2510 4429 eleison
2534 4416 2548 4437 ,
2575 4383 2686 4430 tum
2721 4377 2949 4447 hymnus
2973 4380 3247 4451 angelicus
3270 4397 3366 4436 seu
3391 4381 3574 4436 Gloria

1979 4472 2032 4524 in
2062 4470 2275 4524 excelsis
2298 4468 2424 4523 olim
2455 4468 2643 4522 diebus
2674 4469 2823 4524 restis
2865 4482 2919 4526 et
2960 4472 3254 4529 Dominicis
3305 4473 3358 4528 in
3407 4475 3576 4530 missa

1979 4566 2294 4636 episcopali,
2329 4566 2379 4617 in
2406 4569 2615 4622 ueteris
2649 4573 2850 4619 tantum
2881 4567 2932 4619 in
2968 4567 3200 4631 Pascha;
3235 4577 3416 4638 postea
3465 4583 3574 4624 una

1979 4660 2062 4714 vel
2096 4660 2272 4728 plures
2303 4663 2603 4727 orationes;
2657 4661 2778 4717 exin
2822 4660 3079 4728 Epistula,
3139 4659 3406 4717 Graduale
3445 4676 3572 4718 cum

1982 4753 2231 4818 Alleluia,
2281 4755 2646 4825 livaugclium,
2694 4752 3060 4820 Oﬂertorium,
3103 4756 3278 4808 oratio
3323 4755 3569 4823 Secreta,

1980 4845 2252 4909 Praefatio,
2286 4845 2583 4914 Trisagion,
2612 4845 2819 4907 Canon,
2846 4846 3017 4898 oratio
3049 4844 3348 4912 Dominica,
3398 4847 3579 4916 Agnus

1981 4938 2099 5003 Dei,
2143 4938 2433 5006 antiphona
2487 4937 2550 4991 ad
2603 4936 3060 5001 communionem,
3102 4937 3565 5004 Posteommunio,

1979 5043 2034 5088 et
2063 5031 2387 5087 benedictio.
2421 5030 2765 5101 Evangelium
2791 5028 2964 5086 sancti
2993 5027 3215 5083 Joannis
3245 5029 3567 5084 recentioris

1979 5134 2064 5181 est
2089 5123 2339 5187 instituti,
2373 5131 2429 5177 ut
2455 5138 2521 5178 ex
2551 5122 2838 5192 Micrologo
2866 5121 3204 5191 intelligitur.
3247 5120 3568 5191 Symbolum

1972 5226 2096 5289 post
2126 5216 2474 5285 Evangelium
2527 5211 2753 5269 Romani
2787 5232 2806 5266 ‹
2873 5213 3016 5267 ιιυΙΙο
3047 5215 3208 5267 modo
3252 5215 3570 5270 cecinerunt

1973 5327 2142 5382 usque
2160 5311 2228 5364 ad
2259 5314 2497 5380 tempera
2539 5309 2675 5363 divae
2711 5307 2984 5363 memoria:
3015 5307 3226 5362 Henrici
3268 5307 3569 5377 imperato-

1972 5403 2067 5470 ris,
2105 5423 2125 5458 s
2156 5403 2361 5459 scilicet
2391 5402 2568 5471 primi,
2596 5409 2735 5456 teste
2757 5400 3002 5456 Bernone
3031 5399 3226 5455 abbate
3267 5402 3519 5470 Augiensi
3547 5421 3565 5457 :

1971 5513 2167 5570 nempe
2192 5497 2332 5569 quod
2363 5515 2381 5549 t
2417 5496 2655 5552 Romana
2670 5495 2914 5550 Ecclesia
2937 5510 3042 5549 non
3069 5495 3252 5551 luisset
3274 5497 3567 5568 aliquando

1976 5591 2077 5645 ulla
2111 5590 2379 5644 haereseos
2407 5587 2537 5642 fasce
2583 5585 2799 5641 inlecta.
2833 5605 2852 5638 ι
2889 5585 3042 5652 Quod
3074 5602 3203 5657 ergo
3233 5586 3371 5642 Galli
3401 5589 3566 5645 etiam

1975 5692 2233 5755 regnante
2261 5680 2458 5736 Carolo
2488 5679 2679 5748 Magno
2729 5677 3042 5749 Symbolum
3097 5680 3236 5734 lecto
3268 5679 3569 5750 Evangelia

1973 5774 2337 5843 recitaverint,
2389 5773 2442 5829 id
2490 5787 2559 5828 ex
2604 5770 2776 5826 veteri
2805 5770 3007 5828 Ordine
3045 5771 3322 5829 Gallicano
3348 5775 3564 5830 videtur

1973 5883 2380 6032 ma'l'tatieturgia
2401 5956 2761 6015 Ambrosiana
2789 5973 2884 6017 seu
2929 5957 3344 6016 Mediolanensts
3379 5962 3564 6031 plures
