4108 6352
615 326 716 381 119
1325 325 1667 385 APPENDIX
1710 325 1802 381 AD
1845 320 2072 380 OPERA
2112 316 2364 375 SANCTI
2405 319 2719 376 GERMANI
2759 319 3203 379 PARISIENSIS.
3779 325 3862 381 120

615 467 636 502 ι
672 451 726 504 In
759 448 1024 505 Africanis
1053 493 1065 515 ,
1100 451 1213 517 ait,
1248 449 1557 519 regionibus
1607 461 1710 500 non
1742 442 1890 500 omni
1921 451 2184 508 tempore,
2218 437 2275 494 Α
2299 435 2553 507 Liturgia:
2598 437 2850 492 Romana
2876 451 2905 491 a
2931 435 3190 508 Gregorio
3216 435 3404 508 Magno
3424 438 3746 497 adornatum
3772 482 3785 505 ,
3809 450 3862 499 ab

609 541 706 599 sed
755 553 957 597 tantum
1005 542 1295 599 Dominicis
1338 542 1526 596 diebus
1567 549 1621 594 et
1658 534 2035 608 quinquaginta
2076 541 2197 602 post

608 635 824 691 Domini
855 635 1302 691 resurrectionem
1328 677 1342 700 ,
1373 633 1602 689 Alleluia
1633 639 1876 686 cantatur
1901 642 1998 696 pro
2026 624 2195 694 signi-

605 728 860 784 ﬁcatione
912 729 1102 784 futurae
1151 727 1564 784 resurrectionis
1616 735 1670 780 et
1722 722 1938 776 laetitias.
1998 717 2194 772 Verum

609 820 749 888 apud
783 834 900 885 nos,
925 820 1218 875 secundum
1242 820 1512 888 antiquam
1540 815 1912 884 Hispaniarum
1946 809 2197 865 traditio-

608 921 756 978 nem,
790 921 982 977 praeter
1010 912 1122 964 dies
1146 911 1470 980 jejuniorum
1488 908 1569 962 vel
1598 903 2033 975 Quadragesimre
2049 902 2194 955 omni

611 1013 853 1071 tempore
885 1005 1092 1057 canitur
1117 1003 1363 1058 Alleluia.
1404 1020 1422 1052 ι
1460 999 1786 1070 Augustinus
1824 1011 1952 1050 vero
1995 994 2197 1049 diserte

610 1096 836 1150 formam
870 1096 1116 1165 Liturgiae
1146 1096 1406 1150 Africana:
1436 1093 1689 1148 describit
1720 1092 1772 1145 in
1816 1104 2064 1144 sermone
2089 1087 2194 1141 227

607 1204 766 1244 nova:
793 1190 1062 1253 editionis,
1092 1190 1180 1259 qui
1209 1199 1290 1244 est
1319 1198 1543 1258 quartus
1575 1188 1627 1240 in
1657 1185 1744 1239 die
1775 1183 1996 1237 Pascha:
2025 1182 2090 1235 ad
2117 1181 2198 1234 in-

606 1281 813 1347 iantes,
855 1281 920 1335 de
943 1280 1323 1345 Sacramentis,
1353 1280 1403 1334 id
1431 1287 1514 1334 est
1538 1319 1553 1346 ,
1579 1277 1647 1331 de
1679 1291 1880 1330 mensa:
1907 1272 2197 1327 dominica:

609 1374 997 1440 Sacramento,
1042 1376 1115 1427 uti
1160 1375 1274 1443 ipse
1326 1373 1478 1428 initio
1509 1371 1774 1426 sermonis
1821 1367 2072 1436 explicat.
2110 1365 2198 1420 Sic

607 1477 782 1520 autem
819 1467 1004 1521 habet:
1034 1487 1050 1518 ‹
1087 1467 1259 1521 Hodie
1287 1467 1471 1534 incipit
1501 1465 1634 1518 liber
1663 1462 1776 1530 ipse
1803 1461 1926 1537 legi,
1967 1479 1984 1511 ι
2007 1473 2198 1525 nempe

606 1561 671 1614 de
720 1560 940 1614 Actibus
997 1561 1384 1629 apostolorum.
1433 1578 1452 1611 ι
1489 1557 1704 1612 Tenetis
1744 1563 2079 1609 sacramenta
2109 1565 2196 1605 or-

605 1651 730 1704 dine
760 1666 876 1704 suo.
913 1651 1092 1704 Primo
1107 1661 1224 1718 post
1253 1651 1548 1706 orationem
1581 1646 1944 1702 admonemiui
1976 1658 2190 1699 sursum

606 1741 806 1797 habere
831 1760 943 1798 cor.
984 1745 1083 1815 15
1117 1743 1241 1798 ldeo
1280 1759 1400 1798 cum
1430 1742 1654 1804 dicitur,
1685 1740 1904 1794 Sursum
1955 1753 2063 1800 cor,
2115 1750 2200 1790 re-

2303 528 2543 584 Adriano
2564 530 2812 599 pontice
2846 530 2998 600 petiit
3021 568 3040 598 ,
3073 531 3483 602 impetravitque
3503 577 3520 603 ,
3558 541 3781 591 testante
3807 537 3865 606 ip-

2301 619 2415 674 sius
2441 620 2659 676 Adriaui
2690 621 2915 691 epistola
2943 663 2960 690 ,
2990 638 3111 693 quae
3161 635 3245 679 est
3289 628 3624 695 octogesima
3653 627 3861 682 secunda

2301 712 2514 768 Codicis
2542 714 2797 781 Carolini,
2833 716 2886 771 in
2916 731 3019 787 qua
3049 716 3165 772 haec
3185 717 3378 774 verba:
3404 736 3423 770 ι
3461 717 3542 774 De
3569 718 3863 778 Sacramen-

2304 809 2442 863 tario
2470 825 2596 863 vero
2619 852 2634 876 ,
2663 828 2691 864 a
2711 821 2894 867 sancto
2911 815 3306 881 praedecessore
3325 823 3515 871 nostro
3529 817 3727 872 deifluo
3754 834 3863 889 papa

2303 900 2563 970 Gregorio
2607 902 2886 973 disposito,
2913 904 3023 974 jam
3053 905 3258 974 pridem
3290 906 3488 963 Paulus
3513 910 3866 979 grammaticus

2302 1008 2333 1046 a
2367 995 2520 1048 nobis
2557 1010 2678 1049 eum
2723 1010 2818 1064 pro
2861 998 3013 1052 vobis
3061 998 3230 1068 petiit,
3262 1009 3316 1054 et
3361 1001 3657 1056 secundum
3694 1014 3867 1059 sanciat

2303 1094 2504 1140 nostrae
2563 1086 2817 1142 Ecclesia:
2865 1089 3206 1145 traditionem
3257 1106 3350 1161 per
3367 1090 3668 1148 Johannem
3711 1109 3867 1149 mona-

2301 1176 2460 1231 chum
2509 1184 2670 1247 atque
2719 1179 2965 1234 abbatem
2996 1181 3229 1236 civitatis
3274 1182 3665 1240 Ravennatium
3701 1196 3868 1242 vestra

2303 1275 2467 1345 regali
2516 1277 2612 1348 17
2644 1276 2922 1331 emisimus
2954 1276 3319 1334 Excellentiae.
3353 1298 3372 1332 ι
3402 1279 3533 1334 Inde
3561 1282 3866 1349 postmodum

2302 1365 2527 1419 Carolus
2553 1367 2732 1422 edicto
2775 1369 3041 1436 sancivit,
3089 1379 3144 1424 ut
3193 1372 3564 1442 unusquisque
3615 1374 3869 1446 Presbyter

2306 1457 2518 1512 Missam
2547 1458 2839 1514 celebraret
2865 1461 3045 1516 ordine
3074 1461 3326 1531 Romano,
3355 1471 3414 1518 ut
3440 1463 3640 1534 legitur
3668 1466 3716 1519 in
3738 1463 3870 1535 Capi-

2306 1549 2555 1604 tularium
2589 1551 2680 1606 lib.
2711 1567 2744 1604 v
2775 1566 2892 1619 eap.
2927 1553 3022 1609 571
3061 1568 3217 1609 novre
3246 1553 3504 1610 editionis
3531 1596 3548 1622 ,
3600 1556 3728 1611 alias
3748 1555 3859 1612 2l9.

2377 1639 2434 1696 5.
2467 1641 2550 1695 Ab
2577 1657 2642 1696 eo
2673 1652 2936 1711 tempore,
2969 1654 3230 1714 quotquot
3271 1645 3454 1716 scripti
3482 1657 3606 1701 sunt
3635 1646 3687 1701 in
3716 1646 3861 1702 Gallis

2305 1731 2550 1787 Missales
2581 1734 2737 1803 (quos
2766 1737 2985 1804 vocant)
3034 1735 3175 1804 libri,
3210 1737 3278 1792 ad
3308 1738 3454 1792 illum
3510 1737 3866 1808 Gregorianum

606 1836 907 1903 spondetis,
931 1834 1195 1890 Habemus
1217 1835 1282 1889 ad
1302 1835 1600 1888 Dominum.
1632 1832 1880 1900 Sequitur
1902 1829 2199 1896 EpiscOpus
2229 1825 2279 1885 B
2307 1824 2560 1880 Codicem
2615 1828 2789 1882 exacti
2838 1837 2962 1882 sunt
2993 1829 3103 1882 fere
3150 1843 3359 1884 omnes.
3415 1829 3687 1886 Gelasiani
3719 1839 3865 1884 tamen

602 1927 690 1981 vel
721 1927 1001 1995 presbyter
1021 1928 1111 1996 qui
1140 1926 1316 1991 oll'ert,
1347 1935 1400 1981 et
1421 1925 1548 1980 dicit
1573 1944 1585 1977 ε
1617 1923 1824 1977 Gratias
1852 1937 2062 1991 agamus
2089 1918 2200 1973 Do-

604 2015 742 2067 mino
768 2014 874 2068 Deo
899 2025 1071 2069 nostra
1111 2032 1128 2070 :
1155 2026 1208 2070 et
1237 2031 1331 2070 vos
1358 2013 1685 2070 attestamiui
1720 2029 1734 2066 :
1766 2012 1990 2080 Dignum
2011 2019 2057 2063 et
2080 2010 2194 2075 ists-

605 2115 718 2158 tum
754 2117 848 2159 est.
881 2107 1083 2161 Deinde
1110 2117 1229 2177 post
1257 2107 1732 2161 sanctificationem
1777 2102 2028 2158 sacriﬁcii
2059 2101 2194 2156 dici-

603 2212 722 2251 mus
751 2199 1045 2252 orationcm
1080 2200 1428 2254 Dominicam.
1478 2199 1603 2252 Post
1631 2198 1802 2260 ipsam
1826 2196 2040 2261 dicitur,
2071 2193 2190 2249 Pax

601 2291 878 2355 vobiscum,
897 2301 948 2345 et
963 2291 1272 2346 osculantur
1283 2308 1340 2346 se
1355 2291 1641 2346 Christiani
1659 2291 1709 2344 in
1740 2290 1925 2344 osculo
1947 2297 2156 2343 sancto.
2172 2306 2193 2340 ι

2306 1915 2547 1971 Missales
2569 1917 2784 1986 quidam
2810 1918 3009 1972 sarculo
3038 1934 3090 1972 ix
3112 1918 3340 1973 erantin
3365 1919 3686 1989 quibusdam
3716 1919 3866 1974 Eccle-

2304 2007 2399 2062 siis
2425 2007 2714 2062 Rhemensi
2761 2009 2930 2062 sancti
2977 2008 3205 2078 Remigii
3238 2011 3576 2065 monasterio
3623 2009 3864 2078 subjectis,

2303 2100 2443 2155 sicut
2491 2100 2683 2171 legitur
2712 2102 2767 2155 in
2796 2102 2965 2157 veteri
3015 2102 3148 2157 libro
3177 2102 3455 2169 censuali,
3504 2104 3597 2172 qui
3627 2101 3863 2157 llincmari

2303 2203 2546 2263 tempore
2591 2195 2822 2264 scriptus
2868 2205 2971 2250 est.
3025 2194 3106 2250 Ad
3157 2195 3273 2251 haec
3327 2196 3592 2252 Alcuinus
3631 2197 3862 2251 Missalem

2303 2287 2690 2358 Gregorianum
2741 2299 2796 2343 et
2824 2288 3167 2344 Gelasianum
3197 2280 3668 2346 simul'ordinasse
3694 2289 3860 2343 dicitur

2302 2377 2356 2432 in
2379 2376 2645 2434 Chronico
2666 2377 3008 2435 Ceutulensi:
3037 2381 3212 2451 qualis
3233 2391 3316 2437 est
3346 2397 3488 2437 unus
3511 2381 3693 2438 Codex
3716 2382 3863 2450 regius

2303 2470 2520 2538 Optimae
2550 2481 2691 2526 notae
2721 2487 2774 2525 η.
2829 2470 2991 2528 5865.
3047 2472 3198 2529 Unde
3249 2472 3450 2528 factum
3483 2485 3602 2540 est,
3630 2483 3684 2528 ut
3713 2473 3862 2527 nullus

2302 2559 2504 2626 Codex,
2538 2561 2628 2630 qui
2682 2560 3034 2631 antiquiorem
3073 2563 3221 2617 illum
3274 2562 3536 2621 Ordinem
3565 2565 3862 2621 Gallicanum

2302 2652 2519 2723 referat,
2553 2663 2678 2710 ante
2727 2655 2824 2710 hos
2873 2671 3076 2726 paucos
3119 2671 3290 2713 annos
3338 2659 3575 2715 inveniri
3622 2655 3856 2729 potuerit;

2302 2756 2460 2815 atque
2489 2746 2557 2801 ad
2587 2747 2638 2801 id
2669 2757 2881 2818 tempus
2908 2762 3122 2820 semper
3150 2749 3352 2805 incerta
3379 2749 3543 2807 fuerit
3571 2749 3639 2806 de
3661 2746 3857 2818 hujusce

2301 2839 2515 2896 Ordinis
2536 2842 2642 2896 ritu
2669 2844 2956 2897 sententia.

603 2385 848 2456 Denique
871 2402 992 2441 cum
1031 2389 1081 2441 in
1113 2388 1314 2442 Ordine
1345 2386 1678 2441 Mozarabico
1708 2400 1920 2454 semper
1949 2383 2068 2437 duae
2095 2384 2200 2438 lec-

603 2480 780 2533 tiones
811 2486 932 2532 ante
965 2478 1309 2547 Evangelium
1338 2520 1354 2544 ,
1386 2493 1486 2531 una
1517 2493 1581 2532 ex
1618 2476 1798 2531 Veteri
1817 2477 2190 2542 Testamento,

602 2571 711 2624 alia
751 2586 816 2625 ex
848 2571 996 2624 Novo
1029 2572 1410 2639 prazmittatur;
1444 2572 1599 2624 unica
1631 2579 1745 2624 erat
1797 2568 1852 2623 in
1896 2569 2149 2623 Africano
2180 2608 2196 2634 ,

603 2668 742 2716 teste
793 2662 1090 2730 Augustino
1129 2662 1180 2714 in
1227 2676 1476 2716 sermone
1503 2660 1534 2714 7
1563 2660 1631 2715 de
1678 2660 1859 2715 verbis
1903 2657 2144 2729 Apostoli
2179 2675 2194 2711 :

610 2771 631 2803 ι
667 2754 977 2822 Apostolum
1009 2753 1340 2816 audivimus,
1373 2753 1635 2821 psalmum
1667 2752 1993 2816 audivimus,
2020 2753 2198 2808 Evan-

602 2843 797 2913 gelium
848 2847 1183 2900 audivimus:
1236 2855 1536 2900 consonant
1561 2860 1751 2901 omnes
1781 2845 1979 2901 divina:
2008 2845 2198 2902 lectio-

602 2953 721 2992 nes.
759 2957 776 2990 ι
808 2938 949 2993 ldem
977 2941 1175 2995 clarius
1205 2940 1430 2994 habetur
1456 2941 1508 2995 in
1537 2954 1785 2995 sermone
1818 2939 1886 2995 l0
1915 2940 1982 2995 de
2009 2940 2190 2996 verbis

601 3028 867 3098 Apostoli.
900 3039 952 3084 et
978 3031 1029 3085 in
1061 3046 1311 3086 sermone
1350 3030 1420 3087 ’55
1446 3031 1516 3086 de
1544 3031 1726 3087 verbis
1755 3031 1970 3088 Domini
2003 3047 2194 3087 secun-

602 3125 728 3180 dum
760 3126 979 3189 Lucam,
1011 3135 1067 3182 et
1093 3127 1240 3182 alibi.

2372 2955 2424 3008 4.
2451 2953 2700 3008 Matthias
2722 2954 2944 3010 Flaccus
2974 2955 3661 3028 lllyricus,centuriatorum
3680 2953 3855 3024 Magde-

2300 3045 2643 3116 burgensium
2670 3045 2916 3118 princeps
2939 3091 2955 3118 ,
2975 3051 3190 3105 missam
3221 3051 3465 3106 Latinam
3491 3068 3557 3106 ex
3585 3048 3746 3106 veteri
3774 3047 3858 3102 Co-

2301 3137 2418 3192 dice
2449 3139 2678 3209 vulgavit
2719 3142 3024 3211 Argentius
3071 3157 3213 3196 anno
3243 3141 3379 3198 1557
3405 3145 3514 3200 sub
3548 3143 3648 3198 hoc
3693 3139 3856 3195 titulo;

676 3224 763 3279 Η.
798 3224 977 3290 Qualis
1025 3225 1180 3279 fuerit
1201 3227 1337 3295 apud
1381 3225 1624 3282 Britones
1655 3233 1710 3280 et
1735 3224 1996 3280 Hibernos
2022 3225 2190 3280 sacri-
2219 3200 2268 3266 α
2299 3230 2461 3285 Missa
2491 3200 2677 3286 Latina
2696 3273 2710 3299 ,
2738 3200 2855 3303 quva
2885 3235 3008 3288 olim
3027 3247 3147 3289 ante
3173 3237 3485 3304 Romanam,
3517 3237 3649 3292 circa
3675 3232 3854 3288 Domini

600 3314 797 3369 ficandi
822 3316 988 3382 ritus,
1013 3331 1116 3371 non
1147 3318 1303 3386 plane
1332 3325 1666 3385 compertum
1691 3326 1796 3372 est.
1847 3317 2059 3371 Modum
2109 3324 2188 3370 ta-

601 3423 726 3464 men
775 3409 919 3463 illuin
946 3423 975 3464 a
1007 3409 1250 3466 Romano
1275 3412 1544 3467 diversum
1573 3411 1847 3467 exstitisse
1881 3409 2192 3478 intelligitur

598 3515 666 3555 ex
694 3500 966 3556 Bernardo
994 3502 1044 3555 in
1070 3501 1206 3555 libro
1232 3502 1296 3556 de
1329 3502 1443 3558 Vita
1468 3502 1768 3564 Malacbiae,
1797 3500 2058 3566 capitibus
2081 3499 2114 3551 '5
2137 3507 2193 3553 ct

600 3590 633 3645 8
658 3633 673 3659 ,
715 3593 804 3646 ubi
844 3593 1126 3647 Malachias
1167 3595 1420 3649 barbaras
1467 3593 1886 3649 consuetudines
1935 3591 2191 3647 Romanis

598 3697 858 3753 mutasse,
891 3697 943 3742 et
969 3691 1281 3743 canonicum
1313 3689 1507 3744 divina:
1539 3687 1713 3744 laudis
1736 3685 1972 3742 ofﬁcium
1993 3686 2044 3740 in
2069 3685 2188 3741 illas

597 3781 870 3837 Ecclesiae
898 3780 1166 3836 invexisse
1189 3792 1539 3836 memoratur.

1225 3917 1452 3972 CAPUT
1483 3916 1570 3971 Ill.

603 4033 732 4099 Qum
752 4043 800 4088 et
840 4032 1009 4098 qualis
1037 4030 1196 4100 fuerit
1218 4029 1491 4100 quondam
1522 4026 1758 4100 Liturgia
1781 4026 2052 4082 Gallicana
2077 4043 2096 4082 :
2121 4045 2189 4081 an

669 4121 726 4157 ea
755 4097 870 4175 qure
895 4121 926 4156 a
952 4097 1180 4175 Matthia
1207 4097 1418 4170 Illyrico
1433 4100 1569 4153 edita
1590 4107 1685 4154 est.
1705 4097 1868 4152 Certa:
1895 4102 2006 4171 ejus
2029 4108 2187 4165 notae;

669 4173 777 4229 lucc
802 4177 1001 4243 integra
1029 4173 1232 4226 tandem
1264 4181 1484 4239 reperta.

674 4267 778 4338 16
808 4267 861 4322 1.
891 4266 995 4321 Sed
1020 4266 1129 4334 jam
1147 4264 1361 4318 demum
1405 4263 1470 4317 ad
1497 4263 1785 4332 Liturgiam
1835 4262 2185 4330 Gallicanam,

595 4359 747 4428 cujus
777 4359 944 4428 gratia
974 4359 1088 4414 haec
1115 4357 1386 4428 praemissa
1418 4365 1577 4422 sunt,
1607 4357 1928 4412 veniendum
1960 4366 2075 4422 est;
2107 4358 2187 4412 in-

598 4451 1022 4520 quirendumque
1050 4450 1118 4504 de
1147 4449 1262 4518 ejus
1295 4447 1482 4511 forma,
1528 4446 1595 4501 de
1622 4462 1723 4517 qua
1776 4447 2034 4502 hactenus
2064 4464 2187 4504 eru-

597 4541 689 4597 diti
717 4543 817 4597 viri
844 4543 1229 4610 disceptarunt.

2298 3343 2490 3379 annum
2516 3327 2640 3393 700,
2671 3329 2721 3380 in
2765 3344 2860 3380 usu
2911 3328 3006 3398 fuit
3031 3369 3048 3394 ,
3082 3335 3210 3382 bona
3237 3330 3342 3399 ﬁde
3364 3347 3426 3385 ea:
3448 3342 3645 3386 vetusto
3674 3327 3854 3384 aut/ten-

2298 3419 2494 3488 ticoque
2523 3418 2708 3473 Codice
2738 3419 3011 3489 descripta.
3055 3418 3306 3476 Codicem
3347 3439 3455 3479 non
3490 3424 3618 3480 satis
3643 3421 3855 3489 designat

2298 3509 2482 3564 titulus
2513 3527 2526 3564 :
2553 3511 2645 3566 sed
2677 3526 2744 3566 ex
2766 3512 2926 3566 variis
2947 3515 3296 3580 orationibus,
3322 3532 3442 3586 quae
3467 3517 3535 3572 ad
3557 3515 3850 3572 oblationem

2298 3601 2351 3655 in
2392 3601 2479 3654 illa
2524 3603 2684 3657 missa
2737 3602 3060 3674 referuntur,
3119 3621 3222 3661 una
3275 3605 3353 3662 sic
3386 3607 3550 3665 habet
3594 3624 3608 3662 :
3648 3602 3850 3670 Suscipe,

2295 3704 2474 3749 sancta
2502 3694 2727 3750 Trinitas
2751 3738 2768 3764 ,
2799 3697 2934 3751 hanc
2964 3699 3267 3754 oblationem
3295 3742 3310 3767 ,
3341 3718 3498 3772 quam
3547 3717 3637 3772 pro
3679 3698 3849 3754 seniore

2295 3795 2468 3840 nostra
2496 3795 2543 3840 et
2592 3799 2777 3841 cuncta
2825 3792 3213 3862 congregatione
3251 3795 3414 3847 sancti
3441 3792 3655 3848 Petri...
3691 3789 3847 3855 offero.

2295 3879 2360 3935 Et
2381 3880 2433 3936 in
2463 3881 2562 3935 alia
2595 3882 2752 3951 paulo
2774 3892 2898 3939 ante
2925 3904 2937 3939 :
2979 3885 3145 3952 Quam
3167 3887 3254 3940 tibi
3283 3886 3442 3954 oﬂ'cro
3474 3905 3568 3958 pro
3597 3903 3673 3940 me
3704 3896 3849 3954 pecca-

2294 3980 2402 4026 tore
2429 3983 2473 4028 et
2502 3984 2688 4029 nostra:
2708 3979 3114 4049 congregationis
3137 3979 3321 4046 salute,
3350 3989 3395 4035 et
3435 3999 3533 4053 pro
3554 3978 3773 4034 omnibus
3797 3974 3842 4027 in

2294 4067 2496 4123 Christo
2529 4070 2770 4140 fratribus
2801 4081 2846 4125 et
2877 4073 3134 4127 sororibus
3166 4076 3374 4129 nostris.
3409 4075 3491 4131 Ex
3524 4076 3606 4131 his
3627 4069 3846 4140 conjicio,

2293 4159 2434 4215 hunc
2476 4163 2668 4216 librum
2700 4164 2861 4220 fuisse
2888 4165 2952 4219 ad
2985 4181 3136 4221 usum
3185 4171 3498 4225 monasterii
3538 4169 3701 4226 sancti
3726 4159 3846 4219 Petri

2293 4255 2687 4313 Hornbacensis
2718 4259 2768 4313 in
2818 4261 3034 4316 dimcesi
3065 4263 3303 4318 Mettensi
3331 4306 3344 4326 ,
3379 4279 3500 4335 quae
3527 4255 3842 4333 congregatio

2290 4351 2460 4402 sancti
2491 4347 2632 4404 Petri
2655 4365 2718 4403 ex
2762 4354 3088 4406 monasterio
3125 4352 3370 4407 Hornbac
3399 4355 3692 4424 appellatur
3719 4351 3764 4404 in
3792 4343 3846 4399 ti-

2292 4442 2404 4495 tulo
2416 4443 2657 4511 epistolae
2680 4459 2808 4499 cxtu
2839 4446 2942 4516 ιε
2966 4445 3105 4500 inter
3129 4447 3500 4503 Bonifaciauas
3526 4447 3592 4500 ad
3609 4438 3842 4499 Riculfum

2289 4534 2427 4591 Lulli
2456 4551 2844 4593 successorem.
2872 4539 2995 4595 Haec
3011 4541 3313 4595 0bSt‘l‘V31lO
3335 4541 3588 4613 aliquanti
3617 4524 3842 4594 momenti

665 4635 719 4689 2.
779 4605 1048 4702 Principio
1096 4634 1379 4689 advertere
1428 4633 1678 4689 convenit
1702 4635 1955 4691 Ordinem
1989 4637 2182 4692 Roma-
2208 4605 2263 4666 Β
2289 4635 2341 4686 in
2370 4632 2818 4700 consequentibus
2842 4635 2961 4687 erit.

593 4743 723 4783 num
746 4769 761 4793 ,
797 4729 883 4796 qui
916 4727 1053 4796 apud
1089 4727 1354 4795 Hispanos
1380 4727 1576 4784 saeculo
1608 4743 1683 4793 xt,
1713 4728 2009 4797 insequenti
2043 4731 2181 4798 apud

594 4820 860 4875 Hibernos
910 4818 994 4888 (ut
1021 4834 1144 4873 mox
1190 4818 1455 4888 dicebam)
1489 4829 1734 4889 receptus
1780 4830 1894 4885 est,
1926 4821 1977 4874 in
2007 4821 2179 4876 Gallia

592 4912 775 4980 vigere
797 4911 1023 4979 coepisse
1037 4911 1148 4980 jam
1181 4912 1303 4967 inde
1330 4928 1359 4965 a
1386 4923 1629 4982 terupore
1658 4912 1834 4968 Caroli
1867 4914 2038 4984 Magni
2068 4916 2180 4970 sive

592 5001 648 5056 id
677 5003 954 5056 effecerint
984 5001 1210 5056 Romani
1250 5002 1565 5069 Pontifices,
1597 5005 1686 5074 qui
1715 5006 1847 5059 alias
1874 5020 2062 5061 omnes
2091 5021 2180 5063 ec-

591 5095 781 5150 clesias
811 5094 877 5149 ad
916 5110 1077 5148 unum
1115 5109 1234 5149 cum
1267 5096 1506 5152 Romana
1536 5108 1888 5163 concentum,
1922 5109 2177 5168 quantum

587 5189 640 5243 in
672 5189 750 5244 eis
789 5187 910 5253 fuit,
945 5187 1212 5244 adducere
1231 5198 1484 5245 curarunt
1511 5209 1525 5257 ;
1558 5192 1670 5246 sive
1696 5190 1761 5245 ad
1787 5206 1881 5246 eos
1899 5192 2180 5247 demeren-

589 5279 686 5332 dos
720 5279 770 5333 id
819 5280 1050 5334 voluerit
1090 5280 1336 5336 Carolus.
1373 5283 1586 5339 Initium
1614 5283 1810 5338 factum
1853 5291 1933 5338 est
1958 5298 1988 5337 a
2017 5293 2177 5340 cantu

592 5369 852 5435 Romano,
887 5385 1045 5439 quem
1084 5371 1336 5441 Pippinus
1364 5374 1418 5428 in
1445 5375 1751 5430 Gallicanas
1798 5375 2069 5430 Ecclesias
2098 5375 2178 5431 in-

590 5461 774 5525 duxit,
806 5468 864 5513 ut
905 5460 1060 5517 docet
1103 5462 1303 5519 Paulus
1333 5481 1463 5536 papa
1493 5467 1512 5521 l
1542 5467 1594 5522 in
1623 5467 1844 5535 epistola
1877 5467 1942 5520 ad
1975 5466 2170 5538 ipsum,

595 5555 675 5610 cui
707 5555 1064 5620 Antiphonale
1102 5565 1156 5611 et
1201 5557 1526 5626 ReSponsale
1556 5560 1735 5614 mittit.
1770 5560 1970 5615 Directi
2012 5561 2170 5616 etiam

588 5645 658 5698 ab
680 5645 867 5698 eodem
901 5646 1136 5715 principe
1163 5648 1533 5704 adolescentes
1553 5689 1568 5713 ,
1601 5650 1687 5716 qui
1720 5649 2018 5706 Romanum
2038 5667 2170 5709 can-

588 5745 712 5802 tum,
748 5735 1107 5791 addiscerem.
1151 5738 1344 5795 Postea
1382 5755 1511 5795 vero
1538 5740 1763 5798 Carolus
1801 5743 2022 5816 Magnus
2053 5746 2171 5815 ejus

585 5831 731 5889 titius
784 5831 1274 5888 Sacramentarium
1319 5836 1700 5909 Gregorianum
1725 5841 1831 5906 ,.id
1860 5851 1942 5899 est
1971 5844 2166 5901 librum

2364 4723 2415 4778 5.
2448 4724 2617 4794 Hujus
2646 4725 2821 4780 missae
2848 4727 2914 4780 ab
2938 4727 3145 4796 Illyrico
3160 4727 3317 4782 editae
3341 4729 3485 4783 varia
3510 4729 3604 4783 fuit
3633 4725 3835 4779 fortuna.

2293 4816 2470 4870 Primo
2512 4817 2809 4886 triumphos
2848 4819 2915 4875 de
2963 4836 3022 4874 ea
3076 4830 3296 4888 egerunt
3352 4819 3659 4882 Lutberani,
3710 4804 3839 4878 (ιυδεί

2289 4908 2580 4962 Catholicis
2631 4910 2841 4979 penitus
2894 4911 3285 4967 adversaretur.
3329 4912 3396 4967 Ut
3446 4915 3541 4967 hos
3572 4903 3839 4974 triumphos

2288 5003 2606 5070 reprimeret
2654 5002 2930 5073 Philippus
2973 5019 3007 5057 ll
3042 5004 3414 5072 Hispaniarum
3447 5021 3539 5061 rex
3565 5046 3580 5071 ,
3611 4998 3750 5056 ducis
3769 4989 3839 5048 Al-

2283 5094 2464 5150 bensis
2491 5095 2764 5158 instinctu,
2794 5094 2909 5165 ejus
2929 5093 3156 5150 lectione
3194 5096 3494 5162 interdixit;
3518 5091 3836 5153 eamdelll‘lue

2285 5196 2468 5255 Postea
2512 5188 2692 5244 Sixtus
2743 5186 2786 5243 V
2835 5188 2888 5242 in
2921 5188 3173 5244 librorum
3207 5189 3601 5259 prohibitorum
3622 5184 3826 5242 classem

2281 5279 2506 5347 redegit.
2539 5277 2828 5334 Lutherani
2869 5289 3052 5349 aperte
3102 5280 3315 5336 tandem
3363 5281 3581 5337 missam
3610 5266 3835 5366 Illyrici:-

2280 5386 2402 5425 nam
2432 5370 2721 5426 Catholiois
2772 5375 3080 5446 sull‘ragari,
3123 5377 3333 5449 sibique
3373 5370 3643 5432 adversari
3667 5357 3833 5422 intelli-

2281 5475 2485 5531 gentes,
2512 5463 2654 5519 illam
2685 5470 3020 5537 supprimere
3044 5469 3218 5526 modis
3239 5471 3487 5526 omnibus
3514 5459 3826 5526 studuerunt-

2280 5554 2535 5611 Catholici
2583 5573 2648 5612 ex
2690 5560 2791 5617 hac
2840 5561 3105 5631 palinodia
3158 5564 3516 5631 proﬁcientes,
3573 5547 3830 5630 ipsamm“

2279 5657 2579 5710 accuratius
2608 5657 2880 5725 legerunt,
2919 5658 3234 5728 laudarunt,
3255 5659 3682 5731 comprobarunt.
3704 5652 3754 5700 ei
3770 5635 3824 5693 id

2275 5753 2562 5809 asserenda
2593 5754 2962 5822 Eucharistiae,
2991 5756 3363 5826 confessionis,
3395 5765 3450 5813 et
3477 5746 3819 5817 sull‘ragiorum

2275 5862 2373 5915 pro
2399 5846 2624 5902 mortuis
2651 5847 3267 5917 dogmataadhibuerunt
3300 5869 3314 5904 :
3341 5851 3393 5906 in
3425 5846 3607 5922 primis
3627 5832 3818 5912 quidem
