4108 6352
266 346 370 403 ﬁl

1210 339 1304 397 DE
1340 338 1667 398 LITURGM
1709 338 2108 398 GALLICANA
2141 338 2342 396 LIBER
2385 339 2660 399 PRIMUS.

3443 349 3550 406 122

259 459 591 518 Guillelmus
618 459 880 530 Peyratus
905 503 921 529 ,
942 458 1000 515 in
1027 455 1167 512 libro
1205 471 1243 511 ll
1274 457 1342 513 de
1370 457 1589 512 historia
1618 455 1852 526 Capellae
1880 456 1934 517 Α
1955 455 2094 525 quod
2124 457 2174 510 in
2202 470 2266 512 ea
2298 457 2572 525 passiones
2602 467 2896 531 martyrum
2920 461 3296 530 recitarentur,
3327 476 3396 520 ex
3427 464 3551 523 Hil-

259 571 455 627 regum
486 554 764 620 Francia,
795 568 912 624 cap.
947 553 1038 619 l5,
1085 567 1316 623 eumque
1360 559 1577 607 secutus
1624 550 1853 606 Carolus

258 650 510 706 Cointius
539 651 592 704 in
639 648 934 704 Annalibus
984 646 1364 704 ecclesiasticis
1415 645 1743 700 Francorum
1784 642 1850 700 ad

259 757 466 796 annum
496 741 593 797 601
622 781 639 808 ,
674 740 759 795 ubi
802 740 1019 795 missam
1063 738 1422 811 lllyricianam
1467 754 1497 792 a
1529 737 1853 794 Lutlieranis

261 851 608 906 suppressam
641 835 868 891 recudit.
903 835 1053 904 Quod
1095 834 1254 889 etiam
1288 834 1534 906 prastitit
1561 832 1850 888 cardinalis

263 927 411 986 Bona
443 929 495 983 in
528 928 632 984 ﬁne
659 927 836 997 operis
859 927 940 981 sui
969 926 1245 997 Liturgici.

333 1023 387 1079 6.
419 1023 566 1078 Hanc
595 1036 726 1077 vero
766 1023 818 1075 in
859 1021 1168 1084 Occidente,
1200 1019 1497 1089 praesertim
1521 1017 1573 1074 in
1601 1016 1770 1072 Gallia
1796 1023 1852 1071 et

255 1117 317 1173 in
346 1116 668 1184 Germania,
718 1122 1004 1184 antequam
1056 1112 1328 1166 Romanus
1379 1110 1525 1166 Ordo
1581 1109 1851 1164 admissus

256 1223 432 1276 esset,
465 1212 580 1267 usui
622 1209 786 1265 fuisse
813 1207 1016 1278 opinari
1039 1222 1098 1262 se
1123 1206 1256 1260 dicit
1281 1205 1524 1277 Illyricos
1547 1205 1600 1258 in
1625 1201 1850 1273 epistola

255 1303 606 1375 praeliminari
636 1300 701 1355 ad
723 1300 1017 1371 principem
1050 1298 1368 1354 Palatinum.
1388 1298 1648 1368 Peyratus
1677 1296 1849 1365 ipsam

252 1410 357 1466 pro
387 1395 600 1464 antiqua
622 1393 892 1449 Gallicana
916 1390 1280 1445 indubitanter
1300 1393 1535 1460 agnovit,
1560 1389 1847 1454 eidemque

251 1488 536 1545 sententia:
561 1487 806 1544 Ceintius
850 1484 1166 1554 subscripsit
1197 1503 1212 1539 :
1255 1484 1414 1539 ambo
1443 1498 1602 1553 porro
1632 1497 1748 1538 eam
1777 1482 1846 1536 ad

249 1584 484 1653 primam
515 1596 700 1653 regum
734 1580 1060 1636 Francorum
1083 1578 1306 1649 stirpem
1339 1586 1616 1634 revocant.
1650 1577 1725 1632 Ex
1754 1576 1851 1632 ad-

255 1689 422 1731 verso
452 1673 730 1730 Menardus
759 1681 942 1728 noster
968 1673 1020 1726 in
1048 1671 1188 1726 notis
1217 1671 1284 1726 ad
1308 1669 1500 1726 librum
1526 1669 1849 1725 Sacramen-

250 1776 433 1822 torum
459 1809 474 1834 ,
503 1768 600 1822 etsi
623 1768 894 1838 antiquam
927 1779 1048 1821 esse
1077 1764 1353 1828 concedit;
1386 1763 1628 1833 quaedam
1660 1772 1838 1817 tamen

1956 550 2104 606 duini
2128 551 2350 619 epistola
2373 554 2437 608 ad
2463 553 2785 611 Ludovicum
2813 557 3131 627 Augustum,
3155 559 3550 631 Areopagiticis

1959 647 2197 716 praeﬁxa.
2229 647 2284 702 In
2313 647 2414 702 hac
2456 649 2651 718 quippe
2693 652 2919 719 epistola
2941 663 3329 710 commemorat
3353 674 3374 710 ς
3402 658 3549 713 anti-

1958 739 2246 808 quissimos
2270 781 2284 805 ,
2328 749 2384 796 et
2413 742 2572 797 nimia
2595 757 2733 813 pene
2758 752 3021 800 vetustate
3050 757 3394 816 consumptos
3420 749 3550 806 Mis-

1952 835 2095 888 sales
2117 834 2302 901 libros,
2327 839 2666 894 continentes
2693 838 2869 892 missae
2883 838 3126 895 ordinem
3145 855 3296 895 more
3318 840 3546 906 Gallico,

1953 927 2041 997 qui
2089 927 2158 982 ab
2212 927 2364 982 initio
2411 940 2639 1000 recepta:
2681 929 2800 984 ﬁdei
2848 945 2950 986 usu
2999 931 3052 985 in
3100 931 3199 987 hac
3228 932 3547 989 occidentali

1953 1022 2110 1091 plaga
2139 1031 2221 1076 est
2253 1021 2464 1078 habitus
2492 1065 2508 1090 ,
2542 1039 2815 1094 usquequo
2846 1035 3112 1092 tenorem,
3141 1040 3248 1096 quo
3272 1041 3413 1081 nunc
3444 1025 3552 1081 uti-

1952 1124 2066 1182 tur,
2124 1116 2423 1172 ltomanum
2467 1120 2784 1190 susceperit.
2842 1119 2898 1173 In
2944 1120 3137 1188 quibus
3185 1122 3544 1178 voluminibus

1953 1208 2220 1264 habentur
2267 1209 2385 1265 dure
2434 1209 2610 1267 missae
2652 1211 2721 1267 de
2757 1223 2943 1266 saneto
3000 1211 3289 1283 Dionysio,
3321 1228 3441 1285 quae
3467 1212 3547 1270 sic

1954 1302 2094 1356 inter
2121 1301 2568 1358 celebrandum...
2603 1313 2866 1359 tormenta
2889 1305 3143 1377 martyris
3165 1306 3546 1376 sociorumque

1953 1395 2072 1466 ejus
2095 1397 2361 1452 succincte
2393 1407 2816 1453 commemorant
2848 1416 2860 1450 :
2887 1401 3024 1453 sicut
3044 1406 3099 1454 et
3120 1399 3341 1469 reliqua!
3367 1398 3545 1456 Missa

1955 1486 2150 1541 ibidem
2195 1489 2408 1556 scriptae
2435 1488 2658 1544 aliorum
2707 1492 3068 1559 ap05tolorum
3116 1492 3198 1546 vel
3226 1499 3544 1563 martyrum,

1956 1594 2181 1649 quorum
2235 1581 2508 1649 passiones
2535 1579 2828 1646 habentur,
2870 1581 3148 1638 notissime
3173 1583 3478 1638 decantant.
3516 1600 3541 1634 s

1958 1670 2084 1726 llaec
2135 1672 2398 1741 passionis
2449 1683 2742 1742 martyrum
2794 1673 3233 1729 commemoratio
3263 1675 3315 1728 in
3349 1673 3549 1729 Praefa-

1954 1765 2100 1820 tione
2156 1764 2291 1819 facta
2349 1764 2510 1820 fuisse
2559 1751 2788 1820 videtur.
2823 1767 3135 1836 Quanquam
3192 1766 3395 1837 integra
3423 1775 3545 1823 acta

245 1859 306 1915 in
335 1858 664 1914 contrarium
706 1856 950 1928 opponit,
995 1855 1088 1912 sed
1115 1871 1232 1926 qua:
1264 1869 1378 1912 rem
1410 1870 1515 1910 non
1563 1855 1835 1910 evincunt.
1870 1856 1920 1917 Β
1945 1859 2265 1928 quandoque
2295 1857 2604 1929 legebantur
2623 1899 2638 1926 ,
2668 1867 2725 1913 ut
2763 1873 2886 1914 mox
2916 1859 2985 1915 de
3013 1858 3150 1914 actis
3177 1858 3350 1915 sancti
3373 1857 3542 1914 Emi-

248 1949 794 2022 Missaa-lllyriciana
843 1950 1072 2006 similem
1114 1948 1284 2006 edidit
1334 1949 1616 2004 Menardus
1657 1964 1722 2003 ex
1761 1962 1846 2003 co-

243 2045 367 2101 dice
417 2043 736 2100 Corbeiensi
787 2043 1000 2098 Batoldi
1057 2044 1173 2112 ejus
1204 2043 1306 2098 loci
1361 2042 1612 2105 abbatis,
1674 2051 1839 2112 atque

243 2139 405 2193 aliam
433 2138 891 2194 eminentissimus
927 2137 1213 2192 cardinalis
1244 2139 1394 2192 Bona
1437 2137 1490 2190 in
1523 2137 1660 2192 libro
1688 2151 1704 2191 ι
1742 2137 1846 2207 19

243 2233 446 2288 Rerum
499 2233 866 2303 liturgicarum
893 2247 1012 2301 cap.
1066 2231 1154 2298 l2,
1186 2233 1274 2287 ubi
1305 2232 1657 2302 lllyricianam
1683 2237 1842 2299 negat

242 2340 426 2382 veram
459 2340 580 2380 esse
609 2336 844 2381 veterem
868 2325 1222 2391 Gallicanam,
1241 2325 1392 2394 cujus
1411 2333 1586 2389 notas,
1619 2323 1837 2388 indicia,

241 2427 295 2474 et
323 2433 452 2473 vera
475 2417 768 2488 specimina
819 2416 1014 2472 ibidem
1049 2417 1314 2488 producit.
1367 2416 1624 2470 Indicium
1674 2429 1842 2470 unu

241 2521 340 2576 est,
376 2512 612 2582 illudque
633 2521 839 2566 certum
861 2527 925 2567 ex
951 2510 1212 2581 Gregorio
1231 2509 1532 2566 Turonensi
1561 2511 1838 2579 episcopo,

241 2620 292 2658 tn
317 2603 481 2659 missa
513 2604 781 2660 Gallicana
811 2604 944 2659 duas
965 2604 1224 2659 lectiones
1257 2603 1546 2674 Evangelio
1573 2603 1830 2672 praemitti

241 2696 454 2764 solitas,
506 2712 665 2752 unam
716 2712 784 2753 ex
809 2696 988 2751 Veteri
1040 2697 1260 2765 passim,
1309 2696 1533 2750 alteram
1562 2712 1628 2751 ex
1678 2695 1833 2751 Novo

241 2789 605 2846 Testamento.
656 2792 812 2860 Atqui
875 2791 928 2845 in
973 2789 1274 2862 Illyriciana
1314 2790 1515 2844 mentio
1566 2789 1624 2844 ﬁt
1675 2790 1832 2844 unius

241 2884 504 2954 epistola'.
558 2884 760 2939 Deinde
801 2884 854 2938 in
900 2884 997 2938 hac
1038 2884 1202 2937 missa
1237 2883 1530 2955 lllyriciana
1562 2883 1740 2953 agitur
1768 2882 1838 2938 de

241 2977 550 3048 Sequentia,
605 2976 758 3046 cujus
810 2976 960 3046 origo
1005 2976 1258 3031 saeculum
1313 2991 1372 3030 ιιι
1419 2975 1557 3030 haud
1597 2975 1831 3042 excedit,

240 3069 477 3126 Notkero
529 3069 748 3124 Balbulo
799 3070 969 3124 sancti
1005 3069 1139 3123 Galli
1185 3069 1448 3124 monacho
1495 3067 1674 3123 forsan
1731 3066 1833 3122 tri-

244 3163 475 3220 buenda.
519 3163 786 3218 Praeterea
817 3162 868 3217 in
901 3161 1156 3233 Symbolo
1185 3161 1380 3234 legitur
1411 3160 1838 3217 additamentum

1948 1949 2074 2004 liani
2096 1949 2416 2004 videbimus.

2017 2041 2072 2099 9.
2103 2042 2345 2098 Alterum
2397 2043 2575 2100 missa:
2621 2044 2911 2100 Gallicanae
2966 2045 3218 2102 indicium
3247 2056 3351 2115 est,
3403 2047 3550 2120 quod

1945 2133 2137 2189 eodem
2187 2135 2290 2188 ritu
2338 2134 2452 2189 haec
2494 2134 2878 2202 celebraretur,
2931 2144 3094 2206 atque
3143 2137 3405 2194 Toletana
3448 2153 3548 2196 seu

1948 2227 2299 2282 Mozarabica.
2326 2226 2489 2296 Cujus
2516 2227 2591 2282 rei
2618 2235 2784 2282 testes
2820 2239 2944 2282 sunt
2963 2228 3141 2284 Caroli
3169 2228 3320 2285 Calvi
3352 2231 3548 2287 littera:

1943 2318 2010 2372 ad
2063 2318 2265 2374 clerum
2322 2320 2684 2376 Ravennatem
2732 2322 2784 2375 in
2811 2321 2926 2376 haec
2975 2323 3166 2378 verba:
3197 2342 3216 2376 ε
3261 2323 3444 2396 Usque
3470 2324 3544 2381 ad

1949 2420 2190 2480 tempora
2223 2411 2378 2467 abavi
2407 2413 2576 2467 nostri
2606 2413 2895 2468 Gallicanae
2925 2414 3178 2470 Ecclesiae
3203 2415 3357 2472 aliter
3385 2431 3548 2488 quam

1948 2502 2186 2558 Romana
2238 2504 2321 2558 vel
2350 2503 2762 2560 Mediolanensis
2795 2504 3034 2560 Ecclesia
3073 2505 3255 2562 divina
3295 2507 3546 2564 celebra-

1949 2601 2075 2655 bant
2101 2600 2300 2664 olﬁcia,
2333 2601 2469 2656 sicut
2497 2600 2726 2656 vidimus
2755 2609 2809 2656 et
2832 2600 3136 2656 audivimus
3158 2601 3228 2656 ab
3256 2600 3336 2658 eis
3365 2602 3457 2672 qui
3479 2616 3549 2660 ex

1945 2694 2186 2762 partibus
2211 2693 2484 2749 Toletana:
2509 2694 2764 2750 Ecclesiae
2785 2694 2850 2748 ad
2875 2709 2976 2748 nos
3005 2696 3279 2751 venientes
3298 2735 3315 2762 ,
3345 2711 3550 2752 secum-

1944 2785 2070 2840 dum
2101 2802 2302 2842 morem
2331 2787 2496 2857 ipsius
2530 2788 2786 2842 Ecclesia:
2805 2801 2987 2842 coram
3015 2789 3170 2844 nobis
3193 2804 3345 2845 sacra
3358 2789 3537 2846 ofﬁcia

1945 2877 2306 2933 celebrarunt.
2342 2898 2360 2930 ι
2395 2879 2524 2945 Quae
2555 2880 2715 2934 verba
2750 2881 3197 2951 consequentiam
3223 2897 3328 2937 non
3369 2882 3542 2940 habe-

1945 2981 2085 3037 rent,
2117 2972 2219 3026 nisi
2246 2973 2432 3028 eadem
2463 2969 2653 3028 fuisset
2678 2972 2933 3029 Toletana
2967 2983 3124 3046 atque
3147 2975 3419 3032 Gallicana
3449 2977 3542 3033 Li-

1952 3066 2144 3133 turgia.
2170 3065 2325 3119 Certe
2354 3065 2569 3135 Hispani
2596 3064 2740 3120 Vitas
2766 3078 3069 3122 sanctorum
3098 3068 3262 3140 (quod
3283 3068 3352 3124 de
3379 3067 3546 3127 Gallis

1952 3157 2114 3213 tradit
2142 3157 2452 3226 llilduinus)
2494 3160 2596 3230 21
2629 3158 2679 3213 in
2713 3160 2881 3215 sacris
2910 3161 3070 3215 etiam
3100 3163 3323 3231 publicis
3355 3165 3548 3219 recita-

245 3253 505 3326 Filioque,
562 3255 704 3326 quod
755 3271 786 3309 a
816 3255 992 3311 Caroli
1041 3254 1214 3325 Magni
1267 3263 1507 3321 tempore
1557 3253 1834 3308 exordium
1872 3261 1920 3326 ο
1953 3254 2099 3316 bant,
2134 3263 2188 3308 ut
2233 3253 2528 3308 luculenter
2559 3255 2696 3309 inter
2733 3255 2833 3310 alia
2863 3257 3050 3324 probat
3083 3257 3383 3313 Braulionis
3425 3257 3542 3314 Cte-

243 3350 408 3406 ducit.
444 3350 513 3406 Ut
549 3350 602 3404 in
633 3364 802 3420 pauca
829 3365 942 3404 rem
973 3348 1271 3413 conferam,
1302 3343 1447 3402 Ordo
1477 3346 1566 3401 ille
1588 3346 1844 3418 Illyricia-

242 3461 342 3502 nus
385 3444 605 3500 missam
645 3442 1002 3514 pontiﬁcalem
1052 3443 1290 3497 continet
1337 3440 1630 3496 secundum
1679 3440 1839 3494 ritum

245 3539 568 3606 Romanum,
599 3547 652 3594 et
678 3537 891 3608 quidem
920 3535 1050 3591 nihil
1080 3535 1192 3590 fere
1219 3533 1358 3589 aliud
1389 3548 1547 3604 quam
1571 3533 1845 3588 orationes

245 3633 481 3705 privatas
510 3631 578 3686 ab
594 3632 848 3700 episcopo
881 3629 1204 3696 recitandas,
1235 3627 1359 3682 dum
1379 3629 1577 3682 chorus
1601 3626 1845 3680 canendo

243 3734 554 3794 occupatur.
601 3721 732 3777 Nam
765 3732 884 3792 post
913 3722 1208 3787 orationes,
1258 3736 1376 3789 quae
1405 3736 1525 3775 cum
1557 3729 1681 3774 ante
1712 3719 1845 3774 mis-

242 3831 377 3881 sam,
411 3827 520 3871 tum
569 3816 828 3871 sumendo
853 3824 1031 3870 vestes
1079 3827 1258 3868 sacras
1288 3813 1622 3878 indicantur,
1652 3812 1838 3866 multa:

241 3911 360 3965 alite
387 3909 709 3978 subduntur,
737 3909 896 3963 donec
926 3916 1192 3961 cantentur
1221 3923 1396 3961 versus
1431 3907 1498 3959 ad
1529 3903 1835 3970 Introitum,

241 4011 286 4054 et
313 3999 474 4071 Kyrie
504 3999 707 4055 eleison
732 4040 748 4065 ,
782 4008 828 4052 et
854 3999 1038 4052 deinde
1067 4014 1270 4052 carmen
1293 3996 1614 4068 angelorum.
1646 3996 1841 4051 Postea

237 4093 388 4162 ﬁn‘ta
409 4093 645 4162 angelica
671 4091 847 4156 laude,
877 4089 1140 4144 Missalem
1170 4090 1452 4144 orationem
1480 4090 1619 4143 dicat
1645 4088 1840 4144 Sacer-

240 4186 351 4238 dos.
409 4183 602 4237 Deinde
649 4181 824 4236 Lectio
866 4182 1122 4248 recitetur,
1177 4191 1222 4236 et
1273 4182 1404 4235 inter
1452 4180 1745 4235 Lectionem
1789 4190 1838 4234 et

240 4274 598 4346 Evangelium,
648 4276 702 4328 id
752 4284 824 4329 est
856 4284 1083 4344 tempore
1110 4272 1389 4328 Gradualis
1438 4285 1486 4326 et
1528 4274 1752 4329 Alleluia
1780 4290 1841 4328 ac

243 4369 555 4438 Sequentite,
590 4369 853 4439 episcOpus
902 4368 1161 4422 dicat-has
1186 4369 1440 4422 orationes
1461 4406 1476 4431 ,
1523 4376 1628 4422 etc.
1659 4366 1840 4422 Multis

238 4460 554 4532 interjectis,
605 4461 834 4530 quandiu
862 4460 1193 4528 Olfertorium
1239 4468 1287 4512 et
1337 4475 1512 4514 versus
1558 4467 1832 4525 canuntur,

239 4555 330 4609 has
350 4556 490 4609 dicat
533 4565 806 4618 orationes,
840 4563 945 4607 etc.
971 4551 1286 4607 Prtel'atione
1310 4553 1481 4614 ﬁnita,
1506 4552 1714 4620 quando
1747 4551 1840 4604 alii

1953 3346 2325 3416 saraugustani
2342 3347 2576 3416 episcopi
2597 3347 2810 3403 libellus
2837 3347 2903 3402 de
2921 3350 3084 3418 gestis
3102 3350 3241 3406 beati
3260 3350 3536 3407 λΕωὶιὶδηί

1949 3441 2191 3508 abbatis,
2237 3455 2396 3510 quem
2428 3440 2664 3496 libellum
2694 3442 2814 3497 ideo
2863 3445 3181 3512 conscripsit
3213 3462 3232 3496 ι
3273 3453 3332 3499 ut
3359 3453 3540 3514 posset

1950 3532 2002 3586 in
2033 3533 2210 3586 missae
2230 3532 2346 3601 ejus
2366 3530 2727 3586 celebratione
2755 3532 3070 3599 quantocius
3113 3533 3245 3602 legi,
3287 3553 3307 3586 ι
3341 3548 3536 3602 quem-

1950 3623 2235 3678 admodum
2268 3621 2479 3676 Braulio
2518 3622 2629 3691 ipse
2657 3622 2706 3675 in
2732 3620 3048 3676 Priel'ationc
3075 3637 3171 3677 sua
3203 3623 3459 3694 loquitur.

2022 3716 2108 3769 l0.
2133 3714 2369 3769 Tertium
2395 3713 2644 3768 indicium
2667 3725 2748 3768 est
2769 3713 2906 3783 quod
2935 3714 2986 3768 in
3017 3713 3215 3770 Ordine
3238 3715 3538 3786 Gallicana,

1949 3817 2180 3864 testante
2206 3807 2463 3878 Gregorio
2488 3807 2786 3862 Turonensi
2810 3809 3070 3872 antistite,
3095 3806 3234 3862 facta
3262 3809 3332 3862 sit
3361 3809 3537 3878 prima

1949 3901 2106 3956 lectio
2151 3915 2217 3955 ex
2251 3899 2552 3969 prophetis,
2605 3899 2772 3953 altera
2809 3914 2874 3953 ex
2923 3900 3184 3968 Apostolo
3209 3940 3224 3963 ,
3259 3901 3416 3955 tertia
3465 3915 3538 3958 ex

1950 3996 2255 4067 Evangelio.
2305 3994 2359 4049 ld
2399 3994 2669 4065 colligitur
2714 4009 2779 4047 ex
2827 3991 2968 4048 facto
3018 3993 3274 4048 Cltramni
3317 3993 3537 4051 Cl0tarii

1946 4088 2089 4160 regis
2122 4087 2210 4142 ﬁlii
2237 4101 2264 4154 ,'
2286 4087 2374 4157 qui
2404 4101 2525 4140 cum
2559 4083 2836 4140 Divionem
2861 4085 2950 4140 die
2973 4083 3248 4139 Dominico
3277 4084 3538 4141 accessis-

1944 4191 2047 4247 set,
2093 4190 2294 4235 sortem
2350 4193 2500 4234 suam
2543 4192 2570 4231 a
2598 4177 2808 4233 clericis
2839 4178 3078 4247 expetiit.
3122 4179 3310 4234 Clerici
3349 4179 3537 4249 positis

1945 4290 2108 4347 super
2133 4276 2299 4330 altare
2342 4276 2510 4330 tribus
2541 4274 2690 4329 libris
2715 4315 2730 4338 ,
2763 4275 2817 4327 id
2837 4282 2911 4328 est
2948 4274 3254 4344 prophetiae,
3283 4274 3536 4342 Apostoli,

1943 4377 1990 4423 et
2021 4367 2437 4439 Evangeliorum,
2493 4381 2588 4433 pro
2620 4381 2768 4420 more
2809 4366 3020 4420 illorum
3069 4374 3368 4434 temporum
3420 4381 3535 4422 rem

1944 4467 2223 4536 explorant
2245 4508 2259 4530 ,
2285 4478 2349 4518 eo
2374 4471 2550 4532 pacto,
2583 4471 2637 4513 ut
2664 4461 3008 4531 unusquisque
3037 4460 3088 4513 in
3110 4460 3238 4514 libro
3263 4461 3398 4526 quod
3427 4460 3537 4528 pri-

1945 4576 2081 4613 mum
2105 4556 2380 4625 aperiebat,
2409 4556 2504 4609 hoc
2531 4555 2598 4606 ad
2622 4554 2798 4607 missas
2814 4553 2966 4606 etiam
2995 4553 3199 4623 legeret.
3229 4551 3302 4607 Ita
3335 4550 3534 4622 Grego~

245 4646 471 4702 Sanctus
501 4649 769 4700 decantant
791 4691 806 4714 ,
850 4647 957 4698 htec
1011 4644 1174 4699 oratio
1216 4645 1405 4698 cursim
1449 4644 1663 4697 dicenda
1702 4651 1773 4697 est
1805 4659 1837 4696 a
1866 4658 1917 4718 ι)
1942 4655 2052 4710 rius
2078 4656 2130 4709 in
2159 4653 2250 4708 ub,
2282 4668 2330 4705 ιν
2360 4665 2479 4717 cap.
2519 4649 2605 4704 16,
2641 4649 2706 4703 Et
2734 4651 2784 4703 in
2815 4649 2904 4702 lib.
2936 4663 3028 4702 vm
3059 4663 3178 4718 cap.
3211 4647 3265 4715 7,
3293 4649 3535 4704 meminit

235 4741 518 4806 sacerdote,
551 4751 656 4795 etc.
702 4738 898 4792 Deinde
937 4755 1052 4791 cum
1073 4742 1353 4792 reverentia
1381 4737 1616 4805 incipiat,
1641 4735 1717 4790 Te
1739 4735 1834 4807 igi-

237 4844 343 4900 tur,
374 4844 479 4889 etc.
525 4833 627 4901 Qui
653 4831 837 4887 Canon
885 4839 966 4885 est
995 4829 1210 4885 Ordinis
1257 4829 1504 4894 Romani,
1554 4827 1620 4882 ad
1682 4827 1833 4896 cujus

239 4929 400 4983 ritum
434 4925 651 4981 indubie
679 4938 867 4978 omnes
910 4922 1053 4977 illius
1107 4922 1284 4976 missae
1337 4920 1653 4992 lllyriciana:
1708 4935 1831 4974 ora.

240 5019 414 5075 tiones
443 5018 758 5088 respiciunt.
809 5015 1075 5082 Quantum
1122 5028 1250 5068 vero
1295 5027 1327 5067 a
1374 5011 1646 5068 Gallicana
1687 5009 1837 5066 diffe-

238 5122 379 5179 rant,
409 5127 476 5167 ex
507 5108 960 5180 consequentibus
983 5106 1216 5176 amplius
1238 5104 1579 5161 manifestum
1611 5103 1723 5159 ﬁet.

310 5227 363 5279 7.
397 5222 607 5278 Primus
661 5219 952 5292 Liturgiam
1000 5220 1332 5277 Gallicanam
1378 5218 1630 5288 detegere
1673 5217 1837 5287 coepit

241 5318 341 5388 piae
364 5316 637 5372 memoriae
655 5313 943 5370 cardinalis
967 5313 1133 5378 Bona,
1161 5313 1253 5382 qui
1276 5311 1330 5366 in
1361 5311 1462 5366 hac
1491 5309 1836 5380 inquisitione

241 5427 302 5468 se
331 5410 655 5481 implicatum
684 5411 790 5481 20
827 5408 971 5463 ultro
1001 5403 1155 5461 lateri
1178 5419 1282 5459 non
1305 5404 1596 5468 dubitavit,
1633 5400 1837 5473 profes-

241 5521 332 5563 sus
357 5511 496 5561 hanc
539 5520 653 5560 rem
682 5506 858 5575 magni
891 5517 1013 5558 esse
1056 5499 1318 5556 momenti
1337 5538 1353 5564 ,
1381 5514 1606 5568 eamque
1635 5513 1740 5553 non
1771 5513 1837 5555 ex

239 5597 440 5669 proprii
472 5593 647 5663 ingeni
667 5593 951 5664 iligmentis
970 5600 1062 5648 aut
1090 5589 1369 5647 temeraria
1391 5589 1722 5658 conjectura,
1743 5588 1839 5644 sed

239 5705 308 5748 ex
329 5690 556 5747 vetustis
581 5689 942 5745 monumentis
968 5685 1410 5757 investigandam.

312 5785 364 5839 8.
396 5783 569 5854 Hujus
610 5791 788 5839 autem
836 5782 1033 5838 veteris
1086 5781 1264 5835 missae
1311 5777 1599 5833 Gallicanae
1638 5773 1834 5831 indicia

241 5884 469 5948 quatuor
495 5875 650 5931 nobis
696 5873 946 5932 exhibuit
972 5872 1208 5943 optimus
1230 5868 1535 5929 eardinalis.
1568 5867 1829 5936 Primu,

1946 4746 2244 4815 Pr0pltetia:
2293 4743 2380 4799 die
2419 4741 2693 4796 Dominico
2735 4740 2800 4796 ad
2849 4741 3064 4794 missam
3117 4743 3472 4808 pronuntiata
3502 4758 3533 4798 a

1946 4839 2181 4896 Palladio
2208 4837 2528 4894 Santonensi
2559 4836 2831 4905 episcopo,
2864 4835 2951 4901 qui
2983 4837 3152 4888 sacris
3183 4843 3307 4889 tunc
3337 4851 3533 4902 opera-

1948 4932 2120 4984 batur.
2178 4929 2255 4983 Ex
2308 4944 2413 4996 quo
2445 4925 2786 4994 intelligitur,
2826 4925 3082 4979 lectiones
3123 4924 3384 4995 ejusmodi
3431 4941 3538 4983 non

1946 5036 2158 5088 semper
2184 5037 2212 5073 a
2243 5019 2571 5074 subdiacono
2595 5057 2610 5082 ,
2643 5017 2734 5072 sed
2758 5017 2825 5071 ab
2856 5018 2972 5087 ipso
3002 5019 3280 5073 sacerdote
3308 5033 3400 5074 seu
3423 5019 3539 5090 epi-

1947 5129 2112 5184 scopo
2140 5112 2425 5181 aliquando
2468 5111 2630 5166 fuisse
2659 5109 2966 5166 decantatas
2985 5154 3000 5181 ,
3040 5113 3182 5182 quod
3209 5112 3276 5168 de
3300 5111 3537 5183 Epistola

1945 5207 2135 5279 probat
2162 5206 2483 5276 Micrologus
2520 5205 2570 5258 in
2615 5219 2733 5274 cap.
2766 5207 2818 5261 8.

2019 5310 2108 5364 tl.
2140 5308 2393 5376 Quartam
2422 5305 2712 5362 Gallicanae
2743 5305 2991 5377 Liturgiae
3021 5315 3199 5360 notam
3230 5305 3383 5361 nobis
3409 5321 3537 5381 sup-

1947 5402 2148 5472 peditat
2174 5400 2313 5456 idem
2345 5398 2632 5469 Gregorius
2665 5400 2717 5452 in
2765 5398 2858 5453 lib.
2898 5413 2964 5452 vn
2992 5411 3115 5464 cap.
3158 5396 3212 5462 8,
3239 5414 3432 5466 nempe
3456 5401 3531 5457 si.

1942 5496 2166 5554 lentium
2216 5511 2244 5548 a
2294 5495 2519 5549 diacono
2579 5492 2859 5548 indictum.
2920 5490 3158 5559 Gregorii
3211 5492 3370 5548 verba
3419 5493 3535 5550 haec

1943 5599 2112 5646 sunt:
2167 5587 2319 5645 Unde
2345 5586 2540 5641 factum
2587 5597 2687 5648 est,
2737 5595 2794 5639 ut
2822 5584 3050 5654 quadam
3094 5585 3184 5642 die
3231 5586 3530 5655 Dominica,

1945 5694 2222 5755 postquam
2247 5680 2500 5736 diaconus
2529 5678 2798 5733 silentium
2830 5675 3040 5745 populis
3066 5719 3079 5740 ,
3128 5688 3187 5733 ut
3232 5677 3410 5733 missa:
3438 5695 3532 5734 au.

1940 5777 2318 5838 scultarentur,
2351 5772 2555 5837 indixit,
2583 5785 2676 5824 rex
2702 5766 3132 5826 Guntchramnus
3149 5783 3442 5826 conversus
3463 5770 3531 5827 ad

1938 5871 2190 5941 populum
2220 5869 2442 5931 diceret,
2480 5886 2500 5920 ι
2536 5878 2727 5934 nempe
2757 5874 2814 5920 ut
2837 5865 2970 5923 ﬁdes
2991 5867 3092 5924 sibi
3118 5869 3452 5929 servaretur,
3477 5879 3532 5931 eg
