4108 6352
650 423 755 481 ηὸ

1359 415 1707 483 erasnm:
1748 422 1843 481 AD
1881 362 2112 499 OPt-ZliA
2151 416 2225 479 SA

2333 418 2397 487 ’Π
2440 416 2751 491 GSBMANI
2795 420 3240 501 ιιιιιιειειιβιβ-

3819 427 3922 491 ﬁt

640 538 867 597 nepotes
891 543 1018 584 suos
1044 529 1282 586 enutrirc
1306 532 1408 588 sibi
1429 534 1632 591 liceret.
1671 552 1691 587 ι
1741 534 1867 587 Hac
1896 546 1961 587 co
1987 532 2220 595 dicente,
2250 535 2304 594 Α
2324 535 2517 591 eodem
2546 534 2743 591 Missali
2784 536 2959 607 locum
2986 537 3168 602 habet,
3212 539 3355 610 quod
3398 542 3627 612 unitatis
3652 542 3921 605 Gothico-

612 625 814 678 -omnis
857 624 1081 693 populus
1111 626 1407 681 orationem
1449 642 1546 696 pro
1580 642 1707 697 rege
1754 626 1891 681 fodit
1932 626 1999 681 ad
2046 626 2229 685 Domi-

640 732 794 771 nam.
829 735 849 768 ι
883 716 1157 787 Nusquam
1206 716 1516 790 Gregorius,
1555 735 1661 788 quo
1682 720 1860 774 missae
1882 728 2121 785 tempore
2152 719 2232 775 ill—

610 809 839 862 .dictnm
871 811 941 864 sit
980 810 1290 877 silentium,
1323 814 1526 868 diserte
1572 814 1761 877 tradit;
1812 821 1868 869 at
1918 813 1975 866 in
2012 810 2228 875 ,Μίδειιί

638 903 971 958 Mozarabico
994 908 1360 977 pratscribitur
1390 910 1493 978 22
1524 915 1647 961 ante
1680 906 1972 975 Epistulam
2002 903 2085 958 itis
2110 919 2230 960 ver-

636 996 719 1050 bis
756 1017 767 1049 :
804 997 1076 1054 Silentium
1122 1002 1290 1069 facile.
1340 1001 1495 1067 Quod
1544 1000 1779 1057 ofﬁcium
1824 1001 2052 1055 diacono
2100 1008 2225 1055 ante

638 1090 983 1159 Evangt-lium
1015 1093 1262 1147 tribuitur
1288 1108 1317 1147 a
1353 1094 1512 1149 Beato
1541 1095 1737 1149 abbate
1775 1095 1827 1148 in
1860 1095 1952 1149 lib.
1984 1108 2002 1148 ι
2036 1109 2050 1149 :
2082 1110 2101 1151 t
2136 1092 2226 1149 Sic

639 1197 758 1235 cum
784 1183 1123 1248 Evangelium
1146 1200 1175 1237 a
1202 1186 1353 1239 levita
1384 1202 1545 1254 super
1571 1186 1740 1241 altare
1762 1187 1987 1250 levatur,
2009 1199 2038 1239 a
2069 1186 2225 1241 levita

642 1276 868 1343 primum
892 1277 1083 1331 dicitur
1113 1295 1124 1331 :
1159 1278 1296 1331 Laus
1321 1279 1444 1342 tibi;
1485 1291 1537 1334 et
1564 1280 1631 1334 ab
1660 1280 1909 1333 omnibus
1933 1278 2225 1346 reponde-

641 1378 763 1424 tur:
794 1369 930 1423 Laus
952 1371 1060 1435 tibi,
1094 1370 1309 1425 Domine
1336 1370 1463 1425 Jesu
1492 1370 1719 1439 Christe,
1766 1371 1877 1426 Rea:
1899 1382 2101 1426 ceterum
2120 1372 2231 1441 gls-

634 1464 747 1516 riw.
806 1463 1149 1519 Prmcedente
1202 1464 1543 1533 Evangelium
1594 1479 1875 1519 cercurum
1928 1464 2221 1527 lumine,...

639 1563 762 1609 tunc
795 1574 814 1607 ι
849 1556 1130 1610 Silentium
1179 1557 1429 1611 omnibus
1460 1557 1724 1625 imperat,
1754 1564 1808 1609 et
1837 1555 1968 1609 dicit
2000 1572 2012 1607 :
2050 1554 2222 1608 Lectio

635 1648 798 1701 sancti
827 1647 1090 1717 Evangelii
1134 1650 1414 1703 semiudum
1448 1648 1752 1702 Munitorum
1774 1692 1787 1717 ,
1820 1657 1912 1701 aut
1940 1646 2230 1715 quemlibet

634 1754 700 1794 es
729 1741 919 1793 tribus.
964 1740 1335 1810 Respondetur
1367 1742 1435 1795 ab
1454 1742 1599 1795 omni
1632 1740 1825 1809 populo
1853 1757 1866 1793 ε
1907 1737 2087 1793 Gloria
2116 1738 2227 1803 tibi,

641 1831 879 1887 Domine.
910 1852 929 1885 s
968 1834 1310 1903 Prosequitur
1356 1835 1655 1889 diaconus:
1695 1853 1715 1886 t
1765 1833 1829 1891 In
1859 1833 1950 1887 illo
1996 1842 2224 1900 tempore

2334 627 2650 695 gallicanum
2680 628 2956 697 appellare
2982 629 3131 691 licet.

2358 764 2361 767 η
2405 740 2492 795 14.
2525 741 2693 797 Porro
2721 743 2905 798 Galliae
2948 744 3309 800 Narbonensis
3359 746 3615 801 ecclesias
3669 748 3919 804 eandem

2332 832 2491 886 ritum
2533 835 2585 888 in
2630 836 2797 889 sacris
2847 846 3006 906 atque
3048 836 3360 903 Hispanicae
3417 838 3727 894 adhibuisse
3778 850 3925 909 patet

2333 939 2398 979 ex
2452 926 2657 979 concilii
2714 942 2764 981 tv
2818 926 3057 983 Toletani
3112 943 3319 984 canone
3348 929 3449 995 ιιι,
3499 946 3606 1001 quo
3657 934 3917 986 stawitlr

2332 1025 2389 1069 ut
2416 1018 2531 1087 pari
2562 1018 2715 1071 modo
2747 1018 2918 1073 Gallia
2948 1019 3298 1091 Hispaniaque
3322 1022 3553 1076 celebret.
3587 1021 3699 1079 Nec
3726 1023 3927 1078 admit-

2331 1109 2487 1161 tenda
2515 1118 2597 1164 est
2625 1112 2907 1175 correctio,
2937 1127 3057 1181 quae
3083 1114 3149 1165 ad
3175 1128 3324 1171 oram
3350 1113 3610 1169 librorum
3640 1115 3917 1171 editor-at

2332 1202 2635 1269 apponitur,
2668 1202 2756 1256 ubi
2786 1218 2883 1271 pro
2909 1202 3080 1258 Gallia
3112 1203 3218 1271 hic,
3248 1216 3407 1275 atque
3432 1206 3594 1261 etiam
3624 1207 3679 1262 in
3709 1223 3922 1264 cum

2333 1298 2597 1366 sequenti,
2621 1296 2845 1352 Gallicis
2872 1300 3104 1368 ponitur.
3136 1300 3287 1357 Hunc
3311 1302 3510 1371 quippe
3536 1301 3711 1357 locum
3742 1303 3825 1357 ita
3854 1304 3929 1359 le-

2331 1389 2407 1457 git
2433 1389 2606 1442 Berno
2645 1389 2809 1444 abbas
2850 1390 3130 1459 Augiensis
3159 1406 3276 1458 cap.
3304 1391 3358 1455 9,
3384 1392 3474 1446 ubi
3504 1392 3687 1447 Gallos
3718 1401 3780 1447 et
3830 1392 3923 1455 ﬂi-

2332 1492 2528 1547 spanos
2556 1481 2608 1532 in
2632 1482 2903 1535 missorum
2930 1497 3139 1537 suarum
3180 1484 3465 1537 celebritate
3493 1500 3521 1537 a
3551 1484 3804 1539 Romano
3832 1500 3928 1539 usa

2331 1571 2577 1628 similiter
2619 1574 2910 1630 recessisse
2939 1574 3157 1630 fatetur.
3198 1576 3357 1645 Atqui
3402 1591 3510 1631 non
3539 1577 3712 1633 solum
3745 1577 3921 1635 Gallis

2333 1663 2714 1731 Narbonensis,
2741 1664 2834 1720 sed
2856 1666 3015 1721 etiam
3042 1667 3161 1721 alia:
3188 1666 3295 1739 24
3314 1666 3606 1723 Gallinam
3630 1668 3923 1737 provinciae

2331 1759 2386 1814 in
2410 1759 2599 1815 eodem
2630 1761 2733 1815 ritu
2758 1762 3183 1827 conveniebant,
3217 1770 3273 1816 ιιι
3298 1776 3364 1816 ea
3389 1761 3500 1831 jam
3530 1762 3692 1821 dictis
3718 1761 3927 1831 colligi-

2336 1855 2835 1925 tur,constabitque
2878 1856 3107 1925 amplius
3139 1871 3205 1911 ex
3248 1856 3333 1921 iis,
3385 1870 3507 1927 qua)
3552 1870 3614 1910 ea
3662 1852 3927 1925 Gregorio

639 1923 891 1980 Dominus
940 1938 1107 1982 noster
1140 1926 1289 1982 Jesus
1314 1928 1545 1983 Christus
1575 1928 1876 1995 ambulavit,
1901 1936 2006 1981 etc.
2042 1947 2057 1976 ι
2091 1926 2227 1983 Hinc
2260 1924 2304 1984 Β
2331 1945 2632 2002 Tumnensl
2656 1923 2912 2016 episcopo
2945 1923 3128 2015 postea
3152 1923 3472 2003 referemus.

635 2015 925 2087 colligitur,
958 2020 1224 2075 silentium
1260 2036 1363 2076 non
1397 2021 1557 2076 modo
1596 2031 1719 2077 ante
1753 2021 2081 2090 Epistulam.
2131 2019 2225 2073 sed

636 2110 798 2164 etiam
826 2119 951 2166 ante
982 2112 1326 2183 Evangelium
1376 2115 1685 2183 impositum
1729 2113 1919 2169 fuisse.
1972 2112 2089 2179 Quo
2120 2109 2227 2166 l‘or-

636 2211 782 2259 tasse
811 2203 1026 2271 respicit
1053 2205 1291 2261 Nicetius
1328 2207 1613 2275 episcopus
1655 2206 1709 2261 in
1738 2206 1844 2261 line
1882 2214 2138 2260 tractatus
2158 2202 2227 2258 de

636 2295 944 2364 psaltstttdize
975 2296 1145 2361 Bono,
1176 2298 1442 2369 Spicilegii
1476 2306 1621 2351 tumo
1651 2298 1735 2351 ιιι.
1767 2314 1786 2350 t
1832 2296 1954 2350 Ideo
1997 2296 2141 2354 enim
2171 2303 2229 2350 et

634 2386 889 2443 diaconus
912 2389 1055 2443 clara
1094 2404 1225 2443 voce
1254 2389 1307 2442 in
1336 2388 1497 2443 domo
1530 2390 1622 2443 Dei
1651 2388 1821 2443 sancti
1850 2387 2111 2457 praconii
2132 2386 2230 2443 ad-

638 2485 819 2531 mouet
846 2488 1088 2544 cunctos,
1131 2491 1186 2532 ut
1213 2480 1325 2534 sive
1353 2480 1575 2542 orando,
1603 2481 1718 2534 sive
1748 2478 1801 2533 in
1828 2478 2105 2534 ﬂectendis
2131 2492 2225 2545 ge-

636 2566 814 2630 nibus,
845 2568 959 2624 sive
987 2568 1038 2624 in
1071 2570 1342 2636 psallendo
1366 2609 1381 2633 ,
1411 2570 1525 2628 sive
1567 2570 1618 2625 in
1646 2569 1964 2631 lectionibus
1992 2569 2224 2626 sollicite

640 2657 944 2723 audiendis,
976 2659 1153 2716 unitas
1179 2670 1420 2716 servetur
1447 2661 1515 2719 ab
1542 2661 1813 2717 omnibus.
1846 2679 1866 2715 ι

714 2789 797 2867 12.
825 2790 915 2845 llis
932 2802 1166 2862 quatuor
1194 2793 1403 2848 indiciis
1428 2796 1749 2861 prtemissis,
1774 2794 1914 2850 idem
1938 2794 2228 2851 cardinalis

638 2880 780 2935 Bona
813 2883 918 2937 duo
942 2884 1119 2939 laudat
1144 2886 1530 2963 Missalia,qu:e
1545 2888 1817 2942 Gallicana
1850 2897 1997 2957 putat
2024 2906 2036 2943 :
2063 2906 2226 2944 unum

637 2988 701 3027 ex
734 2975 1049 3031 bibliotheca
1081 2976 1210 3031 olim
1262 2974 1565 3041 Petaviana,
1599 2994 1737 3034 nunc
1768 2982 1964 3049 regina:
1989 2979 2217 3046 Sueciat,

638 3067 828 3123 litteris
858 3068 1163 3149 majusculis
1194 3086 1287 3127 seu
1328 3072 1602 3142 quadratis
1632 3084 1756 3128 ante
1780 3089 1951 3128 annos
1974 3089 2221 3143 nongen-

638 3169 720 3215 tos
743 3162 994 3230 scriptum
1022 3180 1034 3216 :
1066 3163 1287 3217 alterum
1320 3179 1383 3217 ex
1410 3164 1727 3219 bibliotheca
1763 3164 2011 3220 Vaticana
2058 3165 2212 3218 Pala-

638 3253 744 3305 tina
775 3271 787 3306 :
818 3255 972 3307 ambo
1002 3256 1079 3323 (ut
1109 3256 1319 3324 quidem
1365 3257 1615 3327 coniicio)
1658 3272 1721 3311 ex
1745 3258 2062 3312 bibliotheca
2094 3256 2229 3311 Flo-

641 3342 888 3407 riacensi,
920 3346 1069 3413 cujus
1096 3362 1217 3414 pars
1249 3348 1559 3417 Bongarsio,
1589 3347 1779 3403 deinde
1810 3349 2048 3404 Palatino
2079 3350 2225 3416 priu-

642 3433 775 3503 cipi;
806 3451 926 3504 pars
947 3437 1159 3492 Petavio
1185 3440 1453 3508 quondam
1483 3451 1628 3495 sorte
1656 3442 1840 3505 cessit,
1867 3441 1940 3495 uti
1965 3442 2097 3494 alias
2127 3456 2224 3494 ex-

638 3540 919 3594 ponemus.
948 3529 1058 3583 Dno
1089 3531 1201 3583 haec
1234 3530 1485 3597 Missalia,
1516 3546 1740 3597 quorum
1774 3532 2063 3598 specitnina
2090 3532 2227 3586 idem

640 3620 924 3675 cardinalis
972 3622 1167 3677 ibidem
1200 3623 1468 3687 exhibuit,
1500 3624 1766 3699 Josephus
1796 3623 2112 3677 Thomasius
2143 3626 2226 3677 in-

640 3721 804 3779 tegra,
839 3724 991 3782 prout
1021 3716 1074 3769 in
1107 3716 1319 3785 scriptis
1342 3716 1627 3771 Codicibus
1650 3718 1933 3783 habentur,
1967 3717 2231 3773 Romanis

641 3808 778 3875 typis
810 3808 1042 3876 vulgavit
1068 3824 1208 3863 anno
1235 3809 1403 3874 1680,
1438 3825 1609 3880 eaque
1631 3809 1696 3864 ad
1724 3818 1961 3865 veterem
1996 3808 2227 3866 Gallica-

642 3915 766 3951 num
799 3900 1051 3954 Ordinem
1093 3902 1362 3970 pertinere
1389 3903 1800 3959 demonstravit.

710 4033 919 4105 3315.
936 4036 1314 4105 Argumentum
1332 4036 1446 4106 ejus
1463 4046 1739 4104 nnumest,
1753 4035 1893 4111 quod
1912 4036 2141 4115 primum
2162 4052 2231 4103 ex

592 4180 597 4183 .
639 4128 745 4197 illis
772 4128 1072 4185 Missalibus
1098 4129 1371 4199 complura
1395 4127 1583 4191 Gallia:
1610 4138 1913 4193 sanctorum
1936 4129 2073 4187 testa
2102 4144 2231 4203 cou-

640 4222 832 4289 tineat,
874 4221 1118 4289 videlicet
1144 4223 1313 4287 sancti
1366 4223 1637 4289 Saturnini
1686 4221 1925 4293 episc0pi
1974 4221 2229 4276 Tolosani

639 4322 694 4369 et
720 4314 991 4384 martyris,
1039 4324 1344 4381 sanctorum
1391 4314 1628 4387 Ferreoli
1666 4313 1968 4389 Presbyteri
2014 4323 2068 4375 et
2102 4313 2223 4368 Fer-

639 4408 861 4473 rtttionis
904 4406 1116 4471 diaconi
1157 4417 1451 4480 martyrum
1504 4409 2028 4479 Vesontionensium,
2058 4408 2230 4487 sancti

638 4497 1016 4570 Sympltoriani
1056 4500 1306 4572 martyris
1348 4500 1867 4577 Augustodpnensis,
1919 4509 2221 4567 sanctorum

640 4590 877 4661 usuricii
906 4605 954 4667 et
988 4593 1253 4663 sociorum
1283 4605 1575 4667 martyrum
1603 4578 2023 4664 Agaunensium,
2056 4595 2227 4653 sancti

2407 2056 2493 2111 l5.
2531 2058 2769 2111 Alterum
2800 2074 2868 2113 ex
2922 2057 3223 2114 Missalibus
3268 2058 3641 2114 Thomaslanis
3692 2056 3928 2113 Franco-

2330 2164 2447 2203 rum
2478 2151 2795 2218 appellatur,
2827 2151 2967 2222 quod
3001 2152 3219 2207 missam
3266 2167 3362 2221 pro
3416 2167 3543 2223 rege
3589 2152 3921 2207 Francorum

2330 2239 2615 2305 esltibeat,
2644 2241 2717 2295 uti
2742 2250 2796 2297 et
2832 2242 3052 2297 missam
3096 2244 3164 2299 de
3208 2253 3394 2298 sancto
3443 2244 3799 2313 Leodcgario,
3858 2256 3918 2299 ac

2330 2332 2656 2401 [legationes
2685 2346 2808 2392 ante
2840 2339 3245 2394 Ascensionem.
3273 2339 3534 2395 Euntdetn
3559 2349 3737 2394 autem
3762 2342 3927 2394 ritum

2332 2429 2589 2492 continet,
2628 2437 2788 2498 atque
2818 2431 3125 2498 prasdictutn
3153 2430 3724 2501 Gotlticogallicanum.

2412 2536 2493 2592 16.
2527 2539 2618 2595 His
2649 2540 2855 2599 duobus
2878 2543 3178 2598 Missalibus
3209 2543 3424 2598 tertium
3457 2543 3652 2627 adjecit
3682 2544 3921 2609 Thoma-

2332 2631 2443 2687 sius
2466 2646 2529 2685 ex
2562 2632 2762 2688 Codice
2791 2635 2919 2688 olim
2954 2635 3261 2701 Pctaviano,
3293 2651 3448 2709 quem
3480 2636 3659 2690 laudat
3688 2635 3928 2693 Joannes

2335 2721 2572 2776 Marinus
2604 2723 2654 2777 in
2686 2725 2820 2778 libro
2848 2724 2916 2780 de
2947 2726 3113 2779 sacris
3144 2726 3601 2791 Ordinationibus,
3634 2739 3927 2797 censetque

2337 2813 2593 2882 scriptum
2623 2825 2747 2870 ante
2792 2832 2989 2871 annum
3022 2817 3124 2872 560
3156 2820 3205 2872 in
3236 2832 3341 2886 quo
3374 2818 3596 2873 habetur
3650 2821 3812 2872 missa
3866 2819 3929 2875 de

2336 2916 2519 2960 sancto
2562 2904 2797 2973 Hilario,
2832 2908 3065 2977 itemque
3111 2910 3213 2963 alia
3263 2910 3329 2962 de
3380 2909 3782 2979 Bogationibus.
3820 2909 3929 2966 Hoc

2336 2997 2547 3054 Missale
2594 2998 2916 3055 Thomasius
2970 3000 3304 3057 Gallicanum
3358 3012 3510 3058 vetns
3562 3002 3820 3071 appellat.
3875 3002 3925 3057 ln

2335 3088 2533 3143 Missali
2583 3094 2771 3159 primo,
2809 3093 2856 3158 id
2884 3104 2964 3147 cst
2994 3096 3045 3147 in
3073 3094 3301 3149 Gothico
3329 3110 3488 3163 purus
3517 3093 3662 3149 Ordo
3692 3093 3923 3149 Gallica-

2338 3198 2468 3246 nus;
2502 3184 2550 3238 in
2583 3185 2819 3239 secundo
2850 3196 2905 3241 et
2934 3188 3091 3257 tertio
3131 3187 3373 3242 nonnihil
3403 3187 3691 3243 admistum
3726 3202 3791 3243 ex
3826 3190 3929 3243 Ro-

2258 3302 2305 3370 C
2338 3291 2495 3330 manu
2517 3321 2530 3344 ,
2580 3278 2652 3331 uti
2686 3278 2853 3349 fusius
2886 3295 3214 3347 exponemus
3245 3280 3397 3335 initio
3429 3281 3548 3335 libri
3576 3297 3659 3357 nt,
3692 3283 3782 3338 ubi
3830 3282 3929 3338 tria

2337 3368 2449 3423 haec
2477 3368 2703 3423 Missulia
2731 3371 2931 3439 integra
2958 3370 3275 3426 referemus.

2407 3480 2491 3533 l7.
2522 3480 2576 3533 ln
2610 3481 2690 3534 his
2715 3481 3014 3553 Missalibus
3034 3482 3322 3549 Gallicanis
3351 3484 3586 3539 occurrit
3612 3484 3783 3559 primo
3804 3484 3921 3540 loco

2334 3572 2599 3641 Praefatio,
2634 3591 2751 3646 quae
2780 3586 2860 3649 est
2892 3578 3056 3647 prima
3092 3576 3339 3648 Liturgite
3369 3592 3510 3648 pars,
3540 3576 3700 3632 veluti
3731 3576 3920 3633 adhor-

2335 3666 2462 3731 tatio
2491 3668 2556 3721 ad
2590 3669 2879 3741 populum;
2916 3669 3315 3749 respondetque
3361 3669 3587 3739 orationi
3640 3671 3749 3736 illi,
3776 3670 3923 3741 cujus

2334 3760 2574 3831 meminit
2604 3760 2797 3833 Beatus
2827 3761 2992 3835 abbas
3026 3762 3291 3839 Hispanus
3319 3762 3493 3832 agens
3513 3762 3581 3816 de
3610 3762 3774 3841 missa
3806 3761 3918 3817 Mo-

2332 3854 2582 3919 zarabuut
2613 3851 2695 3905 bis
2717 3852 2897 3923 verbis
2926 3853 3171 3921 superius
3220 3854 3403 3929 relatis
3429 3873 3443 3909 :
3473 3872 3491 3903 t
3536 3852 3712 3908 Prima
3757 3855 3921 3907 oratio

2331 3939 2574 4010 ejusdem
2610 3940 2782 3995 Missa:
2812 3944 3247 4015 commonitionis
3277 3959 3401 4015 erga
3450 3945 3703 4033 populum
3737 3955 3843 4019 est,
3869 3954 3921 3999 ut

2332 4046 2520 4097 omnes
2547 4033 2845 4105 excitentur
2886 4032 2948 4087 ad
2981 4035 3311 4093 exorandum
3346 4035 3535 4089 Deum.
3575 4052 3593 4087 ι
3634 4035 3841 4090 Deinde
3868 4034 3915 4090 in

2334 4125 2439 4179 illis
2479 4125 2779 4187 Missalibus
2810 4127 3053 4197 sequitur
3081 4127 3360 4203 Collectio,
3395 4144 3499 4205 quo
3544 4130 3762 4195 nomine
3812 4145 3923 4185 ora.

2334 4216 2508 4273 tiones
2535 4216 2707 4279 Missa:
2739 4217 3075 4293 appellantur
3119 4218 3170 4273 in
3202 4206 3419 4274 concilii
3465 4222 3793 4291 Agathcnsis
3839 4238 3918 4287 ca-

2337 4322 2477 4377 none
2507 4306 2597 4363 50.
2631 4307 2812 4366 Tertio
2841 4308 2958 4361 loco
2989 4310 3227 4371 succedit
3252 4310 3508 4365 Collectio
3538 4311 3662 4365 Post
3687 4314 3919 4378 nomina,

2333 4398 2533 4453 scilicet
2566 4397 2923 4463 niterentium,
2954 4407 3008 4453 et
3052 4410 3379 4454 sanctorum.
3429 4400 3629 4465 Quarto
3683 4400 3923 4469 Collectis

2336 4490 2413 4541 Ad
2441 4507 2638 4569 pacem.
2671 4491 2801 4560 Quae
2833 4490 2950 4544 dua:
2982 4493 3253 4546 orationes
3287 4492 3469 4545 itidem
3502 4492 3553 4545 in
3586 4478 3920 4547 Mozarabico

2337 4583 2476 4635 hunc
2509 4582 2681 4635 locum
2714 4590 2995 4649 occupant.
3029 4580 3247 4648 Quinto,
3275 4579 3630 4646 Conteslatio,
3662 4583 3797 4637 alias
3826 4584 3923 4637 lm-

641 4657 950 4755 Leodegarii
996 4657 1229 4756 episcopi
1258 4657 1566 4763 Edtte'nsis,
1600 4657 1852 4751 et—sancti
1883 4657 2089 4740 Martini
2117 4684 2223 4749 Tu-
2256 4692 2311 4754 ι)
2335 4677 2549 4745 molatio
2577 4676 2773 4741 missae,
2805 4657 2877 4739 et,
2927 4683 2983 4728 ut
3011 4674 3147 4743 apud
3177 4673 3482 4747 Mozarabes
3507 4716 3520 4741 ,
3552 4672 3743 4737 lllatio,
3780 4677 3926 4731 nobis

637 4776 903 4847 rottensis.
959 4776 1162 4850 Deinde
1204 4780 1344 4846 quod
1406 4778 1668 4853 triduana:
1718 4776 2041 4847 negationes
2104 4786 2227 4835 ante

638 4870 1018 4933 escensiones-1
1053 4874 1104 4944 ip
1135 4871 1321 4935 eodem
1352 4870 1545 4927 Missali
1576 4885 1642 4929 ex
1664 4869 1940 4925 Gallicano
1964 4869 2064 4923 ritu
2090 4884 2228 4936 prae-

638 4962 851 5030 SCripta:
880 4965 1007 5033 sint.
1043 4964 1263 5029 Accedit
1288 4964 1430 5035 quod
1475 4962 1670 5021 ibidem
1719 4963 2080 5035 Collectiones
2127 4978 2221 5016 vos

639 5036 829 5111 cantur
855 5056 1123 5129 orationes
1168 5057 1339 5109 Μίδεω
1372 5071 1386 5111 :
1418 5071 1524 5125 quo
1556 5057 1771 5119 nomine
1800 5055 2139 5125 appellantur
2173 5056 2224 5108 in

640 5146 851 5199 concilii
886 5146 1200 5215 Agatltensis
1226 5160 1429 5201 canone
1459 5145 1548 5211 50,
1580 5156 1634 5200 et
1660 5145 1799 5233 quod
1848 5145 2089 5215 Symboli
2122 5153 2227 5197 tra-

637 5239 769 5313 ditio
796 5240 889 5313 ﬁat
918 5240 970 5303 in
1004 5240 1274 5309 Dominica
1305 5240 1606 5313 Palmarum
1633 5260 1645 5296 :
1669 5243 1809 5312 quod
1844 5252 1959 5305 ante
1985 5252 2095 5294 octo
2120 5242 2224 5294 dies

640 5332 910 5403 dominica:
942 5333 1346 5399 Resurreclionis
1375 5337 1573 5405 publice
1606 5337 1655 5389 iit
1687 5335 1900 5407 ecclesia
1931 5346 2228 5404 competen-

641 5425 771 5493 tibus
802 5427 933 5495 tradi
971 5429 1145 5497 sancit
1192 5430 1329 5483 idem
1380 5430 1662 5495 concilium
1712 5443 1915 5483 canone
1959 5428 2044 5482 l5.
2098 5427 2229 5481 Illud

642 5527 820 5589 autem
852 5518 1063 5592 Missale
1091 5519 1372 5595 Gothicum
1408 5538 1564 5591 manu
1601 5520 1883 5574 recentiori
1916 5520 2225 5573 inscribitur

645 5611 694 5665 in
723 5610 916 5667 Codice
945 5615 1274 5685 perantiqno,
1308 5623 1587 5699 propterea
1618 5613 1756 5699 quod
1790 5612 1947 5665 fuerit
1976 5612 2040 5664 ad
2072 5626 2224 5665 usum

644 5704 937 5777 Gallorum,
971 5706 1058 5777 qui
1088 5696 1434 5775 versabo-niur
1463 5706 1513 5757 in
1544 5696 1709 5757 Gallia
1743 5703 2089 5763 Narbonensi,
2115 5702 2223 5757 Go-

645 5798 852 5865 thorum
884 5786 1048 5883 regno
1095 5796 1221 5851 olim
1273 5797 1531 5877 subiecta.
1589 5794 1736 5850 Unde
1784 5797 1972 5849 festum
2025 5802 2225 5849 sancta:

645 5886 863 5943 Eulaliae
904 5886 1126 5957 virginis
1157 5896 1209 5940 et
1240 5888 1490 5958 martyris
1522 5888 1842 5944 Lusitanicae
1895 5888 2116 5943 illustris
2169 5888 2226 5943 in

2336 4767 2493 4839 modo
2518 4767 2782 4832 Praefatio,
2816 4766 2867 4821 in
2892 4782 2991 4838 qua
3027 4766 3210 4841 ﬁdeles
3237 4781 3437 4837 sursum
3460 4767 3618 4819 corda
3638 4780 3698 4821 se
3726 4765 3924 4824 habere

2334 4868 2723 4916 contestantur.
2910 4852 3099 4911 Postea
3151 4866 3445 4926 sequuntur
3486 4856 3605 4911 alia:
3634 4858 3927 4915 Coilectio-

2333 4970 2429 5029 pes
2461 4955 2585 5029 Post
2616 4942 2864 5016 Sanctus,
2899 4950 3024 5007 Post
3054 4951 3397 5039 mysterium,
3431 4951 3480 5004 id
3530 4962 3611 5007 est
3638 4966 3926 5029 consecra-

2337 5049 2569 5131 tionem,
2604 5048 2740 5105 Ante
2785 5056 2838 5127 et
2888 5047 3013 5099 Post
3056 5045 3383 5099 Dominicam
3429 5045 3753 5111 orationem,
3807 5048 3931 5101 Post

2341 5138 2726 5195 Eucharistiam
2759 5153 2851 5191 seu
2880 5138 3339 5201 communionem,
3374 5149 3424 5191 et
3454 5135 3573 5191 alia:
3603 5139 3833 5197 similes.
3868 5138 3923 5194 In

2334 5232 2440 5286 illis
2472 5243 2644 5285 autem
2670 5228 2969 5284 Missalibns
3006 5229 3201 5282 desunt
3222 5228 3482 5283 lectiones
3528 5236 3638 5282 tum
3691 5245 3756 5283 ex
3806 5246 3929 5299 pro-

2338 5322 2511 5393 phetis
2535 5331 2589 5377 et
2620 5338 2683 5374 ex
2732 5320 3019 5389 Apostolo,
3056 5329 3166 5373 tum
3198 5335 3261 5375 ex
3294 5319 3615 5390 Evangelia;
3647 5335 3752 5376 nec
3783 5324 3928 5391 quis-

2338 5429 2492 5483 quam
2535 5426 2625 5466 cas
2651 5410 2876 5465 antehac
2904 5411 3141 5478 reperire
3176 5409 3362 5476 potuit.
3406 5407 3515 5473 Has
3539 5424 3666 5463 vero
3691 5410 3807 5481 jam
3835 5412 3925 5466 de-

2339 5520 2481 5559 mum
2509 5504 2645 5558 felici
2670 5517 2795 5557 casu
2828 5516 2995 5570 nuper
3018 5501 3319 5567 invenimus
3344 5501 3399 5553 in
3419 5502 3715 5556 vetarrimo
3739 5503 3927 5560 codice

2338 5596 2645 5651 monasterii
2679 5594 3049 5656 Lnsoviensis,
3085 5591 3274 5646 litteris
3329 5593 3745 5661 Francogallicis
3796 5605 3920 5655 ante

2335 5708 2501 5747 annos
2533 5692 2676 5745 mille
2705 5698 2946 5752 exarato,
2994 5687 3062 5741 de
3088 5700 3197 5756 quo
3238 5695 3417 5753 postea
3446 5685 3739 5745 dicendum
3790 5688 3930 5746 ube-

2278 5792 2281 5795 ’
2329 5789 2460 5843 rius.
2497 5786 2763 5840 Hactenus
2795 5781 3083 5836 Missalium
3127 5781 3525 5835 Gallicanorum
3568 5789 3753 5851 partes
3805 5794 3922 5851 qua

2333 5882 2552 5936 omnino
2584 5894 2705 5933 cum
2734 5875 3084 5932 Mozarabicis
3109 5874 3456 5931 conveniunt.
