4108 6352
271 448 381 525 uti

880 558 1104 635 CAPUT
1143 560 1232 631 W-

252 683 548 741 Gauim
594 678 839 747 “turgidi
882 692 995 729 cum
1035 674 1151 728 aliis
1196 670 1693 747 Latimkusasints
1735 684 1855 747 essm

336 750 666 825 μοιαναρίςρ
686 741 1023 825 comparatis.
1066 747 1146 815 An
1203 742 1529 813 Μοιαταὸἱω
1571 741 1852 814 antiquior.

341 806 563 901 Edidit};
594 806 879 878 Gallicana:
907 810 1158 872 auctores.

344 939 397 1015 ᾖ,
430 936 541 1015 Etsi
568 935 619 991 in
649 933 920 990 Gallicana
946 933 1050 988 ritu
1077 932 1279 991 eadem
1301 930 1520 997 omnino
1548 939 1726 1003 partes
1748 930 1857 997 sint

256 1033 511 1109 atquein
543 1029 896 1109 Mazarabico,
939 1027 1042 1083 alia
1100 1036 1278 1083 tamen
1332 1034 1416 1081 est
1468 1025 1522 1081 in
1554 1016 1855 1099 Gallicana

261 1106 655 1205 pellectionum
678 1106 1017 1201 compositio,
1048 1122 1173 1175 item
1205 1120 1320 1174 alirc
1351 1118 1547 1193 passim
1575 1115 1857 1173 Lectiones

263 1232 334 1299 es
376 1216 559 1289 Veteri
606 1230 667 1270 ac
715 1212 863 1269 Novo
893 1213 1257 1287 Testamenta,
1308 1220 1467 1282 atque
1510 1211 1672 1277 etiam
1720 1208 1858 1262 alius

238 1300 437 1394 dispare
464 1310 692 1385 actionis
717 1308 924 1376 Canan,
951 1312 1041 1387 qui
1071 1309 1123 1367 in
1148 1308 1415 1379 plerisque
1444 1304 1623 1381 missis
1653 1302 1857 1358 utrobi-

262 1392 373 1479 que
399 1404 641 1477 diversus
667 1412 768 1477 est.
801 1392 995 1477 Verum
1028 1401 1185 1475 longe
1215 1400 1386 1475 majus
1431 1409 1544 1475 erat
1592 1395 1852 1465 Gallicani

262 1493 485 1571 Ordinis
511 1495 796 1569 discrimen
830 1511 857 1567 ξ
888 1496 1118 1549 caeteris.

338 1587 396 1663 2.
420 1587 598 1661 Primo
643 1587 694 1642 in
723 1585 999 1659 Gallicana
1030 1584 1311 1641 Lectiones
1343 1581 1540 1651 passim
1575 1580 1691 1635 dum
1734 1590 1859 1663 ante

265 1679 638 1751 Evangelium,
672 1689 730 1735 ut
754 1679 865 1753 jam
888 1678 1149 1749 diximus,
1166 1676 1657 1747 recitabantur,una
1676 1689 1739 1729 ex
1758 1662 1861 1729 Vc-

264 1777 370 1849 teri
395 1754 763 1850 Testamento,
788 1771 955 1843 altera
985 1787 1049 1825 ex
1083 1769 1247 1823 Nova.
1284 1770 1350 1822 At
1396 1768 1449 1823 in
1483 1766 1724 1821 Romano
1752 1781 1854 1820 una

260 1879 471 1939 tantum
503 1867 686 1945 Lectio
717 1883 784 1923 ex
817 1866 1072 1939 Epistolis
1101 1864 1287 1931 Pauli,
1321 1872 1376 1917 ut
1422 1872 1567 1939 patet
1596 1878 1704 1916 non
1751 1871 1858 1917 tam

1208 443 1297 519 ac
1336 440 1671 519 Ltvuncta
1709 436 2099 517 GALLIGANA
2144 438 2351 517 Lmen
2388 438 2661 521 ramus.

3451 434 3558 499 126

1879 554 2137 627 Αιεοᾱει.
2192 555 2345 623 Quod
2396 572 2502 628 qua
2557 555 2860 627 occasione.
2912 571 3087 631 quove
3136 566 3378 629 tempore
3429 556 3549 614 neri

1955 658 2188 721 cteutum
2228 651 2316 725 sit,
2351 667 2417 709 ex
2446 652 2613 708 veteri
2646 651 2867 719 historia
2912 650 3346 723 Compostellana
3393 652 3554 708 docet

1956 742 2282 811 Ambrosius
2305 744 2555 815 Mortales.
2582 751 2638 813 et
2656 759 2719 805 ex
2738 759 2802 807 eo
2823 744 3085 817 Baronius
3108 745 3175 817 ad
3196 760 3395 818 annum
3418 744 3478 817 9t
3495 743 3551 799 8.

1956 841 2159 915 Nptppe
2207 857 2225 893 ι
2280 837 2635 911 Sisenandum
2691 838 3067 909 Cqmpostellae
3117 841 3429 914 episcopum
3478 838 3549 893 ad

1958 935 2215 1001 Joannem
2247 948 2433 1003 papam
2484 949 2538 995 ι,
2586 933 2677 1002 qui
2722 933 2877 1009 paulo
2925 941 3049 1001 ante
3089 934 3347 1005 Legatum
3392 947 3551 1002 suum

1956 1027 2374 1099 Campostellam
2402 1026 2467 1081 ad
2496 1026 2857 1095 venerandum
2905 1027 3077 1093 sancti
3121 1026 3306 1099 Jacobi
3358 1040 3558 1097 corpus

1958 1125 2259 1191 direxerat,
2294 1122 2513 1189 misisse
2540 1121 2799 1187 Joannem
2824 1121 3225 1193 Presbyterum,
3254 1132 3311 1187 ut
3354 1124 3553 1187 Buma-

1960 1235 2059 1280 nos
2089 1219 2222 1277 ritus
2248 1217 2577 1286 exploraret,
2623 1224 2675 1277 et
2700 1230 2825 1273 cum
2868 1215 3214 1281 Mazarabicis
3259 1216 3558 1281 conferret.

1963 1315 2031 1370 Et
2054 1314 2314 1375 Joannem
2350 1310 2563 1380 quidem
2595 1310 2909 1373 observasse
2930 1349 2945 1374 .
2977 1311 3219 1379 quamvis
3247 1311 3412 1371 multa
3446 1311 3550 1366 ritu

1962 1410 2199 1478 diversa,
2240 1410 2293 1465 in
2326 1408 2474 1467 nullo
2525 1418 2703 1467 tamen
2753 1423 2817 1462 ea
2864 1408 3170 1476 discrepare
3218 1421 3250 1464 a
3295 1403 3560 1462 catholica

1963 1505 2207 1560 veritate.
2238 1503 2407 1571 Quam
2440 1501 2512 1563 ob
2550 1516 2665 1558 rem
2712 1500 3011 1559 Siscaando
3042 1502 3093 1556 in
3123 1500 3331 1570 synodo
3377 1501 3553 1554 visum

1961 1609 2107 1669 esse.
2136 1596 2351 1655 omissis
2398 1593 2616 1663 reliquis
2646 1602 2895 1662 tanquam
2943 1593 3156 1655 levioris
3185 1592 3469 1656 momenti,
3498 1600 3564 1647 ut

1959 1690 2254 1750 sacratiara
2284 1687 2370 1751 illa
2399 1687 2739 1758 potissimum
2782 1685 2966 1751 verba,
2994 1685 3188 1759 quibus
3216 1684 3558 1745 incruentum

1962 1784 2284 1847 sacriﬁcium
2310 1782 2602 1851 perﬁcitur,
2634 1780 2874 1841 Romano
2896 1780 2999 1835 ritu
3024 1780 3412 1848 proferrentur,
3441 1793 3564 1847 quae

1963 1876 2229 1946 aliquibus
2257 1876 2455 1933 additis
2482 1876 2560 1931 vel
2599 1874 2815 1935 mutatis
2843 1874 2915 1933 ita
2944 1873 2999 1937 in
3027 1873 3169 1933 dicto
3198 1872 3394 1931 Missali
3426 1873 3565 1948 scri-

259 1978 328 2035 ex
362 1962 491 2035 falsa
527 1962 735 2039 Damasi
766 1960 988 2051 epistola
1015 1957 1247 2013 secunda
1279 1956 1537 2011 decretali
1568 1954 1631 2007 ad
1668 1955 1860 2021 Hiero-
1886 1946 1937 2019 Β
1966 1981 2051 2039 pra
2102 1979 2283 2029 essent
2329 1987 2342 2024 ;
2378 1968 2494 2027 Hoc
2521 1979 2595 2025 est
2627 1984 2812 2039 corpus
2866 1984 3058 2033 meum,
3110 1968 3254 2037 quod
3310 1984 3406 2037 pro
3429 1946 3569 2021 vobis

258 2069 507 2131 nymum,
539 2068 699 2127 quam
748 2046 813 2107 ei
862 2050 1000 2105 libro
1047 2048 1308 2116 Comitis,
1358 2058 1412 2103 et
1458 2064 1523 2101 ex
1580 2046 1859 2103 Walafridi

261 2126 440 2203 Strabi
471 2126 592 2219 cap.
624 2145 715 2223 22,
748 2153 1105 2235 praeterquam
1136 2141 1187 2217 in
1219 2141 1390 2213 Natali
1417 2141 1623 2196 Domini
1656 2150 1710 2201 et
1739 2142 1860 2211 qui-

260 2238 485 2315 busdam
513 2239 631 2293 aliis
672 2237 881 2323 diebus,
926 2235 994 2309 de
1040 2234 1235 2306 quibus
1288 2234 1606 2307 Micrologus
1652 2235 1763 2323 26
1806 2235 1860 2291 in

259 2336 438 2405 capite
464 2334 551 2409 52.
585 2333 789 2411 Deinde
812 2316 1131 2407 in'Romano
1160 2344 1256 2391 seu
1289 2327 1574 2385 Gelasiano
1599 2329 1717 2385 aliae
1742 2316 1861 2385 om-

260 2430 394 2486 nino
417 2437 566 2503 erant
597 2436 794 2511 partes,
840 2424 981 2499 quod
1009 2440 1074 2480 ex
1104 2424 1368 2499 superiori
1395 2424 1675 2494 utriusque
1703 2439 1856 2485 cam-

259 2520 541 2603 paratiane
582 2515 927 2587 manifestum
957 2524 1059 2570 est.
1090 2513 1452 2585 Collectianes
1499 2516 1696 2599 quippe
1731 2515 1862 2570 Post

262 2610 507 2689 nomina,
530 2608 654 2663 Post
678 2621 883 2681 pacem,
915 2607 1052 2660 Ante
1077 2615 1124 2659 et
1159 2606 1285 2681 Post
1304 2605 1640 2677 mysterium,
1665 2606 1865 2661 desunt

262 2703 319 2779 in
350 2702 653 2779 Gelasiqna,
689 2701 739 2775 in
764 2714 869 2768 quo
899 2712 1113 2767 semper
1135 2698 1278 2754 idem
1308 2714 1474 2753 sacrze
1505 2700 1729 2755 actionis
1761 2701 1863 2755 Ca-

261 2776 396 2859 non,
427 2803 612 2849 contra
644 2776 803 2863 quam
834 2790 887 2844 in
920 2790 1214 2846 Gallicana.
1267 2789 1435 2846 Unica
1466 2792 1629 2845 etiam
1659 2799 1776 2845 erat
1804 2792 1856 2845 in

262 2887 519 2951 Africano
547 2868 728 2941 Lectio
758 2892 880 2938 ante
912 2883 1278 2953 Evangelium,
1308 2899 1373 2936 ex
1405 2883 1580 2937 dictis.
1636 2885 1864 2938 Ambro-

264 2982 451 3036 sianus
482 2993 640 3049 parra
668 2976 820 3042 ritus,
851 2977 950 3032 etsi
981 2975 1110 3030 duas
1142 2990 1265 3029 cum
1299 2973 1572 3029 Gallicana
1600 2986 1652 3029 et
1679 2976 1859 3030 Maza-

261 3072 450 3131 rabico
495 3072 760 3135 admittat,
798 3070 850 3124 in
878 3070 979 3124 hac
1011 3077 1186 3123 tamen
1224 3083 1254 3122 a
1284 3068 1619 3131 Mazarabica
1662 3067 1858 3133 differt,

264 3176 427 3234 atque
471 3162 559 3234 (ut
602 3162 813 3233 quidem
844 3161 952 3216 veri
986 3161 1321 3215 simillimum
1355 3163 1468 3226 cst)
1502 3175 1530 3213 a
1560 3159 1859 3224 Gallicana,

265 3256 409 3324 quod
441 3254 663 3310 Alleluia
697 3262 918 3308 canatur
947 3254 1000 3307 in
1052 3252 1407 3307 Ambrosiano
1456 3262 1578 3307 ante
1625 3252 1861 3321 Evange-

1967 2062 2223 2121 tradetur.
2252 2061 2318 2117 Et
2350 2079 2361 2114 :
2395 2059 2498 2119 Hic
2518 2069 2591 2117 est
2613 2060 2750 2127 satis:
2772 2060 2887 2117 nasi
2908 2057 3216 2120 Testamento
3242 2059 3297 2113 in
3316 2058 3568 2128 sanguine

1963 2171 2097 2221 meo,
2126 2155 2216 2225 qui
2243 2169 2335 2224 pro
2360 2154 2499 2209 vobis
2522 2161 2570 2206 et
2591 2168 2684 2223 pro
2708 2152 2880 2216 multis
2903 2150 3199 2219 mandetur
3227 2152 3282 2211 in
3301 2150 3564 2209 remissio-

1962 2264 2080 2313 nem
2108 2256 2453 2320 peccatorum.
2491 2264 2511 2307 ι
2546 2246 2619 2305 Ita
2647 2258 2779 2314 ergo
2810 2243 3126 2303 Mazarabici
3175 2245 3308 2301 ritus
3358 2252 3562 2300 mutata

1964 2351 2049 2405 est
2078 2342 2327 2407 formula,
2363 2340 2578 2397 caeteris
2606 2340 2920 2404 immutatis,
2949 2354 3069 2408 quae
3096 2353 3126 2393 a
3152 2337 3396 2393 Romano
3424 2337 3561 2391 mul-

1966 2448 2077 2496 tum
2107 2438 2433 2507 discrepant.
2469 2435 2559 2493 Sic
2589 2436 2748 2492 etiam
2801 2443 2953 2490 vetus
2988 2432 3354 2489 Ambrosiam
3386 2430 3566 2485 Litur-

1962 2532 2068 2601 giae
2116 2530 2345 2591 formula
2393 2528 2813 2586 consecrationis
2853 2526 2922 2581 ad
2970 2525 3262 2581 Romanam
3310 2524 3564 2590 accessit,

1963 2642 2085 2682 cum
2119 2627 2169 2680 in
2210 2624 2617 2681 consecratione
2661 2620 2938 2690 sanguinis
2984 2622 3100 2674 hac
3149 2625 3352 2673 tantum
3398 2617 3568 2673 verba

1965 2718 2093 2774 olim
2122 2716 2402 2789 eshiberet
2434 2733 2445 2769 :
2483 2714 2584 2769 llic
2610 2724 2681 2771 est
2701 2714 2836 2768 enim
2860 2711 3070 2779 sanguis
3095 2726 3255 2764 meus.

2038 2808 2093 2865 4.
2127 2810 2209 2865 An
2241 2808 2551 2865 Gallicanus
2595 2804 2727 2861 ordo
2760 2803 3149 2863 Mozarabicum
3196 2800 3562 2871 praecesserit,

1966 2901 2122 2970 eique
2154 2900 2377 2961 turmam
2408 2908 2460 2953 et
2487 2897 2791 2967 exemplum
2837 2895 3126 2963 praebuerit
3152 2936 3165 2958 ,
3200 2894 3301 2951 huc
3334 2893 3450 2947 loco
3481 2892 3562 2946 in-

1966 2996 2179 3061 quirere
2221 2993 2399 3063 juvat.
2439 2991 2773 3047 Gallicanum
2824 3004 2947 3047 esse
2994 2988 3350 3058 antiquiorem
3400 2985 3568 3049 multa

1970 3086 2313 3152 persuadent.
2343 3085 2399 3141 lo
2438 3084 2625 3153 primis
2658 3081 2961 3150 Prophetiae
3011 3081 3171 3137 lectio
3211 3079 3563 3147 apostolicam

1970 3177 2308 3246 praecedebat
2337 3176 2476 3247 apud
2509 3174 2692 3234 Gallos
2726 3186 2967 3243 tempore
2988 3172 3400 3237 sanctitlaisarii
3436 3172 3570 3227 Are-

1969 3270 2187 3327 latensis
2216 3268 2492 3345 episcopi,
2526 3269 2635 3345 38
2663 3267 2753 3337 qui
2785 3268 2837 3321 in
2889 3281 3139 3335 sermone
3188 3267 3252 3333 ad
3310 3265 3561 3335 populum

264 3344 424 3411 lium,
452 3361 607 3403 secus
637 3346 687 3400 in
714 3346 1065 3410 Mazarabico,
1092 3355 1149 3398 ut
1171 3345 1413 3416 praecipit
1440 3360 1610 3398 canon
1646 3342 1709 3395 12
1733 3359 1862 3398 con-
1890 3330 1935 3393 ε)
1971 3360 2171 3423 nam“,
2205 3368 2260 3413 ιη
2290 3360 2357 3411 ab
2391 3330 2639 3427 écclezi;
2686 3357 2855 3411 donec
2887 3373 3040 3423 sacra
3090 3330 3324 3427 peram,
3360 3330 3565 3429 έεδβηι,

264 3438 376 3494 cilii
395 3455 448 3492 tv
462 3438 724 3494 Toletani.
746 3438 984 3508 Denique
1002 3439 1053 3491 in
1073 3437 1402 3504 Mazarabico
1418 3438 1663 3510 leguntur
1675 3444 1790 3490 acta
1812 3447 1866 3492 et

266 3529 408 3586 Vita:
423 3539 750 3594 sanctorum,
772 3545 875 3584 nan
901 3529 952 3584 in
979 3530 1283 3595 Gelasiana,
1309 3538 1399 3583 aut
1422 3532 1469 3583 in
1492 3529 1863 3584 Ambrosiano.

343 3624 397 3679 ὅ.
432 3623 702 3680 Romanus
751 3622 936 3678 Canan
989 3633 1112 3678 ante
1163 3620 1475 3693 Gregorium
1530 3623 1668 3677 idem
1720 3631 1856 3687 erat,

269 3719 514 3790 pauculis
544 3717 723 3773 verbis
750 3716 1011 3784 exceptis,
1036 3725 1195 3786 atque
1224 3716 1380 3770 modo
1412 3716 1636 3769 usitatus
1665 3733 1676 3769 :
1706 3730 1865 3785 quem

162 3824 175 3839 '
267 3808 502 3881 Vigilius
527 3823 664 3883 papa
685 3824 750 3864 ex
774 3807 1065 3877 apostolica
1094 3806 1381 3860 traditione
1407 3817 1707 3874 acceptum,
1734 3806 1866 3860 Gre-

268 3906 456 3975 gorius
500 3901 719 3973 Magnus
759 3915 790 3955 a
842 3900 1072 3970 quodam
1116 3898 1453 3954 Scholastico
1507 3900 1868 3968 compositum

270 3994 427 4062 dicit,
458 3994 676 4050 Precem
708 3992 982 4063 appellans
1011 3991 1063 4045 in
1106 3991 1329 4060 epistola
1364 3989 1426 4042 ad
1459 3989 1720 4046 Joannem
1749 3991 1869 4060 epi-

268 4102 495 4159 scopum
525 4082 949 4159 SyracuSanum,
975 4099 1094 4155 qua:
1124 4090 1207 4139 est
1238 4081 1306 4135 64
1342 4081 1465 4137 libri
1497 4099 1563 4136 vn
1592 4084 1774 4138 ittdiCl.
1807 4082 1865 4139 2.

270 4181 395 4248 Quo
426 4172 642 4234 nomine
668 4179 828 4234 etiam
860 4179 1024 4232 utitur
1052 4176 1349 4247 Cyprianus
1380 4176 1433 4230 in
1465 4175 1603 4232 libro
1631 4178 1697 4232 de
1732 4177 1861 4233 Uni-

272 4283 388 4331 tate
410 4273 696 4340 Ecclesiae,
727 4270 816 4326 ubi
844 4268 1217 4325 schismaticos
1258 4276 1308 4322 et
1337 4268 1623 4323 haereticos
1672 4270 1865 4339 arguit,

272 4366 421 4442 quod
448 4385 466 4418 ι
494 4363 812 4434 contemptis
843 4362 1108 4432 episcopis
1127 4403 1142 4429 ,
1173 4370 1226 4416 et
1256 4360 1351 4415 Dei
1380 4361 1747 4416 sacerdotibus
1776 4362 1869 4418 de-

271 4459 503 4525 relictis,
534 4459 862 4514 canstituere
890 4454 1089 4510 audent
1118 4454 1257 4507 aliud
1287 4454 1483 4523 altare,
1520 4453 1740 4510 l’recem
1790 4458 1869 4510 al-

275 4560 452 4606 teram
480 4548 679 4605 illicitis
722 4548 942 4603 vocibus
989 4543 1201 4613 facerc,
1251 4557 1307 4601 et
1352 4545 1637 4602 dominicae
1682 4549 1869 4604 hostire

276 4646 563 4702 veritatem
594 4657 688 4713 per
716 4640 846 4697 falsa
878 4640 1136 4695 sacriﬁcia
1169 4640 1471 4710 profanare.
1507 4661 1524 4693 ι
1561 4641 1863 4697 Orationem

280 4736 541 4808 appellari
571 4734 776 4790 mavult
814 4733 1138 4811 Augustinus
1188 4734 1239 4788 in
1292 4732 1518 4804 cpistola
1569 4734 1669 4789 149
1722 4749 1870 4790 nava:

278 4836 535 4893 editionis
558 4849 704 4889 num.
738 4831 804 4888 l6
831 4850 845 4887 :
876 4850 893 4884 ι
927 4831 1136 4899 Omnis,
1164 4840 1254 4886 aut
1278 4848 1410 4901 pene
1434 4833 1608 4886 omnis
1633 4832 1878 4904 frequen-

280 4940 362 4987 tat
387 4931 641 4995 Ecclesia,
675 4938 731 4984 ut
776 4928 1114 4983 Precatianes
1163 4927 1487 4996 accipiamus
1518 4927 1711 4989 dictas.
1744 4943 1880 4997 quas

280 5022 511 5080 facimus
550 5024 601 5079 in
638 5022 1005 5079 celebratione
1052 5032 1536 5085 sacramentorum,
1588 5032 1877 5093 antequam

282 5117 439 5184 illud,
470 5117 607 5186 quod
647 5118 808 5181 estin
842 5115 1048 5168 Domini
1082 5129 1287 5178 mensa,
1322 5113 1540 5183 incipiat
1581 5116 1826 5170 benedici
1859 5134 1874 5170 :

281 5192 596 5277 Orationes,
630 5224 751 5264 cum
782 5206 1113 5281 benetlicitur
1156 5214 1248 5258 aut
1275 5205 1662 5270 sanctiiicalur,
1713 5216 1767 5261 et
1812 5209 1878 5262 ad

281 5302 712 5358 distribuendum
750 5297 1153 5353 comminuitur.
1177 5297 1345 5362 Quam
1377 5304 1542 5351 tatam
1569 5297 1877 5365 petitionem

282 5398 402 5455 fere
432 5393 607 5450 omnis
636 5374 869 5447 Ecclesia
918 5387 1192 5443 Dominica
1242 5388 1480 5441 oratione
1522 5388 1811 5443 concludit.
1853 5408 1873 5442 ι

282 5491 672 5549 Ambrosianus
699 5486 883 5541 Canan
916 5485 967 5537 in
993 5480 1176 5552 paucis
1198 5480 1375 5534 diilert
1396 5483 1498 5551 27
1531 5497 1559 5534 a
1591 5481 1835 5537 Rmnano
1862 5502 1876 5540 :

280 5595 339 5642 at
371 5583 697 5639 solemnibus
726 5578 920 5651 quibus
950 5574 1101 5645 panis
1131 5583 1478 5629 consecratur
1520 5574 1700 5628 verbis
1725 5591 1877 5645 quae-

279 5679 407 5733 dam
439 5676 585 5730 addit
615 5672 957 5728 Mazarabicte
989 5666 1230 5723 formula:
1258 5665 1475 5730 similia,
1508 5667 1561 5719 in
1597 5666 1736 5721 hunc
1766 5684 1881 5723 mo-

278 5770 409 5824 dum
439 5784 453 5821 :
486 5765 592 5845 Hoc
623 5773 693 5819 est
725 5779 907 5832 corpus
938 5744 1124 5825 meum,
1150 5758 1287 5829 quod
1327 5774 1417 5829 pro
1448 5758 1621 5812 multis
1650 5760 1881 5827 confrin-

280 5872 451 5935 θεων.
485 5860 835 5923 Mazarablco,
869 5854 1118 5908 tradetur.
1146 5851 1203 5907 In
1227 5851 1437 5933 vulgato
1466 5852 1659 5912 Missali
1693 5852 1880 5908 Maza-

278 5954 472 6012 rabum
502 5952 569 6009 ad
600 5951 889 6023 marginem
920 5954 1163 6015 notatur,
1190 5945 1311 6001 haec
1356 5945 1517 6001 verba
1557 5961 1679 6004 esse
1718 5948 1879 6004 amit-

1972 3468 2076 3515 non
2109 3450 2406 3517 recederet,
2438 3449 2505 3503 ita
2539 3448 2801 3517 loquitur:
2833 3466 2852 3499 ι
2887 3448 2942 3505 Si
2971 3434 3255 3519 diligenter
3278 3447 3573 3504 attenderi-

1971 3545 2061 3625 tis,
2096 3542 2432 3619 cognoscetis
2459 3540 2581 3610 quia
2619 3554 2719 3593 non
2750 3548 2875 3593 tunc
2922 3539 3055 3593 iiuut
3103 3540 3301 3613 missae,
3356 3538 3571 3619 quando

1967 3635 2161 3703 divinat
2192 3632 2471 3709 Lectiones
2512 3629 2563 3685 in
2608 3631 2843 3686 ecclesia
2878 3632 3189 3703 recitantur,
3225 3631 3318 3705 sed
3351 3631 3568 3703 quando

1969 3741 2189 3805 inuncra
2240 3723 2567 3797 oil‘eruntur,
2614 3730 2669 3791 et
2719 3737 2913 3793 corpus
2962 3722 3043 3777 vel
3088 3722 3303 3799 sanguis
3354 3708 3565 3787 Domini

1967 3826 2335 3887 consecratur.
2365 3815 2494 3868 Nam
2529 3812 2840 3881 Lectiones,
2888 3815 2997 3869 sive
3048 3813 3408 3885 propheticus,
3455 3812 3570 3879 sive

1969 3909 2315 3995 apostolicas,
2349 3908 2467 3962 sive
2494 3905 2866 3977 Evangelicas,
2900 3906 3059 3960 etiam
3092 3906 3143 3960 in
3178 3905 3426 3961 domibus
3448 3921 3564 3960 ves-

1971 4001 2063 4077 tris
2084 4008 2176 4054 aut
2198 3998 2296 4075 ipSt
2327 3999 2523 4069 legere,
2556 4006 2649 4051 aut
2674 3997 2806 4049 alios
2829 3998 3062 4067 legentes
3088 3997 3275 4052 audire
3301 3998 3522 4075 potestis
3547 4012 3564 4062 ς

1970 4092 2433 4153 consecrationem
2475 4104 2601 4144 vero
2642 4092 2883 4161 corporis
2926 4100 2977 4144 et
3030 4090 3304 4165 sanguinis
3351 4089 3566 4143 Domini

1970 4199 2075 4241 non
2104 4184 2253 4249 alibi,
2286 4181 2385 4253 nisi
2417 4183 2469 4236 in
2499 4181 2661 4236 domo
2690 4180 2802 4246 Dei,
2827 4181 3012 4235 audire
3040 4183 3123 4235 vel
3155 4182 3337 4237 videre
3363 4182 3565 4251 poteri-

1972 4277 2058 4331 tis.
2100 4295 2118 4327 ι
2155 4274 2336 4346 itaque
2392 4276 2608 4328 missam
2661 4272 3034 4345 praacedcbant
3084 4283 3250 4328 terna:
3301 4273 3565 4343 ejusmodi

1972 4366 2275 4421 Leotiones.
2327 4364 2478 4432 Quod
2534 4365 2587 4418 in
2637 4365 3018 4420 Medialanensi
3076 4367 3300 4421 ecclesia
3360 4368 3571 4421 vivente

1972 4455 2254 4511 Ambrosio
2278 4470 2376 4509 usu
2403 4454 2615 4510 venisse
2639 4466 2825 4511 auctor
2852 4466 2934 4511 est
2966 4456 3232 4527 Sulpicius
3262 4456 3493 4513 Severus
3514 4456 3567 4513 in

1975 4548 2069 4602 lib.
2102 4561 2157 4601 ιιι
2189 4546 2256 4601 dc
2286 4547 2393 4600 vita
2422 4546 2593 4602 sancti
2624 4546 2853 4601 Martini.

2047 4663 2099 4717 5.
2136 4657 2414 4716 Lectiones
2459 4660 2610 4728 illas,
2657 4660 2723 4715 de
2749 4660 2939 4731 quibus
2970 4661 3081 4733 agit
3109 4662 3373 4718 Caesarius
3397 4707 3410 4731 ,
3446 4679 3575 4721 vero

1989 4753 2286 4819 proximum
2313 4764 2395 4808 est
2421 4766 2514 4807 eas
2544 4752 2686 4821 ipsas
2714 4769 2857 4819 esse,
2888 4770 3020 4822 quas
3052 4755 3102 4807 in
3129 4753 3375 4821 ordinem
3420 4758 3578 4812 rede-

1987 4856 2138 4914 gerat
2164 4846 2362 4899 s:rculo
2392 4862 2422 4898 ν
2452 4844 2675 4899 Musaeus
2725 4849 3006 4916 presbyter
3049 4846 3415 4915 Massiliensis,
3465 4852 3575 4920 qui,

1993 4946 2130 4993 teste
2154 4936 2431 4993 Gennadio
2454 4938 2507 4992 in
2532 4952 2653 5006 cap.
2679 4934 2745 4991 79
2770 4938 2837 4991 de
2871 4937 3007 4992 Vitis
3036 4938 3352 5008 illustribus,
3393 4958 3412 4991 ι
3450 4940 3579 4996 Itur-

1988 5041 2096 5107 tatu
2121 5030 2292 5085 sancti
2322 5030 2532 5084 Venerii
2564 5031 2803 5101 episcopi
2850 5032 2929 5086 sui
2974 5034 3242 5111 excerpsit
3290 5048 3357 5087 ex
3412 5035 3579 5107 sacris

1983 5124 2271 5194 Scripturis
2295 5124 2577 5180 Lectiones
2601 5125 2761 5178 totius
2784 5126 2907 5178 anni
2942 5127 3147 5180 lestivis
3177 5138 3328 5197 aptas
3353 5127 3576 5197 diebus;

1986 5213 2327 5282 responsaria
2357 5213 2515 5268 etiam
2547 5214 2874 5284 psalmorum
2897 5256 2910 5279 ,
2937 5224 2993 5269 et
3020 5216 3251 5285 capitula
3282 5218 3505 5289 tempori
3528 5226 3580 5274 ct

1988 5302 2331 5361 Lectionibus
2361 5305 2799 5375 congruentia...
2832 5306 2935 5361 Sed
2968 5316 3020 5360 et
3049 5306 3111 5359 ad
3146 5321 3428 5377 personam
3456 5326 3581 5365 san-

1985 5398 2056 5451 Cli
2102 5397 2334 5452 Eustasii
2388 5399 2647 5469 episcopi,
2697 5402 3024 5456 successoris
3064 5400 3300 5471 praalicti
3348 5403 3580 5463 hominis

1985 5490 2103 5559 Dei,
2132 5494 2431 5561 composuit
2454 5502 2907 5548 sacramentorum
2938 5497 3208 5565 egregium
3236 5508 3287 5553 et
3320 5514 3423 5552 non
3459 5515 3580 5570 par-

1988 5599 2108 5635 vum
2140 5583 2412 5644 volumen.
2446 5598 2539 5653 per
2568 5585 2803 5638 membra
2826 5585 3039 5654 quidem
3072 5603 3164 5655 pro
3180 5589 3577 5659 opportunitate

1984 5677 2281 5731 ofﬁciorum
2315 5684 2369 5731 et
2401 5689 2718 5747 temporum,
2756 5693 2850 5745 pro
2895 5680 3206 5734 Lectionum
3243 5692 3388 5738 textu
3439 5684 3577 5754 psal-

1985 5784 2302 5840 morumque
2327 5769 2468 5823 serie
2498 5777 2551 5822 et
2582 5768 2955 5824 decantatione
2978 5770 3263 5826 discretum
3291 5774 3421 5828 :sed
3450 5790 3578 5847 sup-

1985 5860 2216 5932 plicandi
2250 5859 2358 5915 Deo
2387 5868 2442 5913 et
2484 5859 2817 5914 contestandi
2863 5860 3240 5916 beneﬁciorum
3282 5865 3400 5934 ejus
3448 5866 3578 5919 soli-

1988 5954 2156 6011 ditata
2200 5952 2284 6009 sui
2328 5959 2767 6007 consentaneum.
2796 5970 2814 6004 ι
2845 5950 2946 6007 Ubi
2976 5954 3312 6011 cantestandi
3340 5954 3575 6011 vacabu-
