4108 6352
612 348 715 407 ίῖἹ

1327 338 1673 399 APPENDIX
1711 339 1807 397 AD
1844 334 2075 394 οηιιλ
2116 331 2362 390 SANC’I’I
2402 331 2714 389 GERMANI
2758 330 3196 390 PAHISIENSIS

3798 332 3898 389 128

606 460 720 515 lum
769 455 991 530 respicit
1032 455 1101 513 ad
1150 455 1468 528 primarum
1516 468 1723 511 morem
1761 450 2117 515 Gallicanum,
2149 446 2201 503 in
2231 455 2285 517 Α
2308 455 2468 516 atque
2500 445 2716 517 psalmis
2745 446 2909 501 multa
2949 445 3226 504 dulcisonc
3254 445 3642 516 composuisse.
3685 464 3707 499 ι
3745 445 3899 505 Unde

608 569 715 623 quo
742 549 1073 607 Conteststio
1095 547 1150 605 in
1194 564 1295 605 usu
1331 557 1451 605 erat
1478 547 1545 604 ad
1590 544 1992 617 signiﬁcandam
2037 555 2197 613 quam

608 646 772 701 hodie
825 658 1077 701 vocamus
1126 644 1300 699 Missa:
1358 657 1453 699 seu
1508 642 1743 698 Canonis
1797 637 2196 695 Praefationem.

606 735 838 794 Musteus
868 750 1026 807 ergo,
1073 734 1163 805 qui
1211 743 1331 806 post
1374 734 1608 791 medium
1630 732 1887 789 saeculum
1915 746 1947 785 v
1990 744 2023 785 θ
2063 729 2200 784 vivis

609 829 842 885 excessit
876 828 1055 885 Leone
1102 840 1157 885 ct
1205 827 1468 897 Μηίοιίηο
1513 825 1947 898 imperatoribus,
1985 823 2203 893 scripsit

609 919 806 977 librum
841 920 1333 978 Sacramentorum.
1362 920 1479 986 Quo
1511 920 1729 973 nomine
1758 924 1968 971 veteres
1998 915 2196 986 passim

606 1015 896 1085 sacra”
938 1012 1289 1069 Eucharistia:
1337 1012 1593 1084 mysteria
1641 1010 2011 1081 designabant.
2063 1010 2200 1071 Hinc

613 1105 911 1173 Voconius,
950 1104 1238 1161 Castellani
1268 1107 1321 1161 in
1354 1105 1671 1161 Mauritania
1710 1104 2026 1173 cpiscopus,
2055 1104 2195 1174 apud

608 1202 858 1257 eumdem
905 1199 1235 1255 Gennadium
1286 1199 1653 1268 composuisse
1692 1196 1889 1251 dicitur
1941 1195 2196 1252 volumen

612 1288 1102 1346 Sscramentorum.
1139 1290 1255 1358 Quo
1284 1290 1444 1345 modo
1492 1288 1815 1359 Augustinus
1861 1298 2196 1346 sacramenta

609 1392 768 1439 vocat
789 1383 1081 1439 Dominicm
1111 1398 1309 1438 mensae
1330 1380 1673 1450 sacriﬁcium,
1703 1396 1772 1437 ex
1801 1381 1980 1437 dictis.

691 1477 745 1530 6.
782 1474 887 1531 Sed
915 1485 970 1532 et
995 1484 1121 1532 ante
1142 1476 1397 1530 Musaeum
1428 1473 1683 1541 Hilarius,
1710 1474 2051 1529 Pictavorum
2073 1489 2197 1529 san-

614 1566 887 1622 ctissimus
915 1567 1160 1630 antistes,
1195 1566 1387 1621 librum
1422 1565 1775 1636 Ilymnorum,
1804 1576 1857 1623 et
1892 1567 2054 1622 alium
2082 1567 2196 1637 My-

610 1664 896 1719 steriorum
946 1664 1200 1735 scripsit,
1229 1673 1449 1721 auctore
1493 1664 1821 1737 Hieronymo
1851 1667 1903 1719 in
1968 1665 2103 1719 libro
2128 1665 2197 1720 de

608 1753 975 1825 Scriptoribus
1005 1773 1125 1827 cap.
1158 1757 1282 1814 100.
1314 1758 1554 1829 Hymnus
1582 1757 1764 1813 Gloria
1797 1759 1852 1812 in
1889 1760 2099 1813 excelsis
2127 1759 2223 1815 sb.

2302 537 2535 594 Joannes
2565 539 2890 607 Marianaﬁjn
2916 540 3008 596 lib.
3037 558 3068 595 v
3089 540 3157 599 de
3183 542 3341 598 rebus
3360 538 3667 611 Hispanicis
3688 556 3818 613 cap.
3846 558 3896 615 ν,

2299 630 2373 684 ait
2401 646 2554 685 usum
2585 631 2881 687 obtinuisse
2903 640 2963 687 ut
2989 632 3195 688 Isidoro
3223 634 3356 689 ritus
3386 635 3763 691 Mourabicus
3786 635 3890 691 tri-

2301 722 2574 790 bueretur,
2607 725 2701 779 sed
2735 733 2910 779 tamen
2942 725 3242 781 Leandrum
3269 727 3520 783 nonnulla
3548 729 3854 784 invenisse.

2371 840 2422 894 9.
2442 839 2743 896 Cardinalis
2773 842 2916 899 Bona
2951 861 2970 894 ι
3006 845 3105 899 hoc
3127 844 3360 899 ofﬁcium
3392 847 3622 901 concilio
3642 862 3703 903 ιιι
3732 846 3892 903 Tole-

2301 942 2449 999 tano,
2481 934 2564 990 cui
2595 934 2841 989 Leander
2862 936 3119 1000 interluit,
3151 938 3420 1009 antiquius
3448 954 3569 995 esse
3602 958 3621 992 ι
3653 940 3899 995 arbitra-

2302 1037 2406 1093 tur,
2438 1044 2458 1078 ι
2486 1035 2540 1081 et
2567 1028 2782 1097 quidem
2805 1028 3007 1083 saeculo
3030 1044 3059 1081 v
3082 1029 3190 1097 jam
3214 1030 3475 1101 viguisse;
3500 1032 3595 1087 sed
3620 1032 3691 1088 de
3716 1032 3896 1099 primo

2301 1119 2415 1190 t-jus
2446 1130 2665 1177 auctore
2711 1136 2818 1177 non
2855 1131 3127 1179 constare.
3163 1123 3243 1178 Ab
3284 1124 3399 1194 ipso
3428 1134 3608 1182 tamen
3640 1125 3897 1183 Leandre

2301 1214 2658 1284 illustratum,
2689 1223 2903 1269 auctum
2932 1217 3000 1271 ab
3039 1216 3267 1282 Isidoro,
3296 1227 3457 1289 atque
3498 1218 3565 1274 ab
3591 1219 3720 1273 aliis
3764 1233 3895 1287 pro-

2300 1323 2487 1380 gressu
2528 1309 2785 1378 temporis
2821 1309 3201 1379 ampliﬁcatum
3228 1356 3241 1378 ,
3284 1312 3599 1366 nominatim
3639 1312 3711 1366 ad
3754 1312 3898 1369 Ilde-

2300 1400 2476 1468 tonso,
2509 1400 2663 1471 cujus
2692 1415 2857 1470 opera
2898 1400 3146 1457 Julianus
3174 1402 3471 1459 Toletanus
3500 1404 3554 1458 in
3586 1405 3897 1473 appendice

2297 1492 2364 1547 ad
2397 1493 2589 1548 librum
2615 1498 2683 1549 de
2714 1494 3078 1566 Scriptoribus
3108 1497 3160 1549 in
3189 1505 3418 1567 quatuor
3456 1508 3635 1568 partes
3676 1497 3898 1565 divisit,

2302 1587 2620 1657 tertiamque
2649 1589 2724 1642 ait
2754 1587 2917 1644 fuisse
2952 1606 2971 1640 ι
3008 1591 3319 1655 missarum,
3347 1590 3701 1661 hymnorum,
3732 1601 3896 1661 atque

2299 1696 2630 1735 sermonum.
2660 1698 2682 1728 ι
2712 1680 2790 1735 Λᾶ
2817 1682 2928 1736 hzec
2947 1680 3179 1736 Felicem
3202 1684 3515 1753 episcOpum
3547 1683 3747 1739 librum
3772 1684 3897 1739 Mis-

2300 1786 2479 1827 sarum
2506 1773 2573 1828 de
2604 1781 2716 1828 toto
2736 1774 2937 1828 circulo
2961 1774 3087 1829 anni
3116 1774 3169 1829 in
3207 1784 3434 1844 quatuor
3464 1774 3564 1847 31
3593 1786 3783 1845 partes
3815 1777 3895 1831 di-

608 1846 800 1941 θοξίθσι
827 1858 1013 1941 “ficu”
1033 1859 1090 1905 ει
1114 1860 1516 1907 οοοδυπιηὶθιυδ
1545 1851 1744 1907 diem"
1766 1852 1818 1906 i"
1844 1851 2059 1922 νυιιςθιο
2099 1852 2192 1908 Αί-
2222 1853 2272 1915 Β
2300 1866 2470 1922 visum
2500 1867 2815 1923 emendasse
2842 1877 3002 1939 atque
3027 1870 3423 1939 complevisse;
3454 1846 3516 1926 ac
3538 1871 3888 1941 postmodum

608 1936 793 1995 cuino.
838 1939 931 1996 llis
968 1941 1179 1996 duobus
1225 1943 1420 1998 merito
1447 1942 1881 1997 annumerandus
1921 1951 2005 1998 est
2035 1942 2192 1999 Sido-

610 2030 739 2085 nius
764 2032 1129 2092 Arvernorum
1158 2037 1463 2108 episcopus,
1488 2036 1641 2108 cujus
1670 2038 1808 2093 libro
1829 2040 1895 2093 de
1922 2037 2097 2093 Missis
2122 2040 2193 2093 ab

607 2136 676 2179 eo
699 2130 1015 2198 compositis
1039 2128 1330 2202 Gregorius
1353 2131 1678 2188 Turonensis
1704 2132 2071 2202 prtefationem
2094 2133 2190 2187 ad-

606 2214 807 2284 junsit,
831 2234 894 2273 ex
926 2220 1021 2276 lib.
1052 2236 1087 2276 ιι
1119 2222 1369 2279 Historiae
1395 2238 1512 2295 cap.
1535 2224 1627 2278 se.
1652 2223 1716 2279 Et
1745 2224 2024 2280 Salvianus
2053 2224 2193 2280 Mas-

606 2307 841 2366 siliensis
887 2315 1169 2385 presbyter
1212 2315 1546 2371 clarissimus
1581 2336 1600 2369 t
1632 2317 1880 2371 homiiias
1925 2318 2191 2389 episcopis

605 2399 775 2457 laetas
802 2404 1023 2473 multas,
1056 2417 1516 2463 sacramentorum
1548 2423 1696 2475 vero,
1724 2419 1954 2479 quantas
1976 2425 2076 2465 nec
2102 2424 2190 2466 re-

606 2494 823 2560 cordor,
851 2497 925 2551 ait
949 2498 1290 2565 Gennadius,
1320 2502 1643 2569 compOsuit.
1682 2520 1701 2554 ι
1736 2503 1852 2570 Quo
1876 2503 1926 2557 in
1958 2503 2077 2559 loco
2104 2518 2190 2559 sa-

610 2597 1012 2644 cramentorum
1042 2591 1284 2645 homilia:
1311 2592 1682 2663 intelliguntur
1704 2594 1789 2650 vel
1820 2609 2101 2650 sermones
2123 2595 2191 2651 de

607 2681 879 2749 mysteriis
904 2683 1095 2748 sacris,
1142 2685 1283 2740 inter
1320 2685 1601 2741 Missarum
1634 2686 1888 2742 solemnia
1917 2688 2187 2757 quondam

603 2785 668 2825 es
692 2786 847 2828 more
866 2775 1134 2845 gallicano
1160 2776 1374 2832 recitari
1412 2777 1613 2843 solitis;
1645 2778 1733 2834 vel
1776 2779 2048 2836 orationes
2088 2796 2187 2837 seu

601 2865 946 2936 praefationes
982 2870 1051 2924 ad
1096 2870 1337 2929 missam.
1378 2872 1527 2925 Mitto
1555 2872 1697 2942 quod
1746 2874 1799 2926 in
1833 2872 1938 2927 ﬁne
1976 2873 2093 2929 libri
2135 2889 2187 2929 vt

601 2958 891 3031 Gregorius
933 2963 1263 3020 Turonensis
1306 2964 1540 3033 pontifex
1574 2966 1737 3021 tradit
1778 2966 1846 3022 de
1884 2965 2186 3035 Chilperico

602 3066 753 3124 rege,
786 3055 873 3124 qui
918 3056 1056 3111 inter
1076 3055 1178 3111 alia
1225 3056 1479 3126 opuscula
1507 3056 1735 3129 hymnos
1774 3057 1990 3127 scripsit
2024 3076 2044 3110 ι
2074 3058 2187 3114 sive

602 3143 818 3211 missas,
845 3158 966 3214 quae
1004 3145 1149 3200 nulla
1176 3146 1385 3203 ratione
1414 3150 1613 3218 suscipi
1645 3158 1890 3219 possunt.
1926 3168 1946 3201 ι

2293 1961 2510 2017 Petrum
2556 1961 2882 2018 llerdcnsem
2923 1965 3241 2032 antistitem,
3274 1972 3329 2019 et
3372 1964 3588 2020 Salvum
3637 1966 3895 2021 abbatem

2294 2053 2689 2110 Albteldensem
2737 2056 2911 2112 eidem
2949 2070 3268 2127 argumento
3313 2072 3544 2115 navasse
3572 2075 3822 2129 operam.
3867 2078 3887 2113 ι

2293 2150 2391 2205 Ast
2441 2150 2731 2221 Elipandtts
2775 2153 3065 2209 Toletanus
3114 2152 3401 2224 episcopus
3444 2154 3497 2209 in
3539 2154 3773 2223 epistola
3826 2154 3890 2210 ad

2295 2240 2547 2297 Albinum
2592 2258 2686 2298 seu
2731 2243 3055 2309 Alcuinum,
3100 2243 3388 2300 Toletanos
3436 2254 3651 2301 sanctos
3699 2244 3892 2301 Patres

2293 2334 2538 2405 agnoscit
2578 2337 2860 2392 missarum
2901 2336 3357 2393 Mozarabicarum
3403 2346 3685 2405 auctores,
3718 2336 3777 2391 in
3812 2338 3895 2395 Itis

2296 2425 2563 2482 lsidorum
2592 2446 2604 2483 :
2632 2430 2904 2501 signanter
2934 2444 3062 2484 vero
3093 2430 3416 2501 Eugenium,
3447 2430 3799 2496 Ildelunsum,
3834 2440 3885 2486 et

2296 2518 2563 2574 lulianum
2595 2521 2847 2590 exprimit
2894 2522 3133 2592 libellus,
3167 2538 3325 2594 quem
3367 2522 3646 2577 confutant
3696 2522 3893 2582 Patres

2293 2613 2501 2667 concilii
2554 2612 3055 2670 Francol'ordiensis
3103 2616 3242 2681 apud
3286 2615 3591 2669 Alcuinum.
3638 2614 3886 2681 Quorum

2295 2704 2470 2759 unllus
2499 2707 2756 2760 saeculum
2784 2721 2854 2760 vu
2889 2706 3159 2776 praecedit.
3193 2706 3309 2761 Non
3350 2720 3479 2776 ergo
3515 2705 3584 2761 ad
3614 2708 3882 2764 arculum

2291 2816 2324 2854 ν
2350 2802 2593 2855 revocari
2625 2811 2845 2872 possunt
2874 2804 3171 2859 istiusmodi
3200 2804 3496 2858 ofﬁciorum
3528 2814 3801 2860 auctores.

2364 2892 2451 2947 to.
2496 2891 2611 2947 Duo
2646 2904 2822 2949 tamen
2852 2892 3006 2949 aﬂert
3054 2894 3196 2951 idem
3247 2897 3533 2952 cardinalis
3578 2898 3644 2953 ad
3687 2898 3890 2969 produ-

2291 2984 2514 3039 cendam
2540 2986 2696 3056 hujus
2727 2988 2861 3042 ritus
2888 2988 3282 3058 antiquitatem.
3317 2988 3491 3044 Unum
3518 3001 3622 3055 est,
3650 2992 3795 3061 quod
3832 2996 3884 3048 in

2292 3080 2455 3135 missa
2484 3078 2552 3135 de
2581 3090 2765 3136 sancto
2794 3080 3021 3136 Martino
3043 3123 3056 3145 ,
3104 3083 3199 3153 qui
3249 3083 3465 3139 ineunte
3514 3085 3714 3140 saeculo
3744 3101 3775 3138 v
3804 3086 3886 3141 vi-

2295 3191 2422 3232 vere
2469 3177 2668 3242 desiit,
2727 3178 2841 3233 ltzec
2886 3176 3132 3247 leguntur
3182 3178 3233 3232 in
3282 3178 3462 3233 ofﬁcio
3508 3179 3885 3237 Mozarabico:

680 3259 735 3312 7.
774 3257 932 3314 Tales
974 3268 1221 3315 auctores
1243 3300 1260 3325 ,
1295 3259 1347 3315 id
1378 3271 1462 3316 est
1502 3261 1756 3317 Hilarium
1778 3303 1794 3329 ,
1824 3262 2099 3329 Musaeum,
2130 3273 2185 3319 et
2212 3242 2262 3306 θ
2300 3269 2455 3324 Hunc
2477 3270 2662 3334 uirum,
2693 3286 2838 3337 quem
2861 3242 3027 3325 letalis
3054 3280 3244 3325 nostra:
3270 3280 3495 3342 tempora
3523 3274 3886 3344 prcrluleruttt,

604 3352 905 3422 Sidonium,
941 3355 1191 3411 habuisse
1223 3356 1429 3412 videiur
1456 3356 1603 3411 Ordo
1634 3358 1809 3412 missae
1853 3355 2186 3427 Gallicanos,

605 3464 765 3518 quem
794 3463 823 3503 a
856 3447 1098 3505 Romano
1128 3450 1397 3507 diversum
1446 3460 1679 3506 exeunte
1716 3451 1915 3505 saeculo
1942 3468 1993 3506 vt
2025 3452 2190 3509 luisse

606 3552 818 3597 constat
846 3558 913 3598 ex
944 3544 1165 3613 epistola
1210 3542 1454 3613 Gregorii
1484 3544 1661 3613 magni
1701 3544 1766 3598 ad
1801 3546 2186 3613 Augustinum:

605 3636 696 3706 qui
737 3637 896 3691 tertio
951 3636 1067 3692 loco
1104 3635 1420 3705 Gregorium
1467 3635 1815 3707 in:errogavit
1839 3676 1854 3700 ,
1893 3653 1913 3687 ι
1942 3649 2040 3690 cur
2068 3651 2189 3692 cum

612 3743 716 3782 una
742 3727 812 3782 sit
844 3727 977 3783 ﬁdes
1002 3768 1019 3795 ,
1048 3729 1273 3783 diversa:
1302 3730 1408 3781 sint
1441 3727 1801 3782 Ecclesiarum
1846 3728 2191 3783 consuetudi-

604 3837 735 3887 nes;
768 3830 823 3876 et
852 3823 1018 3877 altera
1048 3821 1381 3876 consuetudo
1410 3824 1693 3875 missarum
1740 3820 1791 3874 in
1837 3819 2072 3875 Romana
2101 3834 2191 3876 ec-

608 3914 794 3980 clesia,
826 3922 987 3984 atque
1010 3914 1174 3967 altera
1204 3913 1254 3966 in
1284 3911 1575 3967 Galliarum
1601 3910 1857 3967 Ecclesiis
1885 3922 2180 3968 teneatur.»

612 4006 851 4075 Denique
893 4005 1171 4060 Hilduinus
1202 4005 1255 4059 in
1285 4005 1510 4075 epistola
1558 4004 1942 4075 Areopagiticis
1968 4008 2184 4075 praeﬁxa

601 4098 869 4153 existimat
897 4098 1006 4170 3o
1029 4117 1046 4149 ι
1074 4098 1250 4154 missa:
1270 4097 1515 4152 ordinem
1539 4112 1689 4151 more
1718 4096 1922 4152 Gallico
1942 4098 2010 4153 ab
2037 4099 2188 4155 initio

611 4202 845 4257 recepta:
868 4192 991 4247 ﬁdei
1031 4209 1050 4244 ι
1090 4192 1143 4245 in
1174 4190 1257 4245 his
1291 4190 1532 4260 partibus
1562 4190 1857 4247 obtinuisse
1900 4192 1965 4248 ad
2010 4193 2186 4252 Caroli

546 4298 551 4301 ·
594 4278 768 4351 Magni
801 4282 1178 4351 principatum.

666 4400 721 4455 8.
758 4400 828 4455 At
854 4415 961 4455 non
989 4399 1127 4455 adeo
1150 4400 1425 4469 antiquum
1454 4412 1574 4454 esse
1597 4398 1987 4456 Hozarabicum
2020 4401 2181 4456 ritum

596 4491 939 4548 consentiunt
970 4490 1241 4561 llispanici
1273 4500 1538 4555 auctores,
1570 4489 1660 4560 qui
1691 4489 1810 4561 ejus
1835 4490 2093 4563 originem
2115 4491 2183 4547 ad

598 4588 898 4643 Leandrum
924 4595 979 4643 et
1001 4585 1260 4641 lsidorum
1288 4585 1466 4639 saeculi
1495 4600 1567 4639 vu
1598 4586 1878 4654 episcopos
1908 4596 2180 4642 revocant.

2293 3363 2470 3433 iubeas
2500 3364 2754 3417 auxilium
2786 3366 2971 3418 nostris
3011 3362 3194 3429 a/Yerre
3234 3365 3559 3433 temporibus.
3596 3368 3842 3423 Alterum
3868 3410 3886 3437 ,

2295 3456 2435 3525 quod
2467 3457 2517 3509 in
2548 3455 2777 3509 concilio
2806 3470 2862 3511 ιιι
2894 3457 3152 3511 Toletano
3174 3458 3295 3510 anui
3326 3456 3430 3510 .289
3454 3458 3708 3513 statuitur
3736 3460 3884 3529 capi-

2295 3552 2404 3605 tulo
2432 3550 2489 3615 2,
2521 3568 2609 3622 per
2637 3567 2812 3606 omnes
2841 3553 3078 3607 ecclesias
3112 3552 3383 3621 Hispania:
3405 3554 3482 3607 vel
3511 3553 3695 3609 Gallia:
3724 3555 3884 3627 Sym-

2293 3643 2472 3699 bolum
2506 3644 2812 3709 decantari,
2846 3648 3150 3715 priusquam
3181 3646 3354 3701 oratio
3387 3645 3662 3701 Dominica
3691 3649 3884 3704 recite-

2295 3744 2399 3790 tur.
2429 3735 2527 3803 Qui
2562 3736 2695 3789 ritus
2725 3747 2806 3791 est
2845 3736 3021 3791 missa:
3054 3736 3395 3791 Mozarahica:
3436 3738 3741 3805 pecnliaris.
3772 3740 3879 3794 Sed

2292 3832 2479 3897 reponi
2508 3839 2701 3900 potest,
2739 3833 2851 3886 haec
2879 3832 3062 3899 verba,
3092 3842 3283 3885 nostra:
3302 3832 3492 3896 artatis,
3515 3832 3597 3885 vel
3639 3846 3707 3886 ex
3736 3832 3879 3887 anti-

2296 3924 2472 3993 quiori
2521 3924 2754 3991 Liturgia
2808 3924 3086 3995 desumpta
3134 3924 3329 3991 fuisse,
3364 3925 3447 3980 vel
3488 3925 3698 3995 longius
3729 3942 3883 3996 quam

2289 4017 2355 4071 ad
2388 4032 2548 4071 unum
2596 4018 2852 4072 saeculum
2904 4018 3140 4087 protrahi
3196 4032 3384 4084 posse;
3428 4026 3482 4073 et
3510 4027 3770 4073 statutum
3815 4022 3882 4076 de

2290 4109 2529 4181 Symboli
2573 4119 2699 4164 ante
2728 4108 3021 4165 orationem
3068 4108 3396 4164 Dominicam
3439 4109 3755 4165 recitatione
3788 4126 3880 4165 no-

2293 4218 2413 4258 vum
2446 4204 2608 4257 fuisse
2634 4202 2703 4256 ad
2732 4202 3135 4256 corroboraudas
3157 4204 3420 4257 hominum
3450 4203 3708 4257 invalidas
3734 4220 3880 4258 men-

2293 4303 2385 4354 tes,
2418 4303 2473 4347 ut
2505 4293 2792 4363 loquuntur
2813 4293 3024 4347 concilii
3058 4293 3263 4348 Patres.

2363 4388 2448 4440 It.
2489 4386 2648 4441 Certe
2696 4387 2993 4440 Romanum
3035 4387 3227 4455 ritum,
3260 4385 3448 4441 saltem
3492 4386 3548 4440 in
3594 4387 3869 4456 provincia

2293 4480 2602 4535 Bracarensi
2625 4521 2640 4545 ,
2668 4481 2858 4551 Vigilio
2882 4482 3129 4550 pontiﬁce
3161 4481 3396 4535 maximo
3413 4481 3579 4538 fuisse
3601 4492 3875 4552 receptum

2291 4584 2501 4631 constat
2538 4591 2600 4629 et
2648 4575 2877 4631 concilio
2918 4590 2953 4630 ιι
3001 4576 3312 4631 hracarensi
3358 4576 3482 4631 anni
3525 4576 3661 4640 5'65,
3690 4576 3744 4631 in
3775 4594 3880 4648 quo

596 4680 866 4736 Baronius
910 4679 977 4733 ad
1029 4692 1225 4731 annum
1275 4676 1378 4732 655
1425 4677 1541 4747 ejus
1586 4688 1859 4733 auctorem
1919 4680 2175 4735 lsidorum

2292 4666 2619 4738 prmcipitur,
2662 4683 2866 4723 canone
2898 4668 2962 4732 4,
2998 4679 3053 4722 ιιι
3094 4670 3270 4722 eodem
3318 4669 3496 4723 ordine
3542 4670 3712 4724 "tiara:
3750 4670 3879 4725 cele-

594 4770 836 4843 agnoscit
866 4767 965 4823 hac
996 4770 1222 4823 ratione.
1252 4766 1385 4823 Cum
1409 4770 1549 4823 enim
1580 4768 1765 4824 Patres
1796 4771 1847 4823 in
1874 4772 2101 4827 concilio
2126 4788 2178 4827 tv

602 4860 863 4917 'l‘oletano
906 4871 1031 4915 tunc
1064 4863 1321 4931 temporis
1359 4861 1539 4917 habito
1568 4862 1932 4918 decrevissent
1969 4878 2175 4921 canone

590 4955 649 5021 Ω,
683 4966 739 5009 ιιι
770 4969 863 5025 per
887 4968 1099 5009 omnem
1126 4955 1431 5025 Ilispaniam
1458 4963 1511 5009 et
1536 4952 1785 5021 Galliam,
1811 4955 2013 5010 scilicet
2043 4956 2173 5013 Nar.

591 5049 913 5113 bonensem,
940 5062 1060 5116 quae
1089 5046 1279 5102 Gothis
1305 5046 1677 5116 Hispaniarum
1704 5047 1917 5119 regibus
1949 5061 2072 5103 tunc
2087 5065 2178 5121 pa-

593 5140 767 5204 rel-at,
796 5140 935 5193 idem
963 5139 1157 5195 modus
1183 5139 1235 5194 in
1261 5139 1538 5195 missarum
1565 5141 1989 5198 solemnitatibus
2015 5151 2175 5198 czete-

594 5230 775 5301 risque
800 5228 994 5286 ofﬁciis
1021 5239 1359 5296 servaretur;
1389 5229 1524 5286 hanc
1545 5246 1729 5287 curam
1755 5231 1961 5289 Isidoro
1989 5233 2175 5304 llispa-

600 5323 737 5379 lensi
766 5323 1049 5380 sanctitate
1067 5333 1123 5380 et
1143 5323 1383 5380 doctrina
1412 5325 1854 5395 praestantissimo
1873 5327 2123 5398 episcopo
2144 5345 2175 5384 a

596 5418 851 5475 Palribus
883 5419 1261 5475 demandatam
1303 5419 1489 5477 fuisse.
1532 5418 1698 5475 Favet
1741 5418 1865 5475 huic
1898 5424 2176 5479 sententiae

591 5511 777 5567 titulus
801 5510 962 5566 ol‘ﬁcii
984 5509 1195 5567 Gothici
1218 5513 1271 5567 in
1300 5512 1498 5579 L‘ditis,
1526 5512 1611 5567 ubi
1649 5531 1669 5565 t
1706 5528 1736 5567 a
1766 5524 1949 5569 sancto
1975 5515 2177 5573 Isidoro

594 5603 901 5660 ordinatum
937 5621 958 5654 ι
991 5603 1207 5660 dicitur.
1244 5603 1441 5660 Verum
1469 5603 1701 5660 Isidorus
1730 5605 1843 5674 ipse
1870 5606 1922 5661 in
1951 5608 2085 5663 libro
2108 5609 2177 5665 de

595 5696 961 5768 Scriptoribus
988 5696 1367 5755 ecclesiasticis
1400 5697 1629 5754 Leandri
1655 5699 1836 5754 fratris
1867 5699 1949 5755 sui
1974 5703 2173 5772 scripta

600 5805 909 5859 recensens,
942 5798 1168 5848 testatur
1214 5792 1387 5860 ipsum
1421 5810 1441 5844 ι
1478 5790 1533 5847 in
1570 5792 1951 5849 ecclesiasticis
1982 5792 2176 5852 ol'llciis

594 5901 701 5945 non
732 5902 901 5958 parvo
941 5886 1123 5944 studio
1149 5886 1444 5956 laborasse,
1477 5887 1611 5945 etin
1654 5887 1897 5974 sacriﬁcii
1927 5887 2174 5947 laudibus

2290 4760 2491 4816 brentur
2518 4761 2580 4814 ab
2623 4762 2874 4825 omnibus,
2906 4777 3052 4833 quem
3084 4760 3396 4831 Profuturus
3424 4770 3684 4831 quoniam
3722 4765 3881 4837 hujus

2288 4854 2698 4922 melropo/ilana.’
2742 4853 2971 4909 ecclesiis
3014 4855 3280 4924 episcopus
3329 4854 3391 4907 ab
3422 4854 3536 4925 ipsa
3581 4854 3880 4923 apostolica:

2288 4951 2421 5006 sedis
2453 4949 2752 5003 auctoritate
2778 4948 2971 5018 accepit
2998 4948 3104 5018 32
3132 4947 3396 5017 scriptum.
3434 4946 3635 5016 Nempe
3661 4962 3691 5001 ιι
3730 4946 3876 5017 Vigi-

2289 5044 2364 5098 lio
2394 5058 2549 5114 papa,
2582 5041 2735 5110 cujus
2759 5039 3068 5109 epistolam,
3096 5056 3217 5110 qua:
3247 5042 3298 5095 in
3326 5042 3555 5110 vulgatis
3585 5042 3739 5098 libris
3767 5043 3879 5099 Eu-

2287 5137 2460 5192 therio
2486 5135 2738 5205 inscripta
2767 5141 2903 5200 erat,
2946 5134 3229 5190 Profuturo
3260 5135 3395 5189 scite
3427 5133 3720 5191 vindicavit
3752 5152 3879 5193 eru-

2283 5232 2426 5287 ditus
2472 5230 2719 5286 Baluzius
2757 5240 2867 5284 tum
2915 5229 3133 5285 iunotis
3162 5228 3231 5283 ad
3277 5228 3589 5285 Gratianum
3616 5274 3632 5299 ,
3668 5239 3779 5285 tum
3824 5232 3875 5287 in

2285 5324 2471 5381 tomoI
2502 5339 2654 5381 novae
2677 5320 3022 5378 Collectionis
3040 5322 3414 5387 conciliorum.
3445 5323 3536 5378 ubi
3560 5324 3731 5392 ipsam
3756 5325 3872 5394 epi-

2283 5420 2476 5474 stolam
2505 5417 2680 5473 denuo
2706 5415 2902 5472 excudi
2934 5413 3159 5470 curavit.
3195 5414 3252 5469 In
3298 5431 3361 5472 ea
3394 5432 3522 5472 vero
3558 5418 3637 5472 sic
3673 5418 3870 5488 legitur

2283 5526 2404 5581 cap.
2446 5510 2514 5564 5:
2549 5529 2568 5563 ι
2610 5509 2864 5566 Ordinem
2908 5524 3119 5580 quoque
3167 5524 3406 5579 precum,
3454 5511 3507 5566 in
3550 5511 3866 5567 celebritate

2282 5606 2566 5662 missarum
2599 5604 2746 5658 nullo
2771 5617 2867 5657 nos
2901 5612 3163 5672 tempore.
3191 5603 3334 5657 nulla
3374 5601 3665 5658 festivitate
3694 5602 3867 5672 signi.

2282 5702 2505 5754 licamus
2536 5697 2734 5753 habere
2762 5696 2990 5751 divisum
3017 5713 3031 5749 :
3056 5695 3152 5752 sed
3192 5698 3409 5768 semper
3435 5695 3628 5752 eodem
3675 5704 3864 5753 tenore

2278 5792 2455 5849 oblata
2490 5792 2597 5846 Deo
2620 5806 2840 5847 munera
2863 5805 3202 5849 consecrare.
3232 5791 3452 5861 Quoties
3477 5805 3608 5846 vero
3637 5788 3870 5846 Pascha-

2278 5890 2371 5956 Iis,
2399 5896 2492 5945 aut
2518 5884 2864 5944 AscensiOnis
2884 5883 3133 5953 Domini,
3155 5888 3237 5944 vel
3268 5887 3639 5955 Pentecostes,
3670 5896 3724 5943 et
3746 5885 3867 5956 Epi-

4000 467 4011 1025 κ

4041 2620 4043 2705 4

4042 2724 4045 2819 Ι

4047 2938 4049 2985 l

4050 3046 4051 3097 ι
