4108 6352
177 379 302 435 129

1150 371 1238 428 DE
1277 368 1604 430 LITUBGIA
1646 365 2035 427 GALLICANA
2073 365 2276 422 LIBER
2319 364 2595 424 PRIMUS.

3385 362 3490 418 150

182 489 432 561 phanize,
460 495 870 555 Sanctorumque
894 483 996 541 diei
1030 486 1188 540 fuerit
1215 485 1416 556 agenda
1445 486 1776 550 solemnitas,
1809 483 1861 542 Α
1883 481 2042 534 cimus
2067 495 2084 533 :
2109 478 2287 534 Gloria
2303 491 2350 534 et
2371 478 2534 533 honor
2558 476 2725 542 Patri,
2761 483 2808 532 et
2837 473 3012 541 Filio,
3045 481 3094 528 et
3115 472 3338 544 Spiritui
3369 471 3479 544 35

182 580 409 651 singula
456 577 688 646 capitula
735 577 919 632 diebus
964 589 1086 647 apta
1130 577 1546 649 snlijungimus,
1597 577 1794 648 quibus

1903 580 2103 638 sancto,
2129 589 2298 626 amen.
2337 570 2471 624 Nam
2501 578 2544 622 et
2572 570 2663 624 ille
2685 571 2925 640 hymnus,
2952 583 3099 637 quem
3121 576 3239 620 nato
3263 566 3316 618 in
3341 579 3491 619 carus

185 671 770 728 commemorationem
810 680 1010 727 sanctae
1063 671 1418 726 Solemnitatis
1439 716 1454 740 ,
1484 681 1573 726 aut
1601 686 1789 728 eorum
1901 661 2107 719 Christo
2135 664 2308 736 angeli
2337 665 2626 718 cecinerunt
2655 679 2672 718 :
2706 662 2886 717 Gloria
2908 663 2959 715 in
2985 661 3193 716 excelsis
3216 659 3346 725 Deo,
3372 660 3494 712 etin

189 768 456 833 facimus,
497 782 723 836 quorum
765 767 1001 820 natalitia
1035 767 1367 822 celebramus
1396 784 1407 820 :
1433 777 1628 822 caetera
1658 779 1788 820 vero

189 863 400 918 ordine
433 871 691 918 consueto
720 861 1108 931 persequimur.
1139 862 1479 930 Quapropter
1517 871 1567 915 et
1614 859 1784 926 ipsius

194 971 483 1012 canonicae
512 955 696 1010 Precis
723 965 922 1010 textum
951 955 1243 1009 direximus
1274 953 1456 1009 siibter
1483 952 1747 1023 adjectum
1771 991 1786 1016 ,

194 1066 370 1122 quem
405 1050 512 1105 Deo
551 1050 780 1119 pr0pitio
821 1065 882 1103 ex
923 1048 1212 1118 apostolica
1263 1047 1547 1102 traditione
1590 1045 1804 1114 accepi-

198 1156 352 1196 mus.
394 1159 414 1193 »
448 1140 558 1195 Hoc
583 1140 636 1194 in
668 1140 787 1195 loco
815 1139 1034 1208 Vigilius
1063 1140 1239 1208 Precis
1274 1139 1490 1194 nomine
1521 1137 1792 1193 Canouem

199 1247 380 1291 sacrze
409 1232 637 1288 actionis
665 1232 931 1303 intelligit,
968 1232 1043 1286 uti
1074 1231 1182 1300 jam
1215 1232 1463 1301 superius
1487 1229 1799 1286 observavi-

202 1340 332 1380 mus
361 1341 554 1395 :quem
603 1339 863 1380 canonem
912 1326 988 1378 ait
1035 1324 1196 1378 fuisse
1239 1325 1290 1378 in
1323 1325 1571 1379 omnibus
1603 1323 1755 1379 festis
1779 1363 1795 1387 ,

203 1422 356 1477 sicut
385 1430 438 1476 et
466 1421 627 1475 modo
651 1462 666 1487 ,
700 1435 1037 1474 communem
1065 1456 1082 1484 ,
1115 1430 1308 1488 praeter
1333 1417 1624 1487 singularia
1652 1416 1800 1487 capi-

207 1516 322 1569 tula
356 1513 636 1583 pracipuis
669 1513 814 1568 festis
849 1513 1134 1582 peculiaria
1160 1530 1173 1567 :
1203 1513 1253 1567 in
1285 1514 1478 1582 quibus
1508 1520 1699 1566 sancta:
1721 1527 1806 1566 so-

207 1607 514 1673 lemnitatis,
543 1618 830 1662 auteorum
847 1607 1004 1662 liebat
1028 1608 1302 1673 memoria,
1337 1623 1556 1674 quorum
1578 1607 1812 1661 natalitia

211 1702 641 1759 celebrabantur.
674 1702 860 1769 Qualia
910 1703 1069 1756 etiam
1115 1716 1254 1755 nunc
1296 1700 1553 1754 habemus
1601 1699 1652 1752 in
1687 1714 1809 1752 ora-

213 1793 369 1848 tione
396 1794 853 1849 Communicantes
873 1837 886 1858 ,
911 1809 1030 1864 quae
1068 1796 1116 1847 in
1163 1793 1443 1861 pra-cipuis
1472 1791 1625 1846 festis
1655 1791 1802 1844 varia

1911 765 2043 810 terra
2075 773 2179 826 pax
2221 756 2508 810 hominibus
2538 761 2679 810 bona:
2708 755 2985 810 voluntatis
3008 796 3022 819 ,
3055 764 3104 808 et
3147 752 3348 823 reliqua
3381 766 3499 820 quin

1911 848 1979 902 ibi
2035 861 2323 918 sequuntur
2355 889 2371 914 ,
2424 849 2754 903 ecclesiastici
2792 849 3026 903 doctores
3079 853 3496 916 composuerunt.

1910 941 2062 1009 Apud
2087 940 2269 996 Gallos
2291 942 2727 1012 frequentabatur
2757 941 2939 996 Gloria
2985 939 3170 1005 Patri,
3199 949 3334 995 teste
3364 938 3498 994 Gre-

1907 1034 2056 1104 gorio
2086 1034 2340 1102 episcoiio
2369 1034 2680 1090 Turonensi
2724 1035 2777 1088 in
2809 1034 2901 1089 lib.
2943 1049 2995 1088 vr
3045 1047 3164 1102 cap.
3211 1032 3302 1087 40.
3344 1029 3499 1099 Quod

1907 1141 2022 1181 non
2049 1127 2278 1195 probant
2305 1125 2554 1182 Toletani
2581 1127 2769 1182 Patres
2795 1126 2847 1181 in
2870 1141 3072 1181 canone
3096 1125 3184 1192 15,
3211 1125 3504 1195 volantque

1914 1228 1973 1274 ut
2001 1218 2180 1274 Gloria
2205 1231 2253 1275 et
2283 1221 2446 1275 honor
2478 1221 2630 1274 Patri
2657 1220 2886 1276 dicatur.

1990 1312 2076 1368 15.
2119 1314 2334 1369 Canone
2377 1312 2441 1366 l8
2482 1315 2721 1384 arguitur
2759 1312 3112 1384 quorumdam
3156 1308 3500 1368 sacerdotum

1914 1405 2244 1460 consuetudo
2271 1446 2285 1470 ,
2328 1405 2416 1475 qui
2457 1415 2568 1474 post
2612 1406 2802 1459 dictam
2838 1406 3122 1460 orationem
3174 1403 3500 1458 Dominicam

1914 1499 2089 1552 statim
2125 1498 2550 1562 communicant,
2590 1507 2637 1552 et
2668 1507 2843 1568 postea
2883 1497 3284 1552 benedictionem
3323 1499 3376 1550 in
3411 1512 3505 1566 po-

1924 1590 2048 1660 pulo
2080 1589 2242 1654 dant;
2283 1587 2669 1656 Statuiturque,
2705 1599 2760 1642 ut
2803 1597 2914 1659 post
2956 1588 3238 1643 orationem
3267 1586 3508 1640 Domini-

1918 1698 2037 1736 cam
2066 1692 2111 1736 et
2154 1683 2564 1752 conjunctionem
2609 1683 2760 1751 panis
2805 1690 2853 1736 et
2899 1683 3076 1736 calicis
3099 1724 3116 1748 ,
3151 1681 3423 1736 benedictio
3452 1680 3507 1734 in

1922 1774 2170 1844 populum
2197 1783 2440 1843 sequatur
2469 1781 2593 1828 ante
2623 1772 3078 1828 communionem.
3114 1772 3245 1827 Huic
3289 1772 3508 1827 decreto

211 1895 322 1942 est.
343 1885 440 1940 ilic
460 1895 637 1941 autem
668 1889 822 1952 ritus,
855 1863 1054 1956 dequo
1078 1887 1301 1957 Vigilius
1319 1888 1444 1957 agit,
1473 1886 1612 1939 haud
1644 1885 1808 1940 dubie

1926 1863 2083 1921 aliine
2111 1876 2190 1921 est
2214 1866 2355 1936 quod
2393 1865 2660 1921 Caesarius
2687 1870 2736 1922 in
2767 1880 3015 1920 sermone
3051 1865 3153 1919 281
3199 1863 3510 1935 appendicis

215 1975 534 2032 Gelasianus
573 1989 724 2033 erat:
751 1995 906 2049 quem
939 1979 1164 2048 proinde
1211 1979 1407 2032 saeculo
1438 1994 1489 2032 v1
1531 1977 1808 2047 provincia

213 2069 408 2125 saltem
444 2071 779 2125 Bracarensis
811 2073 1027 2141 recepit.
1059 2071 1130 2126 At
1155 2086 1279 2126 cum
1310 2070 1585 2125 Toletanis
1614 2070 1808 2125 conci-

216 2160 309 2216 riis
339 2177 394 2216 Ill
421 2172 472 2216 et
503 2178 555 2216 iv
583 2162 932 2218 Bracarenses
975 2164 1209 2233 episcopi
1264 2162 1633 2217 interfuissent
1659 2206 1674 2229 ,
1709 2177 1808 2217 no-

219 2269 347 2309 vum
379 2255 536 2310 ritum
566 2256 621 2310 in
653 2257 729 2311 eis
764 2259 1131 2326 praescriptum
1181 2257 1420 2311 Romano
1447 2257 1530 2326 (ut
1575 2255 1806 2311 credere

223 2363 324 2420 par
352 2349 457 2420 est)
496 2351 864 2418 praetulerunt.
901 2352 967 2405 Et
1011 2350 1456 2422 quemadmodum
1495 2350 1722 2422 hymnos
1750 2365 1817 2406 ex

222 2452 410 2499 sancto
458 2443 692 2510 Hilario,
744 2445 821 2500 sic
869 2445 1028 2500 etiam
1079 2460 1235 2500 suum
1266 2444 1495 2502 fortasse
1535 2446 1697 2500 ritum
1751 2461 1818 2501 ex

229 2534 504 2591 Gallorum
537 2535 832 2591 imitatione
862 2548 1186 2607 acceperunt
1217 2538 1457 2605 Hispani.
1486 2537 1586 2593 Ubi
1611 2554 1820 2594 memo-

231 2628 369 2685 riam
399 2629 542 2683 subit
573 2629 769 2686 lactum
800 2631 975 2701 magni
1003 2629 1220 2685 Caesarii
1253 2630 1492 2699 episcopi
1529 2631 1817 2685 Arelaten-

239 2721 339 2787 sis,
367 2723 456 2792 qui
484 2740 503 2775 α
535 2738 628 2792 per
659 2723 866 2778 Italiam
897 2732 951 2778 et
981 2723 1289 2792 Hispaniam
1321 2741 1340 2774 ›
1374 2721 1618 2776 ιιυιηίιὶεδ
1641 2737 1822 2778 sacras

242 2815 490 2871 distribui
519 2817 749 2882 curavit,
783 2816 887 2887 33
919 2835 937 2869 ι
979 2827 1036 2870 ut
1066 2816 1320 2886 projectis
1344 2816 1504 2870 rebus
1537 2814 1744 2869 lrivolis
1767 2823 1823 2870 et

247 2908 486 2976 caducis,
514 2909 662 2978 juxta
707 2910 1020 2981 Apostolum
1047 2952 1062 2976 ,
1094 2912 1352 2966 bonorum
1382 2927 1603 2982 Operam
1635 2914 1826 2968 tierent

233 3011 544 3068 sectatores,
581 3023 599 3056 ι
618 3019 680 3059 ex
698 3005 813 3072 ejus
843 3003 979 3060 Vitae
1008 3005 1144 3060 libro
1173 3006 1363 3075 primo,
1396 3021 1544 3061 num.
1578 3006 1672 3061 51.

311 3117 396 3173 12.
440 3117 496 3173 1η
528 3120 760 3174 concilio
784 3119 1042 3176 Toletano
1066 3135 1119 3174 iv
1143 3121 1386 3188 quaedam
1411 3121 1824 3178 constitutiones

238 3208 394 3265 facta:
429 3224 584 3279 sunt,
633 3227 857 3282 quarum
895 3213 1338 3268 commemoratio
1393 3215 1514 3269 huic
1560 3215 1678 3270 loco
1709 3230 1815 3269 non

249 3320 434 3374 parum
465 3306 733 3361 conducit.
764 3305 980 3362 Canone
1009 3308 1064 3360 ll
1099 3317 1315 3363 cavetur
1345 3307 1569 3362 Alleluia
1598 3308 1649 3362 in
1680 3308 1822 3376 Qua-

240 3398 533 3471 dragesima
565 3400 671 3455 dici
702 3419 714 3453 :
740 3409 792 3456 et
819 3416 1024 3456 canone
1058 3402 1119 3454 l2
1149 3401 1349 3455 Laudes
1379 3411 1490 3472 post
1518 3400 1822 3473 Apostolum

240 3489 498 3543 decantari
513 3533 528 3557 ,
560 3492 858 3560 priusquam
883 3491 1218 3564 Erangelium
1246 3493 1566 3560 prtedicetur,
1592 3494 1716 3547 dum
1736 3509 1824 3547 ca-

241 3599 397 3638 nones
439 3585 738 3655 prmeipiunt
790 3595 900 3654 post
942 3586 1272 3655 Apostolum,
1303 3602 1402 3638 non
1433 3584 1674 3650 Laudes,
1734 3587 1824 3641 sed

255 3670 584 3743 Erangelium
621 3676 938 3728 annuntiari.
969 3676 1184 3730 Garsias
1216 3674 1419 3730 Loiaisa
1447 3676 1683 3730 Laudum
1717 3693 1824 3731 no-

255 3767 400 3822 mine
430 3767 678 3837 intelligit
710 3767 962 3838 hymnum
991 3768 1148 3821 trium
1182 3783 1486 3836 puerorum.
1521 3778 1590 3823 At
1617 3778 1821 3824 certum

250 3874 330 3914 εει
360 3860 587 3916 Alleluia
617 3861 902 3931 sigmlicari
954 3860 1056 3917 hoc
1096 3861 1231 3918 loco.
1263 3862 1494 3916 Isidorus
1523 3862 1590 3918 de
1627 3863 1824 3920 divinis

245 3950 443 4007 Ofﬁciis
470 3967 592 4022 cap.
645 3950 728 4006 15.
767 3971 786 4006 ‹
821 3953 1028 4010 Laudes
1051 3996 1064 4018 ,
1101 3954 1270 4022 inquit
1293 3995 1307 4017 ,
1339 3954 1440 4009 hoc
1471 3963 1556 4010 est
1597 3956 1824 4012 Alleluia

249 4058 462 4100 canere.
501 4063 522 4097 s
563 4044 632 4098 Et
659 4045 957 4115 signantius
989 4044 1316 4100 Walal’ridus
1346 4046 1571 4101 Strabus
1614 4049 1666 4102 in
1702 4063 1820 4120 cap.

243 4135 314 4190 22
338 4154 352 4190 :
385 4155 404 4188 ι
441 4134 798 4208 Responsoria
826 4147 880 4193 et
911 4138 1156 4202 Alleluia,
1182 4154 1299 4205 quae
1319 4149 1444 4193 ante
1473 4139 1824 4210 Evangelium

249 4237 555 4294 cantantur,
590 4228 784 4285 deinde
808 4229 1055 4300 adjuncta
1087 4231 1354 4299 videntur,
1382 4243 1660 4302 postquam
1688 4233 1826 4290 anti-

256 4323 448 4392 pbonae
477 4321 543 4376 ad
573 4322 868 4392 ingressum
900 4323 1004 4378 dici
1031 4324 1386 4392 exSpirarunt.
1414 4327 1541 4392 Quae
1562 4337 1616 4380 et
1644 4327 1828 4381 viden-

251 4425 335 4471 tur
365 4417 645 4486 prohibitae
669 4419 963 4473 canonibus
991 4419 1372 4488 ﬂiSpanorum,
1403 4421 1490 4490 qui
1521 4422 1678 4492 longo
1708 4430 1829 4491 post

257 4516 498 4577 tempore
532 4517 655 4564 sunt
683 4510 978 4565 constituti.
1012 4513 1067 4567 In
1101 4511 1202 4566 illis
1230 4515 1372 4568 enim
1397 4513 1612 4583 juletur
1642 4530 1708 4570 ne
1729 4514 1827 4568 ali-

253 4601 368 4672 quis
401 4601 628 4671 hymnus
659 4601 796 4656 inter
824 4604 1105 4657 lectionem
1136 4605 1482 4672 apostolicam
1511 4615 1566 4659 et
1593 4620 1828 4675 evange-

253 4693 408 4750 licam
433 4695 488 4751 in
511 4696 698 4750 ordine
723 4698 901 4750 missae
925 4709 1168 4766 ponatur.
1209 4717 1227 4750 ι
1263 4700 1331 4753 At
1357 4699 1571 4768 quinam
1598 4713 1830 4754 canones

257 4794 382 4842 ante
422 4788 710 4843 concilium
753 4805 805 4841 tv
853 4789 1166 4844 Toletanum
1219 4790 1270 4844 id
1313 4801 1525 4858 vetent,
1561 4791 1683 4846 alibi
1726 4806 1828 4847 non

254 4877 396 4948 lego.
427 4878 614 4934 Canon
658 4882 724 4935 15
754 4879 902 4949 rejici
943 4890 1086 4936 vetat
1117 4881 1346 4952 hymnos
1377 4882 1426 4936 in
1459 4882 1666 4936 laudem
1695 4881 1827 4951 Dei,

250 4979 411 5040 atque
442 4976 803 5042 apostolorum
830 4984 882 5029 et
911 4986 1206 5046 martyrum
1238 4976 1465 5030 humano
1495 4977 1662 5030 studio
1687 4992 1834 5032 com-

251 5063 452 5137 positos
477 5082 491 5119 :
517 5064 662 5120 Sicut
679 5068 871 5138 hiquos
894 5067 1169 5122 beatissimi
1192 5070 1417 5122 doctares
1435 5067 1669 5123 Hilarius
1686 5079 1834 5136 atque

262 5157 558 5212 Ambrosius
584 5160 874 5216 ediderunt.
909 5160 1048 5228 Quos
1077 5170 1247 5215 tamen
1292 5163 1502 5232 quidam
1548 5161 1834 5232 specialiter

257 5252 547 5321 reprobant,
581 5268 673 5323 pro
704 5269 760 5306 eo
789 5254 925 5323 quod
957 5254 1017 5306 de
1047 5252 1328 5322 Scripturis
1357 5263 1652 5309 sanctorum
1679 5271 1835 5308 cano-

256 5358 378 5396 num
404 5344 482 5396 vel
509 5344 789 5411 apostolica
815 5345 1091 5398 traditione
1131 5362 1230 5397 non
1258 5346 1528 5399 exsistunt.
1565 5346 1658 5401 Hic
1689 5347 1835 5402 locus

267 5443 506 5503 Spectare
537 5435 748 5489 videtur
776 5451 1034 5491 canonetn
1073 5436 1132 5489 12
1161 5436 1369 5490 concilii
1403 5453 1437 5491 ιι
1467 5438 1832 5504 Bracarensis,

269 5525 320 5580 in
349 5540 454 5592 quo
481 5526 749 5595 ejusmodi
781 5529 960 5600 hymni
991 5527 1361 5596 reprobantur,
1386 5529 1460 5581 uti
1484 5529 1646 5582 etiam
1676 5530 1728 5584 in
1757 5544 1838 5584 re-

274 5617 390 5684 gula
421 5627 725 5673 sanctorum
758 5619 908 5674 Pauli
939 5633 992 5674 et
1029 5619 1284 5688 Stephani
1328 5633 1480 5686 caput
1509 5620 1593 5674 15.
1623 5621 1840 5675 Addunt

264 5704 447 5762 I‘atres
478 5708 531 5763 in
579 5711 767 5766 eodem
799 5727 1004 5767 canone
1036 5711 1103 5768 12
1130 5731 1143 5767 :
1171 5712 1428 5780 Respuant
1465 5729 1583 5783 ergo
1611 5724 1656 5766 et
1693 5713 1841 5767 illum

261 5800 504 5871 hymnum
534 5804 594 5856 ab
612 5806 906 5860 hominibus
931 5806 1286 5876 compositum,
1311 5821 1461 5874 quem
1488 5804 1713 5878 quotidie
1745 5823 1841 5874 pu-

261 5894 386 5949 blico
421 5896 717 5968 privatoque
746 5898 909 5968 ofﬁcio
938 5899 988 5951 in
1017 5898 1116 5967 ﬁne
1148 5898 1372 5953 omnium
1417 5896 1731 5969 psalmorum
1761 5897 1841 5954 di-

1920 1957 1988 2013 ad
2036 1973 2237 2012 novam
2285 1957 2574 2012 editionem
2623 1973 2930 2013 sermonum
2973 1955 3254 2026 Augustini
3324 1956 3510 2011 tideles

1927 2061 2131 2117 monet,
2161 2061 2217 2104 ut
2243 2049 2334 2120 qui
2359 2050 2470 2103 vult
2493 2050 2709 2104 missam
2739 2068 2758 2101 ι
2787 2050 3147 2120 ad'integrum
3173 2047 3502 2111 celebrare,»

1933 2141 1985 2196 id
2020 2151 2102 2197 est
2139 2142 2327 2196 audire
2347 2183 2363 2212 ,
2403 2159 2423 2193 α
2455 2156 2733 2212 usquequo
2766 2143 2939 2196 oratio
2968 2141 3244 2197 Dominica
3274 2141 3508 2207 dicatur,

1931 2241 1988 2287 et
2034 2231 2336 2288 benedictio
2371 2233 2566 2303 populo
2607 2232 2785 2295 detur,
2820 2252 2839 2286 ι
2868 2248 2929 2288 se
2974 2234 3024 2287 in
3067 2233 3293 2288 ecclesia
3336 2231 3511 2288 conti-

1925 2334 2070 2382 neat.
2095 2327 2225 2394 Qua:
2246 2326 2548 2383 benedictio
2576 2344 2596 2380 ‹
2627 2328 2904 2398 praemissa
2926 2328 3165 2383 oratione
3187 2325 3458 2384 Dominica
3487 2345 3508 2379 ο

1931 2420 2046 2475 dari
2075 2421 2274 2476 dicitur
2301 2421 2354 2477 in
2400 2435 2652 2477 sermone
2677 2425 2943 2491 sequenti.
2974 2420 3086 2476 Huc
3124 2429 3330 2491 spectat
3369 2420 3513 2491 quod

1935 2512 2124 2582 legitur
2162 2512 2217 2567 in
2265 2511 2360 2567 lib.
2389 2527 2407 2567 ι
2432 2513 2498 2567 de
2524 2513 2764 2584 ejusdem
2807 2511 3025 2567 Cresarii
3058 2512 3176 2567 Vita
3221 2529 3371 2568 num.
3404 2511 3510 2570 H:

1937 2622 1958 2657 ι
1989 2604 2117 2661 Post
2142 2606 2258 2660 haec
2281 2607 2512 2677 quadam
2543 2607 2628 2663 die
2655 2607 2986 2679 prospiciens
3009 2607 3077 2663 de
3120 2608 3347 2675 altario,
3383 2607 3517 2664 vidit

1931 2699 2142 2770 aliquos
2171 2700 2323 2756 lectis
2355 2701 2656 2772 Evangeliis
2683 2701 2752 2758 de
2779 2701 3009 2758 ecclesia
3049 2704 3187 2758 loras
3211 2703 3386 2766 exire,
3418 2703 3516 2772 qui

1923 2794 2148 2850 verbum
2179 2794 2322 2849 beati
2357 2793 2503 2861 Viri,
2537 2795 2590 2850 id
2630 2805 2712 2850 est
2749 2795 3184 2866 praedicationem
3205 2841 3220 2863 ,
3263 2797 3517 2866 dedigna-

1926 2889 2121 2945 bantur
2145 2890 2199 2944 in
2228 2890 2765 2962 primojcognoscere.
2790 2891 2936 2947 Illico
2956 2908 3247 2948 occurrens
3269 2893 3519 2948 clamavit

1933 2983 1998 3037 ad
2029 2984 2283 3054 populum
2313 2998 2330 3038 :
2355 2983 2494 3049 Quid
2525 2984 2702 3054 agitis,
2731 2999 2763 3038 ο
2790 2984 2922 3039 lilii?
2952 2985 3070 3052 Quo
3099 2985 3351 3041 ducimiui
3377 2985 3518 3040 foras

1936 3077 2078 3130 mala
2111 3077 2360 3131 suasione
2391 3076 2674 3132 subversi?
2704 3077 2852 3133 State
2881 3093 2976 3148 pro
3008 3079 3287 3134 animabus
3327 3078 3518 3133 vestris

1931 3169 1998 3224 ad
2030 3169 2252 3224 verbum
2283 3171 2684 3236 admonitionis,
2717 3181 2771 3226 et
2806 3172 2989 3227 audite
3017 3173 3252 3228 solliciti.
3283 3173 3393 3228 Hoc
3419 3187 3514 3227 vo-

1846 3258 1895 3324 C
1927 3261 2009 3317 bis
2037 3261 2090 3315 in
2119 3263 2205 3316 die
2237 3260 2418 3331 iudicii
2453 3261 2627 3318 tacere
2658 3277 2765 3316 non
2804 3263 3002 3318 licebit.
3036 3263 3225 3319 Moneo
3251 3273 3307 3319 et
3333 3264 3514 3320 clamo

1930 3353 2317 3424 obtestorque;
2352 3368 2456 3408 non
2487 3370 2616 3424 ergo
2645 3364 2817 3410 estote
2843 3356 3049 3426 fugitivi
3080 3358 3161 3412 vel
3185 3358 3356 3412 surdi.
3380 3359 3520 3414 Ecce

1928 3446 2038 3502 oris
2065 3446 2171 3501 mei
2198 3445 2445 3511 buccina,
2470 3446 2623 3516 quasi
2649 3449 2824 3502 anima
2848 3447 3109 3519 cujusque
3131 3462 3370 3504 vestrum
3403 3451 3520 3504 iue-

1925 3537 1998 3593 rit
2025 3537 2225 3593 diaboli
2261 3553 2517 3593 mucrone
2543 3549 2837 3608 perempta.
2873 3539 2990 3595 Non
3033 3541 3257 3596 tenebor
3284 3542 3352 3598 de
3383 3543 3517 3599 taci-

1929 3633 2182 3686 turnitate
2231 3632 2531 3702 culpabilis.
2585 3633 2666 3688 0b
2716 3633 2814 3689 hoc
2863 3633 3160 3704 saepissime
3210 3637 3344 3690 ostia
3399 3643 3522 3705 post

1928 3722 2210 3793 Evangelia
2240 3723 2415 3777 claudi
2466 3724 2592 3777 fecit
2619 3765 2634 3790 ,
2666 3725 2838 3780 donec
2884 3723 2996 3780 Deo
3040 3725 3251 3782 volente
3289 3726 3521 3798 gratula-

1926 3828 2114 3873 rentur
2145 3818 2250 3889 35
2275 3816 2608 3873 coercitione
2634 3829 2688 3873 et
2717 3829 2987 3888 provectu,
3020 3820 3110 3891 qui
3137 3821 3349 3878 fuerant
3387 3831 3514 3879 ante

1930 3907 2158 3979 fugitivi.
2199 3927 2219 3960 ι

2006 4025 2095 4080 14.
2141 4024 2293 4079 Hunc
2317 4023 2492 4079 locum
2523 4023 2788 4097 integrum
2814 4027 2991 4095 retuli,
3020 4038 3131 4084 tum
3153 4031 3275 4102 quia
3297 4029 3521 4102 insignis

1942 4125 2046 4184 est,
2081 4127 2187 4172 tum
2221 4127 2278 4171 ut
2305 4129 2558 4187 appareat
2585 4120 2750 4174 moris
2781 4119 2942 4177 luisse
2978 4121 3210 4178 Cresario
3231 4164 3247 4188 ,
3275 4123 3426 4181 lectis
3452 4124 3520 4182 ad

1928 4211 2147 4268 missam
2177 4211 2485 4280 Evangeliis
2511 4256 2525 4280 ,
2559 4226 2862 4268 sermonem
2889 4215 2955 4268 ad
3003 4215 3255 4286 populum
3297 4216 3517 4273 habere.

1928 4307 2048 4362 Non
2079 4306 2251 4361 solum
2284 4315 2461 4362 autem
2500 4307 2552 4361 in
2593 4308 2864 4377 provincia
2890 4309 3221 4376 Arelatensi,
3251 4312 3346 4368 sed
3377 4321 3431 4366 et
3458 4311 3511 4367 in

1929 4401 2050 4456 aliis
2071 4400 2365 4455 invaluerat
2395 4415 2554 4468 prava
2589 4399 2702 4456 haec
2722 4403 3076 4464 consuetudo,
3109 4411 3169 4456 ut
3195 4413 3312 4472 post
3335 4404 3516 4457 Evan-

1931 4493 2128 4565 gelium
2177 4491 2415 4548 nonnulli
2466 4491 2702 4548 ﬁdelium
2743 4501 2866 4548 ante
2911 4494 3127 4548 missam
3158 4493 3518 4549 discederent.

1933 4591 2272 4656 Quapropter
2298 4585 2506 4640 diversa
2530 4584 2629 4640 hac
2649 4585 2716 4640 de
2738 4601 2796 4641 re
2823 4588 2875 4640 in
2897 4587 3139 4642 conciliis
3165 4595 3362 4642 statuta
3394 4602 3522 4642 con-

1863 4661 1912 4722 ί)
1936 4682 2044 4736 dita
2067 4687 2210 4747 sunt,
2237 4693 2431 4749 nempe
2452 4680 2502 4733 in
2529 4679 2819 4748 Agutbensi
2838 4694 3042 4734 canone
3067 4680 3167 4744 47;
3196 4681 3248 4734 in
3272 4680 3515 4736 Auue'ia-

1934 4775 2090 4831 nensi
2115 4774 2284 4843 primo
2304 4788 2513 4829 canone
2531 4773 2602 4828 26
2621 4815 2636 4840 ,
2661 4787 2712 4828 et
2739 4773 2790 4828 in
2815 4775 2996 4838 tertio,
3016 4789 3223 4829 canone
3241 4773 3331 4826 29.
3354 4773 3522 4841 Cujus

1936 4867 2052 4923 hate
2081 4867 2275 4922 verba:
2307 4865 2382 4918 De
2421 4865 2591 4917 missis
2631 4863 2808 4916 nullus
2840 4864 3086 4917 laicorum
3107 4873 3227 4916 ante
3256 4863 3520 4928 discedat,

1934 4975 2088 5028 quam
2122 4956 2394 5010 Dominica
2422 4956 2627 5007 dicatur
2671 4956 2869 5020 oratio;
2904 4965 2948 5008 et
2978 4955 3023 5008 si
3055 4956 3326 5027 episcopus
3367 4956 3520 5027 fuerit

1935 5073 2192 5130 prwsens,
2239 5058 2350 5129 ejus
2391 5055 2672 5110 benedictio
2707 5064 3047 5127 exspectetur.
3090 5053 3415 5110 Walafridus
3466 5053 3516 5109 id

1943 5152 2320 5219 interpretatur
2345 5153 2412 5206 de
2441 5151 2683 5206 oratione
2707 5193 2725 5220 ,
2763 5167 2882 5220 quae
2923 5161 3043 5221 post
3085 5149 3520 5206 communionem

1941 5246 2160 5300 dicitur.
2201 5246 2269 5299 At
2313 5253 2610 5314 repugnant
2639 5245 2802 5298 verba
2845 5244 3057 5299 concilii
3089 5241 3362 5304 Toletani.
3396 5242 3527 5295 alio-

1943 5352 2190 5408 rumque.
2235 5335 2290 5391 ln
2340 5337 2536 5392 Missali
2601 5335 2932 5393 Mozarabieo
2977 5334 3281 5392 benedictio
3332 5334 3530 5399 ubique

1943 5433 2305 5490 communioni
2350 5433 2711 5503 praemittitur,
2744 5432 2978 5501 itemque
3008 5431 3059 5485 in
3087 5429 3360 5485 Gallicano
3406 5443 3530 5499 pas-

1945 5527 2047 5581 sim
2077 5525 2214 5594 apud
2247 5524 2593 5580 'l‘homasium
2620 5542 2635 5580 :
2661 5536 2715 5581 et
2756 5525 3013 5580 hactenus
3061 5521 3367 5578 benedictio
3413 5522 3529 5592 epi-

1947 5618 2179 5685 scopalis
2201 5625 2327 5673 ante
2354 5619 2786 5673 communionem
2805 5619 2982 5671 datur.
3005 5613 3212 5685 Quippe
3236 5616 3436 5672 licebat
3453 5613 3526 5670 iis

1947 5711 2038 5781 qui
2070 5725 2172 5768 non
2203 5711 2686 5776 communicabant,
2719 5719 2936 5780 accepta
2959 5709 3365 5779 benedictione,
3395 5717 3525 5765 ante

1948 5806 2379 5862 communionem
2409 5781 2709 5872 discedere,
2740 5813 2799 5861 ut
2826 5820 2893 5860 ex
2919 5806 3189 5877 praedictis
3215 5806 3345 5862 locis
3373 5803 3531 5860 intel-

1952 5897 2133 5970 ligitur
2164 5914 2178 5952 :
2213 5906 2370 5970 atque
2396 5897 2524 5956 hinc
2548 5906 2692 5970 patet
2730 5913 2837 5956 non
2860 5913 3050 5958 omnes
3076 5899 3172 5971 qui
3197 5908 3326 5958 tunc
3353 5895 3533 5957 missa:
