4108 6352
538 234 637 294 131

1222 230 1565 292 APPENDIX
1606 230 1700 291 AD
1739 228 1969 289 OPERA
2007 225 2255 285 SANCTI
2295 226 2604 285 GERMANI
2646 226 3089 287 PARISIENSIS.

530 352 772 419 aderant,
791 352 844 406 in
861 350 1055 408 eadem
1071 352 1501 407 communionem
1532 344 1825 415 accepisse.
1843 343 1953 399 lmo
1976 356 2107 397 vero
2136 341 2186 402 Α
2217 320 2515 395 Missalibus
2532 340 2823 419 Gallicanis
2845 340 2982 410 apud
3005 337 3355 394 Thoinasium
3373 346 3605 393 vocatur
3622 339 3827 409 populi

529 447 785 502 diaconus
832 446 956 501 ante
1002 442 1430 501 communionem
1485 445 1717 499 clamare
1772 436 2016 496 solebat:
2050 435 2113 494 Si

529 541 639 605 quis
669 546 769 592 non
797 536 1163 603 communicat,
1218 538 1301 590 (ἵει
1339 537 1507 591 locum
1527 577 1543 605 ,
1591 532 1821 590 testante
1850 528 2115 603 Gregorio

533 628 721 700 Magno
745 631 797 686 in
831 630 921 685 lib.
955 644 992 685 ιι
1018 629 1379 701 Dialogorum,
1412 644 1529 696 cap.
1564 627 1650 692 23,
1683 614 1825 697 quod
1856 640 1961 680 non
1995 632 2114 678 tan-

531 736 641 782 tum
670 722 733 781 de
764 725 1166 795 pmnitentibus,
1198 723 1291 779 sed
1319 723 1480 781 etiam
1520 719 1586 778 de
1626 718 1902 791 quibusvis
1942 719 2064 775 aliis
2090 758 2111 785 ,

530 817 619 889 qui
674 828 779 874 non
832 814 1325 881 communicabant,
1384 814 1787 887 intelligendum
1836 810 2117 869 existimo.

535 911 699 966 Porro
731 908 888 965 miSsa
919 909 1133 975 expleta
1163 908 1483 965 censebatur
1503 916 1626 962 ante
1647 904 2113 973 communionem,

532 1008 589 1058 ut
618 998 775 1058 docet
812 1000 1100 1074 Gregorius
1138 998 1467 1056 Turonensis
1496 996 1720 1054 antistes
1753 998 1805 1053 in
1840 996 1935 1054 lib.
1970 1014 2009 1053 ιι
2038 996 2110 1053 de

532 1090 796 1151 iraculis
826 1090 994 1149 sancti
1026 1090 1267 1155 Martini,
1294 1106 1411 1157 cap.
1440 1088 1542 1145 t7:
1570 1109 1588 1141 ι
1613 1086 1857 1160 Cumque
1880 1089 2113 1157 expletis

532 1188 731 1251 missis,
766 1186 992 1257 populus
1026 1186 1277 1254 coepisset
1318 1188 1719 1239 sacrosanctum
1761 1178 1957 1253 corpus
1998 1180 2107 1237 Re-

532 1278 820 1349 demptoris
860 1276 1132 1348 accipere,
1166 1304 1184 1331 ο
1222 1280 1325 1334 etc.
1368 1270 1669 1348 Cyprianus
1713 1258 1780 1331 ad
1826 1272 1947 1330 enm
1999 1272 2115 1331 fere

532 1370 743 1430 modum
775 1368 882 1446 36
912 1374 1144 1444 IdQuitur
1168 1372 1221 1427 in
1255 1370 1390 1427 libro
1421 1370 1487 1426 de
1520 1362 1705 1439 Lapsis
1732 1388 1743 1423 :
1780 1388 1798 1421 ι
1838 1352 1941 1426 Ubi
1959 1384 2113 1434 vero,

532 1466 853 1522 solemnibus
876 1460 1201 1535 adimpletis,
1223 1464 1445 1519 calicem
1477 1462 1735 1516 diaconus
1758 1458 1952 1516 offerre
1976 1477 2115 1532 prte-

532 1558 769 1615 sentihus
818 1560 999 1629 coepit,
1039 1577 1057 1610 ι
1091 1566 1195 1611 etc.
1228 1557 1496 1624 Quantum
1550 1571 1709 1625 porro
1753 1554 1972 1609 duraret
2004 1568 2113 1609 saa-

532 1653 649 1707 culo
681 1658 733 1705 vi
763 1651 939 1705 missae
964 1646 1277 1710 celebratio,
1310 1646 1548 1702 declarat
1577 1645 1844 1702 Caesarius
1870 1649 1920 1701 in
1953 1655 2112 1702 utro-

532 1758 630 1815 que
657 1752 905 1800 sermone
953 1742 1305 1813 przrlaudato,
1350 1736 1435 1797 ubi
1487 1742 1590 1807 ait,
1638 1740 1818 1797 divina
1860 1740 2115 1813 mysteria
2147 1730 2196 1789 Β

533 1854 557 1891 e
592 1838 746 1891 unius
779 1832 861 1892 ‘vel
890 1828 1111 1891 duarum
1145 1836 1393 1889 horarum
1426 1834 1599 1903 spatio
1632 1853 1649 1886 ι
1684 1842 1896 1903 peracta
1922 1831 2112 1889 fuisse.

534 1927 684 1986 Unde
714 1930 764 1983 in
793 1940 1040 1983 sermone
1087 1927 1407 1998 praecedenti
1453 1924 1800 1996 reprehendit
1850 1927 2117 1997 qumdau

535 2022 774 2077 homines
840 2028 1233 2090 praepotentes,
1293 2016 1383 2089 qui
1442 2017 1780 2089 presbyteros
1835 2019 2105 2089 cogebant

537 2131 558 2165 ι
589 2113 804 2169 missam
832 2112 1163 2168 abbreviare.
1202 2129 1221 2163 ι
1658 2096 1661 2101 ’

1153 2200 1382 2277 CAPUT
1424 2220 1490 2276 v.

534 2316 706 2394 lfissw
734 2337 1019 2392 Gallicana:
1039 2346 1209 2405 partes
1234 2335 1536 2405 singillatim
1554 2334 1881 2400 explicantur
1900 2351 1967 2389 ea
1988 2332 2125 2388 Gred

636 2410 777 2479 goria
812 2406 1091 2462 Turonensi
1116 2411 1375 2477 episcopo,
1397 2406 1613 2476 aliisque
1640 2408 2001 2461 monumentis.

608 2530 659 2581 ι.
701 2527 821 2581 Haec
863 2526 1041 2580 missae
1088 2523 1383 2579 Gallicanae
1425 2537 1545 2577 cum
1593 2522 1956 2585 Mozarabica,
1998 2535 2121 2592 quae

536 2634 780 2690 magnam
806 2633 925 2696 cum
957 2632 1017 2672 ea
1051 2616 1134 2685 (ut
1161 2616 1476 2685 praedictum
1521 2614 1629 2683 est)
1664 2613 1983 2668 affinitatem
2015 2614 2109 2665 ba-

536 2712 656 2776 bet,
687 2709 1018 2780 comparatio
1048 2709 1159 2764 visa
1188 2716 1274 2764 est
1310 2707 1411 2762 hoc
1443 2708 1560 2763 loco
1592 2708 1899 2762 necessaria
1928 2724 1940 2758 :
1975 2718 2121 2759 nunc

538 2814 663 2857 vero
689 2799 812 2871 quid
842 2815 908 2855 ex
948 2800 1242 2855 Gallicanis
1290 2798 1675 2866 monumentis,
1711 2798 2011 2865 praesertim
2058 2810 2125 2850 ex

538 2891 796 2963 Gregorio
827 2891 1125 2947 Turonensi
1169 2891 1409 2947 antistite
1449 2893 1516 2947 de
1565 2890 1840 2946 Gallicana
1884 2890 2123 2961 Liturgia

539 2987 787 3058 colligere
819 2986 977 3041 nobis
1008 2986 1175 3050 licuit,
1201 2986 1577 3056 exponendum
1603 2996 1706 3041 est.

607 3077 662 3133 2.
696 3080 750 3132 In
779 3080 1027 3133 omnibus
1055 3078 1307 3148 Liturgiis
1338 3080 1496 3133 missa
1548 3077 1839 3147 incipiebat
1872 3077 1945 3132 ab
1977 3076 2118 3132 auti-

540 3174 716 3243 phona
739 3172 990 3245 quadam.
1010 3172 1164 3228 Unde
1193 3172 1354 3240 liber,
1378 3171 1464 3241 qui
1496 3170 1761 3241 ejusmodi
1786 3184 1977 3226 versus
1996 3184 2129 3225 con-

542 3266 711 3329 tinet,
740 3265 1187 3339 Antiphonarium
1234 3279 1261 3317 a
1313 3264 1518 3320 Joanne
1556 3264 1793 3320 Diacono
1821 3274 2041 3318 vocatur
2065 3264 2121 3315 in

546 3352 662 3407 Vita
692 3348 932 3422 Gregorii
974 3352 1167 3423 Magni.
1194 3352 1269 3407 De
1295 3351 1376 3408 his
1405 3353 1715 3422 antiphonis
1739 3392 1757 3418 ,
1783 3366 1915 3417 quas
1964 3350 2125 3406 modo

542 3438 797 3499 introitus
824 3444 1152 3511 appellamus
1172 3484 1187 3507 ,
1216 3444 1677 3513 interpretandum
1702 3442 1914 3497 videtur
1938 3441 2126 3496 conci-

542 3537 668 3591 lium
700 3535 1005 3607 Agathense
1028 3536 1150 3589 anni
1180 3534 1305 3599 506,
1338 3548 1546 3589 canone
1567 3534 1676 3589 30:
1712 3532 1779 3586 Et
1797 3534 1919 3603 quia
1950 3548 2134 3587 conve-

544 3628 615 3681 nit
646 3628 878 3680 ordinem
908 3624 1150 3679 Ecclesiae
1180 3625 1243 3678 ab
1274 3626 1506 3677 omnibus
1546 3625 1807 3694 aequaliter
1835 3623 2120 3688 custodiri,

544 3718 847 3775 studendum
877 3728 970 3785 est,
1000 3728 1053 3771 ut
1084 3720 1215 3771 sicut
1245 3718 1429 3785 ubique
1455 3717 1511 3785 fit
1535 3757 1551 3781 ,
1580 3727 1626 3770 et
1658 3724 1771 3783 post
1812 3717 2131 3784 antiphonas

548 3810 879 3865 Collectitmes
916 3804 977 3862 ab
1021 3810 1269 3879 episc0pis
1314 3809 1389 3861 vel
1420 3808 1727 3878 presbyteris
1776 3809 2036 3861 dicantur.
2080 3807 2134 3861 Id

553 3904 765 3971 generis
794 3901 972 3955 forsan
1004 3909 1121 3955 erat
1144 3902 1232 3955 illa
1261 3900 1576 3969 antiphona,
1603 3916 1759 3969 quam
1782 3917 1843 3955 ea:
1864 3900 2136 3969 improviso

554 3995 888 4049 Primic'eritts
906 3994 1169 4063 imposuit,
1197 4010 1315 4048 cum
1342 3994 1489 4050 missi
1520 3994 1775 4049 Clodovei
1809 3994 1977 4064 Magni
2006 4009 2137 4048 con-

554 4099 635 4143 tra
668 4088 933 4143 AlariCum
968 4086 1233 4157 pergentis
1280 4088 1550 4141 basilicam
1593 4089 1763 4142 sancti
1800 4089 2010 4143 Martini
2049 4088 2136 4141 in-

553 4180 722 4249 gressi
763 4186 915 4244 sunt,
978 4179 1300 4247 exploraturi
1351 4178 1453 4250 37
1507 4196 1572 4233 an
1624 4178 1790 4234 Deum
1846 4180 2133 4250 propitium

554 4272 830 4325 habiturus
872 4282 1042 4337 esset,
1076 4286 1137 4325 ex
1164 4270 1419 4339 Grcgmio
1447 4266 1745 4325 Turonensi
1790 4272 2044 4340 episcopo
2075 4273 2126 4325 ia

554 4363 647 4417 lib.
682 4374 738 4425 tt,
772 4374 889 4430 cap.
914 4362 1002 4415 59.
1030 4361 1328 4429 Antiphoua
1356 4362 1469 4416 inec
1491 4373 1605 4418 erat
1632 4380 1643 4413 :
1677 4360 2003 4417 Praecinxisti
2032 4379 2131 4431 me,

559 4453 797 4516 Domine,
820 4453 1001 4506 virtute
1024 4450 1086 4505 ab
1115 4452 1319 4519 bellum,
1354 4462 1457 4508 etc.

2220 424 2515 486 admonitio
2541 446 2568 483 a
2593 422 2874 486 sacerdote
2905 431 3042 486 facta
3071 430 3136 485 ad
3164 429 3305 486 diem
3337 431 3422 497 pie
3445 431 3829 501 exigendum;

2220 518 2430 593 qualem
2480 523 2530 578 in
2581 512 2915 578 Moiarabico
2961 529 3268 591 usurpatam
3320 522 3483 577 fuisse
3534 538 3603 577 ex
3645 523 3833 577 Beato

2225 610 2470 686 superius
2518 614 2767 670 vidimus.
2799 604 2889 671 Sic
2932 614 2985 669 iu
3031 613 3361 670 Mosarabico
3388 614 3453 668 ad
3482 614 3677 671 Natale
3712 614 3829 669 Do-

2220 706 2388 762 mini:
2428 705 2601 763 Hodie
2643 698 2787 761 nobis
2830 703 3098 761 thesaurus
3145 718 3296 762 natus
3330 706 3622 763 est:ltodie
3666 708 3827 763 nobis

2220 798 2427 855 lucerna
2462 796 2713 871 Virginis,
2740 804 2893 869 quam
2916 792 3141 869 Spiritu
3160 810 3367 852 sanctus
3384 800 3565 869 ignieit
3583 844 3599 865 ,
3631 815 3831 854 mune

2223 890 2397 946 tamen
2423 892 2697 960 apparuit,
2730 902 2837 946 etc.
2875 880 2928 945 In
2956 889 3184 946 Gothico
3204 905 3302 946 seu
3332 891 3610 947 Gallicana
3633 894 3693 948 in
3721 888 3829 950 die

2225 976 2430 1037 Natalis
2464 981 2671 1037 Domini
2697 981 2889 1038 similis
2915 976 3166 1037 Praefatio
3196 980 3386 1054 legitur
3410 993 3531 1054 post
3562 984 3821 1057 Evange-

2224 1076 2375 1131 lium‘.
2412 1058 2475 1130 Α(
2499 1072 2654 1130 initio
2683 1072 2862 1130 missae
2885 1073 2951 1130 ad
2972 1075 3113 1131 diem
3140 1076 3314 1131 sancti
3337 1058 3595 1147 Stephani
3622 1088 3829 1148 proto-

2221 1162 2474 1237 martyris
2503 1185 2513 1220 :
2546 1164 2901 1221 Venerabilem
2925 1176 3078 1237 atque
3094 1162 3359 1221 “Elimea!
3388 1168 3668 1225 beatissimi
3692 1188 3829 1241 πο-

2220 1260 2514 1331 tamartyris
2534 1256 2787 1329 Stephani
2806 1258 3093 1330 passionem
3119 1252 3274 1312 hodie
3291 1260 3625 1327 celebrantes,
3646 1262 3831 1318 Deu-

2224 1352 2527 1423 marlyrum,
2561 1346 2745 1421 fratres
2770 1348 3078 1419 charissimi,
3098 1350 3450 1426 deprecamur,
3472 1364 3578 1410 etc.
3606 1354 3829 1428 Ubique

2226 1448 2426 1501 deSinit
2448 1488 2462 1512 ,
2498 1444 2587 1515 per
2628 1442 2909 1501 Dominum
2949 1456 3174 1501 nostrum
3202 1445 3379 1521 Iesum
3413 1444 3701 1525 Christum.
3730 1448 3827 1506 Sic

2235 1539 2285 1594 in
2316 1536 2565 1593 omnibus
2592 1534 2704 1595 fere
2734 1540 2916 1595 missis
2946 1538 3185 1597 Gothicis
3218 1555 3313 1597 seu
3344 1524 3636 1596 Gallicanis
3666 1524 3824 1598 Prat-

2230 1633 2362 1689 fatio
2395 1634 2546 1688 initio
2578 1634 2810 1703 ponitur.
3336 1708 3339 1709 ν

2307 1724 2360 1783 4.
2397 1726 2546 1781 lianc
2576 1726 2877 1795 excipiebat
2906 1726 3067 1784 lectio
3092 1724 3411 1800 Prophetia.
3442 1712 3738 1800 Gregorius
3767 1731 3827 1788 in

2239 1817 2329 1875 lib.
2358 1835 2450 1874 vin
2486 1818 2725 1875 historia
2764 1812 3126 1890 Francorum,
3164 1836 3283 1893 cap.
3317 1804 3386 1877 'l:
3424 1842 3443 1875 ι
3483 1824 3833 1882 Αᾱνθιιίθυω

2224 1918 2437 1983 qboque
2458 1912 2545 1967 die
2575 1902 2683 1983 38
2722 1912 3000 1968 Dotninico
3041 1920 3137 1969 rex
3170 1913 3602 1970 Guntrhramnus
3643 1917 3828 1973 ecclo-

2230 2006 2364 2060 siam
2394 2004 2460 2059 a‘d
2492 1998 2780 2074 spectanda
2814 2004 3097 2063 missarum
3130 2009 3391 2064 solemnia
3418 2010 3571 2079 petit.
3599 2009 3825 2067 Fratres

2226 2110 2355 2150 vero
2382 2097 2904 2167 consacerdotesque
2944 2099 3031 2169 qui
3070 2100 3322 2167 aderant,
3356 2101 3530 2156 locum
3575 2101 3825 2157 Palladio

2227 2186 2479 2259 episcopo
2507 2190 2572 2244 ad
2601 2184 2802 2260 agenda
2831 2190 2962 2245 festa
2991 2194 3352 2261 prmhuerunt.
3377 2194 3493 2263 Quo
3525 2194 3827 2263 incipiente

2228 2282 2572 2351 Prophetiam
2593 2326 2605 2343 .
2639 2294 2729 2338 rex
2762 2282 3056 2357 interrogat
3084 2284 3203 2356 quis
3233 2296 3396 2341 esset.
3424 2287 3668 2356 Cumque
3692 2285 3819 2359 Pal-

2228 2370 2427 2429 ladlum
2473 2375 2780 2444 episcOpum
2836 2372 3075 2431 initiasse
3128 2370 3591 2446 pronuntiassent,
3630 2378 3827 2432 statim

2236 2476 2537 2522 commotus
2560 2482 2651 2522 rex
2673 2467 2767 2536 ait,
2792 2486 2811 2521 ι
2830 2476 2933 2523 etc.
2960 2462 3299 2539 Prophetiam
3328 2469 3508 2539 itaque
3530 2470 3827 2539 aliquando

2231 2560 2422 2626 lector,
2454 2560 2741 2630 aliquando
2784 2558 3032 2616 sacerdos
3079 2548 3474 2631 pronuntiabat.
3524 2561 3652 2616 Post
3690 2562 3829 2617 Pro-

2232 2650 2467 2719 phetiam
2498 2648 2742 2705 Psalmus
2781 2652 3173 2720 I'CSIlOI'lSOI'iUS,
3206 2653 3294 2723 qui
3324 2653 3537 2708 Tractui
3564 2668 3660 2731 seu
3683 2638 3829 2710 Gra-

2244 2743 2386 2799 dtiali
2421 2740 2681 2799 hodierno
2712 2745 3033 2813 respondet,
3066 2753 3295 2801 testante
3322 2744 3584 2819 Gregorio
3614 2748 3669 2801 in
3699 2748 3827 2802 liis-

2242 2837 2393 2891 toria:
2440 2832 2769 2891 Francorum
2831 2830 2919 2893 lib.
2968 2844 3093 2905 uti,
3152 2855 3269 2911 cap.
3306 2830 3381 2894 3:
3416 2858 3436 2892 ι
3473 2839 3682 2896 Interea
3709 2830 3824 2909 iam

2246 2929 2424 2985 medio
2470 2924 2676 2999 prandii
2724 2934 2975 2999 peracto,
3006 2928 3158 2999 jubet
3195 2947 3285 2987 rex
3321 2938 3379 2985 ut
3406 2924 3697 2987 diaconum
3726 2947 3827 2987 no-

2231 3031 2404 3079 strum
2424 3065 2439 3090 ,
2469 3023 2559 3093 qui
2590 3031 2715 3078 ante
2746 3024 2889 3079 diem
2918 3023 2985 3078 ad
3014 3022 3209 3079 musae
3230 3021 3499 3079 Pealtllutn
3529 3020 3824 3095 responso—

2150 3124 2201 3194 ε
2233 3116 2375 3169 rium
2404 3115 2630 3180 dixerat,
2661 3128 2857 3171 canere
2880 3116 3148 3186 juberent.

2311 3226 2365 3281 5.
2411 3228 2521 3283 Hoc
2549 3227 2701 3283 finito
2720 3270 2735 3295 ,
2769 3222 3027 3284 diacOnus
3055 3228 3323 3285 silentium
3355 3217 3623 3285 indicebat
3653 3220 3719 3285 ad
3749 3232 3824 3311 le-

2238 3324 2471 3379 ctionem
2505 3322 2787 3393 Epistolas",
2817 3332 2935 3394 qum
2972 3332 3001 3378 a
3044 3320 3371 3380 subdiacono
3394 3323 3737 3381 recitabatur.
3770 3324 3829 3380 in

2246 3414 2561 3485 quihusdam
2594 3415 2773 3470 missis
2805 3415 3061 3470 diacmius
3084 3424 3208 3470 ante
3237 3412 3543 3479 Orationes,
3575 3432 3710 3487 quas
3752 3402 3828 3472 le-

2241 3510 2508 3565 Ctionibus
2540 3508 2789 3578 praemitti
2820 3524 2936 3563 mos
2961 3518 3095 3571 erat,
3130 3508 3385 3565 ﬂectenda
3416 3524 3584 3581 genua
3617 3508 3825 3565 indice—

2237 3601 2348 3656 bat.
2381 3600 2533 3656 Unde
2561 3598 2829 3654 Caasarius
2860 3600 2910 3653 in
2934 3613 3181 3654 sermone
3206 3599 3313 3655 285
3334 3617 3484 3653 nova:
3514 3601 3828 3671 appendicis

2246 3694 2649 3765 Augustiniante
2679 3709 2694 3746 :
2730 3713 2747 3744 ι
2783 3692 3055 3762 Supplico,
3091 3693 3279 3749 fratres
3308 3684 3635 3761 charissimi,
3658 3706 3710 3749 et
3737 3710 3829 3763 pa-

2245 3796 2391 3841 terna
2441 3775 2639 3854 pietate
2685 3798 3029 3849 commoneo,
3077 3793 3136 3838 ut
3178 3784 3595 3853 quotiescunque
3640 3784 3827 3840 Oratio

2243 3877 2518 3944 indicitur,
2551 3876 2639 3945 qui
2674 3874 2809 3929 forte
2840 3887 2937 3945 pro
2964 3875 3136 3943 aliqua
3166 3873 3475 3928 inlirmitate
3507 3886 3612 3928 non
3646 3882 3825 3944 potest

2238 3976 2409 4039 genua
2440 3969 2655 4023 flectere
2679 4012 2693 4036 ,
2724 3976 2775 4021 et
2813 3967 3029 4021 dorsum
3079 3966 3384 4032 incurvare;
3430 3962 3511 4021 vel
3559 3969 3829 4023 cervicem

2246 4059 2528 4113 bumiliare
2576 4068 2680 4113 non
2728 4056 2955 4112 differat.
2986 4062 3011 4109 Ι
3042 4057 3107 4111 Ει
3161 4060 3209 4111 in
3252 4074 3503 4112 sermone
3543 4050 3825 4127 Sequenti;

2254 4171 2270 4203 ι
2314 4152 2465 4221 Rogo
2495 4152 2549 4207 et
2578 4150 2840 4206 admoneo
2863 4163 2986 4214 vos,
3015 4146 3211 4206 fratres
3238 4148 3539 4206 charissimi
3560 4193 3577 4219 ,
3606 4161 3664 4205 ut
3691 4168 3826 4222 quo-

2245 4247 2559 4315 tiescunque
2580 4246 2731 4315 juxta
2765 4242 2935 4300 altare
2965 4261 2993 4299 a
3025 4245 3236 4301 clericis
3265 4257 3483 4313 oratur,
3525 4257 3618 4301 aut
3646 4247 3829 4301 Oratio

2243 4338 2468 4393 diacono
2516 4339 2789 4394 clamante
2826 4338 3098 4405 indicitur,
3132 4353 3240 4393 non
3283 4336 3458 4394 solum
3505 4339 3699 4406 corda,
3736 4340 3829 4394 δρᾶ

2247 4432 2407 4485 etiam
2439 4444 2666 4500 corpora
2700 4430 2922 4486 fideliter
2951 4430 3243 4485 inclinetis.
3276 4428 3406 4486 Nam
3435 4432 3560 4486 dum
3587 4431 3832 4503 frequen-

626 4544 679 4602 δ’
712 4513 1071 4614 Αάηρηηηδηι
1100 4554 1149 4600 ει
1184 4513 1391 4601 versi)",
1420 4544 1741 4616 sequebatur
1777 4562 1840 4603 ex
1873 4563 2077 4603 eamme
2098 4550 2131 4603 δ
2164 4513 2220 4579 Ι)
2246 4533 2349 4589 ter,
2382 4524 2523 4579 sicut
2550 4526 2785 4592 oportet,
2815 4530 2867 4578 et
2894 4522 3178 4593 diligenter
3207 4525 3447 4590 attendo,
3477 4522 3706 4579 diacono
3726 4526 3831 4581 cla—

556 4641 766 4695 concilii
817 4654 855 4695 ιι
902 4638 1150 4695 γίιςειιςίς
1196 4639 1351 4711 Kyrie
1388 4641 1608 4708 eleison,
1642 4639 2029 4713 frequentatum
2066 4644 2135 4696 ad

560 4733 839 4788 Matutinus
880 4740 927 4783 et
955 4732 1024 4784 ad
1064 4736 1276 4795 missas;
1317 4733 1437 4801 quia
1466 4739 1572 4785 tam
1598 4734 1651 4785 in
1678 4732 1795 4786 sede
1822 4732 2132 4802 apostolica,

558 4838 707 4893 quam
734 4826 885 4878 etiam
911 4840 998 4894 per
1024 4833 1152 4877 totas
1187 4824 1409 4877 (trientis
1448 4833 1599 4894 atque
1638 4821 1808 4877 Italia:
1846 4824 2134 4894 provincias

560 4917 667 4969 htec
711 4916 1021 4969 consuetudo
1068 4924 1139 4969 est
1186 4917 1493 4971 intromissa.
1527 4916 1682 4988 Apud
1715 4918 1931 4972 Graecos
1954 4959 1968 4983 ,
2002 4928 2138 4972 teste

561 5007 823 5075 Gregorio
846 5004 1053 5078 Magno,
1086 5025 1104 5057 ‹
1146 5005 1306 5077 Hyrie
1324 5009 1513 5063 eleison
1544 5007 1699 5063 simul
1723 5022 1910 5063 omnes
1931 5009 2138 5064 dicunt.

567 5098 721 5167 Apud
754 5111 851 5152 nos
880 5106 1079 5161 autem,
1111 5098 1297 5168 inquit,
1340 5114 1369 5153 a
1399 5098 1611 5155 clericis
1639 5099 1857 5166 dicitur,
1901 5108 1953 5155 et
1999 5118 2025 5153 a
2056 5116 2143 5170 po-

567 5192 691 5259 pulo
714 5189 1090 5258 respondetur,
1131 5199 1184 5245 et
1233 5192 1449 5246 totidem
1483 5190 1685 5245 Christe
1709 5190 1894 5245 eteison
1925 5188 2138 5256 dicitur,

565 5281 709 5349 quod
740 5282 884 5336 nullo
914 5283 1073 5335 modo
1112 5283 1253 5351 apud
1302 5283 1539 5339 Graecos.
1580 5302 1600 5336 ι
1635 5282 1768 5337 Dein
1815 5280 2135 5352 sequebatur

570 5387 669 5439 pro
696 5374 909 5427 ratione
925 5381 1223 5441 temporum
1251 5376 1388 5442 apud
1414 5376 1680 5429 nostrates
1708 5372 1890 5429 Gallos
1915 5376 2144 5446 hymnus

569 5462 841 5531 angelicas”
869 5464 1051 5517 Gloria
1074 5463 1127 5517 in
1157 5464 1369 5518 excelsis
1400 5465 1530 5527 Deo,
1562 5466 1715 5533 cujus
1742 5466 1985 5520 meminit
2011 5465 2148 5522 Gre-

568 5552 750 5620 gorius
781 5551 1117 5609 Turonensis
1142 5557 1425 5623 episcopus
1451 5556 1507 5609 in
1537 5556 1630 5611 lib.
1667 5572 1684 5610 t
1712 5556 1779 5612 de
1798 5557 1979 5612 Gloria
2003 5572 2150 5613 mar-

569 5650 765 5711 tyrum,
798 5660 917 5713 cap.
940 5645 1027 5710 65,
1058 5654 1113 5699 et
1138 5645 1193 5699 in
1224 5646 1317 5701 lih.
1350 5661 1389 5699 ιι
1419 5647 1490 5702 de
1512 5648 1780 5713 Miraculis
1810 5651 1981 5704 Sancti
2009 5644 2146 5707 Mar-

587 5735 705 5803 tini,
733 5749 852 5806 cap.
883 5736 976 5792 25.
1010 5736 1103 5791 His
1144 5736 1467 5791 succedebat
1512 5738 1777 5795 Praefatio.
1813 5738 1902 5795 Sic
1930 5738 2072 5797 enim
2100 5742 2157 5801 in

2242 4626 2451 4680 mante,
2486 4614 2782 4669 Flectamus
2825 4618 3024 4686 genua,
3067 4614 3351 4670 maximam
3397 4630 3636 4686 partem,
3688 4615 3831 4672 velut

2243 4708 2519 4762 columnas
2549 4716 2777 4773 erectas,
2809 4717 2949 4761 stare
2975 4709 3272 4777 conspicio,
3313 4728 3332 4761 ι
3368 4720 3473 4764 etc.
3508 4696 3582 4763 De
3610 4702 3823 4764 silentio

2242 4812 2335 4866 per
2380 4792 2664 4851 diaconum
2719 4797 2918 4851 indicto
2963 4795 3136 4850 locum
3179 4792 3423 4865 superius
3456 4798 3737 4853 retulimus
3763 4790 3829 4854 ei

2243 4890 2501 4959 Gregorii
2533 4889 2861 4944 Turonensis
2886 4884 2976 4943 lib.
3009 4898 3105 4955 vn,
3132 4892 3249 4959 cap.
3279 4890 3331 4945 8.

2324 5004 2379 5059 6.
2416 5006 2541 5060 Post
2572 5005 2857 5073 Epistolam
2886 5005 3142 5061 diaconus
3170 5008 3235 5062 ad
3266 5008 3547 5063 ambonent
3579 5009 3834 5078 procede—

2258 5099 2346 5152 bat
2371 5098 2435 5151 ad
2456 5098 2734 5167 legendum
2761 5098 3125 5167 Evangelinm.
3144 5100 3526 5155 Guntcbramni
3552 5103 3695 5172 regis
3722 5104 3836 5157 hac

2254 5190 2416 5245 verba
2463 5200 2582 5245 sunt
2628 5184 2764 5258 apud
2818 5192 3060 5245 eumdem
3105 5191 3418 5261 Gregorium
3478 5194 3530 5247 in
3579 5194 3671 5248 lib.
3703 5210 3835 5259 vni,

2254 5294 2370 5347 cap.
2412 5272 2445 5334 4
2478 5298 2490 5332 :
2533 5300 2550 5330 ι
2586 5280 2641 5333 In
2672 5276 2779 5352 39
2806 5278 2891 5335 die
2916 5291 3102 5336 sancto
3140 5268 3391 5351 Pascha,
3442 5293 3619 5359 stante
3668 5285 3835 5340 fratre

2256 5387 2375 5426 meo
2406 5371 2687 5442 Sigeberto
2722 5374 2772 5427 in
2804 5374 3028 5429 ecclesia
3053 5415 3068 5441 ,
3102 5378 3426 5445 procedente
3454 5379 3683 5434 diacono
3710 5393 3831 5433 cum

2254 5470 2439 5517 saneto
2487 5461 2896 5533 Evangeliorum
2950 5462 3115 5533 libro,
3168 5468 3391 5522 nuntius
3421 5469 3531 5538 regi
3578 5462 3796 5524 advenit
3816 5504 3843 5536 ,ι

2257 5570 2464 5625 unaque
2483 5562 2582 5611 vos
2608 5557 2704 5612 fuit
2728 5557 3121 5627 proauntiantis
3140 5558 3423 5614 lectionem
3444 5561 3835 5630 evangelium,

2259 5662 2323 5703 ac
2356 5649 2522 5703 nuntii
2555 5644 2818 5705 dicentis:
2854 5647 3017 5702 Filius
3048 5658 3204 5705 natus
3232 5660 3314 5706 est
3343 5650 3455 5708 tibi.
3499 5672 3521 5704 ι

2332 5740 2388 5801 7.
2422 5743 2477 5799 In
2528 5740 2678 5800 festis
2723 5752 3026 5798 sanctorum
3075 5741 3170 5801 bas
3209 5744 3464 5802 lectiones
3494 5747 3845 5817 prandebat
