4108 6352
506 352 507 355 γ
601 394 708 451 iss

1284 387 1634 447 APPENDIX
1673 388 1765 445 AD
1802 384 2033 443 OPE'RA
2073 377 2293 441 SANC'I'
2298 381 2319 437 ι
2360 377 2672 438 GERMANI
2710 369 3145 436 PARISIENSIS.

3767 373 3882 427 I36

591 508 669 566 ris
696 505 837 577 apud
866 512 1077 563 veteres
1102 504 1285 562 Gallos
1324 508 1662 578 tegebantur,
1693 514 1751 560 ut
1790 518 1857 559 ne
1881 518 1912 557 a
1941 502 2164 558 circum.
2194 503 2251 564 Δ
2284 499 2502 554 Domine
2528 498 2667 553 Deus
2708 504 2899 563 noster,
2941 504 3269 565 peccatorum
3308 494 3509 549 tribuas
3544 494 3786 561 ueniam,
3835 508 3887 561 ει

597 602 866 659 stantibus
916 600 1085 659 videri
1124 612 1362 672 possent.
1406 604 1696 674 Propterea
1735 600 1851 656 haec
1889 598 2025 670 palla
2067 612 2175 652 non
2278 593 2504 663 requiem
2532 590 2774 662 largioris
2800 599 3043 645 (eternam
3066 603 3087 654 ;
3114 588 3307 644 meritis
3334 596 3381 643 et
3408 588 3875 642 intercessionibus

600 709 720 750 rara
751 696 1022 761 tenuisve,
1050 694 1147 751 sed
1184 695 1349 751 densa
1391 710 1511 752 esse
1550 693 1798 750 debebat.
1845 693 2175 762 Argumento
2277 696 2569 741 sanctorum
2614 694 2857 752 tuorum,
2902 683 3086 738 Mariae
3131 682 3389 755 genitricis
3442 678 3655 736 Domini
3703 680 3878 735 nostri

598 786 846 858 estquod
885 786 1031 843 Dado
1058 788 1273 858 quidam
1320 789 1388 844 ab
1435 788 1678 843 hostibus
1715 786 2045 864 interceptus
2085 798 2179 839 vo-
2276 777 2404 835 Iesu
2452 779 2674 844 Christi,
2704 776 2935 834 'Joannis
2974 776 3223 849 Baptista
3267 786 3318 833 et
3366 777 3702 848 praeursoris
3756 776 3880 830 Do-

593 878 705 941 vit,
749 894 844 945 se,
881 879 927 934 si
970 879 1221 937 evaderet
1264 879 1579 948 incolumis,
1629 877 1828 949 aliquid
1877 873 2179 931 ornamenti

599 969 841 1027 ecclesiae
867 974 1038 1027 sancti
1067 971 1255 1028 Nicetii
1285 972 1519 1043 episcopi
1551 970 1925 1040 Lugdunensis
1956 965 2177 1036 largitu-

600 1077 722 1117 rum
748 1079 763 1117 :
795 1082 815 1115 ι
844 1062 1097 1133 deditque
1121 1064 1515 1133 coopertorium
1543 1060 1899 1119 Sarmaticum
1922 1099 1937 1125 ,
1966 1072 2072 1128 quo
2096 1056 2177 1112 al-

600 1163 718 1210 tare
755 1154 1080 1211 dominicum
1119 1170 1241 1211 cum
1278 1154 1636 1211 oblationibus
1666 1161 1953 1222 tegeretur.
1979 1168 1998 1202 ι
2048 1146 2179 1204 Illud

606 1254 783 1301 autem
813 1262 920 1302 non
951 1246 1047 1303 fuit
1076 1259 1262 1303 sancto
1289 1254 1564 1317 acceptum
1588 1284 1605 1311 ,
1637 1250 1695 1298 ut
1724 1241 1928 1298 homini
1954 1242 2008 1295 in
2038 1254 2181 1295 som-

605 1337 691 1395 nis
736 1346 959 1394 testatus
1002 1348 1085 1395 est
1126 1340 1210 1394 bis
1250 1339 1469 1395 verbis:
1503 1355 1522 1389 ι
1552 1335 1958 1405 Goopertorium
2004 1347 2172 1398 vero,

602 1430 723 1502 quia
753 1448 938 1488 rarum
962 1442 1079 1502 est,
1110 1448 1216 1487 non
1246 1440 1473 1500 ponatur
1503 1444 1665 1499 super
1697 1442 1917 1483 munera
1946 1423 2130 1479 altaris
2156 1464 2171 1487 ,

601 1525 726 1597 quia
769 1540 878 1581 non
915 1525 1109 1582 exinde
1149 1525 1305 1596 plene
1348 1524 1543 1594 tegitur
1578 1520 1891 1593 mysterium
1932 1516 2179 1596 corporis

604 1615 984 1688 sanguinisque
1011 1616 1284 1672 dominici.
1316 1633 1336 1668 s
1369 1614 1445 1668 Ita
1474 1612 1761 1683 Gregorius
1796 1610 1863 1665 de
1906 1607 2041 1663 Vitis
2081 1606 2182 1660 Pa—

608 1720 749 1766 trum
797 1724 917 1781 cap.
962 1710 1055 1764 20.
1101 1709 1251 1764 Adde
1289 1708 1462 1764 locum
1507 1722 1573 1764 ex
1614 1705 1709 1761 lib.
1745 1720 1783 1757 ιι
1821 1702 1888 1771 de
1918 1698 2184 1755 Miraculis

606 1803 780 1858 sancti
812 1801 1023 1857 Martini
1063 1816 1181 1872 cap.
1223 1799 1317 1855 25.
1364 1801 1474 1856 llac
1517 1800 1653 1869 palla
1702 1796 1978 1868 tegebatur
2013 1793 2182 1848 altare

2280 871 2405 925 mini
2451 872 2614 927 nostri
2660 870 2787 927 Iesu
2831 870 3056 939 Christi,
3103 869 3391 935 Stephani,
3442 868 3622 939 Petri,
3672 867 3877 931 Pauli,

2281 961 2529 1029 Joannis,
2557 961 2770 1034 Jacobi,
2798 963 3048 1029 Andreae,
3080 960 3342 1033 Philippi,
3369 961 3610 1027 Thom,
3645 960 3882 1015 Bantia-

2282 1055 2479 1121 lomtei,
2526 1054 2791 1122 Matthwi,
2833 1056 3047 1122 Jacobi,
3084 1055 3344 1124 Simonis,
3374 1054 3559 1127 ludit,
3596 1055 3879 1121 Matthic,

2282 1142 2485 1201 Genesii
2510 1188 2527 1214 ,
2577 1146 2988 1218 Symphoriani,
3036 1146 3309 1215 Baudilii,
3350 1146 3573 1203 Victoris
3598 1193 3615 1218 ,
3671 1147 3884 1203 Πειρη-ιε

2281 1238 2506 1309 episcopi
2530 1248 2578 1292 et
2606 1239 2932 1309 confessoris,
2964 1238 3179 1294 Martini
3207 1241 3433 1311 episcopi
3459 1250 3507 1296 et
3530 1242 3893 1314 confessoris,

2282 1330 2495 1387 Ctesarii
2522 1333 2775 1405 episcopi,
2801 1333 2911 1388 hinc
2952 1334 3206 1404 propitius
3247 1344 3493 1407 prastare
3532 1344 3583 1390 et
3627 1338 3889 1391 exaudire

2284 1423 2545 1494 digneris,
2577 1426 2667 1495 qui
2692 1426 2815 1479 vivis
2838 1435 2885 1480 et
2905 1442 3092 1497 regnas
3122 1428 3173 1481 in
3216 1430 3411 1483 unitate
3448 1427 3681 1499 Spiritus
3719 1439 3895 1485 sancti

2285 1514 2423 1571 Deus
2449 1518 2503 1571 in
2530 1518 2718 1572 arcula
2747 1520 3070 1575 saeculorum.
3097 1521 3277 1576 Amen.

2362 1608 2448 1663 l5.
2481 1608 2722 1665 Similem
2749 1610 3066 1679 formulam,
3091 1613 3186 1668 sed
3216 1628 3314 1684 pro
3341 1614 3473 1670 vivis
3492 1656 3507 1681 ,
3531 1614 3806 1670 habemus
3836 1618 3889 1671 in

2289 1698 2553 1758 hodierno
2580 1703 2799 1759 Ganone
2830 1704 3071 1760 Romano
3099 1715 3223 1762 ante
3249 1707 3711 1764 consecrationem
3733 1752 3748 1773 ,
3785 1709 3880 1763 ubi

2288 1792 2460 1861 oratio
2487 1809 2609 1864 quae
2635 1794 2823 1866 incipit
2851 1812 2878 1849 a
2911 1798 3076 1852 verbo
3103 1796 3549 1853 Communicantes
3569 1840 3584 1865 ,
3608 1801 3887 1869 superiori

603 1898 770 1953 etiam
799 1905 950 1950 extra
977 1910 1149 1951 sacra.
1188 1894 1338 1951 Unde
1376 1895 1641 1951 abbatissa
1686 1890 2016 1948 Pictavensis
2057 1902 2178 1959 par-
2219 1896 2267 1957 Β
2291 1884 2581 1941 Gallicanae
2611 1888 2920 1955 respondet.
2957 1888 3138 1959 Itaque
3167 1891 3271 1943 ritu
3300 1889 3579 1946 Gallicano
3607 1900 3663 1944 et
3695 1891 3882 1945 Mou-

610 1987 861 2043 tbenonis
916 1996 1114 2045 sanctae
1163 1987 1373 2053 crucis,
1402 2002 1523 2043 cum
1574 1987 1641 2042 de
1694 1994 1851 2041 nocte
1892 1999 1921 2038 a
1974 1982 2185 2037 sicariis

609 2079 947 2136 Cbrodieldis
974 2080 1041 2135 ad
1071 2094 1255 2136 necem
1286 2087 1638 2149 quaereretur,
1667 2096 1687 2129 ι
1720 2078 1787 2132 ad
1828 2086 2030 2133 sancite
2057 2089 2180 2129 cru-

609 2170 688 2228 cis
717 2187 925 2239 arcam,
954 2172 1010 2227 id
1045 2180 1122 2227 est
1160 2188 1334 2239 arum,
1369 2186 1429 2226 se
1459 2169 1729 2241 deportari
1759 2168 2003 2238 poposcit
2031 2162 2180 2235 (g'ra~

605 2262 829 2319 vabatur
873 2264 1018 2321 enim
1065 2263 1251 2319 dolore
1300 2262 1541 2318 humoris
1588 2257 1925 2331 podagrici).
1972 2258 2179 2313 Interea

606 2352 817 2411 Justina
844 2355 1146 2426 praposita,
1178 2369 1300 2412 cum
1328 2355 1451 2410 aliis
1480 2352 1780 2417 sororibus,
1812 2350 1951 2421 palla
1983 2349 2188 2417 altaris,

610 2448 752 2519 quod
796 2457 880 2504 est
927 2457 1053 2503 ante
1104 2462 1320 2504 crucem
1365 2446 1687 2503 dominicam
1711 2482 1726 2499 .
1758 2484 1772 2499 .
1798 2484 1813 2499 .
1846 2443 2186 2499 Abbatissam

610 2537 718 2612 43
747 2540 939 2611 operit.
963 2559 983 2594 ι
1009 2540 1239 2595 Vetitum
1285 2548 1461 2594 tamen
1504 2547 1622 2594 erat
1658 2536 1871 2593 concilii
1915 2534 2182 2590 Autissio-

614 2634 860 2692 durensis
883 2650 1087 2692 canone
1108 2636 1200 2704 57,
1226 2652 1290 2691 ne
1310 2635 1493 2690 mulier
1522 2634 1716 2703 pallam
1742 2633 2051 2687 dominicam
2074 2648 2196 2686 con-

614 2733 886 2793 trectant,
916 2727 992 2782 uti
1019 2726 1074 2781 in
1102 2726 1259 2782 titulo
1285 2726 1510 2783 canonis
1535 2726 1870 2796 exprimitur.

690 2837 779 2892 12.
808 2836 865 2894 ln
897 2837 1094 2894 Missali
1126 2837 1373 2904 Gothico,
1405 2853 1502 2895 seu
1525 2838 1829 2907 Gallicano,
1858 2838 1922 2892 ad
1951 2838 2184 2906 singulas

615 2930 735 2988 fere
774 2932 996 3000 missas,
1035 2939 1156 3003 post
1201 2932 1525 2989 oblationem
1577 2931 1882 2988 indicantur
1923 2930 2195 2987 orationes

613 3025 763 3093 duas,
794 3041 898 3082 una
927 3041 1045 3094 quae
1072 3026 1267 3082 dicitur
1293 3025 1550 3085 Collectio
1577 3036 1697 3097 post
1740 3028 1985 3093 nomina;
2027 3026 2195 3082 altera

616 3135 738 3192 qua:
760 3118 1019 3177 Collectio
1042 3121 1107 3176 ad
1141 3135 1349 3191 pacem,
1375 3121 1562 3192 quales
1588 3122 1750 3176 etiam
1782 3121 1832 3175 in
1866 3119 2197 3176 Mozarabico

616 3216 977 3285 assignantur,
1025 3213 1126 3268 alia
1165 3214 1371 3268 duabus
1407 3213 1524 3269 istis
1568 3211 1859 3283 praemissa.
1903 3211 2195 3266 Praedictas

2295 1980 2477 2035 rabico
2520 1980 2681 2036 ﬁebat
2716 1983 2957 2037 vivorum
3002 1991 3161 2053 atque
3199 1981 3575 2038 defunctorum
3620 1984 3893 2038 memoria

2294 2074 2360 2129 ad
2383 2073 2729 2142 oblationem,
2754 2090 2859 2129 non
2884 2076 2937 2129 in
2962 2075 3077 2145 ipso
3097 2074 3351 2140 Canone;
3375 2086 3537 2145 atque
3560 2087 3879 2130 sanctorum

2294 2167 2733 2221 commemoratio
2760 2176 2870 2221 tum
2900 2166 3060 2221 ﬁebat
3084 2166 3150 2220 ad
3180 2164 3514 2235 sutlragium.
3547 2164 3740 2220 Postea
3777 2182 3877 2237 pa-

2296 2262 2374 2318 cis
2418 2262 2660 2318 osculum
2708 2262 2892 2318 ﬁdeles
2919 2261 3021 2317 sibi
3053 2261 3279 2317 invicem
3311 2262 3730 2327 impertiebant:
3765 2270 3886 2316 tum

2296 2355 2551 2412 sacerdos
2578 2356 2839 2412 recitabat
2866 2356 3253 2411 Collectionem
3280 2355 3346 2410 ad
3376 2369 3583 2424 pacem.

2368 2446 2458 2501 44.
2480 2448 2673 2503 Τοιιιω
2702 2447 2842 2503 hunc
2868 2447 3109 2503 ordinem
3139 2446 3322 2518 paucis
3351 2445 3673 2518 praestringit
3693 2445 3889 2501 conci-

2297 2542 2426 2597 lium
2457 2542 2812 2599 Laodicenum
2839 2556 3046 2598 canone
3077 2541 3140 2597 l9
3169 2559 3184 2595 :
3216 2541 3354 2611 quod
3391 2549 3619 2610 oporteat
3646 2553 3890 2594 seorsum

2298 2636 2521 2705 primum
2544 2646 2657 2708 post
2686 2636 3019 2691 allocutiones
3042 2635 3186 2708 (aliis
3205 2634 3481 2706 sermones)
3506 2635 3887 2706 episcoporum,

2297 2729 2549 2784 orationes
2575 2745 2728 2800 super
2754 2732 3138 2785 catechumenos
3179 2727 3466 2792 celebrari;
3520 2736 3567 2780 et
3616 2735 3896 2797 postquam

2297 2822 2645 2875 catechumeni
2673 2822 2864 2892 egressi
2893 2821 3118 2887 fuerint,
3148 2836 3304 2889 super
3327 2835 3414 2873 eos
3442 2819 3529 2890 qui
3552 2828 3668 2872 sunt
3697 2819 3750 2871 in
3781 2833 3895 2888 pw-

2298 2915 2510 2968 nitentia
2551 2931 2748 2985 precem
2781 2915 2913 2985 ﬁeri.
2952 2914 3051 2969 His
3090 2915 3242 2968 etiam
3269 2912 3626 2968 accedentibus
3659 2912 3729 2965 ad
3768 2928 3890 2965 nsa-

2297 3023 2421 3061 num
2445 3008 2759 3072 sacerdotis,
2788 3015 2834 3062 et
2873 3007 3277 3072 discedentibus,
3314 3016 3415 3060 tres
3462 3006 3719 3060 orationes
3755 3019 3891 3058 con-

2296 3101 2544 3155 summari
2585 3099 2848 3170 ﬁdelium;
2883 3100 2956 3155 ita
2998 3109 3053 3154 ut
3088 3100 3257 3172 prima
3294 3098 3497 3171 quidem
3534 3099 3627 3153 sub
3661 3097 3892 3167 silentio,

2298 3198 2526 3250 secunda
2556 3212 2673 3252 vero
2704 3207 2753 3252 et
2781 3198 2932 3252 tertia
2955 3213 3045 3269 per
3074 3198 3471 3252 exclamationes
3508 3195 3688 3251 solitas
3713 3242 3729 3265 ,
3771 3196 3896 3251 aliis

616 3305 890 3362 orationes
934 3304 1287 3361 antecedebat
1339 3306 1513 3360 oratio
1565 3320 1685 3375 quae
1718 3303 1968 3359 omnibus
2009 3303 2189 3358 missis

2298 3306 2386 3360 per
2414 3293 2879 3362 pronuntiationem
2907 3293 3041 3346 vocis
3063 3334 3079 3360 ,
3111 3291 3418 3360 expleantur
3433 3309 3453 3358 ;
3483 3300 3538 3348 et
3565 3291 3637 3346 ita
3666 3290 3891 3347 demum

614 3398 915 3454 communis
944 3407 1059 3454 erat
1078 3437 1095 3463 ,
1126 3397 1191 3452 de
1217 3412 1317 3468 qua
1349 3396 1667 3468 Micrologus
1695 3398 1747 3451 in
1773 3412 1893 3465 cap.
1926 3396 2014 3450 ll:
2045 3394 2196 3450 Com-

614 3490 785 3563 posita
822 3489 1075 3545 oblatione
1113 3490 1169 3543 in
1204 3490 1387 3554 altari,
1420 3489 1544 3542 dicit
1576 3488 1815 3542 sacerdos
1849 3487 1982 3540 hanc
2011 3485 2199 3539 oratio—

612 3597 726 3637 nem
753 3584 911 3654 juxta
953 3580 1283 3636 Gallicanum
1330 3579 1617 3634 Ordinem:
1660 3576 1813 3647 Veni,
1837 3577 2200 3645 Sanctiﬁcator

612 3673 1149 3744 omnipotens,ceterne
1174 3669 1335 3739 Deus,
1353 3682 1400 3726 et
1428 3670 1637 3725 benedic
1664 3670 1756 3725 hoc
1781 3670 2091 3738 sacri/icium
2116 3680 2202 3725 tuo

611 3765 810 3820 nomini
837 3772 1210 3835 praeparatum,
1244 3779 1331 3833 per
1358 3762 1614 3817 Christum
1645 3760 1921 3816 Dominum
1954 3771 2197 3816 nostrum.

616 3854 748 3911 Dein
792 3855 1048 3910 Collectio
1085 3863 1204 3925 post
1233 3853 1462 3909 nomina.
1496 3853 1704 3924 Quippe
1734 3863 1853 3923 post
1877 3852 2199 3910 oblationem

620 3945 872 4016 diptycba
899 3945 1229 4017 legebantur,
1264 3945 1314 3998 id
1341 3953 1424 4000 est
1453 3945 1818 4000 recitabantur
1845 3945 2062 3999 nomina
2092 3954 2200 4001 tam

622 4049 925 4095 sanctorum
967 4040 1023 4093 in
1077 4052 1301 4109 quorum
1352 4036 1666 4093 memoriam
1720 4037 2035 4092 sacriﬁcium
2091 4037 2203 4094 Deo

625 4131 967 4197 atterebatur,
994 4145 1153 4201 quam
1185 4130 1476 4185 viventium
1505 4139 1664 4199 atque
1690 4127 2062 4185 defunctorum
2094 4144 2191 4199 pro

618 4225 817 4296 quibus
866 4224 1210 4281 oﬂ’erebatur.
1267 4225 1318 4277 ld
1354 4224 1605 4293 probatur
1634 4240 1698 4280 ex
1727 4224 1955 4279 Missalis
1985 4224 2200 4282 Gothici

619 4316 784 4371 variis
823 4315 984 4381 locis,
1025 4326 1081 4371 et
1118 4332 1183 4370 ex
1223 4316 1391 4370 veteri
1430 4315 1626 4371 Missali
1669 4315 1963 4372 Gallicano.
1993 4315 2193 4372 Conci«

619 4405 747 4463 lium
791 4406 1027 4462 Vasense
1064 4422 1099 4462 ιι
1137 4407 1324 4462 detinit
1361 4422 1566 4463 canone
1604 4408 1673 4475 4,
1714 4416 1769 4461 ut
1805 4424 1992 4462 nomen
2028 4407 2204 4462 damni

621 4516 796 4572 papae,
822 4502 1111 4574 quicunque
1142 4501 1249 4555 sedi
1279 4500 1571 4571 apostolica
1600 4502 1899 4572 praefuerit,
1932 4501 1985 4554 in
2015 4500 2204 4555 nostris

619 4593 864 4653 Ecclesiis
887 4596 1147 4649 recitetur.
1175 4594 1418 4650 Formam
1449 4594 1635 4649 horum
1662 4595 2056 4666 diptyclmrum,
2085 4610 2203 4662 quae

2298 3404 2473 3459 pacem
2498 3389 2594 3444 sibi
2623 3387 2730 3461 45
2758 3389 2968 3443 invicem
2999 3390 3193 3444 dabunt
3214 3429 3229 3445 .
3262 3427 3276 3443 .
3302 3428 3317 3443 .
3349 3388 3419 3443 Et
3445 3388 3517 3443 ita
3543 3396 3725 3443 sancta
3754 3388 3891 3441 cele-

2299 3483 2525 3538 brabitur
2566 3483 2776 3539 oblatio.
2828 3482 2935 3540 llas
2982 3484 3253 3540 orationes
3279 3481 3709 3553 subsequebatur
3743 3481 3893 3538 Con-

2300 3582 2535 3634 testatio.

2372 3669 2459 3727 15.
2496 3671 2569 3727 De
2596 3669 3000 3727 Contestatione
3026 3685 3120 3727 seu
3157 3670 3416 3737 lllatione,
3450 3684 3572 3741 qua:
3600 3676 3657 3725 et
3684 3668 3888 3725 immo-

2305 3764 2435 3819 latio
2464 3763 2782 3834 appellatur,
2819 3764 3118 3819 Praelationi
3152 3772 3351 3818 nostra:
3399 3761 3730 3831 respondens
3756 3803 3771 3828 ,
3802 3760 3891 3816 in-

2306 3858 2473 3929 signis
2502 3867 2585 3914 est
2614 3859 2762 3914 locus
2793 3857 2932 3927 apud
2962 3858 3212 3914 eumdem
3257 3855 3572 3923 Gregorium
3617 3853 3671 3910 in
3722 3854 3815 3909 lib.
3849 3870 3889 3909 ιι

2301 3948 2369 4004 de
2398 3948 2664 4005 Miraculis
2690 3948 2859 4005 sancti
2888 3947 3099 4003 Martini
3129 3962 3245 4017 cap.
3270 3945 3339 4000 14
3362 3965 3405 4000 ει
3428 3944 3649 4001 Factum
3678 3954 3766 4001 est
3793 3960 3887 4000 au-

2303 4053 2408 4099 tem
2453 4050 2512 4097 ut
2548 4043 2601 4098 in
2632 4042 2720 4099 die
2746 4042 2971 4115 insignis
2996 4042 3351 4098 solemnitatis
3390 4041 3529 4097 beati
3560 4040 3660 4095 viri
3680 4083 3694 4106 ,
3725 4038 3881 4095 llOltiS

2303 4136 2497 4191 missas
2522 4135 2854 4203 dicentibus,
2886 4151 3007 4193 cum
3028 4124 3142 4191 'nos
3169 4135 3272 4189 rite
3307 4142 3643 4189 sacrosancta
3682 4133 3882 4189 solem-

2304 4231 2391 4286 nia
2433 4230 2792 4300 celebrando,
2837 4230 3291 4286 Contestationem
3340 4228 3409 4284 de
3452 4230 3621 4283 sancti
3667 4227 3880 4282 Domini

2307 4323 2595 4379 virtutibus
2626 4338 2990 4387 narraremus,
3017 4322 3198 4378 subito
3224 4322 3313 4377 illa
3338 4320 3535 4393 (puella
3567 4318 3883 4391 paralytica)

2304 4416 2587 4472 vociferari
2616 4417 2779 4486 cmpit
2805 4424 2860 4472 et
2890 4414 3050 4484 ﬁere,
3097 4416 3338 4471 indicans
3377 4428 3437 4469 se
3479 4414 3738 4484 torqueri.
3766 4431 3786 4465 ι
3831 4412 3887 4467 1η

2307 4507 2408 4564 hac
2447 4508 2852 4564 Cuntestatione
2893 4506 3222 4564 recitabatur
3260 4505 3433 4561 sancti
3464 4503 3597 4558 Vita:
3625 4519 3881 4573 compen-

2308 4600 2488 4665 dium,
2520 4615 2641 4671 qua
2670 4599 2848 4654 misste
2876 4599 3029 4654 initio
3069 4598 3273 4667 integra
3318 4599 3453 4653 lecta
3496 4595 3690 4652 fuerat.
3736 4595 3893 4663 Ejus-

621 4688 889 4758 quondam
932 4690 983 4743 in
1025 4688 1358 4759 partlienone
1410 4690 1577 4744 sancti
1633 4689 1903 4743 Aureliani
1959 4689 2193 4758 cpi-copi
2226 4681 2279 4742 D
2308 4695 2453 4751 modi
2479 4692 2896 4749 contestationis
2926 4692 3072 4746 varia
3105 4691 3434 4760 exemplain
3481 4687 3737 4758 Liturgiis
3787 4702 3885 4744 no-

624 4783 952 4838 Arelatensis
982 4783 1099 4839 usui
1131 4792 1318 4845 erant,
1352 4781 1505 4837 nobis
1536 4782 1661 4837 item
1690 4781 1993 4852 suppeditat
2020 4780 2204 4836 Codex

626 4877 954 4950 regularum,
976 4877 1066 4933 ubi
1088 4879 1152 4933 ad
1181 4879 1338 4933 linem
1369 4878 1569 4949 regula:
1591 4878 1860 4933 Aureliani
1886 4877 1999 4931 Inec
2022 4878 2204 4945 legun-

540 4987 547 4993 ‘
624 4978 751 5025 tur:
782 4970 1048 5042 Simulque
1077 4984 1338 5044 precantes
1368 4989 1573 5027 oramus
1602 4974 1754 5026 etiam
1773 5017 1787 5039 ,
1823 4970 2068 5041 Domine,
2110 4989 2203 5044 pro

622 5064 890 5117 animabus
918 5064 1227 5129 famulorum
1255 5078 1457 5119 tuorum
1498 5064 1713 5119 Patrum
1756 5076 1909 5135 atque
1945 5066 2202 5120 instituto-

622 5174 735 5214 rum
762 5159 1019 5231 quondam
1048 5171 1373 5224 nostrorum,
1421 5160 1721 5223 Aureliani,
1767 5160 1936 5228 Petri,
1984 5158 2204 5213 Floren-

627 5251 720 5304 tini
743 5293 758 5315 ,
791 5250 1058 5319 Redempti
1078 5293 1093 5318 ,
1125 5251 1477 5320 Constantini,
1512 5252 1561 5307 11
1571 5254 1780 5315 imiteri,
1818 5251 2078 5317 Hilarini,
2108 5250 2203 5304 Ja-

624 5345 863 5408 nuarini,
904 5343 1176 5413 Reparati,
1206 5345 1548 5411 Childeberti,
1586 5344 1932 5413 Ultrogothat,
1961 5345 2038 5398 vel
2079 5360 2189 5396 om-

624 5436 765 5489 nium
796 5439 1013 5506 fratrum
1043 5452 1364 5501 nostrorum,
1410 5454 1536 5508 quos
1576 5437 1640 5490 de
1680 5437 1772 5492 hoc
1802 5440 1911 5491 loco
1940 5436 2008 5490 ad
2041 5445 2088 5489 te
2114 5451 2204 5489 uo-

623 5543 740 5581 care
767 5527 1005 5597 dignatus
1044 5547 1119 5586 es.
1161 5530 1574 5598 Cunctorumque
1612 5539 1761 5582 etiam
1789 5528 1943 5598 hujus
1971 5528 2069 5582 loci
2096 5524 2206 5598 ω

622 5638 867 5680 memores
922 5626 1149 5694 fidelium
1180 5669 1195 5692 ,
1251 5626 1542 5695 pariterque
1590 5634 1860 5696 parentum
1913 5617 2204 5678 nostrorum

622 5725 773 5788 atque
798 5719 1117 5775 servientium
1146 5720 1300 5789 hujus
1332 5717 1429 5771 loci
1451 5733 1467 5771 :
1495 5726 1545 5771 et
1572 5733 1667 5789 pro
1690 5717 1955 5770 animabus
1980 5714 2205 5769 omnium

626 5808 854 5879 ﬁdelium
884 5812 1196 5883 famulorum
1224 5822 1455 5880 tuorum,
1490 5812 1565 5867 uel
1596 5811 1938 5882 famularum,
1969 5826 2030 5864 ac
2060 5825 2204 5881 pere~

626 5906 888 5979 grinorum
926 5906 980 5961 in
1018 5921 1145 5978 pace
1183 5903 1427 5961 Ecclesia:
1470 5906 1870 5973 defunctorum;
1910 5911 1964 5957 ut
2002 5902 2077 5959 eis
2115 5911 2202 5968 tu,

2308 4789 2439 4846 stris
2462 4832 2474 4846 .
2504 4790 2664 4844 etiam
2696 4796 2816 4853 post
2843 4787 3133 4842 admissum
3166 4788 3324 4841 ritum
3358 4784 3779 4855 Gregoriauum,
3814 4783 3891 4838 vi-

2307 4882 2435 4937 dere
2463 4881 2608 4937 licet.
2641 4879 2698 4935 ln
2729 4879 2980 4935 omnibus
3008 4888 3184 4935 autem
3214 4877 3487 4947 Liturglis,
3521 4885 3628 4931 tam
3659 4875 3886 4939 Latinis,

2307 4989 2463 5045 quam
2492 4975 2716 5037 Graecis,
2738 4973 2958 5027 Sursum
2981 4972 3139 5027 corda
3161 4971 3360 5027 habere
3387 4979 3693 5032 monentur;
3727 4967 3891 5037 idque

2307 5068 2624 5138 proﬁtentur
2667 5066 2883 5133 ﬁdeles,
2928 5075 3064 5122 teste
3092 5080 3125 5121 e
3155 5064 3357 5121 Latinis
3383 5061 3656 5136 Cypriane
3686 5060 3791 5115 sub
3830 5061 3891 5114 ﬁ-

2308 5177 2430 5217 nem
2464 5162 2580 5216 libri
2609 5160 2677 5216 de
2705 5160 2989 5226 Oratione,
3020 5168 3076 5216 et
3100 5176 3165 5217 ex
3196 5159 3399 5216 Graecis
3427 5158 3628 5231 (Syrillo
3665 5156 3886 5213 Jeroso-

2308 5256 2569 5327 lymitano
2600 5256 2652 5310 in
2680 5256 2948 5312 catechesi
2976 5257 3337 5327 mystagogica
3373 5253 3441 5320 5,
3482 5251 3570 5308 ubi
3612 5250 3883 5322 praedictis

2307 5348 2416 5404 illis
2444 5348 2624 5404 verbis
2653 5348 2790 5415 alia,
2822 5349 2982 5405 etiam
3019 5363 3158 5404 nunc.
3187 5349 3481 5411 solemnia,
3508 5347 3564 5400 in
3595 5359 3692 5400 usu
3724 5343 3887 5400 fuisse

2307 5448 2555 5508 testatur,
2581 5440 2813 5507 scilicet,
2845 5439 3050 5496 Gratias
3075 5454 3289 5512 agamus
3328 5437 3585 5508 Domino,
3625 5451 3751 5494 cum
3788 5444 3884 5506 p0-

2309 5533 2416 5605 puli
2448 5532 2824 5603 responsione,
2857 5532 3083 5603 Dignum
3109 5543 3158 5586 et
3175 5533 3379 5604 justum
3406 5540 3503 5586 est.

2384 5626 2471 5680 l6.
2506 5625 2633 5681 Post
2658 5627 2817 5681 verba
2846 5626 3119 5693 superiora
3149 5622 3438 5695 Gregorius
3474 5620 3622 5677 addit
3662 5618 3890 5674 Gontes-

2312 5721 2498 5777 tationi
2531 5721 2853 5777 successisse
2881 5718 3157 5790 'l‘risagion
3197 5736 3229 5773 a
3263 5717 3462 5790 populo
3499 5716 3883 5771 decantatum:

2318 5835 2336 5869 ι
2363 5815 2431 5870 At
2458 5814 2549 5869 ubi
2583 5814 2831 5885 expedita
2873 5812 3309 5877 (lontestatione,
3350 5810 3550 5880 inquit,
3586 5804 3764 5863 omnis
3794 5814 3886 5872 po-

2311 5905 2467 5976 pulus
2485 5905 2712 5962 Sanctus
2737 5904 2791 5961 in
2819 5902 3028 5962 laudem
3061 5903 3270 5961 Domini
3302 5899 3681 5975 proclamavit,
3713 5895 3890 5953 statim
