4108 6352
266 378 362 438 157

1196 379 1286 438 DE
1325 381 1652 440 LITURGIA
1691 379 2082 438 GALLICANA
2122 381 2328 438 LIBER
2371 381 2648 442 PRIMUS.

3431 369 3537 430 158

259 491 512 549 dissoluti
540 496 667 547 sunt
693 488 840 547 nervi
869 491 958 563 qui
986 489 1132 562 ligati
1170 503 1357 562 erant,
1398 505 1453 552 et
1489 499 1636 553 stetit
1681 513 1842 567 super
1872 500 1924 559 Α
1947 496 2078 550 mini
2100 538 2115 561 ,
2146 496 2234 552 ubi
2268 507 2388 568 post
2415 498 2669 564 Secreta,
2700 495 2756 551 id
2783 501 2866 551 est
2888 499 3009 565 post
3032 489 3496 548 consecrationem
3519 528 3535 552 ,

259 583 428 653 pedes
458 597 585 639 suos
621 592 812 638 cuncto
849 585 1042 654 populo
1078 597 1386 654 spectante;
1435 598 1488 643 ct
1528 590 1605 645 sic
1655 591 1837 659 propi-

256 677 426 732 tiaute
463 675 684 732 Domino
713 692 878 747 usque
922 680 988 734 ad
1027 679 1196 737 altare
1227 691 1466 737 sanctum
1498 683 1564 736 ad
1595 698 1839 737 commu—

256 771 547 827 nicandum
579 773 806 843 propriis
835 774 1126 846 gressibus,
1160 777 1306 832 nullo
1332 787 1690 844 sustentante,
1725 793 1846 847 per-

257 865 423 919 venit.
452 885 468 916 ι
500 865 598 920 Ubi
623 866 797 922 obiter
825 867 1071 933 observa,
1103 869 1354 925 mulieres
1382 871 1545 925 etiam
1575 871 1643 925 ad
1672 869 1842 925 altare

255 958 747 1013 communicaturas
799 961 1115 1016 accessisse.
1194 961 1268 1017 De
1322 960 1565 1032 Trisagio
1619 960 1846 1016 dicendo

253 1057 433 1104 exstat
455 1064 626 1105 canon
649 1051 836 1106 tertius
863 1049 1084 1106 Concilii
1111 1052 1356 1108 Vasensis
1386 1069 1456 1118 ιι,
1482 1053 1768 1108 statuentis
1790 1060 1846 1106 ut

251 1141 307 1192 in
336 1143 567 1195 omnibus
599 1143 785 1209 missis,
814 1159 899 1197 seu
923 1145 974 1196 in
1005 1145 1301 1209 matutinis,"
1319 1161 1406 1198 seu
1428 1145 1482 1198 in
1508 1144 1847 1213 quadragesi-

251 1235 500 1302 malibus,
531 1253 621 1290 seu
651 1238 700 1290 in
728 1237 830 1291 illis
855 1253 968 1308 qua:
996 1254 1089 1308 pro
1109 1236 1218 1309 46
1242 1239 1601 1309 defunctorum
1627 1254 1846 1293 comme-

247 1327 536 1381 moratione
564 1327 727 1396 ﬁunt,
760 1344 952 1398 semper
981 1327 1239 1396 Sanctus,
1269 1328 1500 1385 Sanctus
1521 1369 1536 1396 ,
1573 1329 1803 1387 Sanctus
1825 1371 1844 1400 ,

248 1434 312 1472 eo
343 1419 522 1473 ordine
549 1436 648 1488 quo
678 1420 745 1472 ad
776 1421 956 1475 missas
983 1420 1213 1491 publicas
1250 1422 1462 1492 dicitur,
1500 1422 1604 1477 dici
1645 1423 1843 1478 debeat.

255 1510 358 1566 Ubi
389 1513 622 1567 notanda
649 1521 730 1569 est
757 1515 1042 1570 missarum
1077 1516 1459 1572 matutiuarum
1487 1532 1519 1572 a
1548 1519 1846 1589 quadrage-

251 1603 534 1661 simalibus
553 1647 567 1671 ,
595 1615 756 1677 atque
781 1608 942 1664 etiam
983 1625 1012 1663 a
1051 1608 1279 1679 publicis
1305 1610 1606 1678 distinctio,
1638 1612 1706 1668 de
1735 1628 1841 1682 qua

253 1697 416 1754 infra.

329 1810 411 1862 l7.
444 1809 627 1867 Canon
668 1812 884 1878 missas,
929 1814 1021 1884 qui
1049 1815 1331 1888 Trisagion
1368 1819 1735 1888 consequitur,
1779 1828 1835 1876 et

1950 587 2066 643 haec
2096 589 2343 660 leguntur
2369 609 2382 645 :
2413 589 2610 661 Corpus
2637 599 2780 643 tuum
2808 588 2862 642 in
2888 592 3213 659 peccatorum
3238 592 3532 637 nostrorum

1947 685 2244 738 remissione
2274 686 2622 755 confractum,
2657 693 2796 750 etc.,
2825 696 2942 752 quae
2971 677 3138 735 verba
3174 675 3418 748 proxime
3448 689 3534 730 re-

1948 774 2069 831 latis
2098 779 2520 834 consecrationis
2548 776 2726 833 verbis
2752 773 3099 844 respondent.

2022 890 2110 945 l9.
2154 891 2211 946 ln
2257 893 2487 948 concilio
2532 892 2703 960 primo
2741 889 3071 945 Arausicano
3112 881 3529 941 obscurissimos

1947 991 2030 1037 est
2056 998 2227 1039 canon
2257 983 2366 1036 22:
2400 984 2528 1038 Cum
2567 1000 2721 1054 capsa
2759 993 2807 1037 et
2846 981 2981 1036 calix
3017 977 3308 1046 o/ferendus
3347 983 3452 1040 est,
3485 976 3536 1022 et

1947 1077 2253 1131 admistione
2289 1075 2634 1132 Eucharistiw
2669 1073 3069 1130 consecrandus.
3107 1069 3245 1137 Quid
3274 1067 3344 1122 sit
3372 1077 3533 1132 capsa

1950 1167 2051 1223 hoc
2099 1169 2246 1234 loco,
2296 1182 2402 1222 non
2441 1168 2628 1236 liquet.
2675 1168 2789 1220 Duo
2838 1167 2925 1219 hic
2971 1161 3278 1232 signiﬁcare
3319 1163 3534 1226 potest,

1948 1273 2141 1327 nempe
2163 1259 2244 1313 vel
2269 1258 2458 1312 turrim
2477 1299 2492 1326 ,
2517 1274 2617 1326 qua
2642 1251 2780 1313 calix
2802 1254 3003 1310 includi
3025 1251 3261 1315 solebat,
3287 1258 3340 1304 et
3363 1248 3537 1314 inqua

1948 1349 2278 1404 inlerebatur
2307 1365 2336 1403 a
2366 1349 2594 1404 diacono
2624 1349 2690 1403 ad
2719 1348 2910 1416 altare,
2939 1355 2998 1402 ut
3028 1346 3082 1400 in
3107 1344 3281 1412 capite
3313 1341 3344 1394 8
3376 1353 3538 1408 expo-

1949 1455 2171 1506 nemus;
2205 1442 2286 1496 vel
2316 1451 2584 1511 patenam,
2617 1441 2847 1510 amplam
2881 1450 2934 1496 et
2963 1437 3280 1510 profundam
3302 1478 3318 1503 ,
3348 1437 3401 1490 in
3432 1450 3534 1504 qua

1948 1531 2102 1602 panis
2129 1535 2432 1587 consecrari
2467 1533 2716 1598 solebat;
2750 1542 2808 1588 ut
2849 1532 2920 1586 sit
2962 1546 3187 1595 sensus,
3219 1545 3321 1585 non
3361 1527 3534 1582 solum

1946 1638 2142 1693 panem
2175 1624 2225 1678 in
2265 1625 2458 1692 missa,
2499 1625 2594 1680 sed
2632 1624 2794 1679 etiam
2836 1623 3060 1678 calicem
3101 1622 3261 1678 simul
3306 1620 3538 1675 oll‘eren-

1949 1713 2078 1769 dum
2108 1731 2228 1770 cum
2262 1725 2489 1786 patens,
2533 1717 2586 1770 in
2631 1731 2734 1781 qua
2775 1717 2931 1785 panis
2967 1715 3153 1786 reponi
3198 1714 3355 1769 solet.
3404 1713 3538 1768 Huic

1949 1808 2382 1877 interpretationi
2415 1808 2597 1864 favere
2627 1809 2836 1864 videtur
2864 1810 3089 1865 canonis
3122 1809 3307 1864 titulus
3337 1827 3348 1862 :
3386 1807 3454 1862 Ut
3485 1811 3536 1862 in

243 1903 389 1958 sacri
419 1907 662 1977 mysterii
687 1909 954 1964 actionem
985 1910 1277 1979 antecedit,
1309 1913 1488 1967 varius
1518 1923 1600 1969 est
1625 1915 1679 1969 in
1706 1915 1835 1969 Mis-

1947 1915 2108 1954 unum
2136 1904 2418 1973 propositio
2432 1904 2758 1958 Sacramenti
2788 1914 3127 1959 consecretur.
3160 1903 3396 1959 Tametsi
3433 1917 3538 1959 non

242 1995 451 2052 salibus
483 1999 773 2056 Gallicanis
802 2017 899 2072 pro
931 2003 1236 2060 diversitate
1264 2007 1569 2062 missarum.
1615 2008 1671 2062 ln
1703 2009 1832 2065 Mis-

248 2088 352 2142 sali
404 2088 632 2146 Gothico
681 2107 773 2149 seu
817 2095 1094 2150 Gallicano
1138 2097 1206 2152 ad
1250 2097 1486 2169 vigiliam
1535 2100 1842 2158 Nativitatis

246 2179 461 2236 Domini
489 2184 567 2238 sic
599 2184 760 2241 habet
789 2202 802 2239 :
836 2187 956 2240 Vere
981 2198 1220 2259 sanctus,
1253 2206 1366 2244 vere
1403 2192 1694 2247 benedictus
1733 2193 1843 2250 Do—

243 2275 417 2328 minus
445 2286 614 2330 noster
627 2275 660 2330 Ι
664 2294 778 2333 esus
791 2279 1022 2336 Christus
1034 2269 1206 2337 Filius
1231 2293 1368 2352 tuus,
1395 2288 1668 2359 manensiin
1679 2289 1839 2357 ctelis,

243 2370 605 2436 mani/estatus
647 2372 699 2425 in
728 2372 894 2427 terris.
939 2372 966 2426 1
976 2390 1063 2443 pse
1096 2376 1230 2429 enim
1270 2377 1435 2447 pridie
1465 2391 1618 2448 quam
1645 2389 1843 2450 patere-

245 2467 350 2524 tur,
387 2469 490 2516 etc.
515 2506 532 2530 ,
565 2477 685 2532 quae
712 2473 839 2519 sunt
877 2465 1048 2534 prima
1091 2468 1252 2524 verba
1281 2482 1451 2526 sacrae
1477 2471 1704 2530 actionis
1733 2487 1831 2529 seu

243 2554 692 2610 consecrationis.
744 2556 811 2612 Et
858 2556 913 2612 in
952 2557 1372 2616 Circumcisione
1414 2563 1667 2622 Domini:
1709 2563 1840 2620 Vere

242 2654 486 2714 sanctus,
519 2664 632 2703 vere
659 2649 974 2719 benedictus,
1011 2650 1263 2711 Dominus
1291 2666 1461 2712 noster
1498 2656 1650 2713 Iesus
1691 2660 1842 2714 Utri-

244 2745 357 2809 stus
392 2737 564 2794 Filius
601 2752 749 2808 tuus,
789 2742 878 2814 qui
917 2747 1048 2799 venit
1087 2763 1311 2820 quarere
1351 2759 1398 2805 et
1437 2751 1632 2806 salvum
1671 2757 1840 2824 facere

245 2830 384 2899 quod
428 2833 664 2901 perierat.
715 2833 839 2904 Ipse
887 2837 1023 2890 enim
1072 2839 1239 2906 pridie
1279 2856 1460 2910 quam,
1490 2851 1595 2898 etc.
1624 2842 1838 2913 ,Omnes

244 2918 512 2993 ejusmodi
541 2924 785 2981 Canones
815 2927 1009 2984 breves
1037 2940 1163 2986 sunt
1193 2932 1302 2988 lere
1331 2932 1397 2987 ad
1430 2933 1574 2990 hunc
1603 2935 1827 2992 modum

244 3012 298 3069 in
332 3015 530 3072 Missali
560 3017 1088 3091 Gothicogallicano,
1131 3026 1364 3096 itemque
1392 3028 1447 3083 in
1474 3015 1838 3101 subsequente

246 3113 412 3167 veteri
455 3113 754 3172 Gallicano.
807 3120 877 3172 At
919 3119 973 3173 in
1021 3119 1222 3175 Missali
1263 3121 1592 3179 Francorum
1637 3126 1824 3184 Canon

245 3202 606 3272 Gregorianus
647 3208 975 3278 assignatur,
1019 3215 1231 3267 tametsi
1271 3214 1390 3269 alite
1435 3215 1617 3272 missae
1654 3228 1833 3287 partes

1950 2001 2056 2047 tam
2110 1995 2346 2063 priorem
2391 1998 2615 2052 canonis
2655 2005 2860 2065 partem
2904 2006 3112 2067 spectat
3153 1997 3255 2052 hoc
3305 1997 3538 2064 lemma,

1944 2100 2104 2156 quam
2141 2090 2488 2155 posteriorem
2509 2134 2524 2159 ,
2556 2106 2660 2160 qua
2690 2092 2886 2148 dicitur
2913 2093 3051 2147 calix
3083 2091 3404 2147 admistione
3431 2089 3538 2148 Eu-

1944 2177 2214 2235 charistias
2268 2183 2687 2238 consecrandus.
2748 2184 2952 2238 Horum
3012 2192 3191 2239 autem
3242 2185 3533 2240 verborum

1945 2287 2135 2328 sensus
2164 2289 2268 2329 non
2297 2284 2380 2331 est
2400 2317 2414 2343 ,
2448 2277 2596 2347 quasi
2627 2277 2744 2332 solo
2777 2276 3162 2344 Eucharistiae,
3193 2278 3244 2334 id
3273 2288 3355 2335 est
3385 2280 3538 2350 panis

1943 2369 2278 2435 consecrati,
2307 2380 2554 2426 contactu
2584 2373 2720 2427 calix
2742 2371 3236 2443 “consecretur,
3257 2363 3361 2429 sed
3395 2373 3537 2443 quod

1943 2457 2060 2514 haec
2088 2460 2408 2518 admistione
2438 2463 2600 2517 simul
2630 2474 2929 2530 sacrentur,
2963 2473 3018 2520 et
3044 2479 3203 2520 unam
3232 2465 3394 2522 veluti
3423 2481 3538 2522 rem

1943 2565 2311 2610 consecratam
2360 2555 2616 2612 efﬁciant.
2680 2557 2830 2614 Unde
2891 2560 3147 2616 hactenus
3192 2561 3379 2617 eadem
3426 2562 3540 2619 fere

1941 2647 2108 2703 verba
2153 2651 2479 2718 retinemus,
2519 2667 2642 2708 cum
2682 2652 3036 2710 Eucharistiie
3077 2656 3390 2726 particulam
3431 2657 3538 2711 im-

1942 2740 2205 2798 mittendo
2236 2743 2289 2798 in
2316 2745 2539 2801 calicem
2570 2745 2686 2802 haec
2717 2747 2996 2816 proferunt
3024 2748 3334 2805 sacerdotes
3361 2765 3376 2802 :
3408 2748 3540 2805 licet:

1942 2838 2226 2893 commistio
2256 2848 2304 2893 et
2331 2841 2648 2896 consecratio
2676 2832 2912 2911 corporis
2946 2852 2994 2896 et
3037 2845 3298 2914 sanguinis
3329 2843 3539 2900 Domini

1943 2931 2102 2984 nostri
2136 2928 2263 2984 Jesu
2302 2930 2496 2986 Christi
2535 2933 2624 3000 ﬁat
2664 2934 3032 3004 accipientibus
3082 2936 3224 2991 nobis
3272 2937 3325 2990 in
3376 2939 3534 2992 vitam

1942 3029 2206 3075 teternam.
2231 3021 2444 3078 Clarius
2464 3022 2608 3079 Ordo
2634 3025 3022 3082 Ambrosianus
3047 3045 3058 3081 :
3092 3026 3386 3084 Commistio
3413 3047 3538 3086 con-

1944 3114 2132 3167 secrati
2160 3115 2390 3185 corporis
2419 3124 2464 3170 et
2495 3118 2756 3188 sanguinis
2781 3116 2990 3173 Domini
3013 3121 3174 3175 nostri
3197 3118 3323 3175 Jesu
3345 3120 3537 3176 Christi

1941 3205 2086 3260 nobis
2134 3206 2394 3261 edentibus
2433 3217 2480 3262 et
2529 3211 2846 3267 sumentibus
2895 3213 3133 3282 proﬁciat
3183 3214 3251 3268 ad
3292 3215 3448 3269 vitam
3490 3225 3538 3270 et

244 3296 406 3352 ritum
433 3307 672 3356 veterem
705 3301 1038 3358 Gallicanum
1068 3304 1323 3362 retinent.
1361 3307 1440 3362 Ex
1479 3324 1587 3378 quo
1625 3310 1830 3367 intelli-
1862 3296 1908 3361 C
1937 3299 2195 3369 gaudium
2226 3303 2616 3370 δεηιρίίενηυηι·
2647 3305 2728 3360 Ad
2758 3304 3002 3362 ordinem
3033 3306 3214 3364 redeo-

243 3392 405 3461 gitur,
438 3395 672 3464 majores
697 3405 914 3454 nostros
944 3399 1093 3468 prius
1121 3399 1465 3458 Gelasianum
1506 3418 1602 3461 seu
1638 3404 1837 3463 Roma-

243 3498 372 3539 num
404 3486 674 3545 Canonem
700 3488 988 3548 admisisse
1007 3534 1023 3561 ,
1054 3508 1213 3562 quam
1243 3494 1508 3567 integrum
1539 3499 1699 3554 ritum
1729 3499 1838 3555 Ro-

242 3591 490 3636 manum.

319 3691 409 3746 18.
451 3691 656 3749 Carioni
697 3695 956 3764 praedicto
992 3698 1332 3754 continenter
1370 3701 1652 3771 subjicitur
1687 3705 1834 3762 actio

241 3796 418 3852 sacra,
455 3785 722 3856 incipiens
751 3788 819 3843 ab
847 3788 936 3846 his
959 3790 1160 3856 verbis,
1187 3791 1290 3858 Qui
1320 3793 1486 3860 pridie
1509 3810 1666 3862 quam
1693 3805 1839 3865 pate-

242 3891 411 3948 retur,
443 3890 578 3949 etc.,
609 3897 728 3951 quas
755 3882 951 3948 verba,
986 3898 1052 3938 ex
1083 3884 1288 3938 sanctis
1319 3884 1654 3954 Evangeliis,
1688 3889 1835 3958 Apo-

243 3973 388 4030 stolo
420 3983 476 4029 et
515 3973 802 4032 traditione
835 3983 1083 4045 accepta,
1116 3975 1303 4031 eadem
1342 3984 1466 4031 sunt
1494 3977 1547 4031 in
1579 3978 1830 4035 omnibus

243 4063 540 4137 Liturgiis,
572 4066 673 4122 nisi
703 4066 846 4137 quod
873 4067 929 4122 in
959 4067 1231 4123 nonnullis
1263 4070 1508 4139 quaedam
1542 4085 1702 4128 voces
1733 4087 1831 4128 va-

243 4157 429 4226 riant,
461 4168 522 4214 ut
557 4161 806 4230 superius
850 4160 1083 4216 vidimus
1118 4161 1186 4217 de
1209 4162 1388 4219 missis
1418 4164 1746 4222 Mozarabica
1787 4177 1842 4224 et

242 4252 624 4318 Atnbrosiana,
652 4253 706 4308 in
733 4254 926 4325 quibus
953 4264 1074 4325 post
1105 4255 1219 4312 haec
1248 4256 1434 4326 verba,
1461 4257 1578 4312 Hoc
1604 4269 1680 4314 est
1703 4261 1842 4314 enim

243 4358 436 4416 corpus
485 4361 681 4413 meum,
734 4347 946 4402 additur
984 4346 1040 4402 in
1079 4349 1250 4404 veteri
1289 4349 1655 4417 Mozarabica,
1697 4355 1836 4424 quod

242 4452 338 4507 pro
367 4437 507 4491 vobis
535 4439 784 4505 tradetur,
819 4440 875 4495 in
903 4440 1260 4497 Ambrosiana
1290 4441 1418 4498 item
1463 4447 1662 4512 veteri,
1713 4462 1838 4501 conv

243 4531 519 4600 fringetut’.
539 4541 666 4587 Item
711 4534 850 4602 quod
887 4543 1007 4605 post
1046 4535 1163 4591 hanc
1207 4536 1370 4593 verba
1413 4537 1466 4593 in
1510 4537 1840 4596 Mozarabica

242 4620 362 4677 hac
381 4622 487 4694 47
517 4624 799 4681 adduntur.
839 4625 1248 4699 Quotiescunque
1270 4630 1722 4697 manducaveritis,
1747 4632 1842 4686 hoc

245 4718 403 4788 facite
425 4720 476 4771 in
505 4735 670 4772 meam
697 4722 1246 4776 commemorationem.
1274 4725 1356 4776 An
1383 4722 1648 4792 ejusmodi
1677 4723 1840 4779 verba

241 4807 301 4864 in
337 4809 506 4864 veteri
539 4807 813 4866 Gallicana
847 4813 1011 4866 missa
1050 4812 1332 4882 interjecta
1375 4812 1610 4880 fuerint,
1659 4816 1835 4871 incer-

253 4911 391 4956 tum.
426 4905 494 4956 At
525 4918 729 4959 morem
757 4904 1084 4960 catholicum
1107 4946 1122 4972 ,
1155 4906 1207 4962 id
1237 4917 1322 4963 est
1351 4908 1737 4976 universalem,
1782 4911 1836 4966 in

241 4992 348 5049 hac
370 5007 522 5050 sacra
548 4996 758 5052 actione
784 5004 1055 5052 servatum
1083 4996 1250 5054 fuisse
1275 4998 1438 5054 tradit
1462 5000 1754 5070 Gregorius
1779 5003 1835 5059 in

240 5101 367 5158 cap.
405 5087 470 5141 16
499 5088 568 5144 de
599 5088 732 5144 Vitis
763 5088 982 5144 Patrum
1005 5131 1019 5155 ,
1048 5089 1137 5147 ubi
1175 5089 1244 5146 de
1272 5090 1538 5148 Venantio
1565 5093 1834 5151 Turonico

243 5178 477 5245 abbate,
511 5179 602 5249 qui
633 5179 947 5251 presbytero
977 5179 1194 5237 Missam
1223 5182 1518 5240 celebranti
1560 5186 1838 5254 proximus

241 5271 459 5327 astitit:
489 5289 507 5322 ι
543 5271 884 5342 Ventumque
921 5281 1008 5330 est
1048 5283 1106 5328 ut
1163 5282 1408 5331 sanctum
1453 5291 1648 5332 munus
1683 5277 1837 5348 juxta

242 5379 456 5421 morem
484 5365 806 5421 catholicum
826 5407 840 5431 ,
872 5365 1028 5435 signo
1057 5367 1238 5421 crucis
1267 5369 1610 5438 superposito
1629 5412 1643 5437 ,
1673 5370 1837 5428 bene-

241 5458 536 5515 diceretur.
564 5479 582 5512 ›
611 5459 702 5516 llle
731 5474 860 5516 vero
903 5460 1038 5516 vidit
1076 5459 1359 5530 quemdam
1408 5477 1628 5530 senem,
1676 5464 1835 5520 cleri-

242 5559 400 5607 catus
442 5549 647 5606 honore
687 5551 1087 5617 venerabilem,
1136 5551 1371 5607 oblatum
1431 5553 1619 5608 altaris
1663 5557 1829 5611 sacri-

241 5641 429 5698 ﬁcium
482 5642 703 5698 dextera
758 5653 978 5700 extensa
1034 5642 1464 5699 benedicentem.
1526 5664 1544 5697 ‹
1580 5645 1835 5704 Formam

243 5733 660 5794 Ainbrosianam
683 5778 697 5801 ,
730 5734 786 5790 in
815 5750 920 5805 qua
949 5735 1183 5802 additur,
1217 5735 1356 5807 quod
1385 5752 1480 5808 pro
1512 5736 1684 5790 multis
1713 5754 1836 5793 conv

245 5827 528 5897 (ringetur,
557 5828 609 5882 in
635 5827 836 5884 Ordine
860 5829 1132 5886 Gallicauo
1164 5840 1439 5888 servatam
1471 5829 1638 5886 fuisse
1666 5831 1837 5901 conji-

243 5920 421 5977 cimus
446 5934 517 5975 ex
549 5919 749 5976 Missali
781 5920 1007 5977 Gothico
1037 5926 1089 5978 in
1120 5924 1288 5986 missa
1317 5925 1384 5983 de
1414 5923 1703 5983 Nativitate
1729 5925 1836 5984 Do-

533 6013 808 6078 PA'rnoL.
848 6017 1117 6080 LXXII.

2011 3390 2103 3446 20.
2137 3391 2308 3447 Finita
2337 3393 2519 3450 calicis
2547 3397 2976 3467 consecratione,
3006 3397 3218 3455 Missale
3246 3399 3530 3457 Godticum

1941 3482 1996 3537 in
2024 3482 2247 3554 singulis
2275 3499 2410 3554 pene
2439 3485 2619 3542 missis
2648 3487 2830 3543 subdit
2870 3503 3027 3544 unam
3059 3493 3357 3547 orationem
3407 3492 3540 3548 Post

1941 3581 2260 3650 mysterium
2289 3595 2385 3636 seu
2412 3580 2541 3638 Post
2568 3590 2798 3638 secreta.
2845 3581 3155 3640 Mozarabes
3194 3583 3320 3641 Post
3359 3584 3540 3644 Pridie

1943 3674 2134 3731 eodem
2167 3688 2329 3730 sensu
2361 3675 2655 3746 appellant.
2688 3676 3003 3747 Exemplum
3031 3685 3152 3732 esto
3182 3677 3250 3734 de
3289 3680 3452 3733 missa
3484 3680 3539 3734 in

1942 3767 2127 3836 vigilia
2165 3768 2372 3824 Natalis
2403 3769 2652 3837 Domini,
2684 3785 2803 3840 qua:
2847 3769 2903 3825 in
2942 3769 3170 3826 Gothico
3209 3771 3290 3827 sic
3328 3771 3490 3828 habet
3521 3791 3537 3830 :

1943 3856 2074 3912 Htec
2128 3859 2384 3928 facimus,
2443 3848 2924 3930 Domine'sancte,
2972 3860 3133 3916 Pater
3177 3863 3534 3944 omnipotens,

1941 3963 2131 4008 azterne
2181 3952 2354 4020 Deus,
2397 3963 2851 4035 commemorantes
2900 3965 2950 4011 et
2994 3957 3300 4014 celebrantes
3337 3960 3538 4029 passio-

1943 4063 2061 4102 nem
2100 4047 2349 4118 unigeniti
2391 4033 2519 4102 Filii
2564 4049 2640 4102 tui
2679 4049 2808 4104 Jesu
2849 4047 3039 4104 Christi
3083 4048 3294 4106 Domini
3337 4051 3540 4119 nostri,

1944 4137 2034 4207 qui
2065 4145 2229 4191 tecum
2254 4138 2371 4192 vivit
2397 4145 2446 4192 et
2476 4148 2651 4211 regnat
2678 4155 2796 4193 cum
2825 4139 3029 4209 Spiritu
3057 4151 3234 4195 sancto
3265 4143 3318 4196 in
3347 4142 3543 4197 saecula

1944 4229 2274 4284 saeculorum.
2301 4229 2428 4285 Haec
2459 4239 2570 4284 tota
2595 4228 2830 4286 Canonis
2856 4240 2910 4288 et
2935 4232 3072 4289 sacri
3100 4235 3340 4304 mysterii
3366 4235 3544 4293 series

1947 4321 2298 4378 Mozarabicaa
2323 4324 2544 4380 omnino
2570 4325 2868 4380 consimilis
2894 4334 3009 4396 εει,
3055 4329 3266 4384 tametsi
3303 4327 3539 4388 diversas

1944 4422 2072 4469 sunt
2102 4415 2260 4469 unius
2289 4415 2357 4469 ab
2387 4414 2492 4470 alio
2521 4414 2629 4470 ritu
2659 4417 2950 4473 orationes.

2015 4528 2105 4584 21.
2139 4531 2268 4586 Post
2291 4529 2406 4586 haec
2445 4529 2754 4587 Mosarabes
2783 4529 3012 4587 hostiam
3051 4531 3300 4604 frangunt
3335 4535 3389 4590 in
3428 4551 3537 4593 no-

1946 4636 2069 4677 vem
2119 4622 2432 4692 portiones;
2475 4637 2538 4678 ac
2577 4624 2770 4679 deinde
2815 4623 2944 4679 dicit
2986 4625 3310 4698 presbyter:
3356 4627 3539 4697 Fide,

1947 4729 2102 4782 quam
2129 4714 2282 4768 corde
2308 4714 2592 4778 credimus,
2627 4730 2714 4768 ore
2739 4724 2910 4768 autem
2933 4714 3184 4771 dicamus.
3210 4717 3344 4772 Tum
3375 4720 3542 4775 elevat

1945 4808 2183 4862 sacerdos
2212 4823 2393 4879 corpus
2427 4805 2639 4874 Christi,
2670 4816 2726 4860 ut
2755 4807 2988 4860 videatur
3015 4809 3227 4877 populo.
3258 4809 3379 4864 Mox
3405 4812 3543 4867 clio-

1947 4915 2038 4955 rus
2084 4908 2265 4956 cantat
2308 4899 2624 4970 Symbolum
2666 4898 3346 4970 Constantinopolitannm,
3389 4907 3541 4961 utin.

1943 4991 2120 5061 capite
2145 4992 2324 5062 primo
2370 4988 2749 5061 praemisimus.
2792 4989 2947 5047 Haud
2975 4991 3089 5049 scio
3129 5008 3196 5049 an
3237 4995 3378 5064 apud
3405 4995 3536 5052 Gal-

1938 5083 2022 5140 los
2051 5083 2104 5138 id
2135 5083 2329 5140 eodem
2374 5082 2535 5139 modo
2574 5084 2749 5139 lieret.
2799 5083 3090 5158 Gregorius
3135 5089 3541 5144 consecrationi

1943 5179 2186 5250 proxime
2226 5177 2445 5249 subiicit
2490 5177 2915 5237 conlractionem
2963 5181 3016 5236 in
3067 5181 3158 5236 lib.
3192 5183 3302 5238 ide
3350 5182 3535 5240 Gloria

1942 5271 2234 5344 Martyrum
2262 5287 2382 5342 cap.
2404 5271 2468 5326 87
2495 5287 2510 5326 :
2545 5291 2564 5324 ι
2596 5270 2794 5328 Verum
2826 5273 2913 5329 ubi
2950 5273 3216 5345 explicitis
3242 5275 3419 5332 verbis
3449 5291 3538 5333 sa-

1942 5367 2078 5432 cris,
2140 5363 2417 5420 contracto
2460 5362 2716 5419 dominici
2762 5364 3003 5434 corporis
3049 5375 3424 5435 sacramento,
3477 5377 3539 5424 et

1942 5459 2058 5529 ipse
2095 5457 2366 5526 sumpsit.
2408 5465 2462 5512 et
2498 5455 2618 5512 aliis
2655 5455 2928 5512 distribuit
2966 5455 3032 5510 ad
3071 5454 3359 5512 edendum.
3394 5478 3413 5510 ι
3460 5461 3538 5514 At.

1947 5549 2210 5620 siquidem
2239 5549 2532 5620 Gregorius
2561 5548 2646 5603 his
2677 5548 2854 5602 verbis
2893 5548 3062 5602 sacris
3099 5547 3374 5620 intelligit,
3423 5567 3538 5606 non

1945 5643 2243 5699 orationem
2271 5640 2380 5711 49
2419 5639 2784 5698 Dominicam.
2831 5637 2930 5693 sed
2965 5640 3128 5696 verba
3170 5641 3540 5697 consecratio-

1944 5735 2055 5801 uis,
2111 5734 2217 5790 dici
2270 5741 2447 5802 potest
2501 5729 2923 5787 contractionem
2974 5747 3082 5789 non
3150 5733 3330 5789 statim
3406 5732 3542 5788 huic

1943 5826 2303 5893 successisse,
2335 5839 2459 5880 cum
2489 5819 2925 5880 communionem
2968 5826 3209 5897 proxime
3249 5822 3545 5896 subjiciat,

1943 5935 2063 5993 quae
2099 5927 2246 5976 certe
2285 5917 2444 5975 ﬁebat
2483 5925 2606 5990 post
2641 5914 2981 5976 Dominicain
3019 5923 3336 5982 orationem.
3388 5916 3544 5976 Nihil-

2939 6013 2979 6076 5
