4108 6352
570 414 671 478 139

1288 404 1639 469 ΔΡΡΕΝΟΙΧ
1678 407 1771 464 AD
1810 402 2039 462 OPERA
2077 400 2321 461 SANCTI
2358 402 2673 467 GERMANI
2705 406 3133 471 PARISIENSIS

3745 410 3849 472 ιιο

568 549 731 607 porro
758 533 859 589 hac
882 530 949 588 de
988 546 1045 589 re
1071 546 1125 589 ιιι
1168 527 1479 586 Missalibus
1519 523 1807 583 Gallicanis
1850 518 2152 594 praescribi-
2178 522 2397 593 Aquod
2446 526 2673 597 quadam
2726 528 2882 595 vice,
2939 530 3064 585 dum
3113 529 3261 601 juxta
3304 526 3757 586 consuetudinem
3781 532 3852 589 de

566 636 698 682 tur:
751 624 845 681 sed
892 622 1150 688 orationi,
1200 636 1319 695 quae
1368 630 1485 690 post
1528 618 1839 690 mysterium
1888 630 1981 670 seu
2031 621 2154 685 post

565 717 1025 776 consecrationem
1065 715 1391 787 assignatur,
1434 712 1687 768 continuo
1724 709 1824 764 alia
1866 707 2152 778 subjicitur

564 807 903 864 Prmi‘ationis
936 794 1105 862 instar
1131 814 1255 860 ante
1292 802 1586 859 orationem
1632 800 2018 856 Dominicalem
2039 842 2053 866 ,
2098 807 2153 854 et

562 900 709 955 varia
753 897 969 970 quidem
1008 897 1061 952 in
1097 894 1318 967 singulis
1358 893 1469 951 fere
1512 893 1709 948 missis.
1753 891 1842 947 Sic
1885 892 1937 945 in
1981 889 2149 945 Natali

563 989 777 1048 Domini
808 1013 820 1047 :
861 993 977 1046 Non
1010 1001 1181 1046 nostro
1210 998 1596 1060 prtesumentes,
1632 986 1790 1042 Pater
1820 995 2013 1053 sancte,
2047 1004 2153 1040 me-

562 1086 685 1151 rito,
714 1087 803 1140 sed
833 1086 1037 1139 Domini
1059 1085 1221 1139 nostri
1244 1082 1368 1140 Jesu
1392 1083 1585 1138 Christi
1610 1083 1896 1136 obedientes
1918 1081 2148 1151 imperio,

565 1176 816 1229 audemus
845 1176 1012 1229 dicere
1036 1191 1055 1230 :
1082 1173 1240 1229 Pater
1264 1182 1469 1241 noster,
1497 1182 1603 1229 etc.
1633 1172 1710 1228 De
1738 1171 1840 1227 hoc
1863 1170 2149 1226 universali

568 1282 721 1321 more
748 1266 1105 1337 Hieronymus
1136 1263 1208 1320 ita
1248 1264 1433 1322 scribit
1474 1265 1527 1320 in
1572 1264 1668 1320 lib.
1701 1279 1757 1318 ιιι
1785 1274 1967 1319 contra
2005 1251 2153 1318 Pela-

565 1360 709 1430 ginm
737 1378 749 1412 :
782 1378 800 1410 ι
832 1359 923 1415 Sic
961 1359 1141 1414 docuit
1183 1358 1457 1427 apostolos
1499 1372 1662 1425 suos,
1718 1366 1775 1411 nt
1810 1354 2051 1427 quotidie
2098 1356 2150 1410 in

562 1452 802 1521 corporis
830 1453 909 1507 sui
944 1452 1208 1507 sacriﬁcio
1238 1450 1521 1507 credentes
1550 1451 1783 1506 audeant
1818 1448 1966 1519 loqui
1998 1466 2010 1503 :
2044 1446 2152 1502 Pa-

562 1556 637 1601 ter
666 1558 834 1601 noster
862 1548 952 1617 qui
979 1563 1030 1601 es
1058 1547 1113 1600 in
1145 1546 1305 1600 catis.

628 1658 717 1713 2:2.
761 1660 907 1715 Hanc
929 1668 1110 1714 autem
1131 1658 1427 1714 orationem
1454 1656 1786 1712 Dominicam
1804 1698 1820 1725 ,
1850 1672 1958 1711 non
1978 1671 2005 1709 a
2035 1659 2152 1712 solo

553 1751 841 1809 sacerdote
861 1792 877 1819 ,
911 1751 1007 1807 sed
1035 1752 1198 1807 etiam
1226 1750 1292 1805 ab
1313 1759 1523 1805 astante
1579 1749 1775 1819 populo
1802 1748 1940 1818 apud
1970 1748 2152 1803 Gallos

552 1845 823 1914 prolatam
850 1844 1020 1899 fuisse
1041 1844 1197 1898 docet
1216 1842 1507 1915 Gregorius
1530 1842 1581 1895 in
1608 1841 1702 1896 lib.
1730 1858 1765 1896 ιι
1795 1840 1861 1896 de
1883 1840 2153 1896 Miracnlis

2256 618 2525 683 basilicis,
2557 637 2691 693 quas
2736 625 2997 680 orationis
3032 624 3200 696 gratia
3240 624 3480 690 adierat,
3527 625 3851 697 repedaret,

2254 722 2307 767 et
2359 712 2412 769 in
2453 714 2671 772 basilica
2715 718 2781 773 ad
2822 718 3013 775 miSsas
3047 719 3338 775 Dominica:
3373 718 3639 775 orationis
3678 721 3850 776 verba

2255 808 2697 880 decantarentur;
2732 828 2852 869 cum
2898 812 2971 869 illi
3023 812 3305 880 dixerunt,
3352 811 3461 870 Sed
3500 813 3663 871 libera
3692 830 3785 868 nos
3820 832 3859 868 α

2254 898 2421 967 malo,
2465 902 2663 958 audivit
2703 919 2733 959 e
2777 905 2981 961 tumulo
3018 904 3297 977 cuiusdam
3338 921 3527 962 vocem
3569 905 3847 962 dicentem

2253 992 2517 1059 similiter,
2550 993 2731 1049 Libera
2754 1012 2844 1051 nos
2865 1013 2897 1051 a
2920 999 3076 1053 maio.
3104 1018 3123 1051 ι
3152 997 3374 1054 Demum
3396 1007 3518 1071 post
3538 998 3846 1055 orationem

2257 1084 2585 1141 Dominicam
2621 1088 2671 1142 in
2701 1088 2898 1145 Missali
2931 1088 3190 1157 Gothico,
3228 1106 3335 1146 non
3377 1105 3535 1147 secus
3559 1107 3623 1147 ac
3651 1092 3705 1148 in
3734 1090 3853 1147 Mo-

2254 1190 2312 1231 za
2322 1175 2502 1230 rabico
2521 1224 2533 1245 ,
2551 1179 2909 1259 subditur51
2927 1184 3100 1241 oratio
3116 1183 3261 1238 varia
3279 1197 3376 1253 pro
3393 1182 3633 1240 diversis
3648 1184 3853 1240 missis.

2252 1268 2311 1325 In
2341 1270 2508 1325 Natali
2541 1270 2749 1329 Domini
2796 1292 2810 1329 :
2853 1272 3035 1331 Libera
3066 1293 3187 1344 nos,
3232 1276 3552 1346 omnipotens
3583 1276 3752 1342 Deus,
3783 1276 3853 1331 ab

2255 1364 2395 1417 omni
2417 1364 2575 1433 malo,
2606 1376 2652 1421 et
2681 1368 2882 1423 custodi
2909 1385 3000 1424 nos
3026 1370 3079 1425 in
3110 1369 3248 1424 omni
3268 1386 3418 1444 opere
3441 1368 3605 1437 bono,
3628 1370 3861 1443 perfecta

2255 1456 2437 1513 veritas
2466 1470 2512 1513 et
2549 1477 2667 1515 vero
2692 1461 2897 1517 libertas
2926 1461 3067 1517 Deus
3085 1504 3100 1519 .
3130 1463 3219 1521 aui
3243 1480 3429 1539 regnas
3456 1464 3509 1516 in
3541 1463 3735 1518 saecula
3756 1478 3858 1519 sa-

2256 1551 2509 1606 culorum.

2328 1640 2419 1697 23.
2460 1642 2906 1701 Communionem
2933 1646 3349 1717 subsequentem
3383 1649 3723 1718 pracedebat
3761 1648 3861 1703 be-

2257 1736 2492 1791 nedictio
2536 1739 2603 1792 ab
2656 1742 2911 1808 episcopo
2961 1740 3044 1794 vel
3092 1740 3371 1796 sacerdote
3418 1742 3731 1810 impertita,
3788 1742 3857 1796 ad

2257 1845 2418 1900 quam
2460 1829 2719 1885 diaconus
2750 1840 3042 1901 praesentes
3081 1833 3223 1889 elata
3250 1849 3385 1890 voce
3427 1835 3760 1910 admonebat
3795 1845 3855 1889 ut

555 1913 727 1991 sancit
761 1936 972 1990 Marum
1002 1950 1117 2005 cap,
1154 1935 1243 1989 δυ,
1276 1913 1483 2003 Quippe
1516 1952 1534 1983 ε
1572 1932 1801 2004 quadam
1849 1930 1935 1986 die
1967 1932 2151 1987 οοηιί-
2184 1913 2233 1974 Β
2257 1936 2317 1976 se
2363 1922 2701 1977 inclinarent.
2732 1923 2997 1980 Cesarius
3028 1926 3185 1982 testis
3223 1928 3278 1981 in
3312 1941 3563 1983 sermone
3600 1927 3709 1983 285
3737 1929 3856 1997 jam

557 2029 701 2090 nica,
736 2028 859 2081 dum
903 2027 1179 2081 Missurum
1210 2024 1469 2080 solemnia
1533 2024 1961 2091 celebrarentur,
2002 2040 2147 2095 qua-

556 2119 678 2172 dam
715 2118 905 2189 femina
957 2128 1097 2171 muta
1144 2118 1195 2171 in
1243 2116 1453 2171 basilica
1510 2131 1631 2171 cum
1681 2115 1887 2187 reliquo
1955 2118 2149 2186 populo

550 2211 748 2266 stabat.
779 2210 998 2266 Factum
1026 2218 1107 2264 est
1136 2218 1312 2264 autem
1344 2224 1463 2264 cum
1490 2209 1767 2265 Dominica
1796 2210 1969 2264 oratio
1998 2211 2149 2266 dice-

550 2314 724 2371 retur,
761 2304 874 2359 hacc
902 2316 1088 2375 aperto
1118 2318 1214 2359 ore
1238 2302 1404 2373 coepit
1434 2311 1673 2359 sanctam
1698 2304 1995 2358 orationem
2026 2320 2147 2359 cum

549 2396 773 2465 reliquis
798 2396 1103 2450 decantare.
1140 2413 1164 2449 ι
1192 2396 1335 2451 Idem
1366 2395 1528 2451 ﬁebat
1550 2398 1711 2450 etiam
1741 2404 1866 2451 tunc
1894 2398 2151 2467 temporis

550 2487 691 2555 apud
743 2487 993 2553 Grmcos,
1028 2498 1163 2544 teste
1211 2488 1439 2544 Leontio
1493 2490 1749 2561 episcopo
1795 2490 1846 2543 in
1899 2490 2037 2545 libro
2082 2491 2151 2545 de

548 2578 673 2633 Vita
698 2581 867 2633 sancti
893 2578 1116 2636 Joannis
1136 2580 1373 2651 episc0pi
1402 2581 1772 2647 Alexandrini,
1798 2593 2153 2653 cognomento

548 2671 1007 2744 Eleemosynarii;
1032 2672 1123 2745 qui
1152 2689 1275 2729 cum
1304 2671 1596 2744 principem
1620 2673 1903 2743 quemdam
1932 2673 1999 2729 ad
2023 2688 2151 2729 con-

552 2767 791 2823 cordiam
824 2783 943 2822 cum
978 2768 1083 2822 alio
1109 2782 1374 2823 revocare
1401 2767 1593 2833 vellet,
1629 2767 1775 2821 misit
1806 2768 1895 2840 qui
1928 2783 2048 2823 enm
2083 2766 2149 2821 ad

548 2875 612 2918 se
642 2860 933 2916 adduceret
974 2870 1134 2931 atque
1181 2861 1300 2931 ipso
1342 2867 1606 2931 praesente
1646 2878 1667 2911 ι
1710 2859 1833 2914 fecit
1864 2859 2055 2915 missas
2098 2860 2149 2913 in

550 2954 787 3008 oratorio
830 2967 961 3021 suo,
994 2952 1201 3008 nullum
1244 2952 1447 3008 habens
1477 2952 1578 3007 nisi
1612 2951 1916 3006 ministrum
1968 2965 2147 3005 suum.

549 3041 684 3100 Cum
715 3060 844 3115 ergo
870 3050 1055 3099 sancta
1099 3043 1469 3100 heuedixisset
1498 3041 1831 3111 patriarcha,
1859 3050 1913 3096 et
1948 3040 2149 3096 oratio-

549 3155 675 3195 nem
726 3139 1058 3194 Dominicam
1105 3138 1454 3205 inclinasset,
1496 3145 1776 3206 creperum
1818 3134 2000 3192 dicere
2041 3146 2149 3191 tres

552 3241 761 3287 tantum
829 3232 940 3300 illi,
992 3230 1152 3287 Pater
1182 3241 1371 3287 noster.
1425 3230 1491 3286 Et
1532 3247 1654 3287 cum
1704 3231 2036 3303 pervenisset
2079 3230 2147 3284 ad

2255 2013 2484 2069 laudatae
2509 2014 2819 2084 appendicis
2848 2017 3270 2089 Angustinianaa,
3299 2033 3451 2074 num.
3481 2021 3549 2073 2:
3587 2037 3606 2070 ι
3644 2020 3706 2074 Et
3740 2020 3853 2075 hoc

2254 2105 2521 2161 admoneo
2560 2108 2719 2162 simul
2757 2117 2812 2163 et
2845 2124 3007 2179 rogo,
3038 2109 3260 2175 fratres,
3293 2111 3508 2182 quoties
3544 2110 3852 2165 clamatum

2255 2197 2498 2252 fueritut
2544 2213 2640 2254 vos
2684 2199 3045 2256 benedictioni
3085 2201 3369 2259 humiliare
3410 2202 3684 2269 debeatis,
3737 2218 3855 2260 non

2256 2290 2409 2346 vobis
2437 2292 2508 2346 sit
2539 2292 2866 2349 laboriosum
2903 2296 3076 2365 capita
3108 2295 3403 2363 inclinare,
3434 2297 3559 2366 quia
3602 2312 3708 2352 non
3754 2296 3856 2351 ho-

2257 2384 2424 2450 mlni,
2455 2384 2549 2439 sed
2583 2385 2693 2439 Deo
2721 2386 3036 2441 liumiliatis.
3074 2402 3097 2439 s

2325 2474 2416 2531 Ἡ.
2462 2476 2581 2530 Post
2619 2477 3048 2535 benedictionem
3079 2488 3134 2535 et
3171 2481 3465 2537 sacerdotis
3502 2484 3851 2539 communio-

2255 2581 2413 2630 nem.
2449 2568 2632 2624 ﬁdeles
2659 2572 3102 2627 communicatnri
3152 2573 3217 2628 ad
3269 2575 3439 2632 altare
3474 2575 3845 2645 accedebant,

2254 2662 2416 2718 etiam
2443 2664 2727 2732 mulieres,
2761 2675 2817 2720 ut
2847 2682 2995 2721 num.
3028 2666 3060 2719 6
3082 2668 3387 2723 notavimus
3422 2687 3433 2721 :
3467 2677 3653 2725 contra
3683 2686 3852 2743 quam

2256 2755 2397 2823 apud
2448 2755 2752 2829 Hispanos,
2801 2759 2941 2830 apud
2991 2774 3125 2832 quos
3173 2762 3438 2817 sancitum
3493 2772 3573 2818 est
3626 2763 3857 2821 concilii

2255 2845 2497 2903 Toletani
2545 2862 2595 2902 tv
2640 2864 2847 2906 canone
2880 2850 2967 2919 i7,
3020 2850 3090 2907 Ut
3132 2854 3419 2909 sacerdotes
3447 2864 3495 2909 et
3525 2853 3691 2908 levita.-
3727 2862 3857 2908 ante

2255 2939 2418 2993 altare
2438 2941 2841 3007 communicent,
2892 2943 2947 2995 in
2993 2943 3151 2997 choro
3197 2944 3400 3010 clerus,
3441 2953 3585 2998 extra
3628 2944 3854 2997 chorum

2254 3034 2494 3102 populus.
2545 3033 2688 3088 Idem
2736 3035 2848 3090 fere
2875 3042 3132 3091 statutum
3181 3036 3395 3091 concilii
3422 3034 3710 3092 Laudiceni
3754 3051 3851 3091 ca—

2256 3140 2399 3181 none
2429 3124 2515 3181 i9.
2547 3126 2861 3183 Contrarius
2894 3142 3009 3184 mos
3039 3131 3181 3200 apud
3208 3130 3414 3185 Gallos.
3459 3131 3514 3185 ln
3546 3130 3775 3186 concilio
3810 3146 3850 3187 ιι

2255 3218 2554 3276 anonensi
2586 3236 2758 3277 canon
2796 3233 3020 3295 quartus
3061 3233 3212 3282 vetat
3237 3227 3401 3281 laicus
3431 3225 3599 3282 choro
3627 3227 3848 3283 misceri

550 3338 857 3381 sermonem
904 3339 1009 3395 quo
1053 3324 1279 3393 dicitur,
1328 3323 1541 3378 Dimitte
1584 3300 1725 3381 nobis
1757 3322 1923 3377 debito
1948 3331 2147 3389 nostra,
2178 3300 2227 3367 Ο
2256 3314 2596 3383 Psallenlium
2620 3317 2936 3373 clericorum
2967 3335 2980 3371 :
3016 3319 3096 3373 Ad
3127 3320 3381 3374 mendum
3402 3335 3518 3374 vero
3543 3330 3592 3376 et
3613 3336 3850 3374 commat-

553 3423 697 3483 etc.,
726 3414 901 3470 innuit
944 3413 1243 3471 domestico
1280 3413 1618 3486 patriarcha,
1680 3424 1736 3469 ut
1780 3414 1887 3489 5o
1926 3423 2147 3469 taceret.

553 3508 713 3564 Siluit
738 3522 867 3580 ergo
892 3507 1195 3579 patriarcha
1220 3548 1236 3573 ,
1268 3514 1322 3563 et
1349 3508 1611 3562 remansit
1639 3508 1886 3576 princeps
1914 3506 2082 3561 solus.
2125 3523 2145 3558 ι

554 3600 671 3670 Qua
701 3602 985 3657 occasione
1012 3608 1255 3671 captata,
1289 3599 1369 3654 vlr
1399 3611 1621 3655 sanctus
1660 3613 1781 3653 eum
1824 3598 1889 3651 ad
1920 3610 2149 3652 concor-

551 3694 694 3748 diam
726 3694 956 3750 induxit.
985 3694 1137 3750 Hunc
1165 3690 1473 3747 Graacorum
1519 3691 1677 3746 ritum
1715 3705 1744 3744 a
1775 3688 2016 3745 Romano
2041 3688 2151 3744 dis-

552 3801 803 3858 crepasse
855 3787 1010 3841 testis
1060 3795 1145 3841 est
1194 3784 1486 3856 Gregorius
1536 3783 1762 3853 Magnus
1815 3783 1866 3836 in
1917 3781 2008 3838 lib.
2072 3796 2144 3837 vtt

488 3870 493 3883 ’
552 3879 780 3950 epistola
810 3878 901 3945 64,
933 3878 1117 3933 lndict.
1150 3877 1219 3933 2:
1257 3897 1275 3929 ι
1296 3876 1403 3933 Sed
1430 3884 1481 3932 et
1514 3876 1789 3931 Dominica
1814 3873 1985 3931 oratio
2008 3876 2149 3946 apud

554 3970 774 4027 Graecos
813 3971 880 4025 ab
914 3960 1062 4025 omni
1111 3971 1309 4040 populo
1348 3969 1583 4035 dicitur;
1625 3969 1766 4038 apud
1815 3983 1914 4023 nos
1945 3984 2071 4023 vero
2119 3984 2148 4025 a

553 4063 672 4119 solo
707 4061 1005 4117 sacerdote.
1048 4080 1069 4115 ι
1104 4059 1285 4131 Itaque
1320 4058 1693 4116 Graecanicum
1728 4074 1969 4129 morem,
2003 4070 2061 4114 ut
2092 4061 2146 4115 in

554 4152 678 4207 aliis
706 4152 1015 4220 nonnullis,
1047 4152 1394 4208 imitabantur
1424 4152 1581 4208 Galli.
1621 4151 1806 4223 Neque
1834 4152 1977 4207 enim
2007 4149 2150 4223 quod

560 4246 899 4305 Dominicam
946 4243 1243 4301 orationem
1279 4259 1401 4300 cum
1427 4244 1707 4301 sacerdote
1734 4246 1893 4299 etiam
1920 4246 2150 4316 populus

556 4339 897 4407 decantabat,
928 4338 983 4394 id
1006 4338 1168 4395 ﬁebat
1196 4352 1263 4393 ex
1287 4337 1584 4393 imitatione
1611 4337 1975 4407 Mozarabum,
2004 4341 2143 4410 apud

557 4448 693 4504 quos
738 4434 965 4503 populus
1007 4431 1074 4488 ad
1114 4432 1352 4501 singulas
1400 4429 1514 4487 fere
1556 4432 1849 4488 Dominica:
1888 4434 2149 4491 orationis

557 4527 845 4598 petitiones
874 4526 1234 4591 respondebat
1260 4534 1498 4594 tantum,
1532 4526 1723 4582 Amen.
1756 4526 1986 4583 Noverat
2011 4528 2151 4586 hunc

556 4619 719 4675 ritum
750 4617 1032 4681 Boherius,
1057 4619 1145 4687 qui
1173 4617 1225 4672 in
1255 4618 1642 4673 commentario
1664 4618 1701 4672 2
1724 4633 1885 4690 super
1910 4621 2148 4691 regulam

2256 3409 2531 3463 uisendum
2584 3409 2731 3466 laicis
2784 3420 2832 3466 et
2888 3413 3123 3483 feminis,
3166 3413 3297 3467 sicut
3337 3428 3445 3467 mos
3480 3421 3584 3479 est,
3632 3420 3849 3483 pateant

2253 3511 2430 3555 sancta
2454 3512 2770 3558 sanctorum.
2816 3504 2889 3560 De
2916 3504 3323 3561 Guntchramno
3361 3520 3490 3575 rege
3518 3505 3572 3561 id
3605 3513 3839 3562 testatur

2255 3593 2545 3663 Gregorius
2577 3595 2627 3649 in
2659 3595 2751 3650 lib.
2792 3611 2846 3651 ts
2875 3610 2992 3666 cap.
3025 3595 3060 3649 3
3092 3614 3106 3652 :
3151 3616 3173 3651 ι
3210 3596 3413 3654 Interea
3441 3598 3662 3654 advenit
3693 3599 3875 3655 festiv

2251 3686 2388 3743 vitas
2414 3688 2583 3742 sancti
2610 3686 2886 3756 Marcelli,
2913 3702 3035 3760 quae
3054 3690 3194 3761 apud
3224 3692 3410 3748 urbem
3428 3691 3845 3750 Cabiionensem

2253 3795 2439 3836 mense
2463 3782 2695 3851 septimo
2721 3782 3046 3850 celebratur,
3075 3795 3128 3839 et
3155 3783 3593 3843 Guntebramnus
3623 3802 3721 3843 rex
3746 3788 3847 3843 ad-

2254 3870 2369 3927 fuit.
2409 3872 2603 3929 Verum
2640 3873 2731 3929 ubi
2775 3875 3007 3943 peractis
3048 3874 3382 3932 solemnibus
3410 3876 3479 3931 ad
3518 3891 3870 3935 sacrosanc-_

2253 3972 2366 4019 tum
2390 3964 2638 4020 altarium
2659 3967 3089 4023 communicandi
3116 3969 3289 4040 gratia
3315 3971 3636 4026 accessisset
3650 4011 3667 4039 ,
3688 3973 3845 4029 venit

2252 4056 2469 4127 quidam
2496 4060 2646 4127 quasi
2674 4059 2872 4130 aliquid
2905 4072 3272 4131 suggesturus.
3309 4080 3333 4116 ο
3370 4060 3471 4118 Ubi
3498 4061 3671 4131 vides,
3696 4064 3844 4136 quod

2252 4150 2500 4219 superius
2524 4150 2961 4219 observavimus,
3001 4154 3181 4211 missa
3222 4155 3485 4212 solemnia
3528 4165 3657 4213 ante
3695 4172 3863 4214 com-7

2255 4240 2562 4299 munionem
2591 4244 2877 4302 astantium
2907 4247 3381 4317 ceuseriperacta.

2322 4334 2415 4391 35.
2456 4335 2531 4391 De
2573 4335 2764 4392 Eulalii
2811 4338 3023 4394 comitis
3055 4337 3123 4395 ad
3153 4338 3321 4395 altare
3361 4354 3584 4397 accessu
3611 4341 3843 4412 insignis

2254 4438 2339 4486 est
2363 4429 2526 4485 etiam
2570 4432 2721 4487 locus
2758 4431 2899 4501 apud
2929 4431 3180 4489 eumdem
3221 4432 3537 4504 Gregorium
3584 4436 3638 4491 in
3684 4436 3781 4493 lib.
3808 4452 3841 4492 ι

2253 4538 2372 4594 cap.
2401 4523 2455 4591 8,
2474 4524 2579 4596 52
2600 4539 2666 4580 ex
2689 4538 2796 4595 quo
2822 4524 3102 4593 discimus,
3134 4526 3446 4596 particulam
3474 4527 3668 4585 hostia
3696 4544 3843 4586 com-

2254 4616 2605 4673 municaturis
2643 4632 2673 4671 a
2716 4617 2998 4676 sacerdote
3022 4628 3355 4689 porrectam,
3401 4629 3563 4691 atque
3584 4621 3656 4678 ab
3682 4622 3765 4679 eis
3787 4622 3842 4678 iu

558 4712 732 4769 sancti
766 4712 1035 4767 Benedicti
1060 4710 1126 4766 ad
1152 4719 1311 4781 caput
1340 4712 1401 4766 ii
1430 4712 1501 4766 ita
1533 4712 1694 4767 habet
1723 4731 1736 4767 :
1770 4732 1788 4763 ι
1823 4713 1977 4770 Unde
2014 4715 2151 4785 lcgi-
2175 4694 2232 4768 D
2256 4721 2450 4763 manus
2496 4717 2772 4779 acceptam
2804 4708 2973 4765 fuisse
3004 4727 3020 4765 :
3057 4728 3078 4763 ι
3123 4709 3583 4768 Convenientibus
3631 4713 3845 4770 civibus

560 4813 666 4871 tur,
716 4803 858 4874 quod
911 4803 1145 4859 lsidorus
1189 4801 1523 4873 Hispalensis
1552 4803 1790 4860 condens
1822 4805 2001 4860 missae
2028 4806 2148 4860 uiii-

559 4894 700 4949 cium
729 4895 1032 4963 ordinavit,
1064 4901 1124 4950 ut
1150 4894 1205 4949 in
1234 4893 1475 4964 qualibet
1500 4895 1759 4965 petitione
1790 4893 1952 4950 Pater
1976 4906 2153 4953 noster

560 4986 739 5042 clerus
786 4987 1142 5057 responderet
1180 4985 1387 5052 Amen;
1414 4986 1510 5041 sed
1541 4986 1643 5053 ibi,
1684 4986 1883 5041 Panem
1921 4998 2151 5045 nostrum

561 5077 917 5148 quotidianum
980 5078 1054 5131 de
1097 5076 1242 5131 nobis
1304 5077 1457 5133 hodie
1526 5079 1895 5150 responderet,
1950 5081 2053 5148 Qui
2095 5099 2150 5139 es

561 5168 701 5224 Deus
723 5212 737 5237 ,
779 5188 798 5222 ι
830 5168 973 5239 quod
1002 5167 1164 5225 hodie
1186 5181 1400 5240 quoque
1435 5170 1489 5224 in
1515 5170 1774 5228 Toletana
1805 5156 2047 5229 Ecclesia
2080 5188 2150 5232 ex

559 5269 775 5317 vetusto
804 5263 909 5316 n'tu
939 5260 1284 5316 observatur.
1316 5259 1468 5317 Nunc
1488 5259 1544 5317 in
1574 5261 1812 5321 Ecclesia
1846 5265 2062 5332 Latina,
2095 5273 2156 5322 ut

562 5355 812 5411 omnibus
843 5365 1027 5411 notum
1060 5362 1144 5411 est
1166 5396 1181 5422 ,
1213 5363 1335 5426 post
1360 5359 1637 5413 recitatum
1667 5375 1698 5415 a
1726 5360 1844 5416 solo
1871 5360 2156 5420 sacerdote

559 5458 771 5504 sacram
801 5447 942 5503 illam
971 5448 1293 5515 orationem,
1327 5450 1441 5505 haec
1462 5458 1666 5507 tantum
1689 5453 1851 5509 verba
1873 5455 2154 5524 excipiunt

562 5542 975 5595 circumstantes
1007 5558 1021 5595 :
1056 5540 1164 5599 Sed
1180 5541 1345 5597 tibera
1381 5559 1477 5598 nos
1501 5560 1533 5597 a
1556 5545 1694 5598 malo
1716 5587 1730 5611 ,
1763 5548 1903 5616 quod
1932 5546 2001 5602 de
2028 5547 2151 5603 uiti-

560 5635 646 5690 cio
674 5632 857 5689 divino
878 5634 1120 5705 praecipit
1142 5646 1357 5692 sanctus
1385 5636 1724 5693 Benedictus.
1761 5642 1830 5694 At
1853 5641 2147 5697 secundum

559 5738 802 5783 veterem
834 5738 1039 5782 morem
1068 5728 1217 5784 illum
1250 5726 1579 5786 Gallicanum
1605 5729 2039 5800 interpretandus
2066 5741 2153 5791 est

562 5818 851 5889 Gregorius
892 5818 944 5874 in
991 5833 1111 5889 cap.
1151 5820 1217 5874 iii
1253 5822 1321 5877 de
1344 5820 1481 5881 Vitis
1524 5822 1740 5879 Patrum
1764 5865 1779 5890 ,
1813 5824 1904 5881 ubi
1947 5827 2017 5884 de
2047 5826 2152 5883 Ve-

561 5913 750 5968 nantio
775 5911 970 5970 abbate
1000 5912 1272 5971 Turonico
1298 5929 1315 5969 :
1346 5932 1368 5967 ι
1404 5915 1508 5973 Sed
1534 5930 1635 5974 nec
1658 5918 1789 5975 illud
1819 5920 2144 5989 prateribo.

2255 4815 2378 4856 cum
2396 4798 2685 4859 sacerdote
2700 4801 2720 4872 (
2737 4815 2835 4856 seu
2851 4800 3104 4870 episcopo
3122 4803 3489 4857 Arvernorum
3515 4800 3788 4873 Cautino)
3811 4842 3829 4871 ,

2255 4894 2321 4950 ad
2352 4892 2696 4950 festivitatem
2726 4895 2869 4950 beati
2906 4894 3159 4966 martyris
3183 4894 3411 4962 Juliaui,
3431 4895 3496 4951 ad
3514 4896 3680 4966 pedes
3719 4898 3841 4968 epi-

2253 4986 2404 5057 scopi
2433 4985 2670 5042 Enialius
2685 4985 2774 5042 ille
2788 4987 3168 5057 prosternitur,
3179 4999 3416 5058 querens
3443 5000 3505 5043 se
3524 4986 3829 5044 inauditum

2254 5096 2285 5136 a
2319 5082 2696 5137 communione
2741 5088 3029 5137 remotum.
3069 5080 3222 5137 Tunc
3258 5082 3545 5153 episcopus
3585 5083 3857 5152 permisit.

2253 5186 2376 5229 eum
2404 5188 2525 5229 cum
2555 5173 2768 5228 ceteris
2804 5174 3367 5243 missarum'spectare
3407 5175 3696 5235 solemnia.
3725 5174 3834 5234 Va-

2253 5281 2375 5322 rum
2413 5266 2504 5321 ubi
2532 5267 2601 5321 ad
2631 5268 3062 5324 communionem
3093 5277 3310 5324 ventum
3336 5278 3455 5335 est,
3486 5278 3542 5325 et
3594 5268 3790 5327 Eulalit
3814 5288 3841 5325 δ

2253 5361 2319 5415 ad
2349 5360 2595 5415 altarium
2641 5359 2987 5427 accessisset,
3018 5361 3094 5417 ait
3127 5363 3415 5433 episcopus
3444 5380 3461 5417 :
3490 5361 3704 5419 Rumor
3743 5380 3840 5431 μυ·

2251 5451 2363 5523 puli
2394 5452 2711 5521 parricidam
2743 5465 2795 5509 te
2822 5454 3117 5524 proclamat
3161 5470 3306 5512 esse.
3349 5456 3461 5526 Ego
3491 5470 3626 5513 vero
3654 5468 3837 5513 utrum

2253 5546 2644 5616 perpetraveris
2673 5544 2778 5601 hoc
2805 5546 3005 5613 scelus,
3038 5561 3105 5601 an
3136 5562 3265 5614 non,
3293 5549 3507 5618 ignoro.
3546 5548 3757 5607 idcirco
3785 5553 3838 5606 in

2257 5638 2349 5694 Dei
2380 5636 2483 5693 hoc
2509 5645 2566 5694 et
2589 5638 2732 5694 beati
2763 5639 3015 5709 martyris
3043 5637 3242 5696 Juliani
3270 5649 3452 5698 statuo
3487 5639 3718 5712 judicio.
3760 5642 3841 5698 Tu

2255 5745 2384 5788 vero
2410 5730 2458 5786 si
2487 5731 2728 5799 idoneus,
2764 5741 2823 5786 ut
2848 5730 3068 5801 assariis,
3104 5734 3301 5793 accede
3329 5736 3572 5806 propius,
3602 5746 3660 5793 et
3682 5750 3839 5793 sume

2255 5825 2351 5882 tibi
2387 5825 2738 5882 Eucharistia
2774 5826 3088 5896 particulam
3116 5869 3132 5892 ,
3163 5839 3325 5901 atque
3364 5831 3581 5900 impone
3607 5833 3690 5887 ori
3721 5840 3837 5887 tuo.

2254 5918 2375 5977 Erit
2412 5917 2557 5975 enim
2600 5919 2744 5975 Deus
2788 5929 3065 5987 respectat
3091 5922 3439 5981 conscientias
3465 5931 3593 5980 tne.
3637 5924 3707 5979 At
3743 5920 3835 5980 ille
