4108 6352
617 426 723 493 its

1296 429 1648 498 APPENDIX
1688 437 1781 495 AD
1819 436 2046 495 OPERA
2089 434 2335 493 SANCTI
2376 434 2690 498 GERMANI
2730 438 3182 499 PARISIENSIS.

3808 442 3915 501 (μ

612 553 768 609 altari
797 551 974 649 plures
998 551 1191 649 missas
1216 551 1416 649 dicere.
1451 554 1601 649 Unde
1632 568 1750 649 cuin
1776 552 2071 649 Gregorius
2097 550 2200 649 T“_‘
2228 557 2280 618 Α
2305 575 2429 633 inde
2452 576 2648 634 factum
2670 587 2820 649 puto,
2852 580 2991 649 quod
3015 578 3179 633 missa
3206 573 3346 631 dicta
3376 573 3499 631 sita
3524 575 3792 634 missione
3811 595 3910 637 seu

613 644 861 701 ronensis
904 645 1128 701 antistes
1170 645 1561 704 maledicentiae
1588 648 1640 703 in
1686 644 2093 715 Fredegundem
2134 643 2203 699 ab

609 738 823 794 ansulis
865 736 1055 794 fuisset
1100 750 1411 806 accusatus,
1463 738 1600 810 apud
1634 738 1971 815 Brennacum
2020 735 2201 791 villam

611 832 735 903 pagi
761 830 1188 897 Suessionensis,
1226 850 1247 884 ‹
1282 831 1481 888 restitit
1509 831 1577 887 ad
1604 831 1708 887 hoc
1732 845 1918 897 causa,
1946 838 2005 884 ut
2046 830 2203 884 dictis

607 925 792 983 missis
822 925 877 981 in
922 926 1095 981 tribus
1123 926 1386 981 altaribus
1425 940 1486 981 se
1527 925 1595 981 de
1640 923 1725 980 bis
1768 922 1949 980 verbis
1978 931 2205 979 exueret

609 1027 970 1077 sacramento.
1002 1017 1069 1073 Et
1095 1019 1220 1075 licet
1246 1016 1541 1074 canonibus
1568 1015 2068 1088 essentjcontraria,
2096 1014 2206 1087 56

610 1124 713 1179 pro
740 1124 901 1165 causa
922 1118 1101 1165 tamen
1131 1112 1274 1180 regis
1302 1107 1519 1180 impleta
1542 1116 1689 1175 sunt,
1722 1125 1743 1159 ι
1774 1106 1851 1163 uti
1880 1106 1995 1177 ipse
2024 1113 2206 1161 narrat

604 1200 659 1258 in
692 1202 783 1258 lib.
816 1220 844 1255 ν
875 1218 995 1274 cap.
1039 1201 1129 1257 49.

676 1319 729 1373 5.
762 1320 943 1390 Itaque
972 1319 1158 1386 missa,
1186 1326 1243 1375 ut
1270 1318 1451 1376 dicere
1470 1334 1769 1390 coeperam,
1798 1329 2067 1390 praecepta
2086 1326 2205 1376 erat

602 1420 809 1467 tantum
856 1410 1049 1467 diebus
1098 1410 1283 1479 festis,
1333 1410 1477 1467 unde
1505 1411 1687 1468 missae
1736 1411 2055 1468 vocabulum
2104 1425 2203 1481 pro

601 1503 739 1561 festo
767 1504 906 1575 apud
933 1512 1144 1560 veteres
1190 1503 1432 1560 inolevit.
1466 1503 1730 1575 Exempla
1764 1506 1964 1574 passim
2006 1518 2200 1559 occur-

599 1606 725 1652 runt
752 1596 808 1651 in
832 1595 1230 1665 Capitularibus
1256 1608 1445 1667 regum
1474 1605 1801 1651 nostrorum.
1832 1594 2090 1650 Dubitare
2118 1604 2201 1649 ta-

599 1704 722 1746 men
752 1690 907 1757 lieet,
942 1704 1069 1744 num
1115 1688 1276 1744 etiam
1308 1687 1360 1743 in
1411 1688 1599 1745 diebus
1624 1687 1975 1761 ieiuniorum,
1999 1688 2200 1758 quibus

600 1782 791 1840 diebus
809 1782 1040 1837 orationi
1064 1780 1401 1851 potissimum
1427 1780 1726 1835 vacandum
1748 1789 1884 1845 erat,
1916 1778 2198 1836 sacriﬁciis

600 1875 924 1947 vespertinis
953 1875 1218 1930 interesse
1239 1873 1503 1930 deberent
1532 1872 1737 1939 ﬁdeles,
1763 1871 2018 1929 videlicet
2044 1872 2098 1927 in
2128 1870 2197 1927 fe-

2305 669 2615 727 dimissione
2667 672 2866 742 populi.
2916 690 2935 722 ι
2985 672 3031 725 Α
3060 670 3212 740 cujus
3265 670 3591 740 proprietate
3634 676 3916 729 sermonis

2305 761 2502 832 (inquit
2550 763 2741 818 Avitus
2773 763 3091 819 Viennensis
3133 763 3357 818 antistes
3399 762 3453 817 in
3484 763 3715 833 epistola
3751 767 3805 833 1)
3858 768 3913 822 ia

2304 856 2567 922 ecclesiis,
2599 857 2937 927 palatiisque,
2967 855 3081 913 sive
3109 856 3407 925 praetoriis,
3438 856 3601 912 missa
3637 858 3757 914 fieri
3784 876 3913 930 pro-

2306 950 2600 1017 nuntiatur,
2628 964 2746 1005 cum
2778 949 3005 1019 p0pulus
3033 949 3099 1005 ab
3130 949 3505 1005 observatione
3534 950 3853 1007 dimittitur.
3890 974 3909 1004 ι

2305 1039 2381 1095 Ex
2411 1055 2515 1111 quo
2542 1042 2620 1107 lit,
2650 1051 2706 1095 ut
2727 1042 2988 1097 allusione
3015 1057 3111 1112 per
3140 1042 3473 1111 antiphrasin
3502 1043 3569 1099 ad
3602 1044 3794 1100 missa:
3820 1062 3914 1099 vo-

2305 1144 2423 1187 cem
2453 1132 2611 1199 facta,
2638 1134 2800 1189 missa
2817 1142 3067 1189 revocata
3090 1133 3320 1199 dicatur,
3344 1150 3465 1191 cum
3488 1136 3726 1205 papulas
3750 1148 3914 1191 antea

2304 1223 2577 1291 dimissus,
2601 1226 2779 1280 denuo
2805 1227 2869 1280 ad
2896 1226 3218 1281 sacrificium
3248 1237 3550 1285 revocatur.
3577 1228 3751 1282 Favet
3780 1229 3915 1283 huic

2304 1314 2727 1385 interpretationi
2784 1315 3073 1385 Gregorius
3125 1317 3456 1373 Turonensis
3516 1319 3568 1372 in
3619 1318 3714 1373 lib.
3776 1336 3794 1373 1
3845 1321 3919 1377 de

2305 1406 2485 1463 Gloria
2515 1417 2839 1479 martyrum,
2865 1422 2983 1479 cap.
3015 1406 3106 1477 5t,
3130 1410 3221 1464 ubi
3249 1409 3437 1466 eodem
3462 1410 3715 1481 loquendi
3748 1413 3920 1468 modo

2290 1500 2467 1591 .utitur
2498 1517 2509 1552 :
2546 1518 2565 1550 ‹
2602 1500 2768 1566 Vade,
2801 1512 2854 1555 et
2881 1502 3039 1571 vigila
3065 1512 3230 1557 totam
3264 1512 3471 1559 noctem
3503 1505 3554 1558 in
3584 1505 3823 1573 honore,
3852 1520 3913 1560 ac

2302 1605 2495 1647 revoca
2525 1594 2737 1658 missas,
2778 1602 2832 1648 et
2860 1593 3175 1649 liberaberis
3202 1611 3229 1647 a
3258 1596 3431 1666 plaga.
3466 1613 3487 1647 ι
3525 1595 3581 1650 ld
3612 1606 3718 1663 est,
3770 1598 3918 1652 cele-

2302 1684 2398 1740 bra
2420 1686 2628 1752 missas,
2659 1686 2758 1741 etsi
2786 1686 2857 1741 ibi
2880 1686 2947 1742 de
2973 1695 3144 1742 matre
3173 1701 3267 1742 sua
3292 1686 3581 1759 Gregorius
3603 1690 3741 1759 agit.
3771 1689 3912 1743 Nam

2302 1776 2567 1833 familiare
2599 1788 2681 1833 est
2720 1778 3002 1847 Gregorio,
3036 1790 3089 1835 ut
3119 1781 3295 1836 missae
3324 1782 3484 1837 etiam
3514 1796 3543 1836 a
3575 1782 3727 1837 laicis
3757 1784 3909 1837 cele-

2301 1867 2447 1923 brari
2492 1868 2757 1924 dicantur.
2791 1872 2845 1924 In
2874 1871 3113 1940 ejusdem
3138 1873 3256 1928 libri
3285 1888 3405 1944 cap.
3436 1875 3537 1942 75,
3584 1876 3673 1930 ubi
3699 1875 3776 1931 de
3823 1876 3907 1931 Si-

600 1969 694 2025 riis
718 1965 1183 2037 Quadragesimze,
1235 1965 1292 2021 in
1332 1964 1506 2021 triduo
1534 1965 1921 2035 Rogationum,
1970 1962 2195 2033 jejuniis
2229 1949 2279 2011 Β
2302 1961 2588 2033 gismundo
2616 1964 2725 2036 58
2752 1978 2895 2035 rege,
2926 1981 3085 2036 quem
3116 1966 3190 2020 ait
3226 1967 3280 2020 in
3318 1968 3649 2022 consortium
3681 1979 3905 2023 sancto-

600 2062 837 2130 Qnatuor
862 2060 1210 2128 Temporum,
1243 2067 1297 2115 et
1322 2058 1548 2129 singulis
1572 2058 1846 2126 secundis,
1881 2057 2107 2128 quartis,
2140 2064 2198 2113 et

600 2156 763 2213 sextis
793 2154 941 2210 feriis
969 2169 1001 2208 a
1026 2154 1165 2210 festo
1191 2152 1363 2209 sancti
1391 2152 1600 2208 Martini
1640 2151 1708 2207 ad
1737 2149 1924 2207 Natale
1958 2150 2190 2217 Domini,

599 2249 665 2303 de
692 2248 888 2319 quibus
913 2260 1084 2303 canon
1113 2246 1147 2301 9
1173 2245 1389 2301 concilii
1433 2245 1591 2315 primi
1640 2244 2049 2299 Matisconensis
2077 2262 2091 2299 :
2126 2242 2197 2298 Ut

597 2359 627 2397 ιι
652 2342 784 2412 feria
828 2341 989 2396 sancti
1020 2339 1234 2394 Martini
1272 2354 1433 2407 usque
1482 2339 1549 2393 ad
1592 2337 1785 2391 Natale
1825 2336 2071 2402 Domini,
2116 2352 2197 2391 se-

598 2434 787 2499 cunda,
816 2442 1021 2503 quarta,
1050 2443 1098 2486 et
1125 2441 1269 2487 sexta
1298 2430 1513 2487 Snbbati
1547 2433 1836 2502 jejunetur,
1867 2437 1914 2483 et
1938 2428 2197 2498 sacriﬁcia

600 2527 1031 2599 quadragesimali
1056 2526 1273 2582 debeant
1295 2525 1478 2581 ordine
1504 2523 1769 2579 celebrari.
1806 2522 1863 2577 ln
1892 2522 2198 2593 Rogationi-

600 2622 703 2677 bus
733 2620 949 2689 quidem
1000 2619 1252 2689 populum
1285 2617 1465 2673 missa:
1515 2614 1823 2672 interfuisse
1853 2612 2195 2670 manifestum

603 2722 688 2769 est
732 2726 796 2767 ex
828 2711 1125 2767 Fortunato
1173 2711 1225 2765 in
1266 2709 1447 2765 libello
1477 2708 1545 2765 de
1568 2708 1686 2764 Vita
1718 2709 1889 2764 sancti
1917 2707 2192 2773 Germani,

601 2802 934 2859 Parisiorum
963 2801 1223 2871 episcopi,
1254 2815 1374 2871 cap.
1405 2799 1510 2868 33,
1560 2800 1649 2857 ubi
1681 2808 1925 2856 matrona
1952 2799 2195 2869 quaedam

600 2893 843 2950 caecitate
870 2891 1092 2948 liberata
1123 2900 1363 2962 tempore
1391 2891 1721 2956 litauiarum,
1752 2890 2083 2946 clarescente
2110 2888 2197 2946 die

600 2984 672 3042 ad
696 2985 914 3040 missam
941 2998 1061 3039 cum
1108 2982 1305 3054 populo
1344 3002 1361 3035 ι
1396 2996 1676 3052 progressa
1720 2980 2051 3052 perhibetur.
2079 2980 2196 3037 Odo

601 3077 771 3136 abbas
797 3076 1169 3134 Cluniacensis
1198 3073 1468 3145 singulare
1497 3072 1693 3131 iactum
1745 3074 2022 3144 cujusdam
2052 3088 2198 3144 pres-

600 3171 777 3242 byteri
804 3169 1136 3225 Turonensis
1182 3166 1377 3233 refert,
1423 3167 1543 3238 qui,
1586 3167 1756 3224 sancti
1783 3166 2015 3224 Andreae
2056 3165 2197 3224 festo

600 3279 722 3321 cum
763 3262 1039 3319 Dominica
1089 3263 1261 3333 prima
1309 3260 1585 3318 Adventus
1629 3269 2004 3329 concurrente,
2044 3277 2064 3311 ι
2100 3273 2196 3330 pa-

601 3356 857 3429 gensibus
886 3355 997 3411 suis
1023 3364 1276 3426 utrasque
1297 3353 1488 3409 missas
1518 3352 1705 3409 audire
1727 3353 2002 3424 praecepit.
2033 3370 2053 3404 »
2092 3351 2192 3405 Lo-
2220 3337 2266 3400 C

602 3468 724 3514 cum
762 3450 921 3508 adeat
964 3449 1057 3522 qui
1089 3449 1235 3506 volet
1279 3449 1333 3504 in
1364 3448 1727 3504 Collationum
1754 3446 1848 3503 lib.
1881 3461 2044 3515 tcap.
2096 3444 2191 3499 22.

600 3543 785 3600 Redeo
812 3541 881 3597 ad
910 3541 1103 3597 missas
1128 3539 1565 3612 Quadragesimre
1592 3547 1647 3595 et
1675 3538 2057 3609 Rogationum,
2087 3538 2198 3608 qui-

600 3639 700 3695 bus
730 3646 879 3695 recte
904 3638 1077 3707 aptari
1105 3643 1285 3706 potest
1325 3634 1468 3703 quod
1494 3632 1562 3690 de
1590 3632 1910 3689 stationibus
1951 3632 2026 3686 ait
2065 3631 2199 3686 Ter-

604 3731 857 3785 tullianus
888 3728 989 3784 sub
1030 3726 1190 3783 tinem
1236 3725 1360 3783 libri
1387 3725 1457 3781 de
1497 3724 1796 3781 Oratione:
1836 3742 1855 3776 ι
1895 3723 2083 3779 Nonne
2111 3737 2199 3779 so-

601 3821 831 3876 lemnior
876 3820 981 3875 erit
1021 3822 1181 3875 statio
1211 3828 1299 3873 tua
1323 3858 1338 3883 ,
1383 3817 1430 3872 si
1457 3815 1525 3871 ad
1550 3831 1698 3871 aram
1746 3815 1840 3871 Dei
1887 3814 2137 3870 steteris?
2173 3833 2192 3867 ι

605 3913 764 3969 Certe
792 3910 991 3969 saeculo
1021 3926 1075 3965 ut
1098 3909 1237 3980 apud
1268 3917 1533 3966 nostrates
1573 3923 1603 3961 a
1634 3908 1817 3962 missis
1855 3906 2199 3977 quadragesi-

605 4004 835 4060 malibus
880 4002 1070 4058 abesse
1110 4000 1297 4070 religio
1334 4008 1481 4065 erat,
1532 4012 1599 4053 ex
1633 3996 1726 4053 lib.
1756 4012 1794 4051 ιι
1833 3996 1901 4053 de
1931 3995 2201 4051 Miraculis

602 4097 775 4154 sancti
801 4093 1039 4167 Dionysii
1063 4108 1185 4164 cap.
1214 4092 1302 4149 55.

685 4212 737 4268 4.
778 4212 835 4267 lu
868 4210 1124 4281 praedicto
1154 4208 1335 4265 libello
1361 4208 1709 4275 Fortunatus,
1738 4220 1857 4277 cap.
1884 4206 1974 4271 60,
2004 4220 2199 4262 secun-

604 4312 733 4367 dum
762 4312 867 4382 57
900 4318 1102 4365 textum
1133 4324 1162 4364 a
1189 4307 1346 4365 nobis
1370 4307 1693 4372 restitutum,
1726 4306 2054 4363 mentionem
2077 4304 2203 4361 facit

604 4405 675 4460 de
706 4405 866 4459 missa
908 4411 1183 4472 revocata,
1216 4404 1452 4474 itemque
1490 4403 1545 4457 in
1577 4403 1673 4458 lib.
1708 4418 1725 4457 ι
1754 4402 1821 4458 de
1852 4401 1970 4458 Vita
2000 4409 2202 4457 sancta

604 4496 945 4569 Radegundis
970 4512 1088 4568 cap.
1122 4496 1212 4551 14.
1240 4497 1297 4552 In
1321 4496 1488 4567 priori
1517 4496 1635 4551 loco
1658 4496 1738 4551 sic
1769 4495 1961 4567 legitur
1991 4511 2004 4549 :
2044 4494 2202 4550 «ιΑρ-

603 4590 736 4647 cidit
762 4599 822 4645 ut
855 4598 1073 4645 sanctus
1100 4590 1182 4645 vir
1207 4589 1554 4659 (Germanus)
1586 4601 1835 4643 remeans
1862 4587 1930 4642 de
1958 4584 2197 4641 Namne-

604 4683 735 4747 tico,
763 4682 980 4739 domum
1002 4681 1267 4738 Nunnicbi
1291 4680 1517 4737 illustris
1538 4680 1830 4736 illustraret
1852 4678 2093 4753 vestigio.
2123 4676 2201 4731 De

604 4775 762 4848 cujus
790 4783 940 4831 veste
985 4784 1229 4831 matrona
1267 4782 1420 4844 rapto
1452 4772 1681 4829 ﬁdeliter
1723 4774 1810 4828 lilo
1850 4772 2096 4829 recondit
2141 4771 2195 4826 in

605 4868 862 4926 oratorio.
885 4866 1014 4935 Quae.
1041 4866 1400 4923 valetudinem
1432 4866 1663 4932 irruens,
1694 4865 1887 4936 vigiliis
1906 4866 1959 4920 in
1990 4865 2197 4920 honore

606 4956 781 5015 sancti
806 4956 1116 5013 solemniter
1153 4956 1467 5025 celebratis,
1515 4970 1577 5011 ac
1626 4956 1788 5011 missa
1820 4962 2102 5017 revocata,
2130 4954 2199 5010 de

606 5050 860 5122 praesenti
889 5056 1074 5107 curata
1102 5057 1207 5106 est.
1246 5070 1263 5101 ι
1297 5048 1418 5104 Non
1442 5049 1689 5105 convenit
1716 5048 1841 5105 huic
1866 5050 1983 5104 loco
2020 5048 2200 5104 missa!

606 5144 924 5201 vocabulum
965 5156 1063 5211 pro
1102 5140 1271 5206 festo,
1322 5142 1398 5196 uti
1438 5140 1708 5212 quondam
1753 5144 2001 5211 opinatus
2030 5154 2151 5195 sum
2183 5154 2199 5192 :

606 5251 732 5293 cum
781 5233 869 5291 hic
897 5242 1086 5306 agatur
1114 5231 1183 5289 de
1211 5233 1404 5305 vigiliis
1432 5248 1497 5290 ac
1535 5234 1698 5290 missa
1722 5278 1737 5303 ,
1783 5234 1997 5289 vivente
2043 5232 2201 5288 beato

612 5326 902 5395 Germano,
934 5326 1239 5383 celebratis.
1270 5326 1588 5382 Posterioris
1620 5326 1721 5382 loci
1745 5325 1859 5382 haec
1884 5326 2048 5381 verba
2078 5334 2203 5380 sunt

610 5421 681 5478 de
727 5431 910 5477 sancta
952 5420 1280 5491 Radegunde
1325 5438 1339 5476 :
1386 5439 1405 5473 ι
1441 5420 1579 5489 Quid
1623 5422 1793 5491 egerit
1832 5418 1972 5475 circa
2027 5419 2201 5474 sancti

611 5512 829 5569 Martini
855 5513 1013 5579 atria,
1041 5514 1260 5582 templa,
1305 5512 1605 5578 basilicam,
1633 5512 1796 5579 flens,
1829 5512 2078 5582 lacrymis
2123 5510 2207 5565 in-

610 5604 804 5659 satiata
830 5644 845 5669 ,
891 5602 1100 5672 singula
1141 5602 1328 5672 jacens
1368 5616 1465 5672 per
1494 5602 1709 5667 limina,
1740 5600 1828 5656 ubi
1858 5600 2018 5656 missa
2049 5615 2204 5657 revo-

614 5706 756 5762 cata,
783 5694 1021 5751 vestibus
1047 5702 1101 5750 et
1128 5703 1468 5759 ornamento,
1501 5708 1607 5763 quo
1626 5709 1685 5748 se
1708 5693 1919 5748 clariori
1947 5693 2093 5748 cultu
2113 5708 2205 5748 so-

614 5786 759 5842 lebat
780 5784 920 5843 ferre
942 5784 995 5840 in
1017 5786 1235 5856 palatio,
1258 5801 1471 5843 sacrum
1495 5786 1768 5856 componit
1789 5786 1976 5842 altare.
2010 5806 2029 5839 ι
2059 5786 2209 5842 Utro-

615 5875 775 5946 bique
831 5875 960 5931 nihil
1003 5875 1147 5930 aliud
1194 5874 1597 5947 intelligendum
1654 5887 1782 5947 puto
1829 5894 1986 5948 quam
2043 5878 2206 5933 missa

618 5969 905 6026 celebrata.
953 5967 1063 6025 Cur
1104 5976 1284 6025 autem
1325 5978 1573 6027 revocata
1616 5970 1825 6028 dicatur
1875 5973 2206 6028 Fortunato.

2300 2068 2421 2111 rum
2448 2054 2675 2111 ascitum
2700 2070 2717 2110 :
2746 2074 2765 2107 ι
2796 2056 2848 2111 Si
2876 2057 2963 2126 qui
2994 2074 3135 2113 nunc
3162 2057 3439 2128 frigoritici
3464 2060 3517 2114 in
3544 2060 3661 2129 ejus
3694 2061 3907 2116 honore

2300 2150 2495 2205 missas
2521 2149 2715 2205 devote
2741 2149 3037 2220 celebrent,
3062 2150 3287 2223 ejusque
3330 2167 3425 2221 pro
3455 2155 3637 2221 requie
3670 2154 3786 2210 Deo
3820 2152 3902 2209 of-

2300 2241 2478 2299 ferant
2520 2244 2881 2309 oblationem;
2925 2246 3103 2299 statim
3159 2248 3482 2317 compressis
3526 2249 3903 2315 tremoribus,

2300 2337 2573 2392 restinctis
2613 2335 2853 2392 febribus
2873 2380 2887 2404 ,
2917 2337 3133 2392 sanitati
3164 2338 3406 2407 pristina:
3434 2348 3836 2395 restaurantur.
3876 2358 3896 2393 ι

2301 2428 2485 2498 Itaque
2514 2429 2692 2484 missa:
2723 2429 2925 2484 oblatio
2966 2429 3131 2486 ﬁebat
3171 2432 3333 2487 etiam
3368 2446 3461 2500 pro
3493 2432 3678 2502 requie
3705 2448 3901 2489 eorum

2300 2521 2392 2590 qui
2424 2520 2595 2576 sancti
2632 2521 2989 2577 credebantur
3014 2564 3029 2590 ,
3076 2531 3134 2577 ut
3162 2522 3215 2577 in
3249 2522 3577 2579 tlozarabico
3610 2539 3707 2593 pro
3742 2523 3906 2594 Spiri-

2302 2614 2446 2670 tibus
2472 2616 2809 2684 pausantium
2838 2629 2934 2669 seu
2955 2615 3351 2685 confessorum,
3382 2631 3574 2686 nempe
3602 2626 3658 2670 ut
3687 2631 3789 2685 pro
3812 2630 3905 2673 eo-

2301 2722 2419 2763 rum
2466 2707 2652 2777 requie
2683 2707 2793 2762 Deo
2820 2708 3005 2777 gratia:
3036 2715 3343 2777 agerentur.
3379 2706 3487 2764 Sed
3531 2718 3589 2763 ut
3632 2708 3702 2762 ad
3750 2722 3905 2775 rem,

2299 2815 2401 2870 qua
2431 2799 2501 2857 de
2530 2800 2618 2855 hic
2646 2801 2841 2871 agitur,
2883 2800 3121 2868 redeam,
3152 2800 3445 2873 Gregorius
3475 2802 3633 2866 item,
3677 2800 3733 2856 in
3766 2802 3905 2856 libro

2300 2894 2371 2951 de
2400 2894 2579 2951 Gloria
2616 2895 3011 2965 confessorum,
3044 2912 3163 2965 cap.
3207 2895 3309 2965 65,
3343 2898 3507 2951 utitur
3535 2896 3698 2951 etiam
3743 2895 3908 2951 verbo

2300 2988 2592 3043 celebrandi
2637 2989 2845 3059 agendo
2871 2988 2939 3043 de
2967 2988 3190 3045 muliere
3218 3004 3339 3059 qua:
3371 3008 3390 3041 ι
3431 3003 3526 3058 per
3574 3003 3775 3043 annum
3832 2988 3907 3041 in-

2301 3089 2513 3152 tegrum
2543 3080 2758 3138 assidue
2786 3081 3015 3137 orationi
3046 3081 3303 3145 vacabat,
3347 3081 3631 3137 celebrans
3661 3078 3904 3149 quotidie

2300 3173 2587 3229 missarum
2611 3174 2895 3241 solemnia,
2921 3182 2975 3229 et
2993 3172 3225 3229 offerens
3250 3172 3576 3229 oblationem
3601 3186 3702 3234 pro
3724 3168 3905 3225 ani-ia

2298 3267 2424 3336 viri,
2454 3283 2560 3323 non
2594 3268 2767 3324 diflisa
2792 3267 2861 3323 de
2891 3268 3105 3323 Domini
3133 3266 3533 3333 misericordia,
3565 3265 3709 3336 quod
3743 3266 3905 3321 babe-

2299 3370 2384 3417 ret
2404 3360 2691 3417 det'unctus
2715 3361 2978 3431 requiem,
3002 3360 3055 3416 in
3078 3358 3168 3415 die
3188 3374 3293 3430 qua
3319 3358 3545 3415 Domino
3566 3357 3902 3412 oblationem

2301 3471 2400 3525 pro
2425 3455 2543 3526 ejus
2572 3456 2748 3510 anima
2777 3454 3068 3511 delibasset
3094 3470 3109 3507 :
3141 3468 3357 3525 semper
3383 3454 3676 3509 sextarium
3711 3448 3899 3507 Gazeti

2298 3546 2408 3604 vini
2441 3550 2666 3619 prtebuit
2696 3550 2749 3603 in
2776 3548 3098 3605 sacriﬁcium
3130 3548 3367 3604 basilicae
3414 3558 3637 3604 sancta.
3671 3566 3692 3600 ι
3728 3547 3901 3603 Locus

2300 3656 2431 3696 sane
2457 3641 2679 3711 insignis
2711 3640 2777 3694 ad
2821 3639 3157 3709 probandum
3208 3639 3529 3695 sacriﬁcium
3574 3654 3676 3709 pro
3713 3638 3898 3693 defun-

2299 3733 2422 3789 ctis.
2449 3735 2517 3789 At
2543 3748 2661 3803 qua:
2688 3742 2987 3803 sequuntur
3017 3732 3160 3788 haud
3191 3733 3415 3788 minoris
3445 3742 3570 3787 sunt
3601 3732 3861 3787 momenti
3887 3748 3898 3783 :

2308 3843 2329 3877 ι
2358 3824 2465 3879 Sed
2496 3823 2855 3879 subdiaconus
2882 3838 3110 3893 nequam
3139 3837 3424 3879 reservans
3450 3823 3588 3894 gulae
3618 3822 3896 3889 Gazetum,

2304 3925 2511 3971 acetum
2535 3914 3070 3971 vehementissimam
3092 3914 3353 3971 oﬂ'erebat
3378 3917 3429 3971 in
3456 3915 3644 3981 calice,
3678 3916 3903 3971 muliere

2303 4023 2410 4061 non
2440 4021 2651 4075 semper
2678 4006 2743 4060 ad
2790 4005 3227 4060 communicandi
3276 4006 3498 4077 gratiam
3531 4005 3848 4061 accedente.
3878 4022 3895 4054 ι

2305 4097 2449 4168 Ergo
2481 4111 2585 4153 non
2618 4099 2776 4154 toties
2808 4099 3260 4167 communicabat,
3294 4102 3503 4170 quoties
3534 4100 3818 4165 otferebat,
3849 4107 3901 4155 et

2304 4191 2472 4247 sacris
2502 4192 2776 4258 intererat,
2806 4208 2900 4248 seu
2932 4194 3017 4264 (ut
3060 4208 3181 4249 cum
3212 4192 3475 4262 Gregorio
3503 4194 3735 4264 loquar)
3767 4193 3902 4250 cele-

2305 4282 2517 4338 brabat.
2552 4282 2732 4338 Utitur
2758 4284 2919 4338 etiam
2967 4274 3155 4340 eodem
3187 4283 3354 4340 verbo
3385 4285 3439 4341 in
3468 4284 3663 4341 eodem
3695 4285 3899 4357 signiti-

2306 4385 2429 4432 catu
2462 4376 2758 4447 Cyprianus
2798 4379 2865 4433 de
2893 4378 3150 4434 Oratione
3198 4378 3469 4434 Dominica
3520 4379 3622 4433 sub
3671 4380 3901 4435 initium.

2314 4488 2333 4521 ι
2374 4471 2442 4526 Ει
2473 4471 2685 4541 quando
2721 4472 2775 4525 in
2805 4487 2969 4526 unum
3013 4487 3135 4527 cum
3166 4471 3418 4527 fratribus
3448 4474 3823 4543 convenimus,
3856 4480 3903 4528 et

2308 4563 2568 4618 sacriﬁcia
2595 4561 2775 4617 divina
2803 4578 2923 4617 cum
2976 4562 3387 4619 Dei'sacerdote
3414 4563 3779 4634 celebramus,
3822 4578 3903 4619 ve-

2297 4653 2580 4709 recundia:
2603 4662 2657 4710 et
2677 4654 2975 4725 disciplinae
3006 4669 3273 4710 memores
3311 4670 3436 4712 esse
3462 4655 3747 4711 debemus.
3783 4674 3803 4708 ι
3830 4654 3903 4710 Ad

2308 4762 2467 4818 quem
2498 4746 2674 4803 locum
2723 4748 2776 4800 in
2826 4747 3115 4801 novissima
3166 4745 3403 4801 editione
3458 4746 3757 4801 Oxoniensi
3798 4746 3902 4799 haec

2302 4841 2606 4897 observatio
2648 4839 2968 4905 adhibetur,
3017 4839 3253 4909 ignotam
3283 4837 3411 4893 olim
3460 4838 3624 4893 fuisse
3674 4836 3899 4893 solitarii

2303 4933 2599 4989 sacerdotis
2628 4934 3081 4990 communionem.
3114 4935 3222 4991 Sed
3252 4943 3306 4989 ut
3338 4949 3449 4988 rem
3483 4934 3659 5003 ipsam
3693 4950 3803 4989 non
3835 4933 3903 4987 in-

2307 5024 2492 5093 ficier,
2536 5025 2589 5082 id
2646 5042 2750 5082 non
2778 5027 3044 5082 evincitur
3072 5042 3141 5083 ex
3190 5025 3354 5081 verbo
3407 5026 3734 5087 celebrandi,
3785 5038 3900 5079 cum

2309 5117 2501 5171 mulier
2547 5115 2633 5170 illa
2683 5116 2923 5188 quotidie
2974 5118 3261 5173 missarum
3304 5117 3564 5172 solemnia
3596 5115 3902 5171 celebrasse

2308 5208 2516 5264 dicatur
2543 5224 2571 5263 a
2600 5208 2884 5279 Gregorio,
2922 5224 3022 5266 nec
3048 5217 3227 5265 tamen
3257 5209 3497 5279 quotidie
3524 5208 3633 5280 59
3657 5223 3902 5264 commuo

2312 5303 2529 5359 nionem
2568 5303 2865 5372 accepisse.
2914 5303 3023 5360 Sed
3064 5303 3189 5373 quid
3221 5311 3381 5368 tunc,
3414 5302 3467 5357 id
3512 5311 3597 5357 est
3646 5317 3773 5357 cum
3825 5300 3906 5355 illa

2315 5409 2425 5450 non
2470 5395 2920 5463 communicabat,
2948 5396 3096 5466 quid,
3130 5397 3375 5465 inquam,
3421 5394 3491 5450 de
3517 5395 3686 5449 calice
3713 5408 3905 5449 conse‘

2314 5497 2462 5544 crato
2492 5488 2683 5544 ﬁebat?
2712 5500 2801 5545 aut
2827 5490 3098 5560 quomodo
3140 5489 3393 5547 sacerdos
3424 5488 3540 5559 ipse
3572 5506 3637 5543 ex
3669 5504 3737 5545 eo
3760 5504 3904 5545 com-

2317 5581 2625 5638 munionem
2656 5584 2928 5653 sanguinis
2967 5583 3281 5638 hauriebat?
3307 5597 3373 5637 an
3420 5580 3528 5636 duo
3577 5592 3733 5637 erant
3783 5580 3903 5636 cali-

2314 5689 2434 5742 ces,
2466 5690 2603 5730 unus
2647 5690 2743 5745 pro
2770 5674 3082 5741 sacerdote,
3116 5675 3253 5730 alter
3278 5690 3374 5744 pro
3403 5673 3627 5729 muliere
3668 5686 3907 5729 commu-

2317 5770 2601 5824 nicatura?
2640 5784 2745 5825 non
2792 5768 2966 5837 capio.
3018 5768 3153 5823 Cum
3186 5783 3317 5824 vero
3360 5768 3551 5823 mulier
3594 5762 3911 5822 subdiaconi

2318 5860 2561 5915 fraudem
2594 5860 2711 5915 viso
2741 5860 3069 5930 agnovisset,
3108 5878 3127 5910 ‹
3166 5860 3229 5913 ad
3263 5858 3583 5913 matutinum
3616 5858 3909 5913 secundum

2320 5950 2761 6009 consuetudinem
2812 5952 3062 6007 surrexit.
3109 5951 3311 6015 Quibus
3350 5949 3579 6019 expletis
3606 5987 3622 6017 ,
3651 5948 3899 6007 celebra-
