4108 6352
260 295 375 356 ιιε

1206 299 1294 355 DE
1333 296 1665 357 LITURGIA
1708 295 2097 358 GALLICANA
2138 301 2342 359 LIBER
2384 303 2661 363 PRIMUS.

3454 306 3554 363 H6

257 417 441 485 sisque
468 413 667 480 missis,
696 412 904 470 accedit
928 413 993 468 ad
1022 414 1277 485 poculum
1300 415 1560 472 salutare.
1590 414 1721 485 Quae
1748 423 1855 470 tam
1888 418 1940 477 Α
1962 419 2167 475 statuit.
2197 418 2310 475 lmo
2333 419 2522 476 ﬁdeles
2553 420 2676 489 ipsi,
2702 421 2915 477 tametsi
2945 434 3050 477 non
3082 421 3553 488 communicaturi,

258 506 481 563 fervens
506 514 716 562 acetum
742 506 920 565 hausit
946 526 1013 566 ex
1035 511 1230 579 calice,
1267 522 1324 567 ut
1355 521 1565 582 putaret
1592 512 1695 567 sibi
1723 512 1856 568 den-

256 609 349 657 tes
374 599 576 656 excuti.
615 618 634 650 ι
666 599 746 655 Ειι
787 603 1092 659 communio
1135 604 1294 660 etiam
1324 605 1424 661 sub
1451 605 1619 661 altera
1656 607 1856 675 specie.

255 691 374 747 Sed
405 696 537 747 satis
565 691 633 748 de
669 693 835 749 verbo
863 695 1191 763 celebrandi,
1239 696 1381 767 quod
1411 697 1553 753 idem
1598 697 1860 769 signiﬁcat

256 798 521 839 revocare
548 788 766 840 missam
789 800 883 841 seu
908 788 1118 855 missas,
1148 798 1207 845 ut
1235 804 1297 844 ex
1324 789 1481 846 dictis
1502 790 1853 861 intelligitur:

261 875 426 946 idque
455 876 741 933 conﬁrmat
779 879 963 936 Aredii
997 880 1205 939 abbatis
1235 885 1522 941 Atanensis
1567 893 1857 940 testamen-

260 976 403 1034 tum,
432 967 752 1024 obtestantis
787 988 805 1021 ι
846 986 943 1039 per
986 986 1183 1043 corpus
1212 982 1265 1030 et
1301 975 1613 1045 sanguinem
1646 975 1859 1031 Domini

264 1060 435 1115 nostri
464 1059 591 1116 Jesu
639 1060 836 1117 Christi
867 1082 887 1116 ι
918 1075 971 1120 et
1002 1067 1191 1122 merita
1224 1070 1461 1123 omnium
1509 1079 1817 1126 sanctorum
1838 1111 1854 1136 ,

260 1153 407 1225 ut,in
439 1156 675 1210 oratorio
705 1158 876 1214 sancti
916 1158 1103 1215 Hilarii
1132 1161 1317 1231 quinta
1346 1163 1504 1230 feria,
1540 1165 1685 1219 omni
1728 1175 1859 1220 tem-

262 1260 414 1315 pore,
451 1266 470 1298 s
507 1249 768 1304 maturius
798 1251 1059 1307 matutina
1088 1262 1140 1308 et
1184 1241 1344 1309 missa
1387 1264 1688 1313 revocetur.
1727 1276 1746 1308 ι

336 1338 391 1392 5.
438 1338 624 1395 Missas
658 1342 822 1396 etiam
847 1354 1093 1413 spectare
1109 1344 1360 1402 dicuntur
1389 1348 1511 1403 laici
1538 1348 1676 1418 apud
1706 1362 1859 1406 eum-

261 1431 391 1488 dem
444 1431 761 1503 Gregorium
817 1450 924 1491 non
991 1441 1198 1505 semel,
1256 1455 1451 1509 nempe
1503 1442 1555 1496 in
1605 1442 1860 1501 Historias

254 1523 361 1581 ἥδ.
392 1540 483 1579 vnt
530 1540 649 1596 cap.
701 1528 731 1579 7
782 1535 836 1583 et
864 1529 957 1597 51,
993 1538 1104 1586 tum
1136 1532 1231 1586 lib.
1263 1548 1316 1587 ιχ
1343 1547 1463 1603 cap.
1499 1534 1585 1603 10,
1613 1544 1668 1592 et
1691 1537 1785 1592 lib.
1820 1554 1855 1594 ι

258 1631 390 1687 cap.
420 1618 474 1681 8,
505 1617 571 1672 ad
601 1617 717 1675 haec
747 1620 801 1675 in
823 1620 917 1676 lib.
943 1638 1000 1678 ιιι
1045 1623 1111 1678 de
1134 1623 1406 1681 Miraculis
1436 1628 1606 1683 sancti
1642 1629 1857 1687 Martini

259 1721 390 1776 cap.
442 1708 526 1761 19.
586 1707 699 1764 imo
753 1712 913 1766 etiam
978 1713 1031 1768 in
1089 1717 1320 1772 concilio
1376 1735 1433 1774 ιιι
1482 1722 1857 1787 Aurelianensi

1965 507 2145 563 missae
2199 509 2463 567 interesse
2505 510 2774 567 debebant
2812 511 3002 583 jejuni.
3061 513 3232 582 Quam
3263 515 3471 569 ob'rem
3498 514 3553 571 in

1964 598 2147 656 libello
2169 600 2239 657 de
2270 601 2388 657 Vita
2440 603 2611 658 sancti
2643 602 2917 672 Walarici,
2972 619 3093 675 cap.
3146 600 3235 671 15,
3275 604 3381 659 duo
3426 618 3552 674 ger-

1964 695 2133 763 mani,
2183 698 2273 765 qui
2324 698 2392 753 ad
2423 712 2546 754 eum
2587 699 2639 755 in
2667 697 2956 756 festivitate
2985 699 3125 757 beati
3163 699 3367 755 Martini
3392 699 3558 755 adve-

1965 794 2177 856 nerant,
2212 789 2559 860 increpautur
2587 792 2657 846 ab
2686 792 2819 862 ipso,
2865 792 3010 863 quod
3059 812 3078 845 ι
3116 801 3239 848 ante
3265 792 3555 847 missarum

1964 879 2228 936 solemnia
2274 881 2461 940 bibere
2506 886 2996 956 prmsumpsissent.
3049 905 3068 939 ι
3122 885 3339 942 Haerent
3391 886 3554 941 etiam

1964 971 2071 1043 61
2104 988 2245 1029 nunc
2285 975 2425 1045 apud
2478 976 2686 1046 plebem
2739 979 2964 1050 hujusce
3008 979 3279 1050 religionis
3307 980 3554 1051 quaedam

1962 1063 2209 1134 vestigia.
2261 1066 2363 1135 Qui
2394 1069 2567 1138 potuit
2612 1081 2756 1127 tanta
2810 1073 3001 1142 religio
3054 1072 3271 1130 afﬁcere
3321 1074 3556 1144 majores

1963 1164 2179 1213 nostros
2228 1173 2280 1212 in
2326 1161 2669 1231 suscipendio
2719 1162 3071 1221 Eucharistiae
3098 1176 3469 1229 sacramento.
3509 1167 3557 1225 si

1962 1248 2135 1306 solam
2165 1252 2412 1322 corporis
2436 1252 2637 1312 Christi
2659 1257 2712 1313 in
2740 1272 2806 1313 eo
2837 1259 3081 1331 ﬁguram,
3108 1262 3209 1317 hoc
3237 1271 3321 1319 est
3351 1262 3555 1319 nudum

1963 1354 2161 1411 panem
2191 1357 2254 1400 ac
2282 1358 2491 1403 merum
2522 1348 2727 1417 vinum,
2754 1352 2996 1411 residere
3020 1354 3409 1412 credidissent?

2569 1460 2796 1538 CAPUT
2837 1482 2943 1539 vn.

1967 1584 2327 1675 diutistrarum
2372 1590 2425 1645 in
2444 1592 2602 1675 missa
2618 1600 2777 1650 vestes
2792 1604 2839 1650 et
2866 1607 3179 1667 apparatus;
3197 1602 3563 1675 ministerium,

2003 1657 2057 1711 id
2099 1669 2192 1713 est'
2210 1675 2361 1716 sacra
2387 1664 2645 1735 supellex,
2678 1682 2767 1721 seu
2793 1657 2915 1723 vasa
2934 1657 3081 1726 sacra
3113 1657 3174 1728 et.
3198 1657 3522 1732 ornamenta.

494 1798 565 1855 9.9
596 1801 908 1859 prohibetur
932 1846 947 1859 .
993 1815 1051 1859 ut
1076 1823 1140 1859 ne
1161 1810 1274 1859 auis
1301 1812 1559 1859 sacriﬁcia
1590 1817 1853 1859 "rimarum

2039 1772 2091 1824 1.
2134 1771 2218 1827 Ad
2266 1773 2407 1831 hanc
2443 1777 2624 1834 missa:
2653 1778 2944 1839 Gallicanae
2992 1787 3358 1845 tractationem
3388 1790 3558 1859 perti-

256 1813 472 1854 canone
494 1798 565 1855 9.9
596 1801 908 1870 prohibetur
932 1846 947 1871 ,
993 1815 1051 1860 ut
1076 1823 1140 1863 ne
1161 1810 1274 1878 quis
1301 1812 1559 1881 sacriﬁcia
1590 1817 1859 1871 missarum
1890 1812 1936 1873 B

261 1907 381 1945 cum
408 1894 568 1946 armis
597 1895 959 1963 pertinentibus
988 1899 1057 1951 ad
1088 1899 1336 1955 bellorum
1363 1920 1512 1957 usum
1542 1916 1751 1975 spectet.
1799 1909 1857 1965 ῐιι

256 1982 351 2038 his
377 1984 627 2039 omnibus
649 1984 876 2056 aliisque
905 1988 1226 2046 testimoniis
1251 2001 1497 2063 spectare
1521 1995 1700 2052 forsan
1732 2014 1857 2068 pro-

258 2077 383 2147 prie
420 2077 643 2146 respicit
688 2091 783 2133 eos
826 2080 918 2147 qui
972 2092 1266 2150 praesentes
1310 2085 1567 2154 aderant,
1624 2089 1718 2144 sed
1750 2106 1858 2147 non

263 2171 755 2226 communicabant.
792 2172 906 2228 Non
937 2174 1078 2230 male
1106 2176 1225 2231 huic
1256 2179 1601 2249 esplicationi
1628 2184 1859 2251 quadrat

256 2259 512 2330 Gregorii
564 2261 713 2316 locus
756 2260 810 2317 in
859 2264 952 2318 lib.
990 2280 1019 2318 x
1052 2279 1169 2336 cap.
1199 2268 1255 2335 8,
1282 2269 1371 2324 ubi
1401 2271 1466 2326 de
1493 2271 1719 2329 Cautino
1747 2275 1849 2330 Ar-

263 2367 555 2408 vernorum
581 2355 837 2425 episcopo
866 2370 1032 2425 agens
1056 2400 1070 2425 ,
1126 2359 1216 2428 qui
1250 2360 1515 2418 Eulalium
1544 2367 1791 2421 comitem
1824 2383 1855 2423 a

264 2432 645 2503 communione
676 2450 1073 2518 suspenderat:
1113 2470 1131 2503 ι
1162 2453 1310 2511 Tunc
1329 2456 1611 2528 episcopus
1633 2461 1852 2530 (inquit,

260 2541 319 2597 id
350 2550 436 2601 est
464 2540 515 2595 in
545 2539 837 2596 festivitate
864 2544 1035 2598 sancti
1056 2543 1277 2617 Juliani)
1310 2550 1553 2617 permisit
1580 2566 1703 2607 eum
1730 2568 1851 2608 cum

260 2633 477 2690 caeteris
505 2633 793 2689 missarum
819 2644 1064 2705 spectare
1088 2637 1370 2694 solemnia.
1419 2640 1615 2697 Verum
1646 2645 1735 2699 ubi
1783 2647 1852 2701 ad

255 2726 695 2782 communionem
720 2736 940 2781 ventum
969 2734 1052 2781 est
1076 2768 1092 2795 ,
1147 2738 1201 2784 et
1227 2730 1464 2786 Eulalius
1490 2733 1556 2788 ad
1605 2736 1852 2792 altarium

255 2818 601 2884 accessisset,
632 2835 651 2869 ι
704 2816 962 2874 Cautinus
989 2833 1112 2875 eum
1144 2821 1309 2876 voluit
1339 2823 1647 2893 prohibere.
1690 2829 1851 2883 Aliud

254 2926 391 2982 ergo
444 2917 561 2966 erat
607 2920 853 2979 spectare
906 2913 1193 2968 missarum
1235 2915 1519 2984 solemnia,
1568 2920 1713 2975 aliud
1741 2922 1853 2993 σο

258 3005 686 3073 communicare,
717 3005 934 3075 quando
963 3004 1226 3063 Cautinus
1255 3024 1360 3064 uno
1382 3013 1669 3081 permisso,
1704 3016 1851 3073 aliud

255 3112 367 3154 non
390 3096 619 3153 ferebat.
648 3097 800 3153 Mitto
828 3099 962 3154 alias
984 3101 1239 3169 loquendi
1271 3103 1527 3159 formulas
1550 3108 1691 3176 apud
1718 3108 1851 3166 Gre-

1967 1871 2104 1920 tinet
2123 1878 2408 1924 sacrorum
2429 1871 2804 1930 ministrorum
2848 1876 3062 1934 habitus
3091 1880 3401 1952 cultusque,
3433 1893 3562 1942 ante

1927 1956 2228 2014 saeculum
2252 1974 2326 2015 vn
2350 1961 2604 2020 usitatus.
2640 1965 2704 2020 Hi
2742 1970 2985 2025 vestibus
3026 1971 3162 2029 albis
3211 1974 3265 2029 in
3316 1991 3373 2031 re
3401 1990 3561 2035 sacra

1960 2047 2284 2120 utebantur,
2342 2061 2476 2110 teste
2516 2054 2774 2129 Gregorio
2836 2061 2906 2117 de
2952 2062 3135 2120 Gloria
3180 2066 3555 2125 confessorum

1961 2153 2080 2211 cap.
2111 2142 2181 2198 20
2211 2159 2226 2198 :
2277 2162 2298 2196 ι
2339 2144 2471 2201 Erat
2495 2157 2674 2204 autem
2703 2152 3046 2210 sacerdotum
3075 2170 3140 2212 ac
3168 2157 3452 2216 levitarum
3500 2160 3559 2218 in

1959 2236 2097 2292 albis
2140 2239 2377 2296 vestibus
2430 2257 2536 2298 non
2587 2244 2841 2303 minimus
2895 2249 3133 2320 chorus,
3174 2269 3196 2304 ι
3256 2268 3450 2325 nempe
3496 2256 3557 2314 in

1960 2329 2312 2388 translatione
2362 2333 2711 2404 reliquiarum
2768 2338 2835 2394 ad
2886 2340 3278 2401 dedicationem
3329 2345 3554 2405 oratorii
3648 2362 3653 2367 ‘

1958 2422 2134 2477 sancti
2152 2421 2449 2479 Saturnini.
2493 2426 2547 2481 In
2588 2428 2801 2484 concilii
2826 2429 3194 2491 Narbonensis
3235 2449 3443 2493 canone
3484 2436 3556 2493 12

1958 2511 2291 2581 decernitur,
2343 2525 2398 2569 ut
2447 2516 2623 2574 nullus
2649 2520 2906 2592 presbyter
2950 2532 3038 2577 aut
3086 2525 3335 2582 diaconus
3362 2527 3553 2600 absque

1957 2603 2133 2674 aliqua
2153 2605 2473 2676 inﬁrmitate,
2495 2610 2620 2664 dum
2643 2612 2801 2667 missa
2825 2615 3110 2685 per/icitur,
3131 2619 3306 2690 egredi
3332 2620 3397 2675 de
3421 2620 3555 2676 alta<

1956 2700 2036 2751 rio
2055 2738 2068 2761 ,
2100 2707 2390 2754 autexuere
2419 2717 2472 2756 se
2497 2702 2617 2757 alba
2642 2705 2849 2760 audeat.
2882 2708 2949 2762 Et
2976 2709 3117 2779 apud
3154 2710 3470 2783 Gregorium
3498 2714 3554 2772 in

1960 2788 2208 2846 Historia:
2238 2792 2330 2849 lib.
2357 2810 2407 2849 iv
2444 2809 2563 2866 cap.
2603 2796 2672 2850 58
2715 2799 2890 2870 agitur
2918 2801 2983 2856 de
3010 2801 3413 2873 archidiacono,
3449 2806 3548 2878 qui

1965 2902 1985 2935 s
2024 2885 2241 2942 indutus
2262 2888 2404 2956 alba,
2437 2892 2773 2963 episcopum,
2806 2905 2863 2951 ut
2893 2911 3008 2953 mos
3037 2906 3139 2967 est,
3174 2898 3435 2957 invitabat
3476 2901 3549 2958 ad

1959 2978 2149 3033 altare.
2183 2997 2201 3031 ι
2230 2979 2432 3052 Nempe
2464 2999 2581 3039 mos
2606 2994 2744 3055 erat,
2772 2996 2832 3043 ut
2857 3002 2981 3045 cum
3006 2990 3294 3063 episcopus
3327 2994 3550 3050 missam

1959 3070 2328 3128 celebraturus
2350 3073 2402 3128 in
2432 3075 2718 3133 ecclesiam
2746 3081 3176 3151 progrederetur,
3219 3101 3239 3136 ι
3276 3084 3544 3142 archidia-

254 3175 491 3261 g'orium,
524 3197 579 3245 et
605 3190 661 3244 in
684 3190 928 3246 conciliis
952 3191 1243 3250 Gallicanis
1271 3195 1520 3266 usitatas,
1557 3207 1611 3253 ut
1654 3202 1847 3259 missas
1886 3194 1932 3255 C
1963 3176 2134 3266 congs
2179 3179 2299 3266 cui"
2342 3166 2490 3266 flcio
2531 3185 2585 3224 In
2615 3170 2751 3227 ams
2778 3182 3011 3229 vemem'
3044 3176 3400 3248 (occurreret)
3430 3177 3548 3234 dm-

253 3292 444 3339 tenere
487 3283 653 3354 (quod
699 3285 860 3339 etiam
907 3284 975 3341 de
1004 3286 1151 3342 laicis
1179 3287 1374 3343 dicitur
1401 3305 1430 3344 a
1474 3289 1737 3361 Gregorio
1796 3296 1850 3350 in

256 3376 358 3432 lib.
392 3391 448 3431 vx
474 3391 596 3446 cap.
628 3376 746 3447 48),
782 3385 836 3433 et
857 3377 957 3433 alia
987 3379 1041 3435 id
1069 3395 1261 3451 genus,
1293 3388 1350 3436 ut
1372 3382 1435 3437 ad
1469 3384 1648 3440 missae
1669 3385 1851 3457 dispo-

256 3470 489 3526 sitiones
518 3470 848 3541 progrediar.

331 3586 386 3643 6.
427 3586 627 3642 Contra
680 3602 775 3643 eos
818 3590 909 3658 qui
958 3589 1160 3659 polluto
1189 3592 1370 3647 animo
1402 3607 1554 3648 sacra
1591 3603 1845 3664 tractant,

258 3685 483 3756 insignis
514 3695 596 3741 est
614 3688 857 3759 Gregorii
890 3688 1038 3743 locus
1061 3689 1112 3743 in
1146 3689 1235 3744 lib.
1270 3706 1284 3743 ι
1315 3691 1382 3745 de
1414 3692 1689 3747 Miraculis
1716 3708 1851 3748 mar-

256 3787 436 3849 tyrum
468 3792 588 3847 cap.
628 3778 697 3831 86
731 3797 743 3831 ε
794 3796 812 3830 ι
854 3779 1120 3836 Deilemus
1149 3783 1352 3838 scelera
1385 3796 1564 3839 nostra
1592 3798 1645 3840 ct
1696 3788 1850 3855 plan-

255 3867 457 3938 gimus,
488 3882 609 3922 cum
634 3883 732 3924 nos
762 3869 988 3925 mundos
1019 3885 1138 3925 esse
1168 3874 1469 3941 nescimus;
1496 3886 1546 3931 et
1579 3877 1642 3931 ad
1676 3878 1850 3947 ipsum

259 3959 431 4016 altare
458 3960 669 4016 Domini
693 3962 1035 4029 accedentes,
1081 3966 1343 4021 audenter
1370 3979 1614 4024 sanctum
1648 3985 1848 4040 corpus

256 4049 379 4120 ejus
406 4062 457 4105 et
481 4053 819 4122 sanguinem,
848 4070 967 4109 cum
995 4055 1163 4111 simus
1186 4068 1306 4112 actu
1339 4059 1548 4131 polluti,
1582 4065 1756 4132 potius
1782 4066 1849 4118 ad

253 4137 512 4216 judicium
540 4146 824 4214 sumimus,
852 4161 1013 4217 quam
1044 4159 1101 4203 ut
1141 4151 1354 4207 veniam
1378 4167 1790 4225 consequamur.
1824 4177 1842 4209 ι

253 4234 317 4290 in
340 4236 512 4304 capite
551 4238 797 4306 sequenti
841 4239 1003 4294 deﬁet
1045 4241 1323 4296 audaciam
1364 4245 1643 4312 cujusdam
1665 4262 1848 4303 sacer-

256 4325 423 4391 dotis,
485 4344 504 4377 ι
543 4328 633 4397 qui
665 4342 771 4382 non
821 4328 1088 4386 dubitavit
1137 4334 1298 4388 miser
1340 4335 1464 4389 vino
1518 4336 1848 4394 madefactus

256 4427 519 4488 appetere
541 4421 684 4491 quod
728 4421 943 4491 jejunus
967 4424 1191 4494 quisque
1218 4443 1323 4482 non
1352 4428 1471 4485 sine
1500 4441 1643 4486 metu
1674 4444 1851 4501 potest

253 4520 496 4567 terrente
517 4513 847 4569 conscientia
875 4517 1166 4585 explicare,
1201 4539 1220 4571 ι
1256 4520 1308 4575 id
1347 4523 1541 4591 estqui
1577 4539 1681 4578 non
1703 4525 1846 4596 jeju-

255 4621 359 4661 nus
392 4609 607 4663 missam
652 4609 928 4667 celebrare
975 4627 1138 4668 ausus
1178 4624 1282 4670 est.
1332 4616 1449 4686 Quo
1493 4635 1557 4674 ex
1605 4630 1847 4692 tempore
1878 4591 1936 4654 Β

251 4698 504 4769 jejunum
536 4715 657 4757 esse
687 4712 963 4773 oporteret
992 4706 1327 4763 sacerdotem
1357 4710 1448 4779 qui
1477 4712 1846 4772 celebraturus

251 4803 420 4861 esset,
470 4795 640 4850 innuit
668 4797 856 4853 eodem
909 4797 963 4852 in
1022 4800 1141 4855 loco
1180 4797 1493 4872 Gregorius,
1550 4807 1637 4861 ubi
1689 4808 1848 4878 hujus

250 4888 557 4943 sacerdotis
582 4890 790 4960 culpam
840 4893 894 4946 in
932 4892 1049 4962 ipso
1086 4891 1260 4949 Natali
1303 4895 1512 4951 Domini
1571 4912 1844 4970 perpetra-

257 4989 370 5034 tam
399 4994 728 5052 exaggerans
754 5022 771 5049 ,
807 5000 826 5034 ι
865 4983 934 5037 ita
966 4992 1021 5037 ut
1050 4985 1378 5041 afﬁrmarent
1414 4990 1588 5056 multi,
1655 4994 1847 5064 inquit,

256 5085 384 5126 eum
420 5082 542 5142 post
587 5072 711 5141 galli
752 5081 967 5128 cautum
1001 5077 1055 5129 in
1084 5075 1197 5145 ipsa
1229 5088 1387 5133 nocte
1433 5080 1629 5137 vidisse
1660 5083 1849 5141 biben-

258 5178 392 5222 tem.
425 5186 442 5219 ι
478 5167 715 5238 Denique
745 5168 931 5226 Patres
953 5169 1169 5227 concilii
1195 5187 1230 5226 ιι
1256 5172 1848 5241 Bracarensis,canone

264 5258 355 5326 10,
386 5258 643 5315 damnant
665 5261 923 5330 quosdam
949 5262 1311 5333 presbyteros,
1338 5267 1423 5335 qui
1451 5268 1679 5323 inmissa
1710 5286 1848 5326 mor-

254 5366 490 5421 tuorum,
518 5363 634 5423 post
660 5363 920 5424 acceptum
964 5368 1159 5407 merum
1185 5395 1200 5420 ,
1249 5358 1553 5415 oblationem
1584 5363 1698 5417 ausi
1727 5373 1849 5418 sunt

252 5458 581 5500 consecrare.

337 5536 393 5593 7.
431 5538 547 5596 Non
580 5539 777 5597 licebat
803 5540 964 5595 etiam
1011 5540 1237 5599 diacono
1259 5554 1349 5600 aut
1379 5547 1707 5607 subdiacono
1734 5563 1846 5625 post

251 5645 526 5704 acceptum
558 5636 729 5689 cibum
778 5634 858 5689 vel
893 5637 1132 5701 poculum
1174 5638 1352 5695 missas
1384 5651 1627 5711 tractare,
1676 5650 1847 5704 autin

254 5726 473 5778 ecclesia
523 5732 646 5781 dum
696 5729 864 5784 missa:
892 5731 1188 5787 dicebantur
1228 5744 1383 5802 stare,
1433 5752 1496 5791 ex
1544 5754 1752 5797 canone
1780 5746 1844 5799 19

249 5818 471 5876 concilii
516 5804 1025 5895 Autissiodurensis,
1083 5828 1173 5897 qui
1229 5830 1296 5885 de
1341 5832 1656 5904 presbytero
1702 5836 1838 5895 idem

1963 3259 2192 3315 conibus
2222 3260 2487 3319 thuribula
2516 3267 2850 3337 gerentibus,
2894 3289 2912 3321 ι
2948 3276 3007 3325 ιιι
3035 3270 3227 3342 legitur
3246 3276 3384 3344 apud
3408 3273 3548 3331 Pau-

1958 3348 2070 3403 lum
2094 3349 2486 3406 Emeritensem
2510 3353 2566 3408 in
2591 3368 2710 3424 cap.
2752 3355 2806 3411 6.
2866 3358 3062 3415 Confer
3101 3361 3327 3432 Sulpicii
3357 3364 3546 3420 Severi

1956 3441 2225 3513 dialogum
2267 3445 2303 3497 2
2343 3444 2410 3500 de
2456 3456 2643 3503 sancto
2686 3448 2935 3517 Martino,
2985 3467 3102 3522 cap.
3160 3457 3213 3510 1.
3258 3456 3371 3513 Hac
3398 3468 3549 3517 veste

1955 3533 2081 3588 alba
2127 3550 2233 3589 non
2266 3537 2552 3594 utebantur
2583 3548 2735 3596 extra
2777 3556 2889 3597 rem
2920 3558 3154 3613 sacram,
3196 3561 3354 3605 secus
3382 3559 3547 3620 atque

1960 3627 2278 3697 patriarchae
2306 3630 2563 3699 Orientis,
2621 3649 2848 3705 quorum
2904 3636 2992 3693 hic
3043 3641 3290 3711 proprius
3330 3642 3544 3699 habitus

1954 3728 2094 3787 erat,
2125 3736 2192 3776 ex
2224 3721 2339 3777 Vita
2371 3723 2625 3779 Euthimii
2657 3727 2797 3795 apud
2851 3730 3271 3788 eruditissimum
3319 3732 3535 3791 Cotele-

1955 3812 2115 3878 rium,
2145 3828 2292 3870 num.
2324 3814 2412 3869 6|.
2469 3816 2653 3871 Albam
2708 3833 2804 3874 seu
2860 3821 3055 3878 lineam
3103 3833 3306 3880 vestem
3366 3827 3547 3896 potius

1954 3917 2115 3972 quam
2159 3905 2267 3978 62
2305 3908 2541 3962 casulam
2598 3910 2792 3966 tunicae
2824 3915 3039 3969 nomine
3088 3915 3367 3987 designare
3414 3919 3547 3979 mihi

1959 3995 2171 4051 videtur
2198 3996 2574 4069 Hieronymus,
2608 4003 2693 4057 cui
2722 4002 3051 4074 Nepotianus
3073 4008 3355 4080 presbyter
3383 4020 3545 4067 testa<

1954 4098 2138 4143 mento
2166 4089 2381 4160 reliquit
2415 4108 2435 4143 ι
2474 4094 2727 4163 tunicam,
2753 4112 2855 4166 qua
2887 4098 3138 4155 utebatur
3168 4102 3218 4157 in
3244 4104 3544 4160 ministerio

1952 4181 2192 4247 Christi,
2231 4200 2249 4233 ι
2293 4196 2356 4237 ac
2388 4176 2610 4253 proinde
2636 4201 2745 4243 non
2774 4199 2921 4247 extra
2954 4192 3130 4262 ipsum
3161 4195 3541 4255 ministerium.

1953 4273 2072 4341 Quo
2094 4283 2299 4345 spectat
2323 4273 2693 4347 Chrysostomi
2721 4282 2869 4339 locus
2890 4300 2953 4340 ex
2983 4286 3200 4343 homilia
3228 4288 3295 4342 85
3328 4290 3380 4345 ἱιι
3410 4291 3544 4347 Mat-

1956 4365 2173 4434 thaium,
2200 4368 2290 4423 ubi
2332 4370 2563 4426 ministri
2609 4381 2850 4444 tempore
2893 4392 3171 4436 sacrorum
3229 4401 3248 4435 s
3298 4384 3537 4442 tunicam

1952 4461 2409 4532 candidissimum,
2452 4467 2628 4523 λευκὸν
2655 4474 2964 4542 χιτωνίσκον
3001 4494 3020 4526 ι
3073 4487 3311 4547 gestasse
3364 4483 3543 4551 periti.

1960 4552 2172 4610 bentur.
2216 4555 2291 4611 De
2332 4558 2526 4614 amictu
2567 4559 2749 4632 (quem
2784 4570 3059 4637 vocamus)
3101 4584 3219 4625 rara
3264 4573 3330 4643 (si
3361 4585 3543 4633 tamen

1958 4646 2090 4719 ulla)
2114 4649 2316 4704 mentio
2343 4650 2484 4720 apud
2510 4662 2760 4711 auctores
2787 4668 2999 4714 nostros
3025 4670 3149 4717 ante
3162 4662 3338 4720 Caroli
3366 4666 3543 4738 Magni

1957 4746 2190 4794 atatem.
2219 4738 2485 4798 Caeterum
2511 4744 2671 4800 nullis
2712 4756 2853 4803 tecto
2876 4760 2969 4804 aut
2988 4752 3162 4807 velato
3191 4755 3365 4824 capite
3386 4772 3542 4813 sacra

1956 4845 2216 4902 peragere
2246 4833 2465 4902 licebat,
2501 4844 2718 4906 propter
2761 4841 3004 4908 Apostoli
3046 4844 3377 4912 mandatum,
3428 4862 3539 4918 quo

1956 4921 2086 4977 viris
2113 4923 2403 4979 universim
2432 4925 2576 4981 nudo
2605 4927 2781 4997 capite
2824 4927 2877 4983 in
2905 4930 3135 4989 ecclesia
3156 4949 3313 4990 orare
3346 4939 3536 5007 praeci-

1957 5012 2120 5081 pitur,
2138 5022 2278 5070 etne
2297 5015 2494 5071 Christi
2514 5018 2823 5077 sacerdotes
2850 5023 3162 5082 viderentur
3184 5026 3383 5085 imitari
3410 5046 3535 5101 pro-

1956 5102 2131 5171 fanos,
2154 5108 2294 5177 apud
2321 5122 2457 5177 quos
2499 5128 2520 5163 ι
2555 5112 2973 5172 sacriﬁcantium
3000 5119 3213 5189 captiva
3241 5123 3411 5191 capita
3442 5138 3538 5181 ve-

1951 5199 2242 5269 tabantur,
2297 5222 2318 5256 ι
2379 5212 2438 5259 ut
2490 5204 2725 5276 loquitur
2768 5206 3070 5281 Cyprianus
3116 5211 3271 5267 initio
3320 5214 3436 5270 libri
3470 5214 3539 5277 de

1954 5288 2161 5360 Lapsis.
2191 5291 2350 5348 Certe
2393 5293 2448 5350 id
2487 5298 2655 5355 sacris
2684 5300 2941 5357 ministris
2980 5302 3295 5371 prohibetur
3343 5305 3396 5361 in
3444 5323 3537 5379 sy-

1954 5380 2095 5437 nodo
2124 5381 2363 5440 Romana
2386 5385 2487 5441 sub
2516 5387 2773 5445 Zacharia
2814 5392 3083 5461 pontiﬁce,
3124 5408 3241 5463 cap.
3276 5394 3361 5452 15.
3395 5398 3538 5471 Lege

1950 5472 2146 5528 eruditi
2164 5475 2415 5533 Cotelerii
2439 5486 2592 5534 notas
2611 5480 2663 5534 in
2687 5481 3112 5538 Constitutiones
3141 5488 3532 5558 apostolorum,

1951 5566 2057 5622 col.
2082 5568 2208 5625 155.
2239 5570 2459 5642 Excipio
2483 5575 2769 5641 Armenes,
2787 5576 2879 5645 qui
2903 5585 3044 5633 tecto
3071 5581 3245 5650 capite
3265 5598 3417 5640 sacra
3446 5598 3539 5641 ce-

1951 5659 2182 5730 lchrant,
2218 5672 2448 5722 testante
2493 5667 2721 5722 Baronio
2761 5668 2825 5722 ad
2855 5682 3057 5727 annum
3085 5672 3211 5731 865.
3251 5676 3327 5731 De
3357 5676 3536 5733 orario

1950 5754 2289 5812 sacerdotum
2320 5759 2375 5813 in
2424 5758 2640 5815 modum
2693 5761 2866 5818 crucis
2911 5776 3037 5823 ante
3084 5778 3269 5838 pectus
3314 5783 3533 5839 compo-

1949 5846 2124 5903 nendo
2153 5858 2331 5906 exstat
2377 5850 2651 5907 decretum
2683 5855 2899 5914 concilii
2941 5874 2999 5923 iu
3044 5860 3411 5935 Bracarensis,
3443 5876 3534 5923 ca-
