4108 6352
612 277 710 335 l"
1281 273 1630 331 APPENDII
1666 271 1759 333 AD
1794 272 2027 329 OPERA
2067 268 2307 326 SANCTI
2344 268 2655 328 GERMANI
2695 273 3141 333 PARISIENSIS.
3757 273 3871 330 148

606 410 747 451 nono
784 396 841 452 ι.
881 394 964 451 Λᾶ
990 395 1105 450 δα
1147 392 1360 451 concilii
1384 391 1748 449 Narbonensis
1771 404 1945 446 canon
1978 387 2006 443 1
2038 392 2181 440 vetat
2209 386 2265 446 Α
2288 398 2412 440 cum
2442 386 2767 447 Turonensis
2806 392 3110 459 episcopus.
3161 390 3267 445 sibi
3312 388 3617 458 populoque
3664 402 3771 443 suo
3801 390 3875 441 ti-
4038 366 4039 441 l

606 502 674 542 ne
695 485 875 543 clerici
899 483 1179 558 purpureis
1200 481 1437 541 vestibus
1461 482 1764 548 induantur,
1788 494 1981 551 nempe
2002 478 2057 533 in
2084 492 2184 531 usu

612 576 836 647 vulgari.

678 667 733 722 2.
776 669 977 726 Praeter
1002 669 1176 725 albam
1206 666 1492 739 Gregorius
1536 666 1769 722 casulam
1820 663 2013 719 Nicetii
2045 662 2185 733 Lug-

607 762 860 818 dunensis
890 761 1140 817 antistitis
1179 770 1235 817 et
1278 774 1491 829 capsam
1540 764 1799 813 memorat
1850 754 1903 810 in
1942 754 2078 809 libro
2117 752 2185 808 de

610 851 745 908 Vitis
766 850 1008 919 Patrum,
1025 867 1145 921 cap.
1171 850 1224 906 8.
1248 850 1439 906 Casula
1463 851 1711 905 hactenus
1730 848 1959 921 priscum
1990 862 2183 900 nomen

611 946 807 1001 retinet
837 962 851 999 :
890 964 909 998 ι
934 943 1106 1017 Capsa
1137 954 1310 1000 autem
1341 944 1410 998 ita
1442 943 1656 997 dilatata
1686 952 1823 1006 erat,
1853 950 1909 995 ut
1934 940 2111 996 solent
2131 940 2184 995 in

610 1034 718 1090 illis
745 1036 986 1092 candidis
1016 1035 1150 1101 ﬁeri,
1182 1050 1299 1105 quae
1328 1049 1418 1103 per
1448 1032 1716 1104 paschalia
1747 1029 1879 1086 festa
1927 1028 2181 1089 sacerdo-

612 1136 721 1181 tum
765 1127 1001 1184 humeris
1055 1128 1415 1198 imponuntur.
1472 1143 1493 1178 ι
1554 1124 1859 1187 Diaconos,
1906 1121 1993 1178 cui
2042 1122 2179 1178 hanc

610 1220 826 1278 Priscus
872 1220 1153 1291 episcopus
1192 1220 1443 1287 dederat,
1500 1233 1561 1275 ea
1612 1218 1917 1288 promiscue
1968 1216 2185 1273 indutus

609 1314 809 1385 absque
836 1313 1090 1383 religione
1120 1313 1435 1382 procedens,
1492 1329 1509 1363 ι
1550 1309 1732 1365 deciso
1776 1308 2007 1377 cucullo,
2048 1326 2069 1362 ι
2105 1318 2184 1364 te—

608 1423 801 1478 gumen
830 1421 896 1461 ex
946 1408 1035 1461 illo
1061 1406 1283 1476 pedibus
1328 1401 1546 1473 aptavit.
1604 1401 1733 1457 Erat
1779 1400 1998 1470 proinde
2022 1415 2183 1469 capsa

608 1498 738 1554 illud
760 1514 925 1569 genus
951 1496 1271 1562 indumenti,
1317 1494 1457 1565 quod
1509 1493 1669 1549 modo
1696 1508 1915 1561 cappam
1945 1493 2186 1562 appella-

608 1604 747 1656 mus,
767 1589 919 1660 eujus
949 1606 1069 1659 pars
1096 1589 1203 1660 63
1244 1586 1508 1656 posterior
1527 1600 1594 1640 ex
1617 1584 1852 1640 humeris
1874 1584 2182 1655 dependens

608 1694 707 1749 pro
760 1679 971 1734 cucullo
1019 1678 1285 1748 quondam
1335 1686 1447 1730 erat
1501 1674 1567 1730 ad
1619 1682 1780 1746 caput
1806 1675 2179 1746 operiendum,

2288 494 2439 536 mens
2465 495 2492 533 ιι
2527 481 2701 537 lurore
2740 482 3128 540 Guntchramni
3156 485 3295 552 regis
3322 483 3587 547 militum,
3631 480 3871 539 eﬂracto

2288 586 2394 627 uno
2420 572 2487 628 de
2514 573 2680 631 sacris
2723 575 3038 632 ministeriis
3081 577 3250 633 calice
3292 591 3479 642 aureo,
3532 584 3589 633 et
3645 576 3706 631 in
3766 591 3872 629 nn-

2287 662 2531 719 mismata
2562 666 2794 734 redacto,
2826 681 2883 722 se
2914 669 3269 738 populumque
3290 668 3535 723 redemit.
3568 666 3874 738 Gregorius

2286 765 2472 812 auctor
2521 758 2575 813 in
2628 759 2870 814 Historiae
2916 760 3007 816 lib.
3067 776 3136 817 vn
3187 776 3308 829 cap.
3344 758 3436 816 24.
3488 758 3605 814 lluc
3651 768 3871 827 spectat

2285 845 2482 904 factum
2511 849 2728 905 Cazsarii
2750 853 3077 907 Arelatensis
3101 852 3359 922 episcopi.
3400 852 3488 920 qui
3528 851 3584 905 in
3636 850 3861 905 redem-

2289 941 2524 1010 ptionem
2554 942 2884 1011 captivorum
2914 961 2933 995 ι
2969 957 3208 1013 expenso
3233 952 3474 1011 argento,
3520 942 3665 1008 quod
3696 954 3867 995 vene-

2286 1034 2468 1089 rabilis
2498 1035 2698 1091 Eonius
2727 1046 3033 1093 antecessor
3054 1054 3183 1092 suus
3210 1036 3455 1092 ecclesiae
3499 1048 3701 1091 mensa
3735 1033 3865 1088 reli-

2287 1137 2496 1198 querat,
2546 1130 2852 1187 custodiens
2900 1130 3027 1185 illud
3059 1130 3201 1201 quod
3230 1129 3483 1185 Dominus
3511 1128 3564 1183 in
3612 1126 3873 1183 arantino

2289 1219 2569 1288 paropside
2602 1220 2756 1275 tinxit
2782 1236 2992 1291 panem,
3022 1237 3128 1276 non
3155 1221 3206 1276 in
3236 1232 3489 1293 argenteo
3512 1233 3665 1287 vase,
3729 1232 3870 1286 opus

2288 1320 2529 1366 sanctum
2559 1327 2723 1382 usque
2750 1312 2817 1367 ad
2847 1312 3009 1368 divini
3058 1314 3336 1369 ministerii
3380 1311 3877 1381 dispensationem,

2285 1416 2406 1458 cum
2432 1402 2735 1469 thuribulis,
2769 1406 3048 1470 calicibus,
3086 1404 3395 1474 paternisque
3430 1418 3525 1473 pro
3547 1401 3871 1459 eorumdeln

2288 1492 2653 1563 redemptione
2689 1514 2706 1548 ι
2736 1497 2993 1564 vendidit,
3024 1512 3128 1552 non
3161 1511 3381 1567 parcens
3405 1497 3566 1551 etiam
3586 1495 3879 1551 columna-

2287 1602 2405 1641 rum
2462 1603 2480 1637 ι
2518 1602 2581 1642 ex
2626 1596 2845 1657 argento
2878 1605 2897 1639 ι
2948 1591 3294 1644 ornamentis.
3352 1586 3487 1642 Tum
3534 1585 3874 1655 interpositis

2287 1678 2601 1750 quibusdam
2632 1679 2869 1748 ejusdem
2893 1680 3161 1750 pontiﬁcis
3183 1679 3467 1735 sententiis
3492 1678 3871 1750 gravissimis:

608 1772 780 1843 qualis
807 1780 890 1829 est
915 1786 1084 1841 cappa
1114 1770 1284 1825 sancti
1314 1768 1607 1824 Audomari
1639 1770 1894 1838 episcopi,
1926 1768 1980 1823 in
2010 1768 2182 1825 sancti
2212 1766 2260 1828 B
2291 1789 2310 1824 ι
2348 1770 2464 1825 Non
2491 1771 2674 1837 credo,
2700 1771 2772 1827 ait
2803 1771 2920 1844 (Vir
2946 1772 3182 1841 sanctus)
3210 1772 3534 1826 contrarium
3565 1784 3690 1826 esse
3722 1768 3863 1835 Deo,

608 1861 809 1918 Bertini
841 1860 1171 1917 monasterio
1198 1858 1455 1915 hactenus
1478 1870 1770 1915 assecuta.
1793 1858 2041 1914 Casulam
2062 1873 2179 1928 pro-

607 1953 898 2010 cessoriani
928 1963 1078 2008 vocat
1117 1951 1413 2023 Cyprianus
1442 1952 1723 2022 episcopus
1769 1952 2090 2008 'I'oloneusis
2128 1954 2182 2008 in

610 2044 701 2099 lib.
728 2059 741 2098 ι
770 2042 837 2098 de
866 2042 978 2097 Vita
1004 2040 1216 2097 Caesarii
1247 2042 1484 2113 episcopi
1508 2042 1858 2111 Arelatensis,
1900 2058 2046 2097 num.
2081 2040 2179 2107 23,

610 2136 702 2204 qui
735 2136 869 2189 hanc
890 2135 1122 2189 casulam
1159 2153 1178 2187 ι
1213 2135 1496 2204 albamque
1531 2135 1835 2205 paschalem
1871 2154 1918 2201 ι,
1962 2134 2179 2205 pauperi

609 2234 816 2291 cuidam
840 2234 1059 2301 largitus
1087 2242 1189 2291 est.

675 2346 730 2400 ὅ.
770 2347 986 2403 Sacram
1009 2345 1391 2415 supellectilem
1422 2352 1629 2400 veteres
1659 2360 1763 2399 uno
1792 2344 2048 2399 vocabulo
2080 2341 2181 2396 mi-

608 2438 889 2495 nisterium
926 2438 1168 2493 ecclesiae
1222 2436 1581 2506 appellabant.
1643 2436 1882 2491 Eximius
1911 2445 1992 2491 est
2034 2434 2184 2492 locus

607 2532 749 2586 inter
770 2530 902 2585 alios
924 2529 1062 2599 apud
1090 2529 1403 2600 Gregorium
1443 2536 1684 2583 nostrum
1716 2529 1767 2584 in
1794 2531 1884 2584 lib.
1919 2544 1975 2583 ιιι
2005 2528 2183 2583 Histo-

609 2623 706 2679 ria:
724 2638 845 2693 cap.
875 2624 962 2689 {0,
990 2623 1076 2677 ubi
1102 2624 1169 2677 de
1192 2621 1534 2678 Childeberto
1559 2639 1702 2693 rege,
1725 2624 1813 2694 qui
1842 2638 1903 2677 ex
1933 2622 2184 2691 Hispania

608 2716 844 2784 rediens,
880 2730 899 2768 ι
940 2716 1078 2771 inter
1100 2717 1333 2786 reliquos
1364 2716 1641 2772 thesauros
1669 2716 1960 2771 ministeria
1989 2717 2185 2786 pretio-

608 2811 817 2865 sissima
842 2809 1054 2877 detulit,
1094 2827 1113 2861 ι
1145 2809 1393 2864 nimirum
1428 2831 1441 2859 ι
1480 2813 1749 2880 sexaginta
1781 2811 1995 2875 calices,
2026 2813 2182 2881 quin—

609 2901 783 2957 decim
814 2911 1053 2972 pateuas,
1078 2901 1262 2972 viginti
1296 2901 1697 2971 Evangeliorutn
1725 2918 1915 2971 capsas
1941 2945 1955 2969 ,
2000 2901 2182 2957 omnia

610 3010 675 3050 ex
706 3009 834 3048 auro
863 3009 1014 3063 puro,
1066 3008 1129 3048 ac
1175 2996 1401 3064 gemmis
1433 2997 1675 3063 pretiosis
1715 3005 1922 3050 ornata.
1963 3016 1978 3045 ι
2030 2996 2173 3050 Idem

608 3090 664 3145 ln
697 3090 786 3147 lib.
818 3105 853 3144 ιι
883 3090 950 3145 de
977 3090 1156 3147 Gloria
1186 3100 1477 3159 martgrum
1504 3104 1619 3159 cap.
1646 3089 1700 3155 7,
1746 3091 1818 3143 ait
1852 3089 2185 3161 Burgundio—

2288 1864 2354 1920 de
2393 1864 2687 1920 ministerio
2719 1878 2815 1919 suo
2843 1864 3263 1933 redemptionem
3292 1862 3428 1931 dari,
3478 1861 3567 1933 qui
3594 1876 3658 1917 se
3688 1861 3865 1930 ipsum

2286 1974 2383 2029 pro
2428 1957 2655 2011 hominis
2704 1954 3073 2025 redemptione
3099 1954 3338 2010 tradidit.
3379 1973 3398 2008 ι
3458 1954 3699 2024 Cumque
3751 1952 3871 2023 ejus

2289 2049 2483 2104 factum
2533 2049 2621 2103 alii
2650 2049 2950 2118 culparent,
3000 2047 3290 2117 probarent
3342 2062 3469 2102 vero
3514 2048 3626 2110 alii,
3683 2045 3870 2101 subdit

2285 2141 2580 2214 Cyprianus
2616 2143 2900 2213 episcopus
2927 2143 3013 2211 qui
3062 2142 3176 2198 hac
3199 2141 3364 2198 refert
3392 2143 3447 2195 in
3473 2141 3566 2195 lib.
3603 2158 3617 2195 l
3648 2141 3715 2197 de
3743 2140 3865 2197 Cte-

2287 2238 2413 2294 sarii
2440 2237 2553 2292 Vita
2576 2252 2721 2292 num.
2750 2236 2809 2291 ’17
2834 2252 2850 2293 :
2887 2256 2906 2289 ι
2944 2236 3129 2292 Nonne
3160 2236 3211 2290 in
3244 2236 3383 2292 vitro
3410 2235 3624 2305 sanguis
3647 2233 3873 2300 Christi,

2287 2340 2343 2386 et
2367 2330 2420 2384 in
2452 2330 2594 2401 ligno
2635 2343 2827 2399 corpus
2861 2328 3302 2397 pretiosissimum
3343 2328 3461 2395 ejus
3488 2325 3744 2396 pependit
3775 2340 3873 2395 pro

2290 2422 2443 2478 nobis
2472 2432 2523 2477 et
2547 2420 2735 2476 fulsit?
2782 2441 2800 2473 ι
2847 2422 2972 2486 Qua:
3017 2420 3281 2476 sententia
3323 2418 3871 2489 liieronymi’dictutn

2287 2517 2342 2573 in
2372 2517 2680 2571 memoriam
2710 2523 2923 2570 revocat
2963 2530 3029 2570 ex
3057 2513 3281 2582 epistola
3326 2510 3394 2567 ad
3424 2510 3729 2577 Rusticum,
3782 2511 3872 2564 ubi

2288 2612 2356 2667 de
2385 2610 2647 2681 Exuperio
2676 2610 2882 2665 Tolosae
2908 2610 3182 2679 episcopo,
3208 2608 3297 2677 qui
3334 2626 3351 2658 ι
3373 2622 3588 2663 omnem
3613 2605 3869 2661 substan-

2290 2706 2416 2760 tiam
2440 2703 2635 2757 Christi
2667 2703 2961 2758 visceribus
2990 2702 3247 2772 erogavit,
3281 2720 3300 2753 ι
3326 2710 3487 2770 atque
3506 2698 3614 2771 65
3641 2699 3867 2757 indubia

2288 2813 2413 2852 vasa
2446 2811 2618 2865 sacra,
2650 2804 2867 2867 propter
2894 2795 3055 2850 verba
3102 2808 3221 2863 quae
3265 2801 3561 2861 sequuntur
3608 2809 3619 2843 :
3671 2809 3692 2844 ι
3724 2789 3868 2845 Nihil

2292 2890 2382 2945 illo
2406 2890 2591 2953 ditius,
2623 2889 2714 2959 qui
2751 2902 2945 2957 corpus
2974 2887 3184 2943 Domini
3230 2885 3286 2939 in
3336 2884 3573 2940 canistro
3604 2883 3868 2949 viminco,

2291 2982 2602 3053 sanguinem
2635 2988 2808 3050 portat
2836 2981 2887 3034 in
2910 2980 3105 3035 vitro.»
3127 2980 3363 3044 Denique
3390 2977 3675 3031 concilium
3712 2974 3861 3030 Bhe-

2290 3090 2476 3131 mense
2506 3074 2606 3129 sub
2630 3088 2825 3128 annum
2850 3073 2952 3140 637
2975 3073 3321 3135 celebratum,
3344 3085 3551 3128 canone
3573 3069 3666 3131 92,
3690 3078 3866 3133 cavet,

609 3198 707 3238 nes
736 3184 787 3237 in
812 3182 1174 3238 Brivatensem
1200 3183 1371 3236 vicum
1395 3180 1630 3249 irruisse,
1656 3190 1812 3250 atque
1835 3181 1958 3236 inde
1986 3181 2185 3236 disces-

2291 3182 2358 3221 ne
2387 3166 2665 3235 episcopus
2698 3166 2978 3219 ntinisten’a
2996 3181 3147 3219 sacro
3167 3166 3373 3236 frangat
3404 3180 3497 3234 pro
3526 3163 3869 3234 qualicunque

576 3276 749 3330 cisse
784 3293 801 3325 ι
840 3276 1047 3345 direpto
1086 3275 1385 3329 ministerio
1441 3284 1781 3329 sacrosancto
1835 3294 1853 3327 ι
1895 3293 1905 3327 :
1962 3291 2025 3329 es
2081 3290 2186 3345 quo

607 3378 835 3437 quatuor
854 3383 1039 3424 eorum
1064 3383 1157 3438 per
1177 3369 1349 3439 fugam
1373 3370 1525 3438 lapsi,
1557 3388 1576 3421 ι
1598 3379 1842 3441 patenam
1862 3378 1913 3425 et
1943 3384 2183 3437 urceum,

609 3462 698 3532 qui
728 3476 863 3517 anax
892 3460 1109 3530 dicitur,
1147 3481 1164 3513 ι
1199 3464 1250 3516 in
1274 3463 1495 3532 patriam
1520 3462 1829 3527 detulerint,
1855 3470 1909 3515 et
1941 3472 2186 3531 patenum

606 3554 816 3624 quidem
858 3556 1105 3610 divisisse
1161 3556 1214 3609 in
1258 3556 1449 3609 multas
1482 3565 1694 3625 partes;
1753 3570 1969 3610 urceum
2012 3565 2188 3610 autem

604 3648 713 3717 regi
742 3647 1069 3704 Gundobado
1096 3648 1163 3702 ab
1192 3648 1321 3715 ipsis
1346 3646 1514 3702 fuisse
1543 3648 1800 3713 oblatum,
1848 3657 1899 3699 ut
1923 3647 2061 3701 idem
2090 3662 2183 3700 au-

605 3751 720 3797 ctor
747 3743 922 3797 subdit
953 3745 1001 3796 in
1025 3742 1199 3812 capite
1224 3742 1275 3796 8.
1328 3742 1524 3797 Patena
1558 3741 1645 3795 illa
1677 3742 1793 3796 sine
1822 3740 1984 3794 dubio
2030 3756 2191 3810 capa-

605 3833 816 3887 cissima
846 3841 983 3900 erat,
1011 3833 1198 3886 similis
1235 3833 1282 3887 ei
1311 3831 1379 3886 de
1407 3847 1508 3901 qua
1542 3832 1725 3885 scribit
1758 3831 1869 3901 ipse
1901 3830 2189 3899 Gregorius

608 3926 661 3980 in
696 3925 786 3981 lib.
812 3942 825 3979 1
860 3927 985 3981 item
1014 3925 1080 3979 de
1108 3926 1289 3981 Gloria
1320 3937 1617 3995 martyrum
1651 3938 1768 3993 cap.
1800 3923 1893 3979 85.
1919 3924 2018 3991 Qui
2043 3924 2190 3978 locus

606 4018 857 4087 quoniam
906 4031 1148 4086 magnam
1196 4017 1249 4071 in
1280 4030 1405 4070 vasa
1448 4030 1600 4071 sacra
1647 4015 2003 4070 reverentiam
2036 4016 2190 4070 exhi-

607 4116 718 4183 bet,
770 4117 854 4170 hic
900 4131 965 4170 ex
996 4115 1203 4184 integro
1242 4112 1555 4168 referendus
1595 4122 1695 4165 est.
1754 4128 1772 4163 ι
1814 4112 2187 4166 Britannorum

582 4224 787 4264 comes
818 4223 936 4263 cum
964 4209 1193 4278 graviter
1235 4221 1264 4261 a
1296 4205 1571 4262 doloribus
1614 4205 1806 4276 pedum
1839 4206 2184 4278 amigeretur,

578 4309 661 4356 et
714 4316 807 4370 per
837 4300 1073 4355 medicos
1125 4298 1433 4366 expendens
1475 4298 1822 4353 substantiam
1856 4315 2028 4366 suam,
2063 4299 2192 4355 nihil

612 4392 943 4453 commodius
972 4392 1263 4457 habuisset,
1317 4390 1450 4445 dixit
1497 4393 1542 4445 ei
1596 4392 1807 4460 quidam
1841 4391 1908 4447 de
1938 4393 2046 4447 suis
2076 4411 2089 4446 :
2123 4393 2182 4449 Si

611 4484 751 4538 enim
784 4484 849 4538 ab
875 4483 1096 4537 ecclesia
1128 4482 1221 4537 tibi
1261 4482 1472 4553 aliquod
1502 4492 1596 4537 vas
1622 4482 1927 4550 ministerii,
1959 4484 2102 4552 quod
2132 4482 2185 4538 in

610 4575 767 4629 altari
808 4577 1043 4645 ponitur,
1073 4572 1359 4636 deferatur,
1391 4574 1441 4626 in
1469 4588 1574 4641 quo
1615 4572 1776 4641 pedes
1804 4572 2073 4641 abluercs,
2102 4588 2195 4645 pe-

621 4670 747 4720 terit
784 4664 874 4719 tibi
902 4664 1015 4718 haec
1041 4678 1200 4719 causa
1230 4664 1369 4719 l‘erre
1396 4663 1673 4718 medelam.
1721 4664 1877 4719 Stulti
1914 4673 1968 4721 et
1995 4664 2196 4719 inertes

617 4759 715 4829 (ait
747 4758 1012 4827 piissimus
1038 4758 1305 4825 antistes),
1336 4772 1438 4810 non
1464 4766 1845 4826 cognoscentes
1873 4799 1886 4823 ,
1939 4756 2077 4826 quod
2106 4771 2195 4812 sa-

611 4860 757 4905 crata
788 4849 897 4904 Deo
924 4862 1049 4903 vasa
1091 4863 1194 4902 non
1220 4848 1420 4902 debent
1448 4846 1514 4900 ad
1546 4860 1673 4901 usus
1706 4846 1967 4901 humanos
1994 4846 2185 4914 aptari.

613 4944 681 4996 At
711 4942 797 4996 ille
824 4940 934 5012 θα.
951 4940 1197 4995 celeriter
1243 4938 1311 4992 ad
1338 4936 1620 4992 ecclesiam
1650 4938 1835 5002 mittit,
1870 4948 1919 4991 et
1946 4947 2191 5007 patenam

612 5035 937 5091 sacrosancti
973 5032 1153 5087 altaris
1180 5032 1248 5086 de
1274 5032 1505 5086 sacrario
1527 5032 1768 5101 suscipit,
1813 5033 1990 5101 ibique
2023 5031 2189 5100 pedes

612 5128 800 5183 abluit.
832 5127 935 5184 Sed
958 5126 1131 5180 statim
1155 5124 1430 5181 doloribus
1459 5123 1681 5189 additis,
1704 5124 1769 5178 ad
1798 5124 2007 5193 plenum
2034 5124 2185 5179 debi-

612 5214 811 5281 litattts,
868 5226 1125 5285 nusquam
1180 5223 1360 5285 postea
1399 5229 1640 5284 gressum
1696 5215 1872 5269 facere
1929 5216 2118 5283 potuit.
2158 5233 2177 5266 ι

615 5311 776 5366 Addit
825 5309 1115 5377 Gregorius
1167 5307 1409 5362 similiter
1464 5307 1656 5362 fecisse
1711 5307 1994 5376 quemdam
2050 5306 2188 5359 Lan-

613 5403 965 5473 gobardorum
1000 5403 1210 5457 ducem.
1255 5402 1403 5457 Adeo
1432 5416 1583 5456 sacra
1612 5403 1789 5457 omnia
1820 5402 2036 5463 cedunt,
2068 5414 2188 5455 cum

613 5496 681 5551 de
711 5504 981 5565 potentum
1030 5494 1199 5548 salute
1247 5494 1437 5563 agitur.
1490 5492 1713 5547 Concil-ii
1764 5507 1819 5547 ιιι
1856 5491 2193 5547 llracarensis

613 5602 785 5643 canon
808 5588 843 5640 2
868 5601 1057 5643 severe
1083 5586 1463 5641 animadvertit
1489 5587 1541 5640 in
1573 5584 1833 5656 quosdam
1859 5584 2189 5650 sacerdotes,

614 5682 704 5753 qui
734 5696 854 5735 vasa
876 5696 1024 5736 sacra
1050 5682 1100 5735 in
1134 5682 1381 5750 profanos
1414 5695 1542 5733 usus
1573 5679 1940 5733 assmuebant.

686 5774 742 5829 ι,
783 5774 961 5842 Longe
986 5773 1312 5842 probabilior
1337 5772 1431 5826 fuit
1460 5786 1584 5829 usus
1608 5786 1861 5826 vasorum
1890 5785 2188 5839 sacrorum,

2226 4533 2273 4592 D

2290 3260 2599 3324 conditione,
2642 3269 2847 3329 excepto
2868 3259 2912 3313 si
2932 3260 3151 3315 uenerit
3170 3259 3337 3314 ardua
3360 3258 3632 3314 necessitas
3675 3273 3769 3325 pro
3789 3272 3871 3313 re-

2291 3355 2577 3421 demptione
2609 3354 2948 3422 captivorum.

2362 3466 2415 3522 5.
2458 3467 2663 3522 Praeter
2711 3468 2808 3521 hos
2855 3465 2944 3521 alii
2988 3467 3149 3521 etiam
3179 3478 3425 3522 auctores
3453 3466 3735 3521 ministerii
3754 3479 3864 3543 no-

2291 3564 2434 3616 mine
2457 3562 2535 3617 usi
2566 3567 2691 3615 sunt
2709 3560 2773 3614 ad
2798 3574 3005 3615 sacram
3034 3560 3416 3631 supellectilem
3442 3558 3868 3631 signiﬁcandam.

2290 3656 2445 3721 Nam,
2480 3665 2536 3709 ut
2565 3671 2629 3710 ne
2658 3663 2805 3710 extra
2836 3654 3057 3710 Galliam
3104 3655 3344 3723 exempla
3374 3662 3637 3723 petamus,
3673 3668 3861 3707 occur-

2291 3750 2359 3802 rit
2390 3748 2581 3801 Alcimi
2610 3747 2751 3801 Aviti
2775 3748 3088 3817 praeclarum
3121 3745 3480 3802 testimonium
3510 3747 3561 3799 in
3585 3745 3810 3816 epistola
3835 3745 3866 3800 6

2292 3838 2357 3893 ad
2388 3838 2675 3893 Victorium
2706 3839 3015 3906 episcopum
3053 3856 3064 3891 :
3118 3856 3138 3890 r
3189 3838 3263 3892 De
3313 3838 3623 3892 ministeriis
3666 3836 3876 3892 haereti-

2292 3946 2500 3997 corum,
2531 3946 2648 4001 qum
2673 3930 2778 3984 illis
2804 3944 2978 3995 sacra,
3036 3930 3189 3986 nobis
3242 3928 3595 3984 exsecrabilia
3624 3928 3870 3998 judican-

2292 4030 2401 4087 tur,
2430 4019 2485 4075 id
2509 4029 2590 4075 est
2619 4021 2827 4090 patcnis
2850 4021 3174 4091 paterisque,
3200 4021 3321 4091 quia
3345 4020 3470 4090 quid
3494 4035 3744 4075 censeam
3781 4036 3871 4089 pe-

2295 4113 2447 4167 rinde
2478 4112 2777 4167 rescribere
2801 4127 2885 4167 me
2904 4112 3132 4182 iussisti,
3168 4111 3356 4166 valida:
3382 4112 3596 4182 quidem
3622 4112 3868 4166 observa-

2296 4205 2453 4260 tionis
2479 4204 2785 4275 exemplum
2812 4213 2915 4269 est,
2943 4204 3085 4276 quod
3113 4203 3304 4274 legitur
3333 4203 3385 4256 in
3415 4202 3751 4274 lleptatycho
3805 4202 3866 4256 de

2298 4298 2580 4354 thuribulis
2609 4304 2967 4367 peccatorum.
3009 4314 3028 4347 ι
3089 4297 3153 4351 Ει
3189 4296 3321 4351 infra
3368 4313 3381 4349 :
3436 4314 3453 4347 ι
3500 4294 3872 4364 Reprehendat

2298 4402 2444 4448 certe
2471 4391 2732 4462 quispiam
2779 4405 2874 4459 pro
2902 4391 2982 4445 sui
3012 4390 3331 4444 discretione
3352 4389 3491 4458 quod
3524 4390 3717 4443 sentio.
3782 4388 3876 4442 Fa-

2301 4494 2416 4541 teor
2440 4484 2509 4539 de
2540 4483 2851 4538 ministeriis
2879 4481 2984 4538 illis
3013 4481 3231 4537 minime
3261 4480 3537 4548 delectari,
3568 4497 3686 4552 qua:
3711 4496 3869 4550 supe-

2299 4576 2457 4632 rioris
2484 4574 2669 4630 Galliae
2718 4573 2959 4644 partibus
2983 4572 3047 4627 ad
3079 4572 3334 4628 ecclesias
3364 4572 3496 4641 legis
3542 4581 3741 4625 nostra:
3785 4585 3870 4625 ca-

2299 4671 2438 4741 ptiva
2469 4676 2758 4735 venerunt;
2785 4681 3009 4736 quaeque
3040 4665 3111 4719 nil
3152 4665 3506 4720 voluntarium
3534 4706 3549 4732 ,
3608 4664 3678 4717 nil
3713 4665 3864 4717 innu-

2296 4776 2425 4816 cens
2447 4759 2805 4829 prteferentia,
2830 4759 2874 4814 si
2898 4757 3199 4812 dolentibus
3219 4757 3512 4825 rapiantur,
3529 4756 3876 4811 ulli-rentibus

2296 4852 2552 4927 prodesse
2571 4867 2675 4905 non
2710 4858 3027 4920 poterunt...
3078 4848 3186 4903 Cur
3216 4848 3281 4903 de
3321 4848 3581 4903 thesauris
3624 4849 3736 4903 suis
3782 4849 3878 4904 let-

2296 4944 2532 4998 ctissima
2565 4956 2789 5012 quaeque
2814 4938 3133 5010 producens,
3153 4937 3295 4991 haud
3311 4938 3454 4991 omni
3488 4938 3760 5006 impendio
3790 4954 3875 4993 cu.

2296 5045 2399 5105 rat,
2420 5035 2549 5091 utin
2573 5035 2654 5089 his
2674 5035 3124 5104 quaeadsanctum
3140 5031 3493 5087 ministerium
3514 5032 3875 5100 pertinebunt,

2298 5145 2400 5184 non
2432 5129 2597 5198 magis
2628 5126 2932 5196 pretiositas
2961 5124 3131 5193 possit
3161 5125 3396 5193 placere,
3422 5138 3579 5193 quam
3596 5124 3871 5178 novitas?»

2295 5219 2423 5295 Haec
2472 5221 2571 5273 etsi
2628 5217 2694 5273 ad
2740 5216 3165 5273 conﬁrmandum
3222 5216 3273 5271 id
3330 5212 3473 5284 quod
3522 5214 3575 5270 in
3608 5216 3879 5285 proposito

2294 5319 2411 5366 erat
2441 5325 2544 5364 non
2575 5320 2656 5363 est
2686 5311 3065 5375 necessarium,
3092 5306 3193 5364 erit
3225 5317 3399 5361 tamen
3424 5306 3491 5359 ad
3509 5308 3611 5361 hoc
3645 5306 3880 5374 proban-

2296 5400 2418 5455 dum
2451 5401 2747 5469 singulare,
2778 5416 2971 5468 nempe
3003 5402 3549 5455 vasis‘liaareticorum
3579 5398 3795 5465 ablatis,
3831 5406 3881 5451 et

2298 5491 2542 5549 ecclesia:
2563 5492 2779 5560 oblatis,
2805 5494 2969 5548 Deum
3002 5510 3106 5548 non
3137 5493 3419 5558 delectari,
3446 5508 3567 5563 qua:
3591 5501 3712 5547 erat
3738 5490 3876 5546 Aviti

2299 5586 2585 5654 sententia,
2616 5586 2719 5640 nisi
2776 5604 2794 5636 ι
2832 5588 3000 5639 inlusa
3029 5583 3358 5651 fornacibus,
3400 5593 3453 5639 et
3503 5580 3737 5637 distenta
3766 5580 3879 5653 per

2297 5678 2545 5745 laminas,
2586 5696 2605 5729 ι
2639 5692 2767 5747 pura
2796 5677 3116 5733 efﬁciantur.
3166 5677 3309 5734 idem
3363 5688 3549 5732 censet
3595 5676 3664 5734 de
3693 5693 3879 5733 eorum

2297 5770 2532 5839 templis,
2568 5778 2712 5824 ratus
2760 5786 2777 5820 ι
2814 5784 2926 5824 rem
2958 5768 3346 5838 insensibilem,
3377 5785 3497 5841 quae
3529 5771 3766 5841 primum
3799 5770 3882 5823 iu—
