4108 6352
291 319 402 381 M9

1241 312 1333 372 DE
1367 311 1700 372 LITUHGIA
1745 307 2139 366 GALLIGANA
2178 311 2385 369 LIBER
2425 313 2702 374 PRIMUS.
2730 329 2756 345 ‘

3457 321 3560 377 150

263 446 465 491 novata
523 434 776 504 polluitur
823 434 990 507 (nulla
1033 435 1217 507 posse)
1257 435 1679 493 sanctiﬁcatione
1727 448 1852 502 pur-
1885 431 2212 495 Atudinum
2255 431 2688 492 Cluniacensium
2720 451 2840 506 cap.
2863 437 2957 504 29,
3003 446 3058 494 et
3087 436 3381 495 Hildebertl
3411 440 3556 510 epis-

259 530 406 598 gari.
449 547 469 582 »
523 529 643 584 Alia
693 529 790 584 fuit
819 545 970 585 mens
994 527 1236 600 Gregorii
1269 528 1442 598 Magni
1471 539 1526 584 et
1578 537 1703 583 ante
1732 541 1859 583 eum

264 621 532 678 Honorati
559 622 794 691 episcopi
817 622 1308 694 “Novariensis,
1335 623 1426 691 qui
1459 621 1716 691 templum
1746 621 1863 674 ido-

263 716 445 770 lorum
477 717 529 771 in
559 716 840 771 ecclesiam
859 715 1125 771 convertit
1157 733 1172 771 :
1203 716 1254 772 in
1285 715 1438 786 cujus
1465 714 1858 771 dedicationem

265 808 547 863 Enttodius
597 807 856 864 diaconus
899 808 1199 863 Ticinensis
1245 809 1536 864 dictionem
1589 808 1861 863 ilonorato

261 898 536 962 submisit,
569 915 688 969 quae
717 899 881 955 dictio
911 910 995 955 est
1021 901 1252 957 secunda
1281 902 1419 970 apud
1452 901 1783 957 Ennodium.

340 990 395 1044 6.
440 989 660 1058 Verum,
695 999 755 1046 ut
803 991 867 1045 ad
921 993 1250 1062 propositum
1309 1009 1395 1048 me
1447 993 1702 1060 referam,
1761 993 1862 1048 mi-

260 1083 552 1140 nisterium
574 1099 682 1138 non
711 1084 884 1139 solum
909 1099 1032 1139 vasa
1066 1099 1241 1150 sacra,
1287 1085 1384 1141 sed
1413 1085 1574 1140 etiam
1604 1085 1708 1139 alia
1737 1098 1860 1154 quae

263 1177 320 1232 in
349 1177 518 1234 sacris
565 1180 686 1234 usui
717 1188 892 1246 erant,
940 1179 1208 1249 significat
1246 1181 1387 1250 apud
1433 1179 1753 1250 Gregorium
1805 1179 1857 1232 in

264 1269 638 1327 Historiaeiib.
668 1287 684 1325 ι
714 1286 835 1341 cap.
881 1272 972 1337 27,
1027 1272 1117 1326 ubi
1147 1273 1406 1328 Clodovei
1460 1273 1661 1328 milites
1713 1290 1731 1324 ‹
1789 1271 1859 1328 de

261 1363 496 1433 quadam
527 1363 758 1420 ecclesia
789 1380 1007 1420 urceum
1038 1364 1190 1420 mirae
1220 1365 1601 1436 magnitudinis
1631 1380 1693 1421 ac
1731 1365 1863 1437 pul-

261 1453 583 1510 chritudinis
615 1473 636 1508 ι
683 1455 862 1526 (quem
895 1464 1084 1511 sancto
1117 1456 1361 1534 Remigio
1394 1457 1728 1512 Rhemornm
1760 1474 1858 1514 an-

263 1546 419 1601 tistiti
471 1562 562 1602 rex
611 1548 727 1619 ipse
770 1547 944 1602 adhuc
997 1563 1234 1619 paganus
1285 1549 1554 1619 restituit)
1611 1549 1859 1620 leguntur

265 1640 554 1696 abstulisse
585 1659 604 1694 (
644 1657 766 1698 cum
796 1642 1018 1713 reliquis
1061 1643 1414 1700 ecclesiastici
1445 1642 1732 1700 ministerii
1761 1659 1856 1698 or-

267 1738 554 1794 namentis.
595 1758 613 1791 ι
655 1739 933 1810 Ejusmodi
962 1743 1378 1812 supellectilem,
1409 1759 1528 1813 quae
1561 1743 1850 1800 ministerii

1967 533 2086 598 copi
2112 531 2532 588 Cenomanensis
2553 535 2780 604 epistola
2809 535 2842 587 8
2870 533 2936 590 ad
2965 535 3299 590 Anselmum.
3365 535 3420 591 lu
3453 552 3552 593 usu

1965 633 2136 679 erata
2177 625 2362 694 primis
2403 627 2734 696 temporibus
2787 626 2888 681 hoc
2940 626 3356 682 instrumentum
3413 629 3557 698 apud

1967 713 2204 780 Gmcos,
2235 718 2377 786 quod
2399 719 2562 773 variis
2595 719 2918 773 testimoniis
2946 719 3136 785 probat
3155 719 3556 777 eruditissimus

1965 807 2198 879 Cangius
2252 826 2267 865 :
2324 811 2520 880 quibus
2567 811 2776 866 accedit
2825 813 2972 866 locus
3002 825 3069 866 ex
3111 811 3230 867 Vita
3276 811 3560 882 Euthimii,

1953 915 2113 957 num.
2147 903 2214 957 78
2245 904 2331 958 ubi
2375 913 2624 974 μυστικῆς
2656 903 2859 977 ῥιπίδος
2896 903 2951 957 fit
2979 905 3198 959 mentio.
3459 968 3465 974 .

2037 992 2091 1052 8.
2125 999 2420 1064 Antequam
2469 996 2568 1050 hoc
2612 1005 2770 1064 caput
2801 994 2978 1049 finiam
3002 1039 3014 1062 ,
3047 997 3332 1051 observare
3361 1011 3558 1054 conve-

1964 1086 2064 1151 nit,
2096 1101 2159 1141 ex
2190 1087 2450 1155 Gregorio
2479 1096 2721 1142 nostrate
2749 1131 2763 1155 ,
2795 1087 3103 1142 sacerdotes
3128 1090 3179 1143 in
3208 1089 3399 1144 itinere
3427 1105 3558 1144 con-

1963 1180 2201 1246 stitutos,
2236 1187 2294 1234 ut
2323 1194 2537 1249 semper
2571 1181 2638 1235 sd
2688 1195 2839 1236 sacra
2867 1181 3104 1235 facienda
3152 1182 3320 1250 parati
3351 1191 3554 1250 essent,

1961 1271 2258 1342 aliquando
2297 1284 2534 1343 geSIasse
2583 1274 2802 1328 calicem
2845 1289 2968 1329 cum
3002 1283 3214 1343 patens.
3267 1274 3359 1331 Sic
3412 1275 3558 1331 enim

1963 1366 2125 1422 habet
2168 1367 2458 1436 Gregorius
2499 1367 2554 1421 in
2599 1367 2694 1422 lib.
2729 1369 2794 1422 de
2823 1365 3005 1422 Gloria
3034 1368 3401 1423 confessorem
3432 1383 3556 1438 cap.

1959 1460 2052 1525 22,
2095 1461 2184 1517 ubi
2205 1460 2272 1515 de
2297 1460 2525 1515 Maximo
2545 1459 2737 1515 abbate
2770 1477 2782 1514 :
2817 1477 2836 1511 ‹
2867 1462 2954 1529 qui
2987 1462 3237 1515 occulere
3268 1461 3409 1530 quod
3440 1471 3558 1517 erat

1960 1553 2206 1623 cupiens,
2250 1552 2391 1622 apud
2423 1553 2654 1607 insulam
2686 1553 2970 1608 barbaram
2999 1553 3316 1607 monasterii
3343 1553 3556 1623 Lugdu-

1963 1645 2149 1700 nensis
2176 1644 2506 1714 peregrinari
2549 1645 2801 1712 expetiit;
2852 1643 3223 1698 manifestatus
3276 1655 3450 1697 autem
3504 1651 3560 1698 et

1963 1737 2057 1805 ibi,
2087 1738 2154 1792 ad
2189 1737 2409 1808 patriam
2434 1736 2510 1809 (id
2537 1747 2623 1792 est
2650 1737 2716 1791 ad
2749 1751 2936 1806 pagum
2959 1735 3304 1804 'I'uronicum)
3335 1737 3444 1807 68
3473 1751 3560 1790 re-

263 1829 482 1886 uomine
502 1831 850 1897 censebatur,
881 1844 1128 1891 recenset
1157 1835 1336 1891 Aredii
1379 1836 1591 1892 abbatis
1618 1835 1856 1892 Atanen-
1886 1827 1938 1888 B
1964 1830 2079 1886 dire
2106 1831 2394 1900 disposuit.
2438 1829 2673 1900 Denique
2696 1829 2823 1884 dum
2852 1830 3062 1884 Ararim
3088 1829 3306 1883 ﬂuvith
3332 1829 3559 1884 transire

261 1921 339 1978 sis
366 1930 742 1984 testamentum
773 1925 827 1980 in
856 1926 969 1981 haec
1003 1927 1164 1982 verba
1196 1945 1210 1980 :
1244 1947 1260 1979 ε
1299 1928 1452 1995 Quod
1486 1931 1852 2000 unusquisque

262 2013 414 2071 locus
441 2026 660 2072 sanctus
687 2019 1008 2072 constitutus
1035 2019 1105 2072 ibi
1133 2019 1324 2076 habeat
1365 2021 1722 2078 ministerium
1754 2023 1852 2077 de-

261 2093 546 2170 claratum,
576 2118 780 2164 rectum
805 2109 1054 2164 duximus
1080 2108 1448 2178 inserendum,
1484 2111 1536 2166 id
1563 2121 1648 2168 est
1678 2123 1854 2170 turres

263 2207 514 2268 quatuor,
565 2202 934 2269 coopertorios
977 2201 1306 2259 bolosericos
1331 2211 1472 2270 tres;
1525 2206 1724 2261 calices
1764 2221 1855 2261 ar-

261 2300 484 2359 genteos
511 2300 758 2360 quatuor,
792 2292 884 2365 (ex
913 2293 1130 2363 quibus)
1176 2294 1283 2348 duo
1311 2296 1506 2361 ansati,
1549 2299 1854 2367 comparati

263 2382 450 2440 solidis
481 2384 716 2454 triginta,
739 2386 878 2442 alius
907 2386 1094 2458 solidis
1120 2389 1413 2453 sexdecim,
1443 2391 1632 2446 tertius
1659 2391 1852 2446 solidis

263 2476 592 2547 quindecim,
625 2490 847 2547 quartus
868 2479 1056 2533 solidis
1083 2480 1434 2552 quadraginta
1459 2483 1716 2552 quinque,
1744 2482 1852 2540 duo

263 2584 327 2626 ex
355 2571 488 2640 ipsis
517 2587 648 2626 auro
677 2581 803 2626 sunt
828 2569 1092 2628 fabricati.
1149 2574 1278 2628 Item
1329 2575 1722 2643 coopertorium
1789 2575 1854 2642 li.-

265 2677 443 2728 ueum,
478 2662 661 2718 valens
691 2662 876 2717 solidis
907 2673 1154 2733 quatuor,
1190 2663 1358 2733 pallas
1381 2667 1693 2734 corporales
1721 2681 1854 2736 qua-

265 2761 406 2820 tuor,
439 2754 669 2824 majores
697 2755 953 2823 quinque,
1011 2755 1391 2826 quinquaginta
1431 2759 1702 2826 quinque,
1751 2757 1853 2814 mi-

265 2859 428 2900 nores
460 2854 513 2902 et
544 2846 755 2899 triliuna
790 2844 1020 2900 valentia
1067 2846 1254 2902 solidis
1283 2847 1594 2913 duodecim,
1647 2859 1700 2904 et
1745 2849 1850 2910 alia

265 2941 592 3012 quotidiana,
648 2956 766 3010 quae
819 2948 946 2995 sunt
973 2949 1098 2997 ante
1125 2943 1316 3009 altare,
1377 2943 1608 2998 valentia
1664 2943 1852 2998 solidis

266 3035 517 3105 quinque,
547 3040 604 3088 et
626 3033 792 3088 multa
832 3032 935 3087 alia
965 3035 1196 3102 pretiosa
1236 3043 1572 3090 ornamenta.
1613 3054 1633 3086 ι
1667 3036 1853 3107 ¹Ρυιιις)

263 3139 382 3198 post
409 3135 791 3182 enhmerantur
836 3144 854 3177 ι
889 3125 1174 3179 tribunalia
1198 3125 1326 3190 duo,
1374 3127 1604 3182 valentia
1650 3129 1851 3183 solidos

266 3230 520 3290 quatuor;
552 3220 668 3273 Veia
700 3220 764 3272 ad
789 3220 922 3275 ostia
955 3223 1072 3283 tria,
1097 3220 1331 3274 valentia
1355 3221 1558 3276 solidos
1585 3237 1712 3288 sex;
1744 3231 1848 3277 tur-
1878 3204 1928 3270 ο

265 3328 370 3377 res,
404 3315 619 3375 calices,
671 3313 846 3382 pallae,
899 3322 952 3366 et
993 3314 1356 3382 coopertoria.
1411 3333 1430 3365 ι
1486 3314 1678 3368 Omnia
1724 3316 1854 3369 satis

264 3409 544 3480 perspicua
589 3417 733 3469 sunt,
792 3416 986 3476 praeter
1019 3417 1192 3462 turres
1229 3417 1282 3461 et
1313 3408 1522 3464 tribuna
1555 3424 1647 3466 seu
1683 3409 1854 3464 tribu-

266 3503 424 3556 nalia.
464 3502 516 3554 In
551 3502 787 3557 turribus
817 3503 1005 3556 inclusi
1044 3511 1197 3557 erant
1226 3503 1444 3567 calices,
1481 3505 1568 3571 qui
1602 3504 1654 3556 in
1683 3518 1852 3560 secre-

267 3600 400 3653 tario
430 3597 849 3666 reponebantur.

336 3715 387 3767 7.
431 3714 594 3769 Favet
644 3714 765 3768 huic
815 3712 1244 3782 interpretationi
1294 3713 1590 3784 Gregorius
1637 3714 1688 3768 in
1721 3714 1858 3770 libro

266 3807 332 3862 de
373 3807 555 3860 Gloria
589 3815 906 3875 martyrum,
954 3819 1070 3873 cap.
1106 3804 1175 3858 56
1207 3822 1219 3857 :
1279 3822 1299 3856 ‹
1339 3804 1576 3873 Tempus
1603 3806 1856 3862 sacrificii

267 3899 514 3964 advenit;
545 3908 869 3969 acceptaque
897 3908 1044 3954 turre
1067 3897 1345 3966 diaconus,
1394 3898 1445 3952 in
1473 3913 1575 3967 qua
1607 3899 1856 3954 ministe-

267 3993 403 4052 rium
459 3992 712 4047 dominici
767 3992 1010 4061 corporis
1065 3990 1380 4055 habebatur,
1435 3991 1577 4046 ferre
1599 3991 1762 4059 coepit
1792 3991 1858 4045 ad

267 4088 495 4152 ostium;
555 4087 932 4156 ingressusque
989 4085 1273 4153 templum,
1322 4093 1378 4138 ut
1414 4085 1521 4156 67
1554 4099 1672 4140 eam
1699 4084 1856 4139 altari

267 4191 670 4250 superponeret,
695 4179 873 4248 elapsa
895 4178 963 4234 de
980 4194 1141 4233 manu
1165 4179 1282 4247 ejus
1300 4176 1570 4234 ferebatur
1591 4178 1642 4231 in
1671 4192 1816 4241 aera,
1833 4196 1851 4229 ι

266 4281 372 4328 etc.
407 4271 586 4342 Itaque
607 4285 673 4327 ex
705 4271 808 4326 hoc
837 4273 954 4326 loco
979 4281 1146 4340 patet,
1197 4269 1554 4324 ministerium
1600 4269 1859 4325 dominici

267 4364 531 4434 corporis,
566 4363 616 4417 id
646 4374 728 4420 est
754 4363 976 4419 calicem
1013 4371 1071 4418 et
1094 4368 1368 4433 pateuam,
1401 4361 1665 4430 ejusmodi
1710 4370 1860 4416 turre

271 4455 436 4512 fuisse
463 4456 747 4512 inclusum.
772 4454 927 4535 Unde
955 4457 1011 4510 in
1039 4455 1299 4524 praedicto
1331 4463 1654 4510 testamento
1701 4467 1856 4510 sem-

271 4560 368 4616 per
391 4555 566 4603 turres
591 4561 716 4603 cum
765 4546 1022 4603 calicibus
1068 4546 1487 4616 conjunguntur,
1531 4556 1587 4600 et
1637 4546 1858 4601 totidem

245 4647 446 4696 .turres
484 4649 836 4695 numerantur
873 4648 1006 4708 quot
1053 4640 1271 4695 calices.
1329 4643 1411 4693 An
1442 4649 1624 4695 autem
1663 4640 1716 4693 in
1756 4639 1860 4694 illis

270 4733 508 4789 turribus
541 4732 875 4788 Eucharistia
905 4732 1376 4797 fueritasservata,
1401 4731 1772 4801 espendemus
1804 4734 1857 4788 in

270 4827 448 4896 capite
474 4827 740 4896 sequenti.
767 4824 1136 4880 Tribun‘alium
1165 4824 1444 4880 obscurior
1474 4833 1558 4881 est
1585 4825 1858 4894 significa-

272 4925 378 4971 tus.
433 4916 558 4971 Haec
581 4931 686 4972 vox
734 4917 927 4984 passim
956 4917 1241 4974 ambonem
1271 4931 1331 4972 ac
1363 4917 1625 4987 pulpitum
1647 4919 1859 4988 signiti-

270 5021 356 5066 Col
382 5029 398 5069 :
427 5011 523 5067 sed
550 5011 634 5066 his
663 5011 797 5067 locis
825 5011 1015 5068 sedilia
1047 5013 1415 5068 ministrorum
1442 5011 1622 5068 forsan
1651 5012 1853 5068 intelli-

270 5106 446 5176 genda
473 5117 619 5173 sunt,
669 5115 760 5162 aut
811 5117 957 5162 certe
1007 5107 1205 5177 pulpita
1241 5106 1480 5173 mobilia,
1532 5121 1627 5162 seu
1657 5107 1862 5176 quaevis

271 5199 376 5253 alia
403 5200 645 5268 supellex
677 5201 894 5256 mobilis
939 5201 1004 5255 ad
1059 5212 1308 5256 ornatum
1352 5201 1561 5267 altaris,
1618 5217 1742 5257 nam
1771 5202 1856 5258 hic

273 5289 494 5346 mobilia
536 5291 796 5346 duntaxat
841 5301 1158 5347 ornamenta
1190 5302 1558 5350 recensentur.
1592 5292 1859 5350 Caeterum

272 5394 385 5439 non
413 5382 586 5438 solum
617 5385 857 5454 argentei
888 5393 943 5439 et
968 5383 1117 5438 aurei
1143 5385 1339 5440 calices
1359 5395 1534 5452 erant,
1587 5402 1652 5442 ex
1681 5388 1861 5454 dictis,

274 5474 373 5532 sed
395 5475 554 5531 etiam
577 5476 873 5546 crystallini
903 5520 918 5546 ,
955 5477 1126 5545 qualis
1148 5485 1264 5532 erat
1294 5477 1402 5544 ille,
1434 5479 1502 5534 de
1524 5494 1628 5548 quo
1656 5477 1866 5552 Grego-

275 5569 475 5639 rius‘in
505 5568 595 5622 lib.
628 5585 641 5623 ι
669 5568 735 5624 de
756 5568 938 5624 Gloria
971 5579 1263 5640 martyrum
1289 5584 1406 5638 cap.
1439 5569 1528 5623 46.
1565 5571 1660 5625 His
1684 5572 1861 5627 omni-

276 5659 379 5716 bus
405 5659 710 5716 addendum
737 5660 950 5716 videtur
986 5659 1256 5716 ﬂabellum
1287 5678 1392 5730 quo
1421 5661 1682 5717 diaconus
1712 5679 1862 5718 mus-

275 5767 373 5809 cas
403 5768 432 5808 a
456 5755 622 5809 sacris
650 5762 704 5810 et
726 5754 794 5808 ab
825 5756 940 5823 ipso
970 5755 1248 5810 sacerdote
1285 5754 1412 5808 olim
1443 5752 1708 5823 abigebat,
1756 5771 1862 5824 quo

275 5843 351 5903 de
373 5845 734 5904 instrumento
763 5847 1018 5918 legendus
1050 5847 1328 5906 Udalricus
1349 5848 1408 5904 in
1437 5846 1532 5903 lib.
1555 5862 1594 5903 ιι
1619 5846 1832 5904 Consue

1888 4592 1944 4656 Ι)

1957 1931 2199 1993 cuperet,
2234 1938 2368 1978 nave
2412 1921 2630 1990 impleta
2651 1921 2977 1991 demergitur
3006 1961 3024 1987 ,
3050 1936 3112 1976 ac
3161 1922 3278 1990 ipse
3305 1919 3559 1977 sacerdos

1958 2017 2146 2087 pelago
2169 2021 2427 2086 operitur,
2453 2016 2653 2071 habens
2681 2015 2747 2070 ad
2773 2016 2967 2070 collum
2991 2031 3112 2070 cum
3143 2014 3555 2087 Evangeliorutu

1958 2107 2102 2164 libro
2151 2110 2503 2163 ministerium
2558 2107 2948 2179 quotidianum,
3005 2108 3058 2162 id
3117 2116 3201 2162 est
3248 2108 3554 2176 patenulam

1959 2218 2175 2273 ραι-νέω]
2222 2217 2344 2258 cum
2391 2203 2581 2258 calice.
2618 2219 2636 2254 i
2675 2201 2772 2258 Ubi
2815 2202 2963 2257 vides
3011 2201 3291 2256 ministerii
3337 2201 3556 2255 nomine

1959 2295 2246 2364 aliquando
2273 2293 2446 2348 solum
2475 2295 2697 2348 calicem
2736 2307 2857 2348 cum
2889 2302 3076 2361 patena
3106 2335 3120 2360 ,
3156 2301 3212 2344 ut
3244 2306 3366 2344 mox
3391 2291 3554 2345 turris

1960 2387 2244 2444 occasione
2273 2387 2551 2452 dicebam;
2602 2386 2889 2456 aliquando
2918 2385 3020 2439 alia
3059 2385 3275 2452 insuper
3303 2397 3452 2437 sacra
3482 2383 3557 2437 si-

1958 2481 2196 2553 gniﬁcari
2246 2493 2562 2535 ornamenta
2609 2493 2624 2533 :
2671 2494 2738 2535 ex
2766 2479 2992 2548 quibus,
3023 2493 3141 2548 quae
3169 2477 3221 2530 in
3247 2477 3350 2529 hoc
3379 2463 3554 2544 capite

1960 2572 2435 2645 praetermisimus,
2466 2571 2517 2626 in
2549 2581 2956 2641 caputseqoens
2981 2581 3340 2624 reservamus.
3364 2567 3557 2622 Postea

1958 2674 2214 2721 statutum
2245 2674 2328 2721 est
2353 2683 2373 2717 ί
2405 2675 2461 2720 ut
2490 2664 2788 2736 presbyteri
2826 2665 2942 2718 sine
2987 2676 3141 2717 sacro
3162 2659 3477 2726 chrismate,
3505 2669 3558 2714 et

1959 2759 2085 2815 oleo
2109 2758 2417 2826 benedicta,
2450 2769 2501 2813 et
2533 2772 2683 2812 sacra
2709 2755 3048 2812 Eucharistia
3070 2755 3265 2810 alicubi
3289 2769 3394 2808 non
3429 2768 3552 2823 pro.

1963 2851 2291 2919 ﬁciscantur,
2321 2853 2538 2921 (nempe
2561 2850 2638 2919 nt)
2667 2848 2732 2902 ad
2760 2845 2994 2903 ofﬁcium
3023 2861 3177 2902 suum
3207 2845 3386 2900 statim
3418 2848 3560 2901 inve-

1959 2944 2176 2997 niantur
2223 2942 2411 3012 parati.
2463 2961 2484 2995 ι
2534 2941 2688 3010 Quod
2741 2949 2994 2996 statutum
3038 2946 3225 2995 sancto
3277 2936 3555 2994 Bonifacio

1961 3037 2369 3108 archiepiscopo
2451 3036 2763 3107 Moguntino
2831 3034 3086 3091 tribuitur
3159 3035 3211 3089 in
3281 3031 3555 3104 Spicilcgii

1949 3139 2110 3187 tonio
2140 3131 2227 3187 IX.

2556 3199 2784 3258 CAPUT
2823 3198 2957 3255 VIII.

1965 3333 2314 3392 Ecclesiarum
2355 3352 2443 3389 seu
2476 3335 2800 3388 basilicarum
2833 3333 2998 3401 [arma
3036 3342 3084 3387 et
3114 3332 3383 3402 dispositio
3410 3331 3553 3402 apud

2145 3408 2398 3474 Francos,
2429 3407 2684 3468 varieque
2710 3405 2820 3468 eius
2849 3413 3018 3474 partes
3037 3404 3374 3475 explicantur.

2039 3525 2092 3576 i.
2119 3521 2232 3577 Non
2264 3537 2367 3576 una
2394 3519 2490 3574 fuit
2519 3517 2657 3590 apud
2705 3517 2938 3589 majores
2969 3525 3185 3573 nostros
3205 3517 3553 3571 ecclesiarum

1965 3635 2060 3675 seu
2089 3617 2426 3672 basilicarum
2452 3615 2645 3668 forma.
2694 3612 2828 3667 Alia
2859 3613 3055 3682 quippe
3086 3612 3139 3665 in
3181 3609 3396 3665 modum
3437 3625 3562 3665 cru-

1965 3713 2064 3776 cis,
2119 3710 2235 3764 aliaa
2281 3719 2430 3763 recto
2479 3707 2740 3777 parietum
2791 3712 2848 3761 et
2901 3704 3200 3773 porticuum
3233 3718 3326 3756 seu
3353 3703 3556 3756 alarum

1967 3801 2174 3865 ordine,
2225 3798 2342 3852 alia:
2386 3799 2438 3852 in
2487 3799 2672 3852 orbem
2719 3804 3038 3852 constructas
3083 3802 3241 3851 erant
3273 3813 3284 3847 :
3316 3795 3557 3865 quzedam

1966 3897 2306 3968 laquearibus
2350 3897 2432 3949 vel
2481 3895 2766 3958 tabulatis,
2828 3891 3101 3947 nonnulla
3146 3888 3438 3946 fornicibus
3480 3889 3561 3940 in-

1967 3997 2214 4053 structae;
2243 4001 2432 4042 omnes
2458 3988 2511 4040 in
2563 3985 2803 4041 absidem
2845 3999 2938 4039 seu
2982 3997 3165 4038 arcum
3218 3979 3557 4048 desinebant,

1967 4089 2126 4151 atque
2149 4079 2424 4136 Orientem
2446 4079 2782 4146 spectabant,
2811 4091 2972 4146 quem
2996 4089 3200 4130 morem
3224 4072 3556 4129 nsitatiorem

1966 4180 2122 4228 vocat
2146 4171 2397 4227 Paulinus
2423 4172 2473 4224 in
2504 4169 2730 4240 epistola
2756 4169 2826 4223 12
2845 4169 2912 4223 ad
2934 4168 3218 4233 Severum,
3247 4183 3365 4237 quae
3385 4175 3466 4220 est
3485 4163 3560 4221 5'2

1967 4267 2022 4322 in
2070 4266 2357 4322 novissima
2409 4265 2668 4320 editione.
2721 4263 2875 4320 Unde
2924 4262 3228 4332 Stephanus
3279 4261 3562 4328 episcopus

1968 4359 2344 4425 Tornacensis,
2374 4359 2430 4412 in
2457 4357 2684 4427 epistola
2708 4355 2778 4410 86
2799 4355 2866 4410 ad
2882 4355 3100 4411 Lucium
3135 4368 3320 4422 papam
3353 4352 3451 4416 ιιι,
3483 4350 3560 4407 ait

1967 4455 2286 4511 Parisieusis
2312 4453 2555 4509 ecclesiae
2583 4451 2756 4507 sancti
2780 4449 3054 4505 Benedicti
3085 4449 3312 4502 formam
3343 4463 3364 4497 ‹
3398 4443 3560 4500 dissi-

1970 4550 2152 4605 milem
2181 4557 2236 4604 et
2262 4546 2611 4602 dissidentem
2632 4544 2798 4618 (esse)
2816 4542 3014 4599 abaliis
3039 4541 3299 4606 ecclesiis,
3325 4537 3558 4611 (utpote)

1971 4659 2094 4714 qua:
2145 4661 2173 4697 a
2207 4653 2356 4712 parte
2409 4639 2700 4696 sanctuarii
2743 4637 3066 4708 respiciebat
3093 4636 3459 4696 Occidentem,
3492 4631 3560 4686 ab

1972 4737 2192 4794 introitu
2221 4736 2516 4792 Orientem.
2545 4752 2564 4786 ι
2601 4732 2891 4801 Aptissima
2919 4739 3003 4786 est
3028 4730 3151 4784 huic
3181 4729 3301 4782 loco
3320 4725 3558 4781 basilicae

1972 4846 2002 4884 a
2027 4833 2138 4904 69
2163 4831 2426 4899 Perpetuo
2441 4825 2739 4882 Turonensi
2765 4823 3004 4879 antistite
3027 4822 3256 4877 condita
3270 4818 3561 4885 descriptio

1970 4926 2110 4995 apud
2133 4924 2446 4995 Gregorium
2481 4923 2533 4976 in
2566 4919 2812 4974 Historia:
2832 4917 2927 4972 lib.
2961 4929 2998 4971 ll
3038 4931 3156 4995 cap.
3192 4913 3260 4968 M
3293 4930 3306 4967 :
3340 4933 3358 4964 ‹
3390 4911 3560 4966 Habet

1971 4992 2023 5072 in
2077 4992 2290 5086 longum
2325 5015 2484 5084 pedes
2529 5020 2744 5067 centum
2786 4992 3168 5081 quinquaginta
3217 5007 3474 5076 quinque,
3505 5004 3562 5059 in

1970 5107 2136 5162 latum
2153 5107 2425 5176 sexaginta
2458 5121 2472 5159 :
2507 5103 2665 5160 habet
2693 5104 2746 5158 in
2777 5103 2966 5170 altum,
2998 5115 3166 5171 usque
3194 5100 3259 5154 ad
3286 5109 3556 5154 cameram

1971 5201 2050 5270 (id
2079 5211 2162 5256 est
2190 5199 2496 5268 fornicem),
2516 5198 2677 5267 pedes
2707 5198 3056 5269 quadraginta
3095 5195 3346 5264 quinque.
3380 5189 3556 5244 Fene-

1971 5304 2111 5350 stras
2150 5294 2206 5349 iu
2237 5294 2426 5348 altario
2472 5293 2686 5365 triginta
2714 5293 2848 5346 duas
2875 5332 2890 5357 ,
2937 5292 2989 5344 in
3028 5302 3190 5357 capso
3217 5284 3434 5354 viginti;
3467 5299 3563 5339 co-

1973 5390 2183 5445 lumnas
2213 5387 2561 5459 quadraginta
2583 5401 2743 5441 unam
2779 5402 2793 5439 :
2823 5385 2874 5438 iu
2906 5390 3021 5437 toto
3049 5379 3277 5434 aedilicio
3300 5377 3564 5433 fenestras

1971 5483 2354 5555 quinquaginta
2382 5479 2516 5535 duas
2545 5520 2559 5544 ,
2591 5479 2870 5534 columnas
2914 5481 3127 5530 centum
3161 5472 3344 5543 viginti
3377 5489 3392 5530 :
3425 5473 3562 5526 ostia

1973 5584 2124 5641 octo,
2175 5577 2273 5628 tria
2316 5573 2366 5625 in
2413 5571 2639 5637 altario,
2672 5568 2904 5639 quinque
2930 5567 2984 5620 in
3031 5579 3216 5634 capso.
3250 5583 3268 5616 ι
3309 5565 3418 5618 lloc
3443 5564 3561 5618 loco

1970 5666 2264 5737 Gregorius
2315 5673 2480 5719 totam
2528 5660 2810 5718 ecclesiam
2859 5657 3049 5714 dividit
3075 5659 3128 5713 in
3182 5667 3360 5729 partes
3403 5655 3560 5719 duas,

1971 5772 2196 5829 quarum
2229 5771 2330 5810 una
2359 5755 2552 5810 dicitur
2574 5753 2844 5818 altarium,
2871 5752 3041 5807 altera
3068 5766 3310 5822 capsum.

2042 5850 2100 5904 2.
2147 5848 2286 5916 Quid
2314 5849 2382 5904 sit
2429 5857 2647 5916 capsum
2675 5882 2689 5907 ,
2717 5857 2824 5899 non
2864 5853 3169 5920 promptum
3213 5848 3295 5898 est
3315 5836 3562 5894 delinire.
