4108 6352
568 294 666 354 151

1278 289 1622 348 APPENDIX
1661 289 1754 346 AD
1792 287 2018 344 OPERA
2059 283 2306 341 SANC’PI
2345 285 2655 344 GERMANI
2693 285 3136 348 PABISIENSIS.

567 414 678 470 Hac
705 423 839 467 voce
860 409 1037 465 navim
1065 407 1248 477 (quam
1275 408 1555 475 vocamus)
1582 405 1844 468 ecclesiae,
1877 403 1962 457 vel
1992 402 2552 474 caputAsigttiﬁcare
2607 407 2796 462 altare.
2838 425 2856 458 ι
2912 408 2980 461 At
3026 406 3080 461 in
3133 402 3282 462 Actis
3330 403 3503 469 sancti
3551 401 3853 469 Trudouis,

561 520 661 562 seu
688 503 932 558 absidam
964 516 1086 556 cum
1131 499 1298 554 choro
1326 497 1577 567 adjuncto
1620 495 1884 565 designari
1915 501 2145 548 constat.

561 598 637 656 At
684 611 788 664 quo
815 594 993 651 minus
1024 593 1077 647 id
1103 592 1172 647 de
1202 591 1386 646 absida
1438 590 1761 657 interpreter
1783 631 1797 654 ,
1842 585 1972 641 illud
2003 585 2148 652 facit,

563 689 706 761 quod
759 689 895 743 ostia
941 687 1177 756 quinque
1222 697 1386 752 capso
1432 683 1791 752 assignentur,
1843 677 1985 748 quod
2043 691 2152 732 non

563 780 768 836 absida
793 821 809 847 ,
839 779 933 834 sed
966 779 1088 832 navi
1119 774 1407 831 convenire
1431 779 1621 842 potest.
1660 771 1750 826 Sic
1774 770 1970 825 dicitur
1992 782 2154 838 capsa

565 872 718 926 navis
756 871 809 926 in
843 869 990 926 Actis
1035 878 1327 938 martyrum
1378 864 1748 920 Africanorum
1793 861 1934 932 apud
1984 862 2150 916 Baro-

561 964 738 1030 nium,
787 964 854 1018 ad
907 975 1103 1017 annum
1153 959 1282 1026 502,
1333 972 1456 1012 num
1504 955 1628 1022 125,
1673 954 1738 1008 ad
1769 951 2154 1024 designandam

563 1056 729 1112 imam
752 1070 896 1110 vera
923 1053 1076 1109 navis
1105 1062 1326 1122 partem.
1344 1051 1534 1106 Postea
1556 1057 1734 1105 tamen
1755 1063 1973 1117 capsum
1991 1047 2153 1101 etiam

565 1156 622 1204 et
650 1149 905 1218 capitium
935 1145 1198 1216 appellata
1242 1152 1324 1199 est
1364 1142 1454 1198 illa
1482 1142 1724 1197 ecclesia
1773 1155 1918 1209 pars,
1968 1139 2022 1193 in
2045 1152 2154 1208 qua

567 1238 736 1292 altare
779 1238 1007 1291 locatum
1041 1279 1054 1302 ,
1098 1235 1488 1306 presbyterium
1540 1233 1700 1304 vulgo
1755 1231 2062 1301 appellata,
2095 1240 2154 1285 ut

569 1327 908 1383 doctissimus
935 1325 1163 1395 Cangius
1202 1325 1476 1380 observat.
1512 1323 1800 1392 Gregorius
1832 1322 1885 1376 in
1913 1321 2155 1390 ejusdem

569 1419 690 1474 libri
717 1432 834 1487 cap.
861 1418 928 1474 16
959 1417 1214 1474 describit
1235 1416 1396 1471 aliam
1417 1415 1725 1480 ecclesiam,
1746 1428 1905 1484 quam
1936 1421 2155 1467 sanctus

569 1512 845 1568 Namatius
870 1510 1009 1580 apud
1054 1512 1327 1565 Arvernos
1377 1505 1690 1571 aediﬁcavit,
1731 1524 1750 1557 ι
1789 1505 2073 1561 habentem
2101 1506 2157 1559 in

568 1610 784 1680 longum
816 1608 982 1679 pedes
1011 1617 1223 1662 centum
1253 1603 1656 1674 quinquaginta,
1702 1601 1758 1656 in
1797 1600 1960 1655 latum
1996 1600 2160 1669 pedes

567 1701 878 1770 sexaginta;
909 1701 961 1754 in
1011 1700 1175 1752 altum
1220 1694 1356 1750 infra
1411 1707 1631 1761 capsum
1674 1706 1842 1760 usque
1890 1706 2158 1748 cameram

2254 512 2403 552 nttm.
2431 498 2502 554 25
2525 539 2539 563 ,
2589 498 2804 569 quidam
2841 516 2860 550 ‹
2915 506 3039 553 ante
3078 497 3276 552 lectum
3317 494 3546 566 piissimi
3577 493 3784 558 Patris,
3824 512 3847 546 ι

2254 587 2307 644 id
2331 597 2413 643 est
2441 599 2562 644 ante
2585 591 2699 659 ejus
2731 588 3014 655 tumulum,
3041 603 3100 644 se
3135 595 3438 658 prostrasse
3481 584 3704 654 dicitur.
3729 584 3856 650 Quo

2253 696 2415 738 sensu
2437 683 2633 751 passim
2674 682 2814 751 apud
2846 690 3095 737 auctores
3123 679 3314 735 media
3348 677 3523 733 atatis
3555 676 3855 744 reperitur,

2255 781 2314 827 ut
2340 774 2481 844 apud
2511 773 2825 844 Gregorium
2865 774 2918 828 in
2950 772 3041 827 lib.
3068 789 3085 827 ι
3119 772 3186 828 de
3218 769 3491 825 miraculis
3511 767 3686 822 sancti
3711 766 3833 820 Mar

2255 863 2352 919 tini
2380 879 2500 934 cap.
2528 863 2618 931 55,
2667 865 2756 919 ubi
2805 864 2988 920 lectuli
3038 864 3206 918 sancti
3254 861 3466 917 Martini
3497 874 3598 930 pro
3642 858 3858 913 tumqu

2256 959 2521 1015 meminit.
2549 959 2782 1014 Omnino
2811 958 2911 1013 diei
2938 967 3131 1028 potest,
3162 957 3412 1012 lectulum
3446 956 3546 1011 hoc
3577 955 3702 1010 loco
3731 965 3862 1008 esse

2259 1066 2498 1108 mensam
2553 1051 2724 1120 ipsam
2780 1051 2984 1114 altaris,
3038 1050 3192 1120 cujus
3240 1063 3451 1104 summa
3495 1061 3621 1117 pars
3677 1045 3859 1100 altare

2257 1145 2553 1216 appellatur
2579 1146 2645 1200 ab
2671 1144 2773 1200 hoc
2794 1153 3033 1212 auctore,
3055 1144 3146 1215 qui
3169 1142 3366 1198 saculo
3387 1157 3458 1196 vn
3487 1139 3780 1196 scribebat.

2329 1259 2383 1314 4.
2415 1261 2460 1315 Α
2501 1260 2772 1330 proposito
2818 1274 2922 1313 non
2968 1259 3356 1328 digrediemur,
3388 1259 3432 1312 si
3463 1256 3764 1312 referamus
3795 1253 3856 1309 id

2259 1356 2400 1426 quod
2429 1356 2569 1411 Beda
2587 1355 2919 1410 Venerabilis
2949 1354 3000 1408 in
3025 1353 3115 1407 lib.
3152 1353 3258 1407 tde
3273 1351 3502 1406 Historia
3530 1348 3859 1405 monasterii

2259 1449 2338 1501 sui
2369 1463 2516 1502 num.
2548 1448 2580 1500 5
2607 1454 3013 1511 commemorat,
3046 1445 3295 1498 videlicet
3323 1442 3669 1497 Benedictum
3698 1481 3714 1507 ,
3766 1440 3869 1494 co-'

2261 1548 2547 1608 guomento
2577 1537 2881 1606 Biscopum,
2913 1536 3128 1591 Oceano
3161 1535 3500 1600 transmisso,
3532 1532 3740 1588 Gallias
3765 1545 3872 1599 pe-

2262 1631 2429 1694 tiisse,
2456 1637 2512 1684 ut
2538 1648 2556 1681 ι
2592 1628 2982 1691 camentarios,
3017 1627 3105 1697 qui
3126 1626 3388 1696 lapideam
3422 1625 3525 1679 sibi
3568 1623 3868 1678 ecclesiam

2264 1724 2341 1796 (id
2364 1724 2470 1794 est)
2495 1737 2616 1777 cum
2664 1722 2896 1777 tabulatu
2929 1721 3140 1789 lapideo
3163 1719 3261 1789 (ttti
3287 1719 3520 1787 explicat
3547 1715 3874 1770 Willclmus

571 1792 735 1863 pedes
782 1789 1163 1861 quinquaginta
1191 1827 1209 1854 ’
1254 1783 1711 1880 ‘“"“‘°iabs“_°m
1749 1783 2033 1880 “imm”
2065 1783 2157 1836 Μ’
2187 1795 2236 1856 Β
2265 1783 2754 1875 blalmesburiensis
2805 1783 3120 1880 monachus)
3153 1783 3181 1877 ,‘
3237 1783 3389 1879 juxta
3444 1809 3820 1863 Romanorum
3853 1849 3869 1871 ,

572 1885 744 1951 hens;
777 1884 845 1938 ab
871 1891 1097 1952 utroque
1127 1881 1295 1937 latere
1309 1879 1535 1936 ascellas
1565 1877 1642 1949 (id
1664 1888 1747 1934 est
1776 1878 1887 1932 alas
1915 1891 2013 1932 seu
2045 1891 2163 1946 por-

574 1980 735 2046 ticus)
776 1975 1004 2047 eleganti
1049 1981 1382 2031 constructas
1425 1985 1619 2042 opere,
1677 1979 1951 2039 totumque
1994 1968 2163 2023 adiﬁ-

573 2073 717 2128 cium
769 2071 822 2125 in
852 2068 1070 2126 modum
1123 2067 1296 2122 crucis
1345 2064 1571 2119 habetur
1617 2062 1941 2131 expositum.
1993 2060 2166 2116 Habet

575 2165 844 2222 fenestras
893 2160 1239 2232 quadraginta
1277 2160 1410 2214 duas
1433 2198 1448 2222 ,
1476 2156 1751 2212 columnas
1781 2153 2117 2224 septuaginta
2144 2194 2158 2218 ,

571 2258 709 2313 ostia
737 2264 878 2311 octo.
909 2272 928 2305 ι
950 2251 1106 2320 Quod
1126 2249 1640 2320 scribitGregorius,
1661 2266 1680 2299 ι
1710 2247 1893 2304 inante
1921 2245 2164 2302 absidem

574 2343 862 2402 rotundam
885 2343 1111 2407 habens,
1144 2360 1163 2393 ι
1195 2340 1323 2395 mihi
1362 2341 1534 2409 prima
1564 2339 1794 2395 lectione
1817 2338 2004 2393 referri
2025 2337 2169 2392 vide-

571 2439 729 2494 batur
749 2438 814 2491 ad
842 2450 1095 2506 capsum;
1129 2447 1253 2487 nam
1281 2432 1323 2487 si
1359 2431 1424 2484 ad
1456 2430 1739 2485 ecclesiam
1770 2427 2002 2491 referas.
2034 2411 2170 2482 scri;

573 2530 812 2587 bendum
843 2528 1028 2584 fuisset
1056 2527 1340 2581 habentem.
1368 2525 1566 2594 Exqtto
1589 2525 1697 2595 70
1719 2522 2013 2579 inferebant
2044 2537 2170 2592 cap-

575 2637 697 2678 sum
719 2622 786 2676 ab
813 2620 1000 2677 abside
1030 2620 1194 2674 fuisse
1223 2618 1684 2678 distinctum,cum
1707 2625 1831 2672 ante
1853 2630 1910 2672 se
1922 2617 2166 2673 absidem

577 2710 863 2770 rotundam
891 2710 1138 2765 haberet.
1174 2709 1554 2765 Verumtamen
1592 2716 1774 2778 postea
1801 2709 1966 2765 satius
1997 2713 2171 2764 visum

576 2813 665 2862 est
713 2804 902 2858 habens
946 2801 1137 2858 referri
1193 2801 1262 2856 ad
1306 2801 1610 2867 ecclesiam,
1660 2810 1714 2856 et
1761 2801 2028 2856 habentem
2070 2801 2173 2872 legi

579 2903 850 2965 oportere.
882 2894 942 2949 ln
971 2902 1195 2964 utraque
1212 2893 1439 2949 ecclesia
1459 2935 1473 2958 ,
1503 2907 1661 2962 quam
1689 2907 1754 2948 ex
1788 2891 2045 2963 Gregorio
2075 2893 2173 2949 de-
2206 2937 2217 2952 .

581 2989 920 3059 scripsimus,
950 2997 1072 3043 octo
1097 2995 1252 3042 erant
1272 2989 1406 3042 ostia
1426 2994 1508 3042 :et
1538 2987 1637 3041 tria
1669 2987 1881 3057 quidem
1916 2988 1979 3042 ad
2009 2988 2179 3046 altare

593 3095 678 3137 τευ
700 3079 1109 3152 presbyterium,
1141 3079 1373 3149 quinque
1400 3079 1465 3133 ad
1488 3093 1730 3148 capsum.
1757 3080 1831 3135 De
1854 3080 1957 3134 illis
1982 3082 2171 3150 tribus,

603 3171 783 3242 {uibus
818 3173 884 3228 ad
915 3171 1307 3242 presbyterium
1329 3169 1542 3239 patebat
1570 3170 1767 3237 aditus,
1795 3170 2173 3241 intelligendus
2203 3177 2249 3241 ο

586 3266 846 3322 Paulinus
867 3266 919 3320 in
951 3265 1121 3321 Natali
1143 3264 1210 3319 10
1241 3282 1255 3320 :

775 3376 1022 3440 Trinaque
1047 3377 1276 3428 cancellis
1297 3380 1612 3431 currentibus
1633 3384 1757 3432 ostia
1782 3383 2014 3446 pandunt.

592 3480 836 3537 Totidem
859 3493 1136 3540 enumerat
1158 3483 1352 3539 Paulus
1373 3484 1714 3542 Silentiarius
1748 3505 1761 3542 :
1799 3507 1816 3540 ς
1852 3488 2046 3544 Tribus
2085 3504 2180 3543 au-

592 3587 699 3634 tem
727 3580 895 3649 portis
936 3590 1104 3636 totum
1162 3591 1371 3652 septum
1427 3585 1798 3640 sacerdotibus
1854 3596 2024 3656 patet,
2068 3609 2086 3642 ι
2124 3591 2178 3645 in

592 3671 943 3729 adezseilicet
967 3681 1164 3730 sancta
1193 3674 1427 3744 Sophia.
1462 3678 1516 3731 In
1546 3691 1731 3746 capso,
1749 3678 1891 3747 quod
1917 3679 2181 3749 reliquam

592 3777 625 3818 a
653 3763 985 3834 presbyterio
1029 3766 1272 3821 ecclesia
1313 3775 1517 3835 partem
1551 3769 1690 3837 apud
1729 3783 1825 3824 nos
1852 3773 2180 3841 complecte-

595 3852 774 3922 batur,
820 3853 1056 3924 quinque
1096 3856 1231 3910 ostia
1263 3867 1434 3922 erant,
1464 3860 1558 3912 tria
1590 3860 1840 3915 nimirum
1887 3862 1939 3915 in
1993 3862 2181 3933 majori

594 3952 748 4013 porta
779 3944 844 3999 ad
870 3946 1236 4003 occidentem:
1260 3948 1366 4002 duo
1395 3948 1461 4002 ad
1483 3949 1605 4003 bina
1638 3950 1827 4008 latera.

665 4058 719 4112 5.
746 4055 860 4112 Νοιι
891 4057 1185 4114 omittenda
1215 4069 1296 4114 est
1339 4059 1439 4114 hoc
1477 4061 1597 4116 loco
1625 4063 1918 4134 descriptio
1945 4067 2187 4124 ecclesia

594 4150 984 4208 Gemeticensis
1006 4191 1022 4217 ,
1052 4151 1226 4220 qualis
1254 4167 1284 4206 a
1313 4160 1500 4207 sancto
1531 4152 1793 4210 Filiberto
1841 4156 2034 4212 abbate
2087 4174 2189 4214 sa-

595 4242 722 4299 culo
750 4242 1058 4298 vttcondita
1086 4254 1169 4298 est
1200 4260 1215 4298 :
1255 4263 1272 4296 r
1310 4244 1577 4299 Introrsus
1600 4247 1792 4302 domus
1823 4249 1963 4302 alma
1994 4250 2186 4322 fulget,

595 4334 962 4390 habitantibus
987 4333 1145 4404 digna
1164 4375 1179 4401 ,
1211 4337 1278 4390 ab
1305 4335 1450 4390 Euro
1475 4351 1701 4408 surgens
1730 4340 1955 4394 ecclesia
1974 4383 1988 4407 ,
2014 4343 2190 4397 crucis

594 4424 766 4479 instar
802 4435 980 4481 erecta
1015 4443 1029 4480 :
1067 4426 1218 4495 cujus
1255 4429 1461 4497 apicem
1493 4429 1699 4484 obtinet
1728 4430 1868 4485 alma
1900 4433 2050 4503 virgo
2079 4435 2189 4490 Ma-

2265 1925 2422 1981 quem
2449 1923 2660 1977 semper
2689 1907 2920 1972 amabat,
2955 1919 3160 1960 morem
3192 1906 3449 1969 facerent,
3490 1922 3509 1955 ›
3537 1902 3871 1971 postularet.

2267 2001 2470 2058 Deinde
2497 2016 2616 2055 cum
2648 2013 2780 2068 opus
2813 2017 2832 2050 ι
2866 1999 2931 2052 ad
2965 1997 3263 2065 profectum
3297 1995 3620 2067 (accederet,
3648 1993 3873 2063 rursus)

2267 2094 2553 2164 legatarios
2579 2093 2792 2147 misisse
2819 2093 2870 2146 in
2900 2090 3145 2158 Galliam,
3178 2091 3265 2160 qui
3299 2089 3421 2143 vitri
3450 2089 3700 2156 factores,
3744 2089 3877 2142 artic

2269 2184 2397 2241 ﬁces
2422 2184 2670 2238 videlicet
2704 2183 2972 2236 Britannis
2997 2189 3218 2236 eatenus
3249 2180 3582 2249 incognitus,
3627 2178 3690 2232 ad
3739 2191 3873 2234 can-

2270 2275 2539 2331 cellandas
2583 2274 2824 2329 ecclesiae
2851 2319 2864 2343 ,
2916 2273 3324 2342 porticuumque
3373 2283 3427 2327 et
3455 2271 3873 2327 canaculornm

2270 2379 2384 2449 ejus
2429 2379 2689 2433 fenestras
2717 2375 3061 2430 adducerent.
3121 2375 3448 2444 Factumque
3481 2383 3580 2441 est,
3616 2381 3671 2427 et
3695 2387 3879 2428 vene-

2273 2481 2431 2537 runt;
2464 2485 2562 2525 nec
2589 2471 2759 2524 solum
2788 2469 3108 2538 postulatum
3133 2481 3268 2536 opus
3300 2467 3727 2535 compleverunt,
3771 2465 3874 2521 sed

2274 2573 2330 2621 et
2354 2567 2642 2636 Anglorum
2673 2579 2739 2619 ex
2766 2578 2830 2618 eo
2847 2571 3058 2632 gentem
3087 2559 3350 2630 ejusmodi
3387 2560 3670 2613 artificium
3699 2573 3878 2615 nosse

2275 2672 2338 2713 ac
2357 2656 2566 2712 discere
2596 2656 2858 2710 fecerunt.
2893 2655 2971 2708 Ad
3005 2653 3118 2708 hac
3141 2662 3328 2706 cuncta
3359 2667 3479 2722 qua
3505 2651 3571 2705 ad
3602 2651 3799 2705 altaris
3825 2660 3881 2704 et

2275 2749 2516 2804 ecclesia
2541 2747 2896 2802 ministerium
2945 2746 3318 2814 competebant
3345 2785 3359 2809 ,
3400 2758 3525 2797 vasa
3558 2743 3770 2796 scilicet
3799 2743 3884 2798 vel

2278 2844 2591 2896 vestimenta
2611 2880 2625 2903 ,
2656 2841 2776 2908 quia
2805 2837 2950 2892 domi
2979 2837 3217 2892 invenire
3249 2850 3352 2890 non
3375 2837 3566 2904 potuit,
3597 2833 3662 2888 de
3693 2843 3882 2888 trans-

2281 2932 2503 2988 marinis
2532 2929 2838 3000 regionibus
2885 2927 3173 2983 advectare
3214 2927 3500 2998 religiosus
3532 2935 3746 2996 emptor
3779 2939 3884 2979 cu-

2282 3026 2454 3080 rabat.
2495 3043 2514 3076 »
2549 3023 2650 3078 Ubi
2681 3021 2829 3077 vides
2861 3030 3058 3092 quanta
3079 3019 3241 3076 fuerit
3267 3021 3530 3089 majorum
3559 3029 3884 3074 nostrorum

2282 3119 2337 3174 in
2366 3117 2619 3174 ornandis
2649 3117 2780 3171 locis
2810 3115 2976 3170 sacris
3005 3113 3310 3168 sollicitudo
3351 3121 3405 3166 et
3453 3111 3716 3166 industria
3766 3127 3885 3179 pra

2280 3212 2419 3267 aliis.
2450 3209 2810 3266 Guthberctus
2833 3207 2999 3261 abbas
3029 3204 3372 3275 Anglicanus,
3392 3217 3512 3257 cum
3541 3215 3726 3256 rursus
3753 3201 3881 3255 vitri

2281 3302 2513 3357 artiﬁces
2539 3298 2678 3369 apud
2705 3313 2764 3353 se
2791 3297 3062 3361 deessent,
3087 3296 3317 3365 aliquem
3365 3313 3382 3345 ι
3421 3293 3511 3363 qui
3547 3293 3716 3347 vitrea
3743 3306 3884 3348 vasa

2281 3394 2420 3450 bene
2449 3400 2630 3462 posset
2673 3390 2848 3444 facere
2885 3407 2903 3440 ›
2941 3387 3094 3456 petiit
3139 3401 3166 3439 a
3199 3385 3351 3441 Lullo
3373 3386 3627 3455 episcopo
3652 3384 3884 3455 Mogun-

2283 3486 2419 3541 tino.
2451 3484 2648 3540 Confer
2668 3482 2870 3540 Allredi
2900 3482 3042 3550 regis
3070 3481 3268 3535 Vitam.

2355 3602 2460 3672 72
2489 3601 2540 3656 5.
2577 3600 2693 3667 Quo
2720 3597 2825 3653 ritu
2856 3596 3006 3652 ﬁeret
3036 3595 3222 3666 primis
3267 3593 3371 3649 illis
3401 3593 3732 3663 temporibus
3780 3609 3879 3650 ec-

2285 3695 2569 3750 clesiarum
2619 3692 2758 3762 apud
2813 3697 3079 3746 nostrates
3127 3688 3422 3755 dedicatio,
3473 3689 3604 3742 satis
3643 3687 3886 3758 explicat

2289 3785 2577 3856 Gregorius
2604 3785 2655 3838 in
2686 3785 2779 3838 lib.
2817 3782 2886 3837 de
2913 3780 3095 3836 Gloria
3124 3778 3492 3834 confessorum
3522 3794 3640 3847 cap.
3669 3779 3759 3844 20,
3789 3779 3882 3835 ubi

2286 3877 2504 3933 oratorii
2533 3892 2562 3930 a
2591 3891 2650 3930 se
2674 3873 2869 3928 factam
2897 3872 3286 3927 dedicationem
3309 3870 3584 3926 describit.
3602 3870 3668 3924 Et
3695 3871 3876 3940 primo

2287 3968 2501 4037 quidem
2532 3968 2583 4020 in
2602 3965 2704 4019 alia
2732 3972 2914 4018 sancta
2943 3963 3163 4017 basilica
3192 3981 3209 4011 ‹
3248 3961 3443 4033 vigiliis
3467 3971 3677 4016 noctem
3713 3977 3877 4016 unam

2288 4059 2573 4123 ducentes,
2606 4056 2797 4123 inquit,
2832 4069 2990 4109 mane
3013 4053 3291 4110 venientes
3314 4052 3378 4106 ad
3406 4052 3678 4120 cellulam,
3709 4053 3879 4108 altare

2288 4153 2428 4224 quod
2452 4164 2817 4216 erexeramus,
2835 4147 3310 4204 sanctiﬁcavimus.
3337 4145 3571 4201 iDeinde
3601 4163 3620 4197 ι
3646 4146 3880 4215 regressi

2289 4249 2357 4304 ad
2412 4247 2682 4301 basilicam
2709 4287 2722 4312 ,
2770 4255 2982 4298 sanctas
3010 4242 3262 4314 reliquias
3305 4242 3498 4297 exinde
3525 4285 3538 4306 ,
3572 4241 3888 4296 solemniter

2291 4339 2620 4395 radiantibus
2647 4337 2818 4393 cereis
2846 4336 3222 4404 crucibusque,
3254 4333 3607 4387 admovimus.
3635 4331 3764 4386 Erat
3790 4346 3883 4385 au-

2295 4442 2400 4490 tem
2430 4432 2768 4488 sacerdotum
2810 4443 2870 4483 ac
2902 4429 3182 4483 levitarum
3232 4427 3284 4481 in
3314 4425 3450 4480 albis
3495 4425 3735 4480 vestibus
3775 4438 3882 4479 non

595 4517 719 4619 ria,‘
750 4517 918 4574 altare
946 4528 1071 4574 ante
1125 4519 1315 4576 faciem
1360 4520 1540 4576 lectuli
1570 4521 1836 4578 condente
1876 4524 2186 4583 beatissimo
2211 4556 2266 4619 Ι)
2295 4527 2544 4583 minimus
2586 4527 2810 4589 chorus,
2845 4534 2898 4579 et
2924 4521 3116 4577 civium
3162 4522 3546 4575 honoratorum
3575 4519 3710 4574 ordo
3741 4534 3881 4587 pra-

596 4606 858 4664 Filiberto
882 4650 898 4677 ,
923 4611 1122 4679 pictum
1153 4625 1483 4681 gemmarum
1513 4613 1731 4677 lumine.
1763 4626 2037 4686 comptum
2068 4621 2185 4675 auri

591 4707 654 4755 et
671 4700 875 4769 argenti
895 4704 1167 4772 congerie.
1197 4703 1280 4758 Ab
1307 4711 1534 4774 utroque
1559 4705 1728 4762 latere
1755 4707 1978 4765 Joannis
2004 4721 2059 4766 et
2081 4714 2187 4769 Co-

596 4792 834 4850 lumbani
861 4809 968 4850 ara
989 4795 1119 4850 dant
1139 4796 1366 4865 gloriam
1409 4797 1537 4852 Deo.
1569 4799 1776 4854 Aderat
1801 4816 1832 4854 a
1863 4803 2029 4858 Borea
2061 4803 2186 4860 Dio-

594 4887 736 4959 nysii
779 4879 1032 4958 martyris
1069 4898 1125 4944 et
1151 4888 1402 4946 Germani
1444 4890 1771 4948 confessoris
1814 4893 2033 4949 aedicula
2071 4913 2084 4948 :
2129 4897 2182 4952 in

592 4981 800 5038 dextris
831 4982 1010 5036 nobile
1039 4992 1315 5051 permanet
1343 4985 1512 5038 sancti
1535 4985 1677 5039 Petri
1703 4988 1978 5042 oraculum
2007 4988 2080 5058 (id
2104 4999 2189 5046 est

593 5071 916 5140 oratorium)
962 5089 976 5126 :
1025 5086 1056 5127 e
1101 5072 1268 5128 latere
1315 5075 1485 5128 sancti
1533 5074 1735 5130 habens
1762 5077 1973 5131 Martini
2009 5093 2190 5134 sacra-

594 5164 758 5220 rium.
796 5182 816 5215 ι
847 5163 905 5216 In
929 5165 1030 5217 hoc
1058 5172 1309 5218 contextu
1340 5165 1491 5232 plana
1522 5175 1578 5222 et
1610 5167 1885 5236 perspicua
1919 5169 2029 5224 fere
2062 5180 2190 5226 sunt

597 5253 797 5321 omnia,
820 5254 924 5309 nisi
939 5254 1080 5325 quod
1106 5269 1213 5308 non
1244 5255 1373 5310 satis
1394 5257 1667 5326 explorata
1698 5269 1779 5314 est
1809 5260 1986 5315 lectuli
2011 5262 2180 5318 notio.

598 5341 790 5400 Lectus
810 5357 904 5399 seu
936 5344 1162 5399 lectulus
1187 5344 1473 5413 aliquando
1496 5349 1685 5414 altare,
1712 5349 1996 5418 aliquando
2012 5354 2184 5407 sancti

599 5435 859 5489 tumulum
885 5437 1169 5505 signiﬁcat.
1198 5436 1259 5492 In
1291 5440 1440 5493 Actis
1470 5449 1669 5495 sancta
1697 5441 1985 5498 Anstrudis
2016 5444 2180 5500 abba-

599 5532 737 5585 tissa
765 5522 1155 5601 Lauduneusis,
1185 5551 1331 5592 num.
1361 5536 1453 5601 35,
1484 5537 1797 5605 Adalsinda,
1832 5556 1952 5609 qua
1980 5542 2026 5596 ei
2055 5557 2178 5598 suc-

589 5631 850 5690 cesserat,
879 5625 1092 5681 cuelitus
1113 5628 1448 5694 admonetur,
1480 5647 1498 5679 ι
1519 5639 1596 5682 οιιι
1619 5629 1812 5685 lectum
1843 5633 1998 5687 citius
2021 5633 2182 5691 faciat

588 5713 867 5808 aediﬁcari.
907 5733 926 5767 ι
962 5716 1116 5782 Quod
1137 5731 1255 5771 cum
1287 5718 1354 5772 ab
1383 5718 1486 5773 alia
1515 5719 2056 5795 sanctimoniali,|71
2088 5727 2174 5781 cui

595 5803 651 5859 id
675 5805 967 5863 revelatum
989 5806 1180 5869 fuerat.
1208 5809 1462 5880 audisset,
1494 5809 1782 5871 «intellexit
1805 5813 2002 5874 lectum
2025 5817 2175 5874 illum

2294 4621 2508 4684 clarus;
2551 4617 2646 4674 sed
2671 4625 2725 4672 et
2755 4616 2935 4686 populi
2981 4615 3253 4685 sequentis
3296 4613 3504 4669 ordinis
3534 4628 3762 4684 magnus
3788 4628 3883 4667 nu-

2293 4726 2494 4767 merus.
2526 4710 2767 4781 Cumque
2795 4715 3137 4763 sacrosancta
3166 4707 3408 4776 pignora,
3439 4704 3611 4774 palliis
3640 4719 3704 4759 ac
3737 4718 3881 4773 map-

2295 4804 2377 4875 pis
2409 4813 2667 4861 exornata
2693 4845 2709 4872 ,
2743 4804 2794 4857 in
2823 4801 3095 4859 excelsum
3123 4800 3455 4856 deferremus
3484 4841 3499 4866 ,
3542 4799 3889 4868 pervenimus

2296 4895 2362 4951 ad
2391 4896 2588 4951 ostium
2637 4894 2877 4950 oratorii.
2912 4889 3341 4962 lngredientibus
3362 4899 3539 4945 autem
3581 4887 3760 4954 nobis,
3793 4903 3885 4943 su-

2297 4987 2410 5044 bito
2434 4987 2661 5057 replevit
2707 4985 2956 5042 cellulam
2982 4985 3126 5038 illam
3180 4983 3351 5053 fulgor
3393 4980 3668 5046 terribilis,
3717 4990 3824 5035 etc.
3863 4998 3882 5031 ο

2299 5079 2596 5134 Concilium
2626 5078 3010 5133 Arausicanum
3042 5091 3080 5129 ιι
3111 5076 3165 5129 in
3209 5073 3544 5129 dedicatione
3580 5071 3820 5128 basilica
3858 5085 3887 5124 a

2302 5173 2515 5228 Liberio
2570 5172 2800 5226 Patricio
2848 5180 3172 5226 constructa
3223 5169 3550 5225 celebratum
3605 5178 3689 5223 est
3744 5182 3887 5223 anno

2288 5264 2414 5321 529.
2458 5264 2602 5335 Lege
2648 5262 2826 5332 Vigilii
2883 5277 3031 5333 papa
3081 5261 3362 5331 epistolam
3419 5261 3485 5316 ad
3538 5259 3883 5316 Profuturum

2288 5356 2596 5426 episcopum
2658 5356 3060 5411 Bracarensem.
3114 5353 3310 5422 Quales
3364 5352 3434 5408 ad
3489 5352 3885 5409 dedicationem

2289 5449 2528 5518 reliquia
2579 5447 2982 5514 adhiberentur,
3043 5456 3256 5502 constat
3307 5459 3374 5500 ex
3427 5445 3621 5503 eodem
3659 5457 3884 5502 auctore

2290 5542 2534 5612 aliisque,
2558 5542 2646 5611 qui
2669 5541 3012 5611 reliquiarum
3036 5541 3252 5594 nomine
3283 5537 3588 5610 intelligunt
3617 5537 3884 5610 quidquid

2289 5635 2468 5704 aliquo
2500 5635 2658 5689 modo
2679 5640 2920 5688 sanctum
2951 5633 3206 5701 aliquem,
3239 5632 3430 5702 ejusve
3461 5633 3725 5686 tumulum
3758 5632 3881 5686 atti-

2289 5737 2458 5798 gerat,
2491 5726 2700 5782 scilicet
2726 5740 2963 5796 pannns,
2999 5726 3309 5782 linteamina
3337 5767 3350 5790 ,
3385 5734 3439 5779 et
3459 5725 3559 5779 alia
3613 5724 3664 5779 id
3691 5738 3879 5794 genus.

2286 5817 2656 5886 consulendus
2702 5818 2801 5872 hac
2830 5815 2898 5873 de
2930 5832 2989 5872 re
3021 5815 3312 5893 Gregorius
3341 5817 3397 5875 in
3427 5817 3525 5871 lib.
3571 5830 3590 5870 ι
3619 5814 3687 5871 de
3723 5814 3878 5869 Hira-
