4108 6352
252 290 363 349 155

1160 288 1247 346 DE
1282 289 1608 348 LITURGIA
1648 290 2036 351 GALLICANA
2075 296 2279 359 LIBER
2318 304 2592 369 PRIMUS.

3432 321 3534 382 154

250 412 390 467 culis
409 407 581 466 sancti
606 408 848 476 Martini,
878 422 998 480 cap.
1034 412 1119 477 ll,
1150 420 1203 468 et
1232 412 1327 467 lib.
1353 428 1369 468 r
1397 413 1466 469 de
1486 413 1667 471 Gloria
1698 429 1834 470 mar-
1866 415 1922 477 Δ
1945 432 2066 474 cum
2096 424 2357 483 columnis
2385 430 2498 485 suis
2526 439 2755 503 quatuor
2782 448 2849 492 ex
2877 444 3101 507 argento
3128 452 3286 508 puro.
3328 459 3349 494 ι
3377 441 3443 498 Et
3472 443 3529 499 in

251 514 433 575 tyrum
483 517 604 574 cap.
635 503 740 568 28,
771 512 831 559 ut
878 504 1039 560 multa
1090 505 1192 560 alia
1240 506 1355 562 loca
1394 516 1731 577 prmteream,
1764 523 1845 565 ec-

250 596 542 652 clesiarum
595 604 901 650 nostrarum
961 606 1142 668 partes
1174 598 1407 655 breviter
1450 600 1840 668 explicaturus.

327 711 381 767 6.
414 710 586 779 Atquc
609 718 667 764 ut
699 710 765 764 ah
794 710 946 765 altari
972 753 988 777 ,
1021 727 1139 782 qua:
1169 712 1429 769 sacratior
1452 714 1698 770 ecclesia:
1719 728 1845 785 pars

249 812 359 869 est,
392 801 670 867 exordiar;
719 801 787 857 de
813 817 878 857 eo
922 803 1023 859 hoc
1060 812 1315 861 statutum
1348 806 1604 863 habemus
1628 806 1683 862 in
1712 822 1844 864 con-

247 892 360 949 cilii
385 894 707 966 Agathensis
725 908 931 951 canone
964 895 1062 955 M:
1096 896 1294 953 Altaria
1328 898 1641 968 placuitnon
1673 901 1845 956 solum

251 986 511 1041 unctione
537 986 864 1050 chrismatis,
895 987 989 1043 sed
1042 991 1201 1043 etiam
1250 991 1568 1048 sacerdotali
1596 993 1848 1050 benedic-

253 1078 405 1134 tione
430 1078 650 1134 sacrari.
687 1078 753 1134 Et
795 1079 848 1134 in
878 1079 1093 1136 concilii
1124 1080 1459 1151 Epaonensis
1495 1099 1699 1141 canone
1726 1085 1797 1141 Q6
1828 1102 1842 1139 :

251 1170 477 1236 Altaria,
511 1172 610 1225 uisi
641 1170 867 1240 lapidea,
886 1171 1189 1228 chrismatis
1211 1175 1463 1231 unctione
1491 1192 1596 1233 non
1627 1192 1843 1235 sacren-

251 1274 360 1321 tur.
395 1264 592 1321 Forma
612 1265 854 1322 maltaris
880 1266 1120 1323 ecclesiae
1144 1268 1251 1339 73
1300 1271 1470 1326 sancti
1506 1270 1651 1327 Petri
1697 1272 1838 1343 apud

248 1355 605 1427 Burdegalam
626 1357 1180 1429 describitGregorius
1197 1362 1248 1416 in
1262 1361 1353 1417 lib.
1381 1377 1398 1417 ι
1422 1363 1489 1419 de
1514 1363 1696 1421 Gloria
1714 1380 1844 1421 mar-

248 1457 429 1521 tyrum
452 1464 571 1517 cap.
588 1449 656 1505 ‘55
676 1468 720 1505 ε(
751 1451 919 1521 Hujus
944 1452 1113 1508 altare
1131 1454 1317 1524 positis
1345 1455 1396 1510 in
1428 1456 1594 1512 altum
1621 1459 1842 1529 pulpitis

248 1541 486 1597 locatum
506 1542 758 1611 habetur;
788 1544 939 1614 cujus
968 1560 1089 1615 pars
1110 1546 1353 1617 inferior,
1374 1549 1427 1604 in
1443 1549 1660 1606 modum
1682 1566 1842 1623 cryp-

250 1643 324 1689 ta
344 1678 358 1703 ,
390 1636 526 1690 ostio
551 1634 831 1702 clauditur,
864 1638 1064 1694 habens
1095 1639 1440 1699 nihilominus
1466 1654 1520 1699 et
1572 1644 1684 1714 ipsa
1716 1661 1838 1701 cum

248 1734 557 1782 sanctorum
587 1728 898 1799 pignoribus
926 1732 1096 1788 altare
1123 1747 1302 1789 suum.
1329 1753 1348 1787 ι
1368 1736 1528 1791 Multa
1571 1737 1837 1805 ejusmodi

1950 513 2127 570 Leone
2153 517 2263 574 Ill:
2302 539 2321 573 ι
2362 522 2509 578 Fecit
2555 526 2605 581 in
2634 527 2853 585 basilica
2882 529 3026 586 beati
3074 529 3219 587 Petri
3266 535 3522 604 apostoli,

1945 619 2106 676 super
2134 611 2304 669 altare
2331 616 2521 686 majus,
2547 619 2808 677 ciborium
2831 637 2953 678 cum
2975 624 3239 680 columnis
3262 626 3375 683 suis
3395 641 3529 697 qua-

1946 704 2068 754 tuor
2096 716 2161 757 ex
2193 715 2411 775 argento
2463 712 2750 779 purissimo
2794 714 3073 785 deaurato,
3125 731 3247 771 cum
3294 717 3525 776 diversis

1948 789 2183 847 historiis
2237 795 2388 852 mirze
2418 802 2820 872 magnitudinis.
2860 824 2878 856 ι
2915 805 2971 860 lu
3003 807 3267 876 ejusmodi
3311 810 3531 868 ciboriis

1946 897 2080 939 crux
2109 885 2161 941 in
2192 901 2402 945 summo
2427 902 2562 962 erat,
2598 896 2673 950 uti
2703 898 2862 952 etiam
2891 896 3109 967 Romae,
3140 909 3272 957 teste
3303 902 3532 961 Anasta-

1945 977 2028 1031 sio
2050 977 2103 1032 in
2134 978 2311 1036 Leone
2343 982 2412 1036 IV
2438 1003 2450 1039 :
2481 1004 2500 1036 «
2536 987 2757 1044 Sacrum
2779 989 3010 1061 desuper
3036 1000 3335 1050 construxit
3361 997 3533 1053 altare

1946 1077 2001 1123 et
2024 1070 2284 1127 ciborium
2328 1090 2448 1131 cum
2480 1093 2659 1135 cruce.
2704 1100 2723 1133 ι
2759 1081 2871 1139 Huc
2894 1093 3103 1154 spectat
3126 1102 3158 1141 c
3203 1088 3401 1143 nostris
3426 1087 3532 1143 Ha~

1946 1160 2137 1216 riull'us
2183 1164 2233 1216 in
2264 1162 2517 1224 Chronici
2546 1171 2886 1230 Ceutulensis
2916 1176 3008 1232 lib.
3043 1194 3098 1232 Ill
3127 1193 3244 1247 cap.
3278 1179 3346 1236 5:
3380 1199 3397 1232 ι
3426 1179 3530 1236 Su-

1948 1268 2041 1323 per
2070 1256 2160 1312 illa
2196 1260 2293 1314 tria
2328 1261 2518 1319 altaria
2542 1265 2805 1325 habentur
2825 1271 2926 1326 tria
2958 1272 3181 1341 ciboria,
3215 1289 3279 1331 ex
3309 1285 3534 1347 argento

1944 1351 2001 1398 et
2027 1359 2160 1401 auro
2190 1360 2370 1418 parata
2407 1370 2420 1406 :
2454 1354 2506 1410 in
2548 1358 2740 1427 quibus
2783 1370 2895 1417 tres
2944 1363 3250 1435 dependent
3293 1382 3531 1440 cororue,

1940 1435 2167 1506 singulae
2197 1455 2293 1504 per
2335 1444 2581 1515 singula,
2631 1464 2697 1503 ex
2749 1466 2882 1508 auro
2929 1457 3263 1528 gemmisque
3309 1468 3532 1529 paratae,

1941 1541 2063 1581 cum
2104 1532 2281 1587 aureis
2310 1537 2618 1605 cruciculis,
2651 1541 2878 1613 aliisque
2902 1549 3252 1603 ornamentis.
3290 1570 3307 1602 ι
3343 1549 3528 1621 Itaque

1942 1618 1994 1673 in
2024 1635 2234 1679 summo
2272 1627 2476 1685 ciborio
2524 1646 2713 1689 cruces
2761 1650 2855 1692 seu
2902 1640 3182 1696 crucicula:
3228 1652 3403 1709 erant,
3456 1643 3531 1701 uti

1940 1714 2098 1770 etiam
2130 1718 2182 1772 in
2212 1720 2449 1788 cibariis,
2480 1740 2598 1795 quzc
2629 1743 2790 1799 super
2815 1733 3047 1788 tumulos
3073 1743 3378 1791 sanctorum
3407 1751 3530 1792 ere-

244 1816 437 1872 altaria
450 1818 611 1884 edita,
627 1828 683 1874 et
697 1834 857 1890 super
872 1832 1087 1893 cryptas
1104 1824 1279 1880 locata
1296 1802 1647 1896 supersuntin
1671 1828 1828 1884 eccle-

1944 1814 2027 1862 cta
2051 1820 2224 1877 erant,
2257 1814 2396 1882 apud
2437 1817 2754 1887 Gregorium
2804 1822 3171 1881 Turonensem
3219 1829 3530 1897 episcopum

240 1907 341 1962 siis
371 1907 680 1965 Gallicanis.
710 1911 791 1966 Ad
832 1912 948 1968 haec
976 1914 1159 1970 altaria
1208 1918 1523 1987 quibusdam
1572 1921 1828 1990 gradibus

241 2014 505 2057 ascensus
532 2012 669 2066 erat,
719 2005 789 2059 ita
840 2015 900 2061 ut
936 2007 1038 2062 sub
1088 2008 1343 2079 gradibus
1398 2011 1584 2068 fideles
1633 2016 1835 2070 oraturi

243 2103 467 2163 possent
494 2096 816 2162 consistere,
848 2107 904 2152 ut
930 2100 1171 2169 pluribus
1197 2103 1409 2157 ostendi
1438 2104 1492 2159 in
1526 2105 1836 2174 praefatione

242 2185 415 2255 prima
443 2187 627 2242 saeculi
652 2203 735 2256 ιιι,
782 2205 929 2245 num.
984 2191 1074 2246 79.
1124 2192 1378 2262 Ejusdem
1432 2209 1599 2266 prope
1650 2196 1836 2253 formae

239 2290 361 2337 erat
390 2281 441 2336 in
470 2282 693 2338 basilica
722 2285 893 2339 sancti
920 2285 1174 2357 Cypriani
1202 2290 1456 2361 martyris
1487 2309 1505 2342 ι
1534 2291 1830 2361 analogius,

238 2372 296 2428 in
325 2388 454 2443 quo,
486 2373 623 2428 libro
652 2376 1008 2445 superposito,
1042 2387 1288 2435 cantatur
1312 2390 1405 2435 aut
1437 2380 1652 2453 legitur,
1689 2401 1707 2434 ι
1742 2384 1831 2438 in-

238 2463 361 2534 qui:
388 2464 678 2536 Gregorius
708 2467 870 2524 inlib.
905 2484 921 2522 ι
953 2468 1021 2524 de
1048 2467 1231 2526 Gloria
1264 2480 1559 2543 martyrum
1591 2488 1711 2545 cap.
1739 2473 1830 2532 94.

238 2554 372 2612 Nam
402 2573 467 2613 ex
495 2574 599 2614 uno
645 2559 825 2630 lapide
850 2563 1137 2619 marmoris
1186 2572 1329 2620 totus
1365 2566 1605 2636 sculptus
1635 2568 1833 2624 asseri-

238 2658 371 2706 tur:
405 2652 455 2707 id
481 2662 563 2710 est
591 2668 775 2709 mensa
821 2654 1075 2725 desuper,
1127 2658 1193 2714 ad
1245 2673 1402 2729 quam
1461 2675 1557 2729 per
1603 2670 1833 2729 quatuor

238 2745 437 2815 gradus
464 2746 843 2815 adscenditur;
874 2750 1101 2807 cancelli
1131 2751 1184 2805 in
1216 2752 1441 2809 circuitu
1464 2796 1478 2821 ,
1512 2754 1697 2810 subter
1740 2769 1833 2812 co-

237 2836 476 2903 lumnae;
522 2836 644 2907 quia
672 2849 726 2893 et
767 2839 1028 2910 pulpitum
1060 2840 1219 2898 habet
1247 2842 1349 2898 sub
1390 2858 1499 2913 quo
1536 2854 1660 2901 octo
1706 2860 1830 2916 per-

235 2940 387 2983 sons:
415 2928 581 2998 recipi
614 2938 859 2998 possunt.
891 2948 910 2983 ι

310 3041 363 3094 7.
399 3042 499 3111 Qui
546 3041 823 3099 historiam
856 3044 1275 3103 Eucharisticam
1306 3064 1479 3120 nuper
1525 3036 1829 3123 composuit

236 3132 417 3188 [iocus
447 3134 708 3201 minister,
740 3145 899 3208 negat
925 3148 1052 3193 ante
1076 3139 1335 3195 sarculum
1380 3156 1473 3196 vni
1505 3142 1558 3196 in
1599 3158 1704 3197 una
1732 3158 1825 3198 cc-

235 3227 399 3282 clesia
432 3227 586 3297 plura
615 3228 780 3286 fuisse
808 3231 1016 3286 altaria.
1049 3232 1132 3288 Ad
1176 3233 1281 3290 hoc
1308 3243 1485 3292 autem
1535 3237 1820 3294 revincen-

234 3319 359 3375 dum
409 3319 609 3377 sufficit
650 3337 790 3378 unus
830 3323 1124 3396 Gregorius
1166 3325 1383 3398 Magnus
1425 3331 1514 3400 qui
1564 3330 1617 3385 in
1651 3331 1743 3385 lib.
1788 3346 1823 3388 v

234 3413 457 3483 epistola
488 3413 557 3468 50
586 3414 652 3471 ad
693 3414 989 3474 Palladium
1029 3418 1422 3478 Santonensem
1478 3425 1817 3495 episcopum,

233 3503 491 3560 tredecim
518 3505 706 3561 altaria
740 3515 964 3564 testatur
1009 3509 1176 3567 fuisse
1204 3511 1256 3567 in
1287 3513 1525 3569 ecclesia
1566 3516 1819 3585 quadam,

234 3596 289 3653 in
313 3595 570 3653 honorem
593 3601 961 3668 apostolorum
985 3603 1054 3659 ab
1075 3604 1194 3674 ipso
1217 3604 1459 3663 Palladio
1487 3619 1818 3667 constructa.

234 3688 305 3745 Et
330 3690 618 3761 Gregorius
645 3696 782 3749 alter
811 3701 1058 3764 superius
1087 3698 1142 3754 in
1184 3698 1413 3755 ecclesia
1457 3703 1628 3758 sancti
1676 3703 1823 3762 Petri

152 3822 155 3823 γ
232 3782 375 3853 apud
423 3782 771 3856 Burdegalam
818 3785 927 3842 duo
972 3787 1163 3844 altaria
1213 3801 1495 3858 memorat,
1547 3809 1709 3849 unum
1765 3796 1822 3851 in

233 3874 482 3946 pulpitis,
534 3875 678 3932 aliud
724 3877 776 3931 in
835 3888 1021 3949 crypta
1079 3879 1179 3936 sub
1228 3881 1322 3937 illo
1368 3897 1580 3939 summo
1639 3886 1819 3943 altari.

233 3968 498 4025 Brennaci
528 3969 583 4024 in
621 3984 759 4040 pago
788 3968 1168 4028 Suessionensi
1207 3973 1307 4029 tria
1348 3984 1504 4031 erant
1523 3976 1735 4047 altaria,
1768 3982 1823 4035 in

232 4060 426 4133 quibus
457 4061 541 4132 (ut
575 4060 686 4131 jam
716 4062 971 4134 vidimus)
1000 4063 1290 4135 Gregorius
1320 4066 1513 4124 missas
1543 4077 1651 4124 tres
1679 4068 1826 4127 cele-

231 4152 424 4209 hravit.
459 4152 575 4208 Non
606 4153 865 4210 immorer
894 4156 1137 4226 pluribus
1174 4158 1493 4216 testimoniis
1522 4175 1822 4230 congeren-

228 4246 336 4301 dis.
374 4244 505 4301 Vide
528 4261 649 4317 qua:
676 4246 775 4307 hac
804 4247 873 4303 de
902 4264 960 4305 re
988 4263 1019 4304 a
1049 4250 1203 4306 nobis
1232 4251 1373 4307 dicta
1402 4261 1530 4309 sunt
1580 4254 1637 4310 iu
1686 4269 1825 4326 prae-

228 4337 434 4394 fatione
461 4338 633 4409 prima
662 4339 845 4396 saeculi
874 4356 954 4408 ιιι,
986 4341 1079 4397 ubi
1115 4342 1322 4399 tabulas
1348 4344 1675 4414 itinerarias,
1704 4363 1824 4419 quae

228 4430 348 4486 vice
373 4431 558 4488 altaris
584 4431 957 4488 itinerantibus
984 4434 1357 4492 sacerdotibus
1386 4449 1605 4505 essent,
1634 4439 1688 4494 in
1722 4455 1825 4496 usu

228 4521 398 4578 fuisse
424 4529 550 4577 ante
578 4522 831 4578 saeculum
865 4538 921 4577 xi
949 4533 1137 4579 contra
1182 4526 1431 4582 eumdem
1476 4528 1676 4586 Rocum
1729 4531 1825 4587 de-

227 4623 586 4671 monstratum
614 4623 717 4671 εει.

298 4708 410 4779 ’14
438 4707 491 4762 8.
546 4708 748 4764 Altaria
793 4709 1016 4768 cibariis
1064 4712 1263 4781 passim
1312 4712 1571 4771 instructa
1623 4725 1821 4785 erant,

227 4800 529 4869 praesertim
558 4799 727 4856 altare
752 4800 945 4871 majus,
977 4801 1116 4872 quod
1146 4803 1376 4871 praevias
1416 4804 1648 4861 habebat
1692 4821 1823 4864 can-

224 4893 418 4960 cellos,
449 4900 505 4948 et
525 4893 764 4964 picturas
792 4909 859 4950 ex
883 4905 1109 4965 utroque
1139 4895 1310 4951 latere
1348 4896 1414 4951 ad
1445 4899 1698 4967 parietes.
1728 4901 1822 4958 Gi-

226 4984 387 5041 boria
409 4995 565 5041 erant
592 4986 800 5042 turritae
827 4986 1085 5055 aediculae,
1110 4998 1340 5059 quatuor
1365 4989 1645 5047 minimum
1668 4994 1821 5050 colu-

225 5078 375 5134 mnis
424 5080 658 5147 innixa,
713 5093 835 5147 qua
886 5078 1131 5137 aedicula:
1182 5084 1352 5139 altare
1383 5085 1633 5155 tegebant
1662 5101 1818 5144 more

221 5171 565 5240 Graecorum,
594 5170 737 5240 apud
763 5185 898 5243 quos
923 5191 943 5223 ι
972 5188 1136 5242 supra
1163 5174 1639 5233 incontaminatam
1665 5193 1820 5236 men-

220 5276 342 5318 sam
391 5270 599 5319 vastum
648 5264 706 5319 in
758 5278 939 5321 aerem
998 5266 1262 5323 immensa
1311 5270 1476 5325 turris
1533 5272 1815 5342 exsurgit:

220 5354 545 5425 quadriﬁdis
559 5370 686 5413 vero
709 5358 979 5429 argenteis
990 5358 1224 5414 arcubus
1252 5360 1591 5430 incumbens,
1625 5379 1819 5434 argen~

223 5443 330 5499 teis
374 5445 599 5514 perinde
627 5447 895 5504 columnis
920 5447 1211 5516 attollitur,
1240 5450 1295 5505 in
1342 5466 1568 5520 quarum
1614 5456 1820 5514 vertice

223 5545 513 5604 argenteos
544 5538 709 5608 pedes
735 5539 923 5596 statuit
960 5555 1119 5597 arcus
1147 5541 1479 5612 quadruplex
1503 5585 1518 5609 ,
1546 5555 1604 5601 ut
1630 5546 1697 5604 de
1741 5550 1820 5605 ci-

225 5627 386 5683 bario
442 5629 659 5687 Sancta:
715 5631 932 5703 Sophia:
1004 5635 1166 5690 tradit
1222 5634 1419 5691 Paulus
1476 5636 1819 5698 Silentiarius

220 5718 370 5787 apud
414 5720 838 5780 eruditissimum
865 5725 1145 5797 Cangium.
1175 5726 1493 5782 Anastasius
1535 5728 1586 5783 in
1620 5730 1819 5802 Grego-

224 5813 315 5872 rio
344 5812 539 5883 primo.
577 5834 599 5869 ι
632 5814 731 5875 llic
759 5819 884 5877 fecit
912 5820 1069 5877 beato
1097 5821 1257 5879 Petro
1285 5821 1531 5893 apostolo
1559 5822 1817 5886 ciborium

1848 4586 1906 4649 D

1940 1901 1992 1955 in
2018 1900 2111 1955 lib.
2141 1919 2178 1957 ιι
2207 1903 2275 1960 de
2302 1907 2479 1964 Gloria
2525 1923 2818 1986 martyrum
2847 1931 2967 1988 cap.
3011 1918 3102 1975 20.
3138 1920 3294 1975 Aliud
3340 1922 3528 1979 ciborii

1938 2005 2105 2063 genus
2140 1998 2240 2051 aevi
2288 2002 2603 2068 posterioris
2651 2007 2836 2063 videre
2884 2009 3010 2066 licet
3059 2012 3197 2082 apud
3248 2012 3527 2085 Hugoneut

1938 2084 2185 2142 abbatem
2212 2088 2691 2163 Flaviniacensem,
2720 2113 2840 2169 pag.
2871 2098 2995 2156 166.
3020 2102 3321 2173 Aliquando
3343 2084 3525 2161 tamen
3566 2136 3567 2141 η

1938 2176 2184 2235 columba
2218 2179 2336 2235 loco
2380 2186 2556 2241 crucis
2583 2198 2701 2244 erat
2731 2190 2783 2244 in
2816 2192 3107 2261 sepulcris,
3141 2203 3198 2250 ut
3226 2195 3293 2252 de
3324 2200 3526 2254 tumulo

1936 2274 2109 2327 sancti
2140 2272 2377 2346 Dionysii
2420 2277 2714 2350 Gregorius
2763 2284 2927 2340 tradit
2955 2287 3007 2341 in
3039 2287 3131 2342 lib.
3166 2305 3183 2342 ι
3229 2289 3297 2345 de
3341 2289 3524 2349 Gloria

1937 2373 2229 2455 martyrum
2259 2382 2378 2438 cap.
2408 2371 2498 2427 72.
2538 2373 2663 2431 Haec
2692 2377 2999 2435 observatio
3043 2382 3112 2438 de
3154 2398 3313 2440 cruce
3362 2399 3524 2455 super

1934 2454 2134 2511 ciboria
2161 2459 2385 2531 alicujus
2414 2468 2671 2522 momenti
2713 2469 2766 2524 in
2808 2475 3257 2543 consequentibus
3305 2454 3525 2538 eritiad

1872 2571 1886 2583 -
1935 2548 2311 2617 explicandqu
2340 2570 2599 2614 canonem
2630 2559 2666 2613 2
2694 2563 2908 2619 concilii
2934 2563 3264 2624 Turonensis
3294 2583 3354 2624 ll.
3386 2568 3518 2641 Ejus

1932 2643 2147 2711 generis
2165 2645 2425 2704 ciborium
2450 2665 2570 2707 cum
2593 2654 2699 2726 '75
2722 2655 3054 2715 Eucharistia
3076 2676 3311 2731 appensa
3332 2676 3523 2722 recens

1933 2734 2230 2795 Beccenses
2257 2745 2425 2798 nostri
2450 2747 2799 2805 restituerunt
2829 2751 2893 2806 ad
2925 2756 3228 2826 exemplum
3276 2757 3520 2815 ecclesia:

1930 2825 2102 2884 beatae
2119 2829 2531 2891 MariazdeValle
2558 2837 2779 2908 Gratiae,
2806 2840 2860 2895 in
2882 2859 2986 2912 qua
3013 2825 3182 2902 altare
3209 2861 3331 2902 cum
3362 2848 3515 2905 cibo-

1931 2918 2013 2975 rio
2037 2933 2132 2977 sex
2150 2924 2415 2982 columnis
2440 2929 2622 2985 innixo
2638 2930 2809 2989 felicis
2847 2937 3124 2993 memoria:
3168 2939 3320 2994 Anna
3372 2942 3514 2997 Aus-

1930 3014 2094 3070 triaca
2119 3032 2270 3075 more
2282 3021 2520 3093 antiquo,
2547 3026 2690 3095 regia
2710 3028 3103 3099 magnificentia
3132 3032 3265 3104 erigi
3292 3036 3521 3091 curavit.

2002 3128 2054 3181 9.
2088 3126 2376 3200 Gregorius
2408 3134 2707 3194 Turonicus
2738 3142 2963 3199 antistes
2990 3158 3094 3198 non
3142 3160 3251 3200 uno
3298 3161 3349 3201 tn
3402 3148 3521 3204 loco

1933 3217 2165 3287 picturas
2200 3223 2447 3279 ecclesia:
2498 3229 2761 3297 parietum
2804 3245 3090 3291 memorat.
3140 3237 3288 3293 Unus
3337 3248 3419 3295 est
3469 3241 3521 3295 in

1925 3308 2019 3366 lib.
2049 3326 2066 3364 ι
2098 3312 2165 3368 de
2208 3314 2388 3371 Gloria
2421 3330 2715 3390 martyrum
2747 3339 2865 3394 cap.
2912 3325 3002 3394 65,
3057 3329 3145 3383 ubi
3187 3328 3254 3384 de
3305 3331 3521 3389 basilica

1926 3407 2099 3461 sancti
2123 3409 2400 3466 Antoliani
2429 3416 2684 3486 martyris
2714 3420 2853 3488 apud
2882 3423 3175 3489 Arvernos,
3210 3440 3367 3494 quam
3398 3426 3518 3482 dua:

1927 3498 2181 3557 mulieres
2230 3503 2566 3573 perillustres
2610 3518 3020 3568 construxerant
3053 3531 3066 3566 :
3105 3533 3124 3567 ‹
3163 3516 3372 3572 Erectis
3422 3534 3520 3587 pa-

1926 3600 2152 3658 rietibus
2180 3618 2343 3673 super
2368 3604 2537 3661 altare
2563 3608 2698 3663 aedis
2731 3608 2892 3679 illius,
2928 3621 3128 3670 turrem
3167 3632 3199 3671 a
3230 3616 3518 3687 columnis,

1928 3703 2131 3773 pharis,
2156 3704 2536 3777 heracliisque,
2566 3712 2917 3768 transvolutis
2939 3716 3172 3772 arcubus
3198 3731 3512 3790 erexerunt,

1927 3796 2118 3852 miram
2159 3811 2391 3854 camerae
2435 3799 2678 3857 fucorum
2726 3804 3126 3864 diversitatibus
3175 3810 3517 3882 imaginatam

1928 3888 2245 3945 adhibentes
2297 3891 2581 3961 picturam.
2618 3913 2637 3948 ι
2683 3896 2847 3953 Addit
2894 3898 3187 3971 Gregorius
3235 3903 3336 3959 hoc
3383 3920 3518 3976 opus

1928 3987 2035 4034 tam
2070 3998 2088 4030 ι
2120 3979 2336 4051 elegans
2367 3990 2421 4039 et
2449 3984 2644 4042 subtile
2674 4005 2694 4040 ι
2727 3988 2916 4058 fuisse,
2943 4000 3001 4047 ut
3021 3994 3190 4049 ruinae
3220 3998 3516 4066 periculum

1928 4086 2155 4130 cernens
2176 4076 2370 4131 Avitus
2395 4078 2658 4149 pontifex,
2690 4100 2711 4135 ‹
2740 4084 3038 4154 anticipans
3060 4086 3289 4144 futuram
3317 4094 3517 4148 colum-

1929 4178 2117 4221 narum
2141 4174 2398 4237 stragem,
2417 4169 2640 4238 jusserit
2686 4173 2850 4244 tigna,
2883 4191 3221 4250 asseresque,
3254 4183 3335 4236 vel
3368 4190 3519 4255 tegu~

1930 4255 2009 4311 las
2027 4259 2284 4314 amoveri.
2309 4258 2513 4326 Quibus
2533 4263 2815 4334 submoris,
2837 4283 2935 4325 nec
2952 4269 3232 4340 adjutoriis
3253 4274 3518 4332 columnis

1929 4349 2258 4420 appositis...
2290 4351 2415 4407 dato
2459 4355 2727 4413 columna:
2772 4359 3038 4418 immenso
3084 4367 3340 4434 pondere,
3388 4383 3510 4425 cum

1930 4457 2122 4513 magno
2158 4445 2336 4501 sonitu
2366 4462 2528 4517 super
2556 4449 2724 4508 altare
2751 4462 2804 4509 et
2825 4455 2969 4511 circa
3013 4457 3184 4515 altare
3214 4461 3512 4531 diruerunt.

1928 4536 2301 4607 completaque
2327 4548 2411 4595 est
2439 4541 2570 4597 aedis
2608 4545 2801 4600 nebula
2844 4548 2915 4603 de
2942 4549 3177 4608 eiiractae
3206 4554 3366 4612 calcis
3395 4559 3515 4627 pul-

1930 4640 2077 4682 vere.
2118 4647 2138 4680 ι
2173 4628 2339 4697 Quem
2369 4631 2545 4689 locum
2582 4635 2843 4706 integrum
2887 4640 3099 4707 refero,
3153 4653 3262 4702 tum
3306 4657 3363 4703 ut
3409 4665 3512 4707 vox

1926 4722 2101 4788 calcis,
2134 4738 2254 4792 quae
2292 4724 2346 4780 in
2377 4728 2552 4783 colicis
2581 4744 2861 4800 perperam
2894 4745 3096 4793 mutata
3129 4739 3321 4806 fuerat,
3354 4744 3509 4798 resti-

1927 4819 2144 4878 tuatur;
2175 4822 2283 4870 tum
2316 4825 2373 4870 ut
2413 4829 2669 4888 appareat
2715 4820 2890 4892 (quod
2941 4828 3189 4895 superius
3231 4834 3510 4905 notatum)

1925 4901 2202 4960 columnas
2231 4905 2297 4960 ad
2338 4905 2505 4961 altare
2549 4918 2755 4965 erectas
2784 4911 2970 4970 fuisse.
3025 4918 3095 4971 At
3138 4933 3202 4973 ex
3248 4901 3514 4992 superiori

1928 4992 2239 5048 testimonio
2268 4993 2428 5049 etiam
2463 4996 2515 5050 id
2544 5008 2774 5068 constat,
2806 5003 2945 5073 quod
2974 5006 3134 5063 modo
3182 5011 3515 5082 probandum

1931 5083 2163 5153 suscepi,
2188 5085 2425 5155 picturas
2447 5089 2732 5157 parietibus
2763 5095 3003 5154 ecclesia:
3024 5103 3297 5171 appositas
3324 5104 3493 5162 fuisse

1930 5173 2064 5230 Hinc
2085 5175 2175 5231 illa
2200 5191 2307 5232 vox
2343 5179 2574 5236 militum
2607 5183 2981 5258 Gundobaldo,
3028 5192 3245 5251 Clotarii
3303 5198 3398 5270 (uti
3454 5216 3514 5256 se

1926 5268 2153 5340 ferebat)
2178 5270 2309 5342 filio,
2342 5273 2713 5335 insultantium
2744 5283 2884 5353 apud
2914 5286 3161 5341 eumdem
3196 5268 3511 5360 Gregorium

1925 5361 1983 5418 in
2012 5362 2260 5421 Historia:
2306 5366 2398 5422 lib.
2430 5385 2504 5425 vn
2534 5385 2652 5441 cap.
2687 5373 2754 5425 56
2787 5391 2801 5430 :
2839 5394 2859 5427 ι
2896 5377 3047 5435 Tune
3073 5394 3131 5436 es
3179 5383 3353 5453 pictor
3401 5388 3516 5460 ille,

1926 5458 2014 5528 qui
2042 5467 2279 5530 tempore
2301 5458 2520 5519 Clotarii
2543 5466 2685 5536 regis
2714 5481 2808 5538 per
2835 5473 3067 5527 oratoria
3095 5477 3327 5545 parietes
3350 5458 3514 5556 atque

1927 5564 2166 5606 cameras
2187 5555 2515 5610 caraxabas?
2551 5576 2569 5609 ι
2608 5559 2671 5613 Ει
2712 5560 2764 5613 ἱιι
2796 5574 2914 5636 cap.
2945 5560 3016 5616 22
3044 5566 3219 5637 agitur
3246 5570 3315 5629 de
3363 5555 3511 5644 puel-

1928 5644 1994 5699 lis
2042 5654 2097 5701 et
2151 5647 2331 5716 pueris
2375 5650 2630 5715 Eberulfi,
2690 5652 2824 5722 quis
2860 5656 3226 5726 suspiciebant
3278 5666 3514 5734 picturas

1929 5741 2215 5812 parietum,
2250 5744 2682 5815 rimalianturque
2705 5761 3017 5809 ornamenta
3048 5759 3281 5828 sepulcri
3313 5780 3331 5812 ι
3369 5762 3510 5820 bcatt

1930 5832 2161 5893 Martini.
2188 5836 2331 5899 idem
2353 5838 2420 5896 dc
2448 5838 2868 5905 Wircniuthensi
2895 5852 3115 5910 ecclesia
3148 5853 3345 5924 legitur
3376 5860 3511 5929 apud
