4108 6352
634 306 737 365 155

1314 318 1665 378 ΑΡΡΕΝΒΙΧ
1699 319 1794 377 AD
1830 320 2061 379 OPEHA
2097 322 2340 381 SANCTI
2383 325 2693 383 GERMANI
2734 329 3177 398 PARISIENS’IS.

3825 342 3929 399 155

626 421 827 528 Eodem
862 427 913 482 in
942 428 1035 484 lib.
1070 430 1173 487 tde
1202 431 1433 489 Historia
1461 437 1769 492 monasterii
1801 438 1911 509 76
1938 437 2042 505 sui,
2067 453 2215 494 num.
2244 443 2296 503 Α
2326 456 2495 497 versus
2537 445 2702 499 altare
2758 447 3027 519 dividitur,
3080 451 3250 505 choris
3299 462 3503 508 tantum
3577 457 3933 528 psallentium

628 517 683 573 6.
716 518 940 577 Pictura:
970 525 1128 579 etiam
1150 536 1303 582 erant
1331 530 1382 582 in
1413 529 1504 585 illo
1531 529 1843 601 baptisterio
1867 532 2009 601 quod
2040 532 2219 603 Sulpi-

624 614 741 667 cius
770 613 1001 671 Severus
1023 627 1382 682 esstruserat,
1410 622 1495 676 ubi
1526 622 1784 693 imagines
1807 625 1977 678 sancti
2006 623 2219 681 Martini

624 711 683 759 et
714 704 917 762 Paulini
966 708 1151 766 Nolani
1191 712 1364 768 adhuc
1394 714 1621 770 viventis
1652 715 1865 785 depingi
1894 728 2197 774 curaverat.

624 802 778 870 Quod
808 804 873 858 de
895 820 986 859 sua
1016 806 1282 875 improbat
1310 809 1563 864 Paulinus
1597 811 1708 881 ipse
1739 811 1791 866 in
1822 812 2047 881 epistola
2074 827 2217 869 nunc

625 893 694 949 52
723 898 788 951 ad
816 898 1094 956 Severum.
1130 902 1375 959 Praeclari
1407 916 1530 959 sunt
1574 905 1803 962 Eunodii
1830 922 2015 963 versus
2043 909 2093 964 in
2127 911 2217 963 ba-

625 990 869 1060 ptisterio
899 993 1091 1062 agello,
1121 994 1211 1049 ubi
1241 995 1363 1065 picti
1393 1004 1545 1051 erant
1564 1005 1851 1069 martyres,
1886 1014 2109 1069 quorum
2141 998 2215 1056 ibi

624 1082 865 1154 reliquias
904 1086 1132 1141 condita:
1162 1098 1334 1142 erant.

808 1195 955 1265 Rapta
988 1200 1255 1261 sepulturis
1279 1202 1509 1251 animavit
1533 1216 1735 1264 corpora
1762 1205 1931 1265 pictor.

906 1274 1055 1311 unera
1082 1266 1186 1313 viva
1215 1265 1385 1313 videns
1412 1276 1543 1313 mors
1566 1272 1645 1314 est
1672 1267 1721 1315 in
1747 1267 1974 1318 tumulos.

808 1321 1005 1391 Illorum
1032 1331 1192 1391 tamen
1214 1328 1314 1391 iste
1339 1327 1472 1377 locus
1494 1328 1833 1389 commeatitur
1852 1339 2004 1391 artus,

868 1386 998 1444 Quos
1024 1390 1183 1450 paries
1209 1387 1353 1449 facie,
1380 1403 1521 1437 mens
1544 1386 1684 1439 t-ettet
1708 1391 1832 1440 alma
1858 1392 1971 1441 ﬁde.

691 1491 943 1550 Paulinus
967 1510 1092 1550 mox
1123 1494 1370 1551 laudatus
1400 1496 1452 1550 in
1477 1495 1637 1551 natali
1669 1494 1703 1552 9
1735 1496 1804 1552 de
1826 1506 2013 1554 sancto
2036 1496 2214 1557 Felice

612 1595 880 1642 memorat
920 1588 1153 1656 picturas
1186 1588 1479 1656 porticibus
1524 1589 1770 1645 ecclesiae
1813 1592 2106 1660 appositas,
2157 1592 2210 1648 in

611 1677 808 1748 quibus
855 1678 1074 1734 historia
1123 1678 1286 1735 Mosis
1335 1679 1407 1735 ob
1451 1680 1635 1737 oculos
1680 1683 1851 1752 posita
1886 1692 2024 1738 erat.
2059 1683 2208 1739 Facti

611 1769 875 1828 rationem
907 1772 1043 1828 hanc
1088 1772 1285 1840 reddit,
1339 1788 1533 1844 nempe
1578 1783 1635 1829 ut
1684 1774 1839 1830 turba
1888 1776 2211 1833 rusticorum
2253 1820 2261 1828 .
2316 1769 2418 1796 ⁸³⁸⁵³
2448 1769 2501 1797 ⁸⁸
2536 1769 2805 1812 “mcum”
2839 1769 2965 1803 ⁰¹¹¹¹¹
2992 1769 3078 1803 ¹¹¹⁰

614 1877 721 1904 nnn
758 1880 777 1904 ι
807 1862 960 1904 dnnln
987 1864 1194 1904 lunam“
1251 1884 1268 1904 ι
1302 1864 1433 1904 vicia
1466 1876 1768 1904 cnnnlnrnm
1801 1868 1929 1904 notia
1957 1869 2021 1904 cui
2054 1869 2207 1904 Plui-
2239 1840 2289 1904 Β
2314 1835 2656 1890 excutiuntur
2683 1847 3020 1894 "mamenm‘
3058 1858 3078 1893 .

611 1877 721 1918 non
758 1880 777 1915 ι
807 1862 963 1919 docta
987 1864 1217 1935 legendi,
1250 1884 1268 1918 ι
1302 1864 1434 1922 visis
1464 1876 1769 1923 sanctorum
1800 1868 1932 1924 actis
1956 1869 2023 1923 ad
2054 1869 2208 1926 Chri-

610 1962 756 2011 Stum
786 1964 1130 2013 convertatur
1162 1974 1176 2012 :
1206 1957 1405 2014 deinde
1437 1968 1494 2015 ut
1521 1961 1609 2030 qui
1641 1960 1829 2032 vigiles
1877 1970 2091 2018 noctem
2143 1963 2194 2019 in

612 2048 840 2103 ecclesia
867 2048 1131 2106 ducebant
1161 2049 1437 2106 insomnes
1462 2092 1478 2117 ,
1511 2051 1594 2108 his
1626 2053 1847 2122 picturis
1876 2054 2085 2111 animos
2116 2070 2208 2125 pa-

610 2150 851 2208 scerent,
881 2152 934 2199 et
964 2158 992 2197 a
1025 2143 1513 2213 compntationibus
1537 2154 1928 2201 averterentur.

683 2234 770 2292 10.
804 2233 921 2291 Νοιι
952 2235 1129 2303 itaque
1163 2236 1216 2291 in
1246 2236 1401 2292 altari
1434 2246 1589 2293 erant
1624 2239 1844 2306 pictura:
1872 2250 1963 2295 aut
2009 2239 2203 2310 imagi-

604 2343 725 2397 nes,
758 2330 857 2386 nisi
900 2329 1191 2386 admodum
1225 2332 1279 2386 in
1305 2335 1436 2389 velis
1465 2343 1517 2389 et
1555 2333 1783 2388 arcubus
1824 2334 2029 2399 ciborii,
2064 2334 2205 2405 quod

607 2424 850 2481 eruditus
899 2423 1131 2496 Cangius
1180 2426 1427 2481 observat
1477 2426 1532 2481 in
1590 2426 1948 2495 descriptione
1994 2426 2205 2485 Sanctae

604 2515 840 2585 Sopltiae.
876 2516 989 2573 Huc
1018 2516 1245 2573 fortasse
1272 2516 1412 2588 trahi
1442 2525 1621 2589 potest
1648 2517 1699 2572 id
1724 2517 1864 2589 quod
1892 2516 2116 2587 Optatus
2148 2520 2203 2574 in
2223 2564 2235 2574 .

602 2609 709 2667 fine
739 2610 856 2665 libri
890 2625 945 2666 ιιι
977 2611 1138 2665 tradit
1168 2611 1236 2666 de
1264 2610 1432 2667 Paulo
1461 2618 1518 2667 et
1543 2610 1797 2678 Macario,
1830 2612 1918 2681 qui
1949 2613 2201 2669 diceban-

603 2710 692 2759 tur
717 2704 949 2771 venturi,
984 2723 1000 2756 ι
1035 2713 1093 2759 ιιι
1141 2705 1467 2761 interessent
1492 2704 1789 2771 sacriﬁcio;
1823 2714 1880 2761 et
1913 2719 2035 2761 cum
2064 2705 2203 2760 alta-

599 2798 679 2855 ria
710 2797 1021 2854 snlemniter
1049 2806 1366 2869 aptarentur
1386 2839 1400 2864 ,
1434 2798 1738 2868 proferrent
1771 2798 1841 2852 illi
1887 2798 2198 2868 imaginem,

600 2905 759 2960 quam
798 2891 964 2958 primo
994 2891 1047 2947 in
1079 2891 1233 2947 altari
1262 2899 1560 2961 ponerent,
1589 2900 1643 2946 et
1668 2889 1746 2945 sic
1775 2888 2099 2945 sacriﬁcium
2122 2887 2199 2944 of«

584 2984 856 3053 ferretur.
891 3004 909 3038 ι
944 2987 1061 3055 Quo
1105 3000 1323 3041 rumore
1372 2986 1441 3040 ita
1494 2983 1727 3055 perculsi
1755 2991 1883 3039 sunt
1907 2984 2099 3049 animi,
2146 2991 2205 3039 ut

598 3078 940 3143 sacriﬁcium,
976 3078 1124 3132 velut
1154 3096 1173 3130 ι
1209 3092 1421 3133 sacrum
1454 3095 1474 3130 ι
1524 3090 1589 3132 ac
1617 3058 2016 3140 detestandum,
2048 3088 2203 3129 aver-

596 3181 863 3226 sarentur.
890 3170 995 3226 Sed
1018 3180 1355 3241 compertum
1383 3177 1466 3225 est
1487 3167 1678 3225 falsum
1709 3167 1877 3224 fuisse
1902 3182 2198 3221 rumorem.

604 3282 624 3318 ι
662 3263 784 3320 Visa
812 3273 899 3320 est
929 3263 1150 3330 paritas,
1179 3273 1234 3319 et
1262 3264 1365 3318 ritu
1390 3262 1548 3318 solito
1576 3262 1835 3319 solemnis
1863 3258 2201 3317 consuetudo

596 3366 878 3429 perspecta
904 3366 1005 3413 est.
1046 3376 1063 3409 ι
1101 3357 1435 3428 Quamquam
1482 3354 1782 3411 existimem
1818 3353 1868 3408 id
1904 3353 2080 3422 potius
2132 3352 2201 3408 de

595 3449 902 3508 Constantis
922 3451 1263 3522 imperatoris
1289 3466 1448 3523 quam
1480 3451 1548 3507 de
1577 3449 1750 3522 aliqua
1778 3463 1928 3504 sacra
1954 3449 2191 3519 imagine

593 3560 713 3602 esse
743 3545 1165 3611 intelligendum.
1198 3544 1314 3600 Non
1335 3543 1440 3616 77
1474 3542 1606 3597 satis
1630 3551 1845 3597 constat
1865 3554 1972 3610 quo
1994 3540 2047 3594 in
2067 3540 2188 3595 loco

594 3649 737 3693 esset
768 3639 853 3692 illa
880 3638 1246 3695 Narbnttensis
1267 3636 1513 3693 ecclesiae
1537 3654 1556 3686 ‹
1589 3634 1791 3703 pictura
1815 3674 1832 3701 ,
1875 3648 1995 3703 quae
2018 3630 2195 3686 Darni-

602 3746 729 3786 nutn
754 3741 1019 3793 nostrum,
1042 3731 1193 3800 quasi
1220 3731 1565 3800 praecinctum
1589 3729 1772 3795 linteo,
1794 3724 2200 3782 indicabatcru-

592 3826 829 3881 ciﬁxum.
860 3845 881 3877 ι
911 3825 1156 3879 Christus
1176 3839 1304 3879 vero
1325 3823 1534 3880 cuidam
1551 3822 1863 3894 presbytero
1882 3818 2200 3889 apparuisse

591 3918 808 3985 dicitur,
841 3926 1164 3987 conquestus
1188 3914 1329 3985 quod
1358 3930 1418 3971 se
1448 3915 1647 3969 nudum
1675 3910 2033 3981 spectantium
2058 3924 2191 3965 oeu-

590 4009 657 4067 lis
684 4009 1073 4065 exltibuissent.
1105 4007 1333 4063 Monitus
1357 4008 1660 4075 episcopus,
1701 4021 1719 4055 ι
1756 4004 1988 4073 desuper
2016 4001 2192 4057 velum

588 4103 823 4174 expendi
846 4103 1028 4173 jussit,
1070 4121 1087 4153 ι
1123 4099 1261 4173 apud
1293 4098 1609 4169 Gregorium
1636 4096 1688 4149 in
1715 4094 1809 4150 lib.
1845 4109 1862 4149 ι
1914 4095 1980 4148 de
2009 4091 2193 4149 Gloria

587 4206 884 4271 martyrum
913 4212 1031 4266 cap.
1063 4195 1152 4249 23.
1188 4194 1414 4263 Dignum
1444 4194 1640 4245 nostrae
1686 4189 1831 4243 aetati
1862 4185 2190 4256 exemplum.

662 4294 747 4348 il.
779 4290 947 4345 Venio
977 4288 1041 4342 ad
1084 4286 1325 4343 ecclesiae
1372 4282 1659 4349 cancellos,
1711 4294 1848 4349 quos
1889 4278 1992 4333 sub
2036 4292 2189 4346 arcu,

588 4382 677 4439 ubi
708 4382 890 4437 clerici
924 4380 1242 4449 psallebant,
1276 4377 1479 4446 positos
1511 4373 1675 4427 luisse
1702 4371 1860 4426 docet
1890 4369 2190 4439 Gregorius

586 4477 641 4533 in
665 4476 737 4532 lib
767 4493 808 4532 1.
834 4477 903 4531 de
927 4455 1109 4530 otﬂ
1141 4478 1436 4542 martyrum
1478 4482 1598 4539 cap.
1634 4464 1724 4521 59.
1755 4462 1856 4528 Qui
1901 4462 2047 4517 locus
2090 4461 2192 4517 etsi

587 4571 653 4627 ad
694 4572 863 4626 sancti
910 4566 1177 4623 Pancratii
1224 4562 1549 4629 ecclesiam,
1599 4573 1720 4628 qua:
1770 4571 1874 4611 non
1925 4553 2108 4625 procul
2157 4569 2188 4609 a

583 4658 772 4723 Roma:
798 4666 944 4720 urbis
975 4678 1130 4717 muro
1157 4667 1293 4725 erat,
1329 4658 1612 4729 pertineat,
1646 4650 1731 4707 hic
1756 4659 1935 4705 tamen
1966 4664 2072 4703 non
2101 4647 2184 4702 vi-

582 4754 740 4816 detur
771 4751 1284 4829 prattermittendus.
1316 4750 1404 4806 Ait
1432 4740 1614 4819 itaque
1656 4754 1901 4801 sanetum
1951 4742 2184 4797 Pancra-

581 4852 715 4908 tium
747 4865 995 4905 severum
1029 4848 1192 4903 fuisse
1220 4843 1288 4900 de
1319 4840 1552 4913 perjuris
1581 4838 1808 4893 ultorem
1844 4852 1857 4889 :
1898 4853 1913 4882 ι
1954 4833 2034 4888 Ad
2085 4846 2182 4887 cu-

580 4944 669 5019 jus
696 4942 1005 5012 sepulcrum
1038 4940 1082 4992 si
1126 4937 1441 5006 cujusquam
1474 4945 1625 4985 mens
1658 4930 1844 4983 insana
1884 4922 2133 4997 juramen
2154 4953 2180 4964 -

584 5048 698 5095 tum
743 5038 901 5091 inane
931 5032 1172 5104 proferre
1210 5027 1456 5092 voluerit,
1509 5023 1818 5095 priusquam
1872 5020 2179 5089 sepulcrum

585 5131 703 5202 ejus
729 5127 907 5193 adeat,
955 5125 1055 5179 hoc
1085 5130 1168 5178 est
1197 5129 1482 5192 antequam
1512 5115 1580 5172 ad
1610 5113 1903 5179 cancellos,
1937 5112 2027 5184 qui
2078 5110 2181 5166 sub

584 5239 713 5281 arcu
745 5220 1027 5284 habentur,
1060 5215 1146 5271 ubi
1170 5214 1489 5270 clericorum
1515 5207 1857 5280 psallentium
1888 5213 2036 5262 stare
2059 5210 2180 5258 mes

586 5328 691 5383 est,
723 5313 960 5378 accedat,
989 5308 1168 5365 statim
1203 5315 1292 5361 aut
1322 5292 1579 5374 arripitur
1603 5316 1633 5356 a
1664 5300 1930 5366 damone,
1964 5306 2057 5353 aut
2086 5310 2177 5352 ca-

586 5409 721 5464 dens
748 5406 799 5459 in
826 5403 1190 5479 pavimentum
1220 5397 1417 5453 emittit
1441 5394 1707 5464 spiritum.
1750 5412 1768 5445 ›
1797 5390 2038 5446 Cancelli
2067 5389 2182 5444 cle-

586 5503 821 5559 ricorum
851 5496 1074 5552 chorum
1104 5504 1157 5551 et
1187 5493 1354 5549 altare
1386 5506 1414 5544 a
1466 5488 1616 5543 laicis
1645 5487 1987 5554 scparabant,
2022 5484 2181 5540 sicuti

588 5591 893 5666 prtescribit
921 5605 1095 5646 canon
1143 5587 1177 5640 4
1207 5584 1420 5643 concilii
1454 5598 1488 5636 ιι
1540 5580 1870 5635 'I‘ur0nensis
1906 5597 1918 5633 :
1955 5576 2023 5631 Ut
2051 5576 2182 5629 laici

588 5705 731 5744 secus
779 5685 963 5750 altare,
993 5699 1094 5755 quo
1124 5690 1299 5737 sancta
1352 5675 1593 5744 mysteria
1644 5672 1989 5735 celebrantur,
2047 5670 2171 5723 inter

585 5781 798 5835 clericos
850 5788 951 5833 tam
986 5779 1053 5830 ad
1110 5774 1327 5843 vigilias,
1384 5784 1534 5835 quam
1568 5766 1634 5819 ad
1665 5766 1868 5829 missas,
1900 5770 2037 5816 stare
2078 5778 2170 5829 pe—

579 5875 725 5949 nitus
750 5888 852 5928 non
901 5872 1210 5941 prwsumunt
1239 5878 1257 5919 :
1285 5862 1371 5939 sed
1398 5876 1519 5933 pars
1546 5858 1640 5915 illa
1687 5871 1800 5929 qua:
1856 5871 1889 5907 α
1934 5853 2180 5911 cancellis

2324 545 2499 606 pateat
2539 536 2859 597 clericorum.
2914 542 3079 598 Paulo
3136 544 3291 602 aliter
3338 548 3479 618 apud
3526 549 3779 617 Graecos,
3833 555 3926 611 ubi

2323 629 2544 689 clericos
2572 634 2639 688 ab
2664 634 2813 689 altari
2848 638 3173 707 separabant
3202 641 3446 707 cancelli,
3475 642 3671 711 quibus
3702 646 3807 700 soli
3836 661 3932 701 sa-

2320 724 2565 780 cerdotes
2610 728 3049 793 continebantur,
3101 732 3239 799 apud
3286 732 3543 803 Cangium
3597 739 3651 791 in
3706 738 3929 795 Descri-

2322 816 2501 882 ptiooe
2528 818 2738 873 Sanctae
2769 819 3013 889 Sapbim,
3045 839 3192 879 num.
3226 826 3311 881 70.
3364 825 3531 881 Erant
3578 838 3635 883 et
3686 833 3929 887 cancelli

2320 910 2385 964 ad
2416 913 2649 968 tumulos
2676 924 3005 971 sanctorum.
3040 917 3346 989 Gregorius,
3382 922 3433 975 in
3464 920 3558 976 lib.
3592 938 3609 978 ι
3657 923 3731 979 de
3764 928 3932 979 mira-

2317 1004 2453 1059 culis
2481 1004 2648 1059 sancti
2679 1007 2888 1062 Martini
2914 1023 3031 1078 cap.
3064 1008 3154 1077 33,
3188 1011 3353 1066 refert
3374 1012 3655 1084 cujusdam
3692 1015 3925 1085 factum,

2317 1094 2407 1166 qui
2439 1114 2458 1147 ι
2495 1097 2693 1169 lignum
2725 1100 3031 1157 venerabile
3074 1103 3141 1157 de
3171 1105 3411 1160 cancello
3444 1106 3651 1171 lectuli,
3694 1127 3716 1161 ι
3757 1109 3811 1163 id
3844 1120 3929 1166 est

2317 1188 2528 1255 tumuli,
2565 1193 2733 1247 sancti
2765 1192 2978 1250 Martini
3008 1196 3322 1254 abstulerat.
3354 1199 3519 1255 Porro
3550 1203 3791 1258 cancelli
3820 1202 3921 1260 ali-

2316 1272 2549 1348 quando,
2597 1285 2679 1338 vel
2724 1286 2914 1341 saltem
2957 1303 3141 1344 eorum
3193 1301 3530 1356 ornamenta,
3586 1298 3929 1353 constabant

2316 1381 2556 1440 argento,
2589 1376 2676 1430 cui
2716 1392 2821 1432 non
2876 1383 3112 1448 pepercit
3159 1382 3269 1454 78
3314 1384 3581 1442 Caesarius
3625 1388 3929 1459 episcopus

2316 1460 2677 1536 Arelatensis,
2709 1469 2838 1524 illud
2868 1474 3185 1541 expendens
3216 1476 3266 1528 in
3298 1478 3633 1546 captivorum
3690 1481 3920 1536 redem-

2317 1556 2573 1626 ptionem.
2610 1578 2629 1611 ι
2666 1561 2928 1619 Videntur
2964 1566 3122 1621 etiam
3156 1567 3425 1638 hodieque
3471 1571 3569 1641 (ait
3601 1570 3923 1645 Cyprianus

2317 1648 2370 1703 in
2393 1648 2484 1706 lib.
2514 1664 2530 1705 ι
2558 1651 2626 1708 de
2650 1652 2768 1724 ejus
2799 1655 2939 1723 Vita,
2961 1672 3108 1713 num.
3142 1657 3233 1728 l7)
3255 1662 3523 1716 securium
3557 1664 3697 1718 ictus
3732 1666 3792 1719 in
3822 1680 3919 1734 po-

2316 1740 2418 1796 diis
2448 1752 2501 1797 et
2536 1745 2805 1812 cancellis,
2839 1748 2965 1803 dum
2991 1750 3115 1805 inde
3144 1752 3519 1808 columnarum
3566 1769 3631 1809 ex
3684 1766 3920 1825 argenta

2388 1926 2473 1981 ιε.
2513 1930 2711 1985 Praeter
2739 1931 2991 2001 picturas,
3016 1935 3178 1989 etiam
3211 1936 3370 2005 pallia
3388 1937 3472 2008 (ut
3498 1938 3796 2007 vocabant)
3821 1953 3916 1995 seu

2312 2021 2505 2089 tapetia
2534 2036 2599 2076 ex
2629 2024 2919 2092 parietibus
2948 2025 3281 2095 pendebant,
3314 2028 3429 2084 vela
3464 2030 3517 2083 in
3559 2028 3741 2084 ostiis.
3776 2030 3913 2086 Gre-

2312 2112 2493 2182 gorius
2520 2112 2572 2167 in
2598 2113 2736 2167 lib.t
2778 2115 2847 2170 de
2878 2115 3145 2172 Miraculis
3194 2120 3363 2173 sancti
3417 2119 3623 2174 Martini
3674 2135 3805 2189 cap.
3854 2122 3917 2176 l3

2311 2202 2406 2267 ait,
2442 2202 2578 2259 hanc
2605 2204 2743 2273 apud
2772 2204 2931 2261 Italos
2951 2207 3239 2277 specialem
3263 2208 3558 2280 (mendose,
3586 2212 3918 2279 spiritalem)

2310 2298 2491 2370 vigere
2521 2299 2808 2369 medelam,
2836 2308 2893 2355 ut
2918 2302 2963 2355 si
2994 2303 3115 2372 quis
3143 2302 3367 2372 pustulae
3418 2303 3749 2372 percutiatur
3801 2308 3917 2359 vul-

2311 2406 2459 2457 nere,
2492 2392 2555 2445 ad
2579 2394 2938 2463 propinquum
2963 2397 3101 2465 quod
3131 2395 3291 2451 fuerit
3317 2397 3456 2452 beati
3489 2397 3701 2469 Martini
3726 2408 3914 2455 orat;

2310 2484 2445 2538 rium
2478 2483 2735 2539 habeatur
2764 2485 3094 2556 perfugium;
3128 2498 3181 2543 et
3211 2496 3304 2543 aut
3331 2503 3403 2543 ex
3437 2489 3555 2543 velo
3577 2490 3786 2558 januze,
3819 2500 3913 2545 aut

2309 2576 2545 2646 palliolis
2568 2593 2686 2647 quae
2709 2578 2947 2646 pendent
2968 2579 3375 2649 doparietibus,
3399 2579 3655 2649 quidquid
3676 2583 3914 2650 primum

2307 2676 2519 2738 raptum
2540 2666 2720 2735 fuerit,
2747 2668 2805 2723 ﬁt
2831 2668 3067 2725 salubre.
3102 2687 3122 2721 ι
3159 2671 3314 2739 Apud
3345 2670 3618 2737 eumdem,
3652 2675 3702 2725 in
3726 2674 3828 2728 tib.
3862 2690 3912 2729 tv

2308 2759 2557 2815 Historiae
2589 2775 2708 2830 cap.
2740 2761 2831 2826 3|,
2859 2763 2974 2815 avis
3005 2760 3249 2831 quaedam
3287 2778 3307 2812 ι
3361 2761 3413 2815 iu
3464 2763 3763 2817 sacrarium
3814 2766 3915 2819 sub

2308 2851 2427 2907 velo
2462 2871 2478 2903 ι
2517 2853 2775 2908 transisse
2803 2852 3030 2919 dicitur,
3079 2863 3131 2907 et
3178 2852 3505 2907 cicintlelem
3555 2854 3910 2924 exstinguere

2309 2947 2579 3013 voluisse,
2639 2966 2659 2999 ι
2709 2947 2812 3002 nisi
2858 2966 2876 2998 ι
2926 2948 2994 3001 ab
3044 2947 3277 3001 ostiariis
3320 2965 3340 2999 ι
3377 2946 3643 3016 prohibita
3694 2948 3911 3006 fuisset.

2296 3028 2612 3097 Sacrarium
2664 3040 2813 3095 locus
2857 3049 2943 3097 est
2988 3040 3197 3107 altaris,
3249 3056 3409 3111 quem
3461 3042 3638 3098 locum
3677 3044 3797 3097 vela
3843 3044 3906 3098 ad

2306 3135 2441 3189 ostia
2472 3133 2790 3205 presbyterii
2844 3149 3081 3205 appensa
3114 3135 3382 3205 tegebant.
3419 3135 3736 3191 inferiorum
3773 3152 3904 3193 vero

2226 3218 2277 3291 C
2307 3227 2678 3283 ministrorum
2707 3227 2761 3282 id
2789 3227 2948 3282 ofﬁcii
2974 3235 3111 3291 erat,
3144 3238 3199 3283 ut
3225 3227 3510 3283 senioribus
3538 3231 3652 3283 vela
3683 3230 3753 3282 ad
3775 3232 3906 3285 estis

2305 3321 2644 3384 subiacerent,
2675 3335 2740 3376 ex
2783 3318 2995 3376 concilii
3027 3320 3393 3378 Narbonensis
3420 3335 3627 3377 canone
3675 3321 3763 3376 15.
3799 3321 3905 3376 Ne-

2308 3413 2589 3483 potianus,
2615 3422 2751 3469 teste
2799 3413 3157 3483 Hieronymo,
3191 3413 3428 3469 maxime
3469 3413 3736 3468 sollicitus
3762 3424 3905 3479 erat,

2311 3524 2332 3559 ι
2363 3507 2409 3561 si
2436 3506 2631 3563 niteret
2656 3505 2847 3569 altare,
2880 3505 2926 3560 si
2959 3506 3193 3575 parietes
3221 3507 3423 3577 absque
3452 3503 3707 3576 fuligine,
3736 3507 3785 3561 si
3814 3523 3907 3577 pa-

2305 3602 2600 3658 vimentum
2629 3612 2850 3669 tersum,
2884 3602 2929 3657 si
2953 3600 3159 3671 janitor
3183 3603 3373 3658 creber
3402 3602 3458 3658 in
3484 3611 3640 3672 porta
3658 3642 3673 3667 .
3708 3605 3754 3659 si
3784 3604 3905 3659 vela

2305 3708 2519 3764 semper
2547 3694 2599 3748 in
2634 3694 2811 3760 ostiis,
2842 3695 2890 3750 si
2918 3695 3214 3750 sacrarium
3263 3695 3544 3762 mundum,
3586 3698 3631 3749 si
3664 3710 3789 3751 vasa
3824 3697 3903 3751 lI~

2302 3788 2537 3855 culents,
2568 3797 2622 3843 et
2648 3788 2703 3843 in
2731 3802 2922 3845 omnes
2950 3789 3305 3845 czeremonias
3330 3790 3410 3859 pia
3441 3789 3756 3846 sollicitudo
3795 3790 3903 3844 dis-

2304 3882 2493 3951 posita.
2534 3901 2552 3933 s
2583 3881 2662 3936 Ad
2692 3880 2807 3935 haec
2834 3884 2886 3934 lu
2914 3881 3135 3936 eiboriis
3189 3882 3353 3935 etiam
3393 3881 3513 3937 vela
3542 3889 3794 3951 quatuor,
3832 3894 3897 3937 ne

2302 3987 2458 4029 sacra
2488 3975 2799 4043 quarumvis
2835 3974 3075 4043 aspectui
3108 3981 3371 4043 peterent,
3420 3986 3683 4041 suSpeusa
3734 3971 3899 4029 fuisse

2300 4069 2477 4138 colligi
2509 4075 2686 4138 potest
2716 4082 2782 4124 es
2829 4066 2996 4123 simili
3025 4082 3178 4123 more
3203 4081 3310 4122 non
3332 4066 3507 4123 solum
3558 4066 3893 4132 Graecorum,

2297 4159 2391 4213 sed
2439 4160 2603 4214 etiam
2650 4159 3055 4224 Romanorum,
3106 4158 3175 4214 de
3225 4157 3422 4226 quibus
3472 4158 3790 4212 Anastasius
3842 4158 3896 4212 in

2298 4251 2478 4307 Leone
2504 4252 2571 4307 ιιι
2606 4270 2619 4305 :
2653 4269 2676 4306 s
2724 4251 2877 4307 Fecit
2922 4260 2980 4307 et
3028 4252 3084 4306 in
3134 4251 3362 4307 circuitu
3407 4249 3594 4306 altaris
3624 4250 3730 4306 alia
3781 4251 3894 4307 vela

2295 4344 2440 4411 alba,
2472 4345 2771 4401 boloserica
2820 4351 3023 4411 rosata,
3053 4359 3179 4414 quae
3203 4342 3437 4413 pendent
3462 4344 3516 4398 in
3544 4356 3676 4399 arcu
3702 4342 3772 4399 de
3814 4343 3890 4397 ci-

2294 4436 2468 4505 bario,
2522 4452 2747 4494 numero
2789 4447 3037 4506 quatuor.
3077 4454 3097 4489 ι
3144 4435 3459 4506 Quanquam
3505 4434 3577 4492 de
3628 4433 3893 4505 ejusmodi

2242 4528 2249 4608 ί
2296 4531 2430 4587 velis
2452 4532 2519 4587 ad
2543 4534 2743 4590 ciboria
2774 4536 2973 4591 nullam
2998 4539 3214 4594 invenio
3243 4539 3382 4608 apud
3408 4547 3620 4593 veteres
3638 4545 3883 4593 auctores

2213 4602 2271 4670 Ῑ)
2294 4632 2506 4678 nostros
2538 4626 2888 4682 mentionem.
2913 4628 3046 4684 lilud
3071 4631 3232 4685 etiam
3260 4602 3363 4686 liuc
3387 4631 3528 4692 facit,
3556 4630 3699 4697 quod
3719 4630 3885 4700 pallas

2290 4715 2484 4784 quibus
2508 4729 2660 4771 sacra
2691 4720 3022 4787 tegebantur,
3052 4736 3157 4777 non
3180 4722 3289 4795 79
3306 4733 3516 4791 tenues,
3547 4724 3889 4793 utdisimus,

2289 4804 2386 4859 sed
2401 4805 2597 4860 densas
2618 4821 2738 4862 esse
2758 4809 3008 4865 volebant
3023 4822 3295 4867 nostrates
3310 4814 3470 4881 Galli,
3497 4830 3566 4870 ne
3586 4817 3889 4886 mysteriaa

2288 4897 2566 4968 quibusvis
2593 4912 2964 4957 cernerentur.
3004 4905 3135 4973 Qum
3178 4910 3355 4961 cautio
3401 4923 3505 4961 non
3538 4908 3750 4973 ,fuisset
3798 4925 3887 4965 ne-

2287 4995 2542 5059 cessaria,
2590 4997 2635 5051 si
2681 4996 2925 5052 velorum
2971 5012 3125 5054 usum
3177 4998 3228 5053 in
3279 4999 3501 5055 cibariis
3542 5000 3875 5056 habuissent.

2296 5085 2664 5145 Pavimentum
2691 5105 2821 5147 vero
2847 5093 3092 5149 ecclesia
3120 5108 3227 5148 non
3272 5107 3395 5148 raro
3423 5108 3491 5150 ex
3545 5096 3779 5155 musivn,
3827 5093 3877 5147 id

2294 5189 2378 5235 est
2412 5182 2699 5238 tessellatis
2737 5183 3019 5253 lapidibus,
3056 5184 3473 5241 ut‘Coloniensis
3520 5185 3871 5241 Titebaiorum

2292 5276 2431 5344 apud
2461 5275 2774 5346 Gregorium
2800 5280 2851 5331 in
2877 5277 2969 5333 lib.
2997 5294 3015 5333 ι
3040 5278 3107 5334 de
3133 5280 3301 5350 gloria
3325 5278 3618 5349 Martyrum
3641 5294 3764 5348 cap.
3793 5276 3874 5332 δὲ.

2292 5364 2513 5421 Tectum
2544 5367 2827 5437 aliquando
2851 5383 2916 5424 es
2944 5383 3112 5438 cupro
3141 5380 3277 5439 erat,
3310 5380 3369 5425 ut
3393 5368 3465 5426 de
3495 5370 3716 5424 basilica
3755 5384 3875 5424 san-

2289 5467 2393 5513 cta:
2422 5459 2608 5514 Crucis
2630 5468 2683 5514 et
2707 5462 2877 5517 sancti
2906 5461 3167 5517 Vincentii
3199 5462 3392 5533 legitur
3420 5464 3472 5517 in
3490 5462 3616 5517 Vita
3649 5462 3871 5515 Drocto—

2288 5553 2373 5608 vei
2409 5552 2631 5609 abbatis.
2668 5554 2772 5610 Sed
2805 5556 2919 5611 haec
2947 5556 3231 5612 minutiora
3267 5558 3439 5612 mitto.

2362 5665 2448 5721 15.
2491 5665 2743 5722 Paulinus
2792 5669 2842 5722 in
2875 5668 3099 5738 epistola
3129 5669 3195 5724 ad
3222 5669 3478 5725 Severum
3534 5668 3769 5737 loquitur
3810 5666 3876 5722 de

2295 5776 2314 5810 ι
2352 5758 2656 5814 secretariis
2700 5759 2908 5814 duobus
2933 5758 3082 5830 juxta
3113 5762 3381 5831 apsidem.
3409 5780 3426 5814 ι
3459 5759 3735 5829 refertque
3764 5773 3878 5814 ver-

2289 5866 2380 5908 sus
2410 5851 2707 5908 indicantes
2736 5870 2755 5905 ι
2793 5851 2968 5909 ofﬁcia
3021 5857 3373 5926 singulorum.
3397 5850 3519 5914 rEt
3560 5852 3778 5922 quidem
3810 5849 3879 5908 ad
