4108 6352
264 297 363 355 ιδτ

1180 283 1271 340 OB
1307 281 1633 341 ιιτιιιιαιι
1672 278 2058 337 GALLICANA
2098 281 2298 338 LIBER
2337 280 2610 343 PRIMUS.

3410 274 3512 335 ιδε

257 414 498 471 dem-mi
538 412 656 462 erat
685 422 704 455 ι
741 400 1041 460 veneranda
1069 415 1257 471 penus,
1288 414 1389 469 qua
1416 396 1687 463 conditur,
1726 413 1743 446 ι
1779 404 1830 450 et
1856 397 1911 457 Α
1935 395 2080 451 aditu
2109 397 2345 466 porticus
2370 397 2439 454 ad
2467 396 2688 453 totidem
2716 405 2897 468 portas
2921 413 2936 453 :
2964 411 3188 468 quarum
3220 411 3323 452 una
3350 408 3515 466 caps-

264 520 329 565 ex
364 522 385 557 ι
413 518 517 572 qua
557 498 818 571 promitur
863 496 1002 553 sacri
1055 509 1246 563 pompa
1288 492 1591 556 ministerii,
1614 509 1632 542 ι
1667 490 1717 544 id
1747 497 1831 543 est

259 612 416 657 sacra
463 593 698 663 supellex
724 631 739 657 ,
769 589 964 646 calices
1009 588 1211 643 scilicet
1239 594 1294 641 et
1322 582 1648 654 reliquazad
1701 580 1835 635 sini-

258 701 430 751 stram
472 695 624 744 erant
673 682 789 738 libri
837 682 1014 748 sacri,
1048 694 1241 749 nempe
1289 678 1410 734 libri
1457 678 1788 732 Psalmorum
1818 712 1836 739 ,

261 779 692 851 Evangeliorum,
738 785 791 832 et
844 774 1198 842 Epistolarum
1223 812 1239 838 ,
1270 772 1539 841 simulque
1588 767 1836 824 Missalis.

202 852 209 861 ’
264 872 531 929 Missalem
576 869 714 927 hunc
745 866 935 923 librum
982 864 1229 935 intelligit
1272 861 1561 933 Gregorius
1590 861 1642 916 in
1670 859 1762 913 lib.
1798 872 1831 913 II

264 962 516 1019 Historia:
534 974 652 1029 cap.
681 958 774 1023 22,
799 958 887 1015 ubi
905 956 977 1014 de
999 956 1218 1014 Sidonio
1240 952 1564 1010 Arvernensi
1587 952 1840 1020 episcopo

263 1051 503 1124 loquitur
530 1053 582 1106 in
618 1051 756 1107 hunc
796 1048 1051 1105 modum:
1082 1066 1101 1100 ‹
1126 1048 1356 1105 Sanctus
1404 1059 1530 1101 vero
1577 1043 1835 1100 Sidonius

267 1156 430 1205 tanta:
455 1148 712 1207 facundia
739 1154 872 1211 erat,
907 1153 966 1200 ut
993 1144 1306 1212 plerumque
1334 1156 1405 1197 ex
1438 1139 1731 1209 improviso
1756 1139 1840 1194 lu—

200 1308 205 1319 .
264 1240 631 1299 culentissimc
675 1254 796 1311 qua
836 1238 1112 1303 voluisset,
1142 1237 1283 1292 nulla
1326 1236 1619 1292 obsistente
1668 1247 1843 1298 mora,

264 1342 634 1403 componeret.
663 1330 898 1403 Contigit
924 1338 1103 1385 autem
1123 1330 1352 1399 quadam
1381 1328 1486 1395 die,
1511 1337 1569 1382 ut
1595 1325 1661 1382 ad
1694 1324 1847 1382 festi-

268 1426 493 1481 vitatem
543 1423 779 1482 basilicas
824 1422 1133 1478 monasterii
1164 1421 1397 1491 (scilicet
1442 1420 1582 1477 beati
1613 1417 1843 1488 Cyriaci)

268 1520 526 1574 invitatus
565 1516 846 1573 accederet
871 1532 885 1569 ε
908 1515 1191 1583 ablatoque
1227 1512 1327 1568 sibi
1359 1514 1603 1580 nequiter
1644 1510 1844 1577 libello,

208 1662 215 1665 ,η
269 1626 371 1682 per
397 1625 514 1682 quae
542 1616 878 1665 sacrosancta
908 1607 1165 1664 solemnia
1196 1622 1354 1677 agere
1379 1614 1752 1671 consueverat,
1777 1605 1849 1660 ita

214 1748 215 1751 η
277 1712 496 1773 paratus
518 1717 547 1757 a
577 1712 819 1770 tempore
847 1710 1094 1757 cunctum
1108 1699 1844 1769 festivitatisopusexplicuit,

272 1772 333 1848 ut
360 1793 428 1847 ab
456 1792 697 1848 omnibus
726 1791 1031 1855 miraretur,
1066 1806 1186 1845 nec.
1214 1798 1487 1858 putaretur
1517 1790 1583 1846 ab
1626 1789 1851 1844 astantia
1884 1772 1929 1833 Β

206 1938 211 1943 .
265 1884 371 1941 bus
400 1883 596 1941 ibidem
642 1884 913 1939 hominem
962 1884 1191 1939 locutum
1225 1882 1416 1946 fuisse,
1444 1883 1536 1939 sed
1574 1883 1848 1952 angelum.

266 1978 423 2044 Quod
467 1978 519 2031 in
562 1975 869 2047 praefatione
918 1977 1033 2030 libri
1066 1976 1288 2046 (subdit
1327 1975 1614 2045 Gregorius
1647 1978 1849 2045 )quem

267 2067 340 2123 de
365 2068 536 2123 Missis
558 2069 622 2123 ab
643 2082 709 2123 eo
736 2068 1047 2137 compositis
1078 2066 1480 2136 conjunximus,
1519 2067 1728 2134 plenius
1755 2066 1846 2121 de-

269 2162 613 2217 claravimus.
650 2181 668 2213 ι
718 2160 981 2218 Missalem
1026 2158 1409 2229 Gregorianum
1466 2160 1607 2215 inter
1652 2163 1854 2232 primos

214 2328 219 2331 _
268 2252 500 2323 appellat
530 2252 755 2309 Otkerus
799 2266 895 2307 seu
926 2248 1184 2307 (ltkarins
1239 2252 1473 2319 pontifex
1521 2251 1856 2323 Moguntinus

270 2346 325 2400 in
354 2347 576 2415 epistola
604 2345 671 2402 ad
698 2346 1000 2412 'I‘attonem,
1046 2360 1164 2416 quae
1206 2353 1288 2401 est
1326 2345 1428 2401 114
1468 2345 1606 2401 inter
1643 2346 1857 2400 Bonifa-

270 2439 477 2494 cianas.

222 2602 225 2605 b
350 2525 434 2581 l4.
480 2520 780 2598 Deniquein
804 2527 1111 2581 salutatorio
1139 2526 1448 2583 sacerdotes
1469 2541 1650 2581 sacras
1680 2536 1855 2582 vestes

270 2622 385 2697 80
432 2621 736 2683 induebant,
772 2635 958 2675 causas
1002 2620 1306 2683 audiebant,
1338 2620 1570 2691 synodos
1618 2621 1859 2675 celebra-

274 2714 423 2779 bant,
457 2715 648 2770 ibidem
671 2729 756 2781 ine
778 2713 1078 2783 aliquando
1109 2715 1419 2768 manebant.
1470 2712 1619 2780 Quod
1647 2713 1716 2767 de
1746 2713 1851 2771 Na-

274 2807 442 2862 matio
476 2806 833 2861 Arvernorum
860 2804 1090 2859 antistite
1115 2804 1274 2859 tradit
1300 2805 1586 2874 Gregorius
1608 2805 1659 2859 in
1686 2805 1858 2859 liisto—

220 2974 227 2975 ί
272 2903 369 2961 ι’ῑω
399 2901 489 2957 li).
520 2918 557 2956 ιι
588 2917 703 2969 cap.
731 2901 793 2956 2i
816 2942 831 2968 ,
862 2911 915 2957 et
957 2903 1024 2957 de
1063 2902 1312 2958 Eberulfo
1353 2903 1404 2956 in
1439 2902 1533 2957 lib.
1565 2916 1639 2954 vit
1678 2915 1728 2955 c.
1759 2896 1854 2953 ‘22.

274 2995 395 3052 Alia
441 3004 554 3051 erat
600 2995 786 3053 domus
832 2996 1107 3060 ecclesiae,
1140 2996 1292 3065 cujus
1324 2984 1564 3052 meminit
1608 2993 1770 3048 variis
1798 2993 1855 3052 in

222 3148 225 3151 μ
273 3088 405 3145 locis
437 3089 576 3143 idem
622 3100 824 3155 auctor,
859 3090 997 3144 baud
1046 3090 1205 3145 dubie
1234 3088 1555 3160 episcopalis
1588 3088 1730 3143 aedes
1759 3102 1851 3142 ec-

1936 486 2048 542 cinr
2077 488 2395 556 pmniteutes
2422 489 2739 559 excipiebat.
2772 490 2943 546 Media
2973 490 3128 545 navis
3154 491 3416 547 columnis
3441 501 3512 545 ex

1938 593 2205 637 marmore
2246 579 2565 649 Aquitanico
2589 622 2604 648 ,
2637 583 2687 637 id
2732 592 2811 638 est
2862 597 2894 637 e
2940 582 3211 653 Pyrenaeis
3240 580 3509 639 montibus

1938 670 2139 739 exciso,
2166 673 2287 729 hinc
2316 675 2439 729 inde
2464 675 2676 741 vallata,
2708 676 2861 745 quasi
2890 676 3079 730 silvam
3110 690 3328 732 saxeam
3354 673 3509 732 exhi-

1939 764 2118 819 bebat.
2172 765 2326 834 Apud
2353 768 2599 822 eumdem
2626 776 2902 825 auctorem
2933 768 2986 824 in
3016 769 3253 824 carmine
3286 766 3355 823 l6
3384 782 3516 837 pon-

1941 853 2065 911 tifex
2114 874 2135 909 ι
2180 859 2591 915 concionaturus
2644 861 2698 915 in
2745 860 2998 931 gradibus
3045 861 3365 917 venerabilis
3410 875 3518 916 arae

1942 950 2270 1019 (constitisse
2315 953 2565 1025 dicitur),
2595 955 2752 1024 plebe
2790 957 3218 1012 circumsistente
3240 995 3255 1022 ,
3286 974 3304 1007 ι
3340 954 3393 1009 id
3438 965 3521 1010 est

1941 1051 2138 1099 stante.
2190 1044 2324 1101 Nam
2367 1046 2681 1103 concionem
2725 1062 2932 1105 sacram
2981 1047 3254 1103 auditores
3310 1044 3521 1102 nonnisi

1944 1141 2151 1192 stantes
2177 1136 2543 1204 excipiebant,
2574 1148 2631 1195 ut
2654 1140 2882 1195 eximius
2908 1138 3227 1196 Sirmuttdus
3268 1138 3333 1193 ad
3382 1138 3523 1193 hunc

1944 1229 2121 1285 locum
2146 1232 2441 1286 annotavit.
2482 1230 2667 1302 Neque
2705 1232 2808 1289 hoc
2854 1243 3184 1301 praetereant,
3214 1230 3354 1301 quod
3383 1230 3523 1286 idem

1945 1319 2200 1376 Sidonius
2228 1324 2283 1376 in
2304 1322 2541 1379 carmine
2567 1322 2629 1376 17
2661 1323 2838 1378 laudat
2867 1322 3117 1379 Gazetica
3140 1324 3279 1388 vina,
3309 1322 3517 1392 Grego-

1946 1411 2028 1469 rio
2057 1410 2312 1471 Gazetum
2344 1416 2546 1481 vinum,
2573 1429 2731 1486 supra
2775 1420 2827 1472 in
2854 1431 2972 1487 cap.
3000 1418 3055 1486 6,
3082 1434 3229 1475 nutu.
3259 1419 3313 1483 4,
3342 1417 3414 1474 ita
3438 1417 3521 1473 di-

1948 1512 2093 1563 etum
2119 1521 2149 1561 a
2176 1505 2316 1563 Gaza
2346 1505 2663 1573 Palatina,
2697 1517 2922 1565 testante
2948 1509 3167 1566 Isidoro.

2568 1624 2793 1681 CAPUT
2831 1624 2921 1682 IX.

1934 1735 2073 1804 'Quo
2101 1738 2153 1792 in
2180 1738 2289 1793 loco
2321 1720 2497 1811 posite:
2526 1748 2817 1794 sanctorum
2845 1741 3104 1811 reliquid};
3134 1757 3199 1794 an
3231 1748 3275 1794 et
3310 1741 3391 1795 ubi
3422 1739 3527 1796 Eu-

2028 1811 2269 1864 charistia
2298 1812 2363 1864 ad
2397 1810 2649 1866 Vinticum
2685 1810 3083 1866 reservala’ame
3124 1812 3366 1865 amulum
3392 1814 3529 1867 vm?

2030 1881 2156 1945 ρυω
2194 1892 2309 1934 tunc
2350 1884 2588 1951 temporis
2613 1881 2855 1939 Ecclesia:
2884 1882 3165 1939 Gallicana:
3206 1884 3268 1936 de
3320 1882 3526 1938 Eucha-

2028 1952 2172 2006 rislia
2200 1953 2344 2019 ﬁdes.

2028 2066 2136 2136 83
2170 2068 2220 2119 l.
2251 2069 2332 2121 Ad
2360 2066 2655 2122 absolutam
2685 2068 2753 2124 de
2783 2068 2943 2125 inissa
2974 2069 3340 2125 tractationem
3370 2070 3533 2138 perti-

1961 2166 2050 2211 net
2090 2156 2441 2213 Eucharistim
2480 2160 2775 2215 reservatio
2811 2161 2877 2215 ad
2921 2161 3194 2228 viaticum,
3225 2177 3383 2231 quam
3409 2171 3534 2218 ante

1959 2252 2214 2305 sreculum
2242 2266 2333 2305 vin
2358 2262 2452 2306 aut
2474 2267 2526 2307 rx
2552 2254 2743 2308 factum
2766 2263 2961 2325 negant
2982 2253 3195 2325 quidam
3224 2267 3530 2311 novatores.

1962 2341 2067 2399 Sed
2095 2350 2378 2411 antequam
2410 2342 2464 2398 id
2498 2344 2879 2413 expendamus,
2922 2344 2991 2402 de
3030 2346 3268 2415 reliquiis
3312 2353 3501 2402 sancto

1961 2448 2077 2489 rum
2104 2448 2394 2504 earumque
2419 2435 2473 2489 in
2503 2436 2730 2492 ecclesia
2764 2436 3023 2505 positione
3048 2438 3314 2507 agendum
3336 2448 3441 2505 est,
3475 2446 3533 2493 ut

1962 2527 2199 2595 planiora
2230 2528 2371 2593 ,llant
2412 2542 2532 2598 quae
2568 2528 2640 2586 de
2674 2529 3025 2586 Eucharistiae
3052 2531 3416 2588 reservatione
3455 2530 3532 2587 di-

1960 2618 2130 2673 cenda
2163 2626 2307 2674 sunt.

2030 2710 2084 2764 2.
2117 2708 2312 2767 Tribus
2336 2711 2388 2766 in
2419 2710 2554 2768 locis
2600 2713 2856 2783 reliquias
2896 2729 3077 2771 sacras
3104 2715 3347 2771 conditas
3372 2714 3540 2773 fuisse

1961 2801 2251 2871 Gregorius
2279 2810 2361 2859 est
2380 2811 2588 2859 auctor.
2620 2804 2801 2860 Primo
2829 2806 2882 2860 in
2910 2807 3113 2877 cryptis
3153 2807 3539 2874 subterraneis,

1962 2909 2155 2964 nempe
2185 2894 2373 2953 subtus
2398 2895 2594 2953 altare.
2624 2898 2776 2965 Quod
2806 2899 2992 2967 probat
3022 2899 3267 2969 egregius
3298 2898 3538 2967 Gregorii

1959 2987 2110 3042 locus
2137 2987 2204 3043 de
2232 3002 2462 3057 corpore
2484 2988 2657 3045 sancti
2690 2990 2837 3046 Petri
2863 2991 2916 3045 in
2953 2991 3205 3046 Vaticano
3232 2992 3447 3061 sepulti,
3481 2992 3537 3046 in

1961 3077 2099 3135 Iib.t
2130 3080 2197 3135 de
2243 3079 2423 3136 Gloria
2474 3090 2769 3153 martyrum
2812 3098 2932 3152 cap.
2958 3084 3058 3150 ΞΒ,
3101 3095 3259 3154 atque
3307 3085 3441 3140 alter
3484 3084 3540 3143 in

273 3182 451 3240 clesiae
477 3183 753 3238 adhaerens
776 3199 791 3238 :
812 3192 993 3253 utpote
1023 3184 1073 3239 in
1105 3198 1205 3252 qua
1252 3192 1494 3251 maneret
1546 3182 1850 3248 cpiscopus,

1963 3171 2200 3242 ejusdem
2232 3174 2351 3229 libri
2392 3189 2510 3244 cap.
2543 3175 2644 3239 '52,
2673 3176 2760 3232 ubi
2801 3176 2869 3232 de
2910 3177 3136 3234 ecclesia
3180 3179 3349 3233 sancti
3397 3176 3541 3233 Petri

272 3287 330 3335 ct
354 3275 592 3335 convivia
620 3276 955 3344 celebraret,
988 3285 1045 3333 ut
1089 3286 1234 3346 patet
1260 3291 1327 3333 ex
1364 3276 1609 3332 Historia:
1653 3274 1747 3331 lib.
1781 3290 1853 3328 vn

274 3383 429 3437 capp.
460 3368 525 3422 37
552 3370 729 3432 etei),
762 3379 814 3425 et
839 3385 901 3424 ex
934 3370 1025 3425 lib.
1052 3386 1126 3435 ix,
1155 3369 1398 3437 cam-12..

352 3458 435 3513 I3.
476 3459 615 3516 Pene
636 3446 925 3517 exciderat.
954 3477 1110 3530 quam
1135 3462 1546 3531 praetermittere
1568 3474 1673 3515 non
1701 3460 1850 3521 licet,

277 3551 563 3621 descriptio
589 3551 826 3608 ecclesiae
854 3551 1089 3623 Lugduni
1112 3561 1398 3607 exstructae
1430 3566 1522 3622 per
1550 3550 1851 3605 Patientem

276 3644 583 3714 episcopum
611 3662 622 3697 :
646 3661 800 3713 quam
825 3638 1238 3715 descriptionem
1263 3644 1589 3715 Apollinaris
1606 3642 1856 3699 Sidonius

277 3738 330 3792 in
359 3737 581 3808 epistola
611 3738 675 3792 ad
720 3737 1028 3805 Hesperium
1049 3776 1065 3801 ,
1097 3753 1216 3807 qua:
1264 3743 1346 3791 est
1395 3734 1516 3790 libri
1548 3750 1586 3788 ιι
1630 3734 1853 3804 epistola

276 3826 505 3894 det-ima,
534 3827 779 3883 versibus
806 3826 1017 3883 exhibet
1045 3827 1097 3881 in
1128 3826 1270 3883 hunc
1298 3824 1513 3879 modum
1540 3842 1551 3854 ο

526 3938 673 3988 {ﬁdes
696 3938 827 3991 celsa
854 3939 975 3987 nitet
993 3975 1005 3995 .
1032 3951 1123 3989 nec
1147 3941 1198 3988 in
1220 3940 1493 3998 sinistrum,

528 3999 622 4051 Ant
646 4001 874 4049 dextrum
901 4002 1131 4059 trahitur,
1160 4000 1246 4048 sed
1273 4011 1386 4049 arce
1410 3999 1580 4048 frontis

524 4062 697 4112 Ortum
724 4063 954 4125 prospicit
976 4062 1380 4123 aequinoctialem.

525 4125 659 4173 Intus
682 4125 765 4173 lux
793 4128 954 4183 micat,
982 4134 1128 4184 atque
1151 4125 1451 4174 bracteatutn

523 4186 605 4235 Sol
624 4188 694 4235 sic
718 4185 1004 4237 sollicitatur
1029 4188 1083 4234 ad
1110 4184 1325 4247 lacunar,

528 4248 677 4298 Fulvo
700 4255 752 4298 ut
776 4247 1001 4299 concolor
1025 4254 1167 4297 erret
1190 4250 1237 4295 in
1261 4246 1477 4297 metallo.

526 4309 812 4359 Distinctum
840 4312 969 4361 vario
997 4312 1154 4358 ιιὶιοιυυ
1180 4322 1390 4358 marmor

527 4371 780 4422 Percurrit
803 4376 1062 4428 cameram,
1090 4371 1265 4428 solum,
1294 4370 1568 4420 fenestras:

524 4434 595 4483 Ac
617 4438 708 4487 sub
735 4433 1109 4485 versicoloribus
1131 4433 1299 4491 figuris

524 4494 746 4556 _Vernans
771 4496 971 4544 berbida
996 4504 1152 4545 crusta
1179 4495 1480 4556 sapphiratos

524 4552 701 4606 Flectit
726 4570 813 4617 per
838 4558 1079 4617 prasinum
1105 4552 1281 4605 vitrum
1306 4552 1507 4617 lapillos.

524 4619 648 4669 Huic
671 4616 746 4675 est
771 4622 985 4679 porticus
1010 4619 1246 4679 applicata
1273 4616 1449 4679 triplex
1468 4653 1483 4679 ,

526 4680 795 4744 Fttlmetitis
814 4682 1113 4744 Aquitanicis
1137 4681 1351 4744 superba
1382 4693 1394 4729 :

528 4743 599 4791 Ad
625 4743 763 4801 cuius
783 4744 1034 4803 specimen
1060 4743 1321 4789 remotiora

526 4804 763 4865 claudunt
782 4808 903 4854 atria
926 4806 1139 4865 porticus
1156 4803 1386 4865 secundae
1406 4818 1421 4853 ι

534 4854 591 4915 Et
615 4854 835 4927 campum
860 4854 1071 4915 medium
1099 4865 1265 4927 procul
1290 4864 1471 4913 locatas

529 4927 687 4988 Yestit
710 4925 860 4976 Saxea
882 4927 999 4975 silva
1027 4925 1116 4988 per
1142 4925 1402 4975 columnas.

524 4987 652 5053 Hinc
676 5002 830 5053 agger
850 4996 1008 5053 sonat,
1029 4987 1149 5038 hinc
1175 4990 1297 5037 Arar
1320 4988 1541 5053 resultat.

528 5048 651 5100 IIinc
669 5048 782 5100 sese
806 5051 979 5112 pedes,
998 5048 1154 5111 atque
1180 5064 1336 5110 eques
1355 5051 1588 5110 reﬂectit,

526 5112 632 5233 gl
665 5112 969 5162 Stridentum
995 5121 1044 5163 et
1065 5112 1342 5161 moderator
1366 5113 1653 5163 essedorum
1681 5125 1696 5163 :

565 5196 790 5232 urvorum
815 5184 928 5231 hinc
950 5183 1131 5231 chorus
1154 5182 1521 5233 helciariorum.

565 5182 790 5232 ur’vorum
815 5184 928 5231 hinc
950 5182 1521 5245 chorusbelciariorum,

524 5241 943 5305 Responsantibus
968 5243 1176 5295 Al’eluia
1198 5247 1342 5305 ripis,

526 5304 598 5353 Ad
624 5304 863 5355 Christum
896 5305 1025 5355 levat
1056 5304 1293 5353 amnicum
1317 5305 1559 5356 celeuma.

523 5367 608 5430 _S_ic
627 5371 696 5418 sic
721 5369 912 5430 psallite
938 5374 1081 5430 nauta
1107 5366 1185 5415 vel
1209 5368 1367 5430 viator
1389 5382 1400 5417 :

522 5426 742 5493 Namque
765 5432 861 5480 iste
888 5438 967 5493 est
986 5429 1118 5479 locus
1140 5428 1366 5493 omnibus
1390 5433 1650 5492 petendus,

525 5488 710 5540 Omnes
729 5505 826 5554 quo
845 5494 919 5541 via
943 5492 1075 5541 ducit
1098 5488 1153 5539 ad
1180 5488 1401 5539 salutem.

236 5604 239 5607 '
274 5592 518 5647 Ecclesia
548 5606 675 5663 ergo
705 5592 813 5659 illa,
838 5592 1039 5649 Orienti
1065 5592 1314 5657 obversa,
1342 5592 1580 5661 laqueari
1609 5590 1862 5649 deaurato

272 5692 463 5739 ornata
515 5693 645 5739 erat.
703 5685 779 5741 Ex
832 5701 1096 5740 marmore
1146 5684 1355 5751 fornix,
1392 5684 1777 5751 pavimentum,
1810 5694 1867 5741 et

273 5775 549 5841 fenestrae,
583 5776 732 5835 vitris
777 5776 1189 5834 versicoloribus
1233 5775 1517 5833 distinctae.
1568 5775 1782 5846 Triplex
1814 5776 1868 5831 in

1961 3264 2102 3332 apud
2138 3257 2498 3346 'Bnrdegalam
2523 3307 2539 3333 ,
2583 3268 2832 3337 superius
2858 3284 2888 3324 a
2919 3270 3074 3325 nobis
3123 3268 3345 3325 relatus.
3393 3268 3540 3325 Idem

1963 3357 2155 3411 astruit
2203 3355 2287 3429 (ιιι
2324 3357 2458 3414 alios
2505 3359 2772 3429 omittam)
2804 3361 3052 3417 Paulinus
3093 3362 3145 3417 in
3189 3362 3348 3418 natali
3394 3364 3426 3417 9
3468 3361 3539 3419 de

1962 3457 2149 3503 sancto
2176 3446 2382 3505 Felice.

2088 3560 2208 3629 Nam
2233 3564 2374 3629 quasi
2397 3564 2846 3629 contignatasacris
2866 3565 3116 3629 cenacula
3140 3567 3302 3629 tectis,

2090 3624 2324 3693 §pectant
2347 3624 2815 3693 degsupérisaitaria
2842 3635 2940 3677 tota
2964 3626 3213 3690 fenestris,

2089 3684 2189 3752 _S_itb
2215 3687 2394 3747 quibus
2418 3684 2547 3736 intus
2570 3689 2752 3752 habent
2776 3698 3047 3741 sanctorum
3074 3684 3273 3752 corpora
3291 3704 3481 3745 senem.

2089 3746 2311 3808 Namque
2335 3756 2387 3798 et
2410 3748 2658 3809 apostolici
2678 3755 2873 3801 cineres
2890 3754 2983 3802 snb
3005 3746 3174 3803 caelite
3192 3764 3362 3804 mensa

2088 3809 2334 3871 Depositi,
2364 3816 2458 3862 etc.

2038 3913 2090 3969 5.
2137 3914 2383 3970 Secundo
2411 3914 2648 3984 reliquiae
2692 3918 3004 3991 locabantur
3033 3922 3084 3975 in
3136 3921 3425 3990 parietibus
3452 3934 3544 3975 ec.

1964 4004 2167 4073 ciesite,
2201 4006 2533 4077 ubi-depingi
2561 4010 2803 4065 solebant
2832 4012 3087 4081 imagines
3117 4027 3302 4067 sacrae.
3331 4012 3541 4082 Grego-

1968 4098 2079 4153 rius
2102 4098 2153 4152 in
2185 4098 2276 4153 lib.
2322 4114 2395 4153 vn
2425 4114 2544 4167 cap.
2573 4098 2637 4155 51
2687 4102 2879 4157 factum
2929 4114 3110 4159 narrat
3138 4105 3421 4174 cujusdam
3446 4104 3546 4158 Eu-

1966 4190 2135 4247 fronis
2170 4192 2312 4260 Syri,
2342 4192 2451 4261 qui,
2485 4193 2657 4248 allatis
2702 4196 2870 4249 sancti
2916 4195 3084 4265 Sergii
3134 4196 3384 4265 martyris
3426 4194 3547 4252 reli-

1968 4283 2127 4352 quiis,
2160 4283 2438 4337 ecclesiam
2488 4283 2540 4339 in
2572 4284 2685 4353 ejus
2718 4285 2972 4342 honorem
3012 4287 3151 4356 apud
3202 4287 3548 4357 llurdegalatn

1967 4374 2348 4441 aadiiicaverat,
2392 4376 2481 4430 ubi
2532 4378 2780 4432 miracula
2827 4379 3248 4434 increbruerunt.
3282 4381 3388 4451 83
3438 4381 3549 4435 Iloc

1967 4479 2210 4537 accepto,
2247 4487 2266 4521 ι
2304 4467 2625 4525 Mummolus
2655 4484 2775 4525 cum
2800 4472 3053 4541 episcopo
3081 4471 3461 4526 Bcrtcliramno
3485 4471 3550 4531 ad

1888 4532 1944 4595 D
1967 4532 2204 4614 domum
2235 4560 2356 4630 Syri
2407 4563 2637 4625 accedit,
2682 4532 2999 4631 vallat-cque'
3036 4564 3271 4629 homine,
3333 4564 3547 4633 pignera

1966 4653 2068 4708 sibi
2094 4664 2275 4709 sancta
2306 4654 2556 4723 praecepit
2574 4634 2808 4709 ostendi.
2838 4654 3007 4725 Negat
3029 4656 3187 4711 ille...
3212 4655 3363 4709 Tunc
3386 4655 3549 4710 Mum-

1888 4740 1891 4743 ’
1973 4743 2147 4799 molus
2174 4744 2367 4800 elevari
2404 4745 2470 4799 ad
2504 4746 2759 4815 parietem
2792 4745 2990 4800 scalam
3017 4745 3184 4813 jubet.
3217 4744 3380 4799 Erant
3406 4746 3547 4801 enim

1972 4832 2027 4891 in
2078 4836 2292 4892 sublimi
2338 4838 2556 4907 parietis
2602 4848 2787 4893 contra
2839 4836 3085 4891 altarium
3124 4837 3176 4891 in
3217 4838 3431 4906 capsula
3464 4854 3546 4892 re-

1967 4928 2217 4983 conditae.
2252 4947 2268 4979 ι

2037 5041 2093 5096 4.
2126 5039 2307 5094 Tertio
2334 5040 2653 5111 quandoque
2679 5039 2730 5095 in
2762 5040 3076 5111 baptisteria
3120 5040 3548 5110 collocabantur,

1967 5143 2195 5190 testante
2228 5133 2484 5207 Gregorio
2514 5135 2581 5192 de
2630 5137 2807 5206 seipso
2835 5138 2886 5193 itt
2916 5137 3020 5195 line
3071 5138 3191 5194 libri
3225 5156 3276 5193 ιι.
3314 5157 3334 5191 ι
3368 5140 3550 5209 Bapti~

1966 5230 2184 5285 aterium
2216 5229 2280 5283 ad
2312 5229 2478 5300 ipsam
2508 5232 2780 5288 basilicam
2811 5235 2980 5289 sancti
3012 5233 3266 5304 Perpetui
3292 5234 3547 5297 aediﬁcari

1969 5319 2217 5387 prmeepi,
2251 5316 2304 5373 in
2338 5334 2442 5388 quo
2486 5321 2653 5375 sancti
2680 5322 2906 5377 Joannis
2950 5338 3070 5377 cum
3102 5321 3274 5390 Sergii
3301 5327 3555 5396 martyris

1970 5411 2219 5480 reliquias
2266 5412 2451 5481 posui:
2483 5422 2537 5470 et
2577 5416 2626 5469 in
2675 5416 2766 5469 illo
2816 5417 2995 5484 priore
3022 5415 3335 5484 baptisterio
3377 5420 3552 5475 sancti

1971 5500 2190 5571 Benigni
2217 5505 2467 5577 martyris
2496 5506 2711 5575 pignera
2733 5504 3012 5560 collocavi.
3043 5524 3062 5557 ι
3095 5505 3364 5575 Nusquam
3388 5524 3551 5580 super

1969 5592 2137 5647 altare
2165 5594 2349 5662 positae
2379 5604 2503 5648 sunt
2526 5594 2785 5665 reliquiae,
2818 5596 2922 5649 nisi
2954 5594 3089 5651 forte
3128 5597 3193 5653 ad
3224 5598 3385 5655 breve
3413 5610 3533 5656 tem-

1972 5699 2093 5755 pus.
2123 5685 2237 5751 Qno
2263 5695 2468 5753 Spectat
2493 5684 2778 5755 Gregorius
2806 5685 2858 5739 in
2890 5684 3133 5743 Historiae
3156 5689 3248 5745 lib.
3273 5705 3328 5744 Ix
3349 5707 3466 5758 cup.
3491 5692 3547 5757 (i,

1974 5778 2061 5834 ubi
2084 5780 2149 5835 de
2170 5780 2397 5850 quodam
2428 5780 2835 5851 praestigiatore,
2857 5780 3092 5853 quicum
3122 5785 3386 5854 Turonos,
3413 5785 3553 5842 Gre-
