4108 6352
624 296 726 354 159

1315 296 1664 357 APPENDIX
1704 301 1795 356 AD
1834 299 2064 359 OPERA
2111 300 2191 357 SA

2304 299 2354 355 l‘l
2398 298 2711 359 GERMANI
2753 302 3195 363 PARISIENSIS.

3830 314 3934 374 {60

620 410 773 481 gorio
799 409 1025 465 necdum
1050 416 1229 477 notus,
1260 425 1485 481 vespere
1512 414 1848 479 accessisset,
1880 412 2066 469 dicens
2092 433 2110 464 ι
2148 428 2208 468 se
2240 420 2294 480 Α
2316 416 2484 469 moris
2512 416 2755 485 exempla
2778 417 2891 487 jam
2926 420 3052 475 inde
3080 435 3111 475 a
3142 422 3342 478 saeculo
3370 438 3446 479 tv.
3505 424 3662 481 Anno
3694 428 3805 483 M2
3836 445 3931 488 ce-

621 507 693 558 de
737 502 1008 572 Hispaniis
1051 503 1362 569 adventare,
1392 519 1454 560 ac
1483 505 1737 585 reliquias
1782 506 2215 561 beatissimorum

627 605 921 664 martyrum
972 594 1241 651 Vincentii
1292 596 1466 653 levita;
1517 597 1813 668 Felicisque
1877 598 2160 665 exhibere,
2190 617 2210 651 ι

621 688 931 758 Gregorius,
968 706 986 740 ι
1016 688 1139 759 quia
1164 689 1274 759 jam
1299 690 1429 745 hora
1456 692 1808 758 praeterierat,
1841 711 1859 743 ι
1890 702 1944 745 ιιι
1966 693 2215 762 reliquiis

621 790 954 849 occurreret,
979 782 1146 838 dixit:
1170 802 1187 835 ι
1209 784 1569 855 Requiescant
1591 786 1759 840 beata:
1787 786 2029 855 reliquiae
2050 800 2216 855 super

624 874 893 941 altarium,
928 873 1098 931 donec
1127 890 1284 931 mane
1329 876 1679 946 procedamus
1710 877 1776 931 ad
1808 891 2089 932 occursum
2121 892 2211 933 ea-

623 983 763 1023 rum.
796 985 815 1018 ι
851 967 1002 1035 Quod
1044 978 1358 1039 argumento
1388 978 1472 1024 est
1521 968 1809 1038 aliquando
1856 970 2114 1037 reliquias
2134 970 2211 1025 ad

627 1063 788 1116 breve
814 1070 1021 1129 tempus
1044 1062 1095 1117 in
1117 1062 1273 1117 altari
1290 1063 1557 1133 expositas
1577 1079 1591 1127 ;
1615 1062 1710 1117 sed
1730 1076 1911 1116 earum
1938 1064 2212 1133 proprium

623 1150 698 1209 ibi
726 1153 902 1208 locum
923 1169 1027 1207 non
1055 1155 1235 1218 fuisse,
1266 1169 1331 1209 ex
1356 1155 1511 1210 dictis
1535 1154 1875 1210 manilestum
1904 1162 2004 1209 est.
2029 1156 2212 1223 Quan-

621 1261 779 1317 quam
811 1262 984 1316 neque
1024 1247 1088 1302 ad
1124 1247 1287 1302 breve
1318 1256 1533 1318 tempus
1562 1246 1819 1317 reliquias
1850 1260 2014 1316 super
2042 1248 2212 1304 altare

625 1338 828 1409 positas
856 1339 1098 1408 probavit
1124 1348 1341 1395 sanctus
1367 1339 1481 1394 Odo
1511 1339 1677 1394 abbas
1708 1336 2097 1405 Cluniacensis,
2121 1349 2214 1396 aut

621 1431 794 1501 potius
826 1442 1005 1487 sancta
1045 1432 1369 1504 Gualburgis
1415 1448 1507 1487 seu
1539 1426 1845 1505 Walburgis
1871 1452 1884 1489 :
1910 1451 2027 1505 quae
2059 1450 2204 1503 cum,

618 1523 887 1581 referente
911 1525 1155 1581 Bernone
1173 1527 1385 1591 abbate,
1411 1527 1665 1581 miracula
1691 1528 1742 1581 in
1771 1527 2000 1597 quadam
2032 1530 2208 1585 eccle-

616 1615 697 1672 sia
728 1617 829 1685 ipsi
858 1618 1027 1673 dicata
1062 1627 1315 1687 patraret,
1344 1637 1365 1671 ι
1395 1619 1619 1691 contigit
1648 1630 1706 1675 ut
1735 1619 1974 1691 ejusdem
2005 1630 2207 1701 sancta:

619 1709 940 1780 Gualburgis
985 1711 1225 1782 reliquiae
1274 1725 1435 1781 super
1484 1712 1652 1769 altare
1704 1727 1797 1782 per
1841 1714 2043 1786 aliquot
2087 1715 2203 1771 dies

2322 506 2585 562 lebratum
2625 511 2791 563 estin
2824 510 2994 567 Gallia
3044 514 3328 569 concilium
3374 516 3639 587 Vasense,
3684 520 3745 576 in
3774 524 3937 595 cujus

2320 616 2528 658 canone
2555 602 2590 656 2
2620 605 2886 660 sancitum
2915 614 2999 662 est
3025 606 3095 663 de
3125 610 3513 677 pmnitentibus
3560 614 3750 671 subito
3782 633 3938 674 mor-

2323 696 2449 762 tuis,
2483 704 2538 750 ut
2567 710 2753 751 eorum
2784 697 3085 754 oblationes
3110 701 3458 771 recipiantur,
3492 705 3629 772 Quia
3672 710 3831 778 nefas
3858 720 3937 768 est

2320 802 2499 842 eorum
2546 794 3053 848 commemorationes
3099 796 3304 850 excludi
3332 814 3362 851 ιι
3382 797 3705 856 salutaribus
3738 808 3934 875 sacris,

2318 880 2407 950 qui
2434 884 2501 935 ad
2529 884 2704 937 eadem
2731 900 2881 939 sacra
2905 886 3048 953 ﬁdeli
3073 886 3261 953 a/Iectu
3293 890 3678 959 contendentes,
3716 896 3851 951 dum
3881 917 3933 955 se

2319 973 2513 1028 diutius
2560 991 2674 1030 reos
2722 986 2980 1032 stratuunt
3011 1022 3023 1044 ,
3061 980 3299 1052 indignos
3342 982 3626 1054 saluti/eris
3665 992 3937 1058 mysteriis

2310 1064 2555 1134 judicant
2570 1082 2589 1131 ;
2607 1082 2667 1119 ac
2698 1068 2822 1121 dum
2837 1071 3161 1139 purgatiores
3177 1074 3381 1127 restitui
3401 1074 3728 1146 desiderant,
3744 1080 3937 1153 absque

2316 1165 2749 1211 sacramentorum
2800 1160 2985 1214 viatico
3013 1161 3431 1233 intercipiuntur.
3473 1167 3590 1223 Mos
3629 1184 3771 1239 ergo
3804 1183 3936 1230 tunc

2315 1256 2453 1312 erat,
2506 1259 2564 1303 ut
2607 1250 2707 1306 nisi
2756 1251 2933 1305 subita
2982 1262 3155 1309 morte
3198 1254 3649 1326 interciperentur
3699 1261 3935 1330 ﬁdeles,

2316 1341 2623 1408 acciperent
2646 1352 3107 1400 sacramentorum
3140 1346 3420 1414 viaticum,
3454 1350 3710 1405 salutaria
3744 1368 3924 1421 sacra,

2315 1431 2588 1488 salutifera
2636 1438 2911 1505 mysteria,
2943 1452 2973 1490 a
3028 1437 3224 1507 quibus
3269 1440 3591 1509 pmnitentes
3639 1445 3930 1515 religionis

2313 1535 2472 1577 causa
2518 1525 2877 1582 abstinebant.
2930 1526 3159 1599 Insignis
3186 1530 3255 1586 de
3288 1530 3494 1588 Viatico
3523 1544 3611 1589 est
3639 1550 3825 1591 canon
3862 1539 3923 1594 ιι

2312 1615 2525 1672 concilii
2561 1633 2610 1671 ιι
2645 1618 2922 1686 Toletani;
2956 1630 3010 1676 et
3058 1621 3350 1693 Gregorius
3380 1624 3446 1679 lll
3473 1625 3538 1680 de
3566 1629 3653 1681 his
3698 1630 3799 1699 qui
3830 1646 3925 1701 pa-

2311 1717 2493 1764 rentes
2523 1724 2651 1764 suos
2676 1721 2979 1780 necassent,
3002 1713 3266 1783 decernit,
3297 1723 3356 1771 ut
3383 1724 3497 1772 toto
3518 1721 3645 1774 vita
3668 1730 3922 1792 tempore

617 1813 897 1857 manerent
923 1802 1049 1857 :sed
1092 1817 1213 1856 mox
1245 1803 1499 1859 miracula
1545 1814 1914 1860 cessaverunt.
1960 1798 2196 1861 Tandem

2309 1814 2505 1872 corpus
2535 1802 2861 1858 dominicum
2913 1819 3021 1860 non
3070 1807 3385 1875 suscipiant,
3412 1810 3512 1864 nisi
3545 1812 3595 1865 in
3629 1826 3737 1867 suo
3772 1816 3919 1871 exitu

615 1909 744 1950 vero
768 1896 883 1966 ipsa
904 1896 1055 1965 virgo
1079 1895 1289 1950 cuidam
1308 1910 1375 1951 ex
1405 1896 1630 1952 inﬁrmis
1653 1911 1947 1967 apparens:
1976 1898 2203 1967 Idcirco,

616 1984 810 2056 inquit,
845 2000 948 2041 non
981 1986 1264 2058 sanamini,
1296 1988 1419 2057 quia
1446 1988 1687 2059 reliquiae
1720 2005 1853 2045 mea:
1882 2000 2007 2044 sunt
2040 2006 2201 2061 super

616 2076 783 2131 altare
815 2077 1045 2145 Domini,
1074 2077 1162 2132 ubi
1195 2078 1448 2147 maiestas
1478 2078 1640 2133 divini
1661 2080 2080 2150 mysteriidebet
2110 2095 2204 2136 so-

614 2166 891 2223 lummodo
921 2169 1205 2224 celebrari.
1239 2188 1258 2222 ι
1293 2170 1363 2224 lta
1398 2181 1613 2226 sanctus
1653 2172 1845 2226 Odoin
1877 2172 1968 2226 lib.
2006 2188 2041 2227 ιι
2080 2172 2207 2228 Col-

614 2256 872 2312 lationum
902 2272 1022 2328 cap.
1056 2258 1146 2315 28.
1196 2259 1319 2316 Haec
1352 2263 1591 2317 narratio
1625 2263 1834 2329 innuit,
1865 2279 1987 2319 raro
2028 2280 2123 2334 per
2154 2266 2205 2321 id

614 2360 839 2423 tempus,
873 2353 923 2408 id
948 2363 1029 2410 cst
1052 2355 1164 2427 84.
1188 2358 1387 2412 εωθιιιο
1418 2374 1472 2422 x,
1506 2358 1761 2427 reliquias
1791 2360 1943 2413 altari
1974 2358 2203 2427 imposi-

611 2449 692 2501 tas
722 2441 909 2507 fuisse,
940 2445 1152 2499 tametsi
1180 2446 1231 2499 id
1262 2448 1517 2516 permittit
1548 2446 1657 2501 Leo
1681 2462 1813 2517 papa
1845 2449 1906 2502 IV
1943 2449 1995 2503 in
2021 2448 2199 2503 homi-

614 2532 683 2587 lia
713 2535 941 2604 quadam
975 2536 1059 2590 his
1087 2536 1263 2591 verbis
1290 2556 1303 2592 :
1336 2557 1352 2589 ι
1383 2537 1559 2609 Super
1585 2540 1755 2595 altare
1783 2541 1912 2597 nihil
1944 2551 2192 2610 ponatur,

612 2624 717 2679 nisi
747 2641 922 2697 capszc
949 2637 997 2683 et
1033 2629 1297 2699 reliquiae,
1329 2639 1422 2686 aut
1448 2630 1588 2688 forte
1630 2644 1859 2703 quatuor
1887 2636 2196 2704 Evangelia,

608 2726 665 2773 et
690 2718 888 2774 buxida
916 2735 1036 2776 cum
1064 2737 1292 2792 corpore
1323 2724 1535 2781 Domini
1557 2727 1621 2781 ad
1645 2730 1895 2785 viaticum
1929 2731 2195 2787 inﬁrmis:

609 2821 805 2868 caetera
849 2816 899 2867 in
930 2814 1099 2870 nitido
1148 2818 1267 2873 loco
1314 2819 1691 2879 recondantur.
1722 2841 1739 2874 ι
1775 2822 1928 2889 Quod
1974 2825 2195 2881 totidem

610 2905 809 2973 repetit
871 2906 1045 2962 verbis
1102 2909 1385 2966 Ratherius
1440 2912 1765 2969 Veronensis
1810 2915 2096 2985 episcopus
2147 2917 2201 2972 in

607 2994 865 3067 synodica
894 3000 1137 3055 oratione
1165 3001 1231 3055 ad
1261 3004 1605 3075 presbyteros
1636 3021 1785 3062 suos.

680 3084 734 3142 5.
763 3087 867 3144 Sed
899 3088 1036 3146 forte
1082 3091 1203 3161 quis
1228 3092 1372 3148 dicat
1402 3094 1453 3148 id
1484 3110 1645 3150 unum
1674 3097 1739 3151 ab
1771 3096 1957 3153 Odone
1989 3098 2194 3168 impro-

2314 1909 2409 1962 pro
2438 1894 2641 1949 viatico.
2696 1895 2885 1951 Postea
2925 1910 3057 1952 vero
3094 1897 3146 1952 id
3184 1897 3345 1953 variis
3394 1899 3655 1957 Ecclesiae
3709 1903 3924 1974 legibus

2314 1996 2637 2057 praeceptum
2671 1996 2776 2044 est.

2383 2101 2437 2153 7.
2472 2101 2575 2156 Sed
2602 2109 2726 2157 ante
2762 2101 2880 2157 haec
2926 2103 3102 2159 omnia
3150 2105 3286 2160 sacri
3327 2106 3503 2161 viatici
3544 2108 3915 2178 antiquiorem

2312 2208 2467 2249 usum
2511 2196 2800 2252 observare
2832 2197 2956 2252 licet
3002 2198 3052 2253 in
3096 2199 3322 2269 epistola
3367 2201 3622 2273 synodica
3655 2204 3912 2260 ecclesia

2312 2287 2575 2343 Africanae
2605 2290 2668 2343 ad
2695 2290 3005 2348 Cornelium
3034 2308 3246 2363 papam,
3278 2310 3397 2365 quae
3440 2296 3666 2365 epistola
3699 2307 3793 2353 est
3824 2314 3916 2355 or-

2311 2377 2436 2434 dine
2466 2378 2534 2434 54
2564 2378 2702 2435 inter
2732 2381 3079 2453 Cyprianicas
3127 2385 3269 2454 apud
3301 2385 3593 2442 Pamelium
3613 2434 3629 2456 ,
3662 2389 3733 2443 de
3782 2404 3914 2458 pace

2312 2471 2474 2540 lapsis
2503 2474 2764 2527 maturius
2782 2474 2957 2529 danda
2988 2476 3057 2531 ob
3081 2478 3506 2543 persecutionem
3532 2480 3906 2551 ingruentem.

2310 2562 2406 2618 His
2430 2564 2572 2619 enim
2604 2566 2672 2620 ob
2702 2582 2818 2622 eam
2852 2582 3069 2624 causam
3098 2572 3492 2626 communionis
3521 2585 3691 2627 sacra:
3721 2575 3909 2629 muni-

2310 2668 2546 2712 mentum
2581 2659 2879 2714 concedunt
2930 2662 3133 2727 Patres,
3161 2671 3217 2717 ut
3264 2663 3361 2716 tuti
3413 2672 3597 2718 contra
3648 2664 3912 2722 adversae

2309 2749 2447 2803 rium
2476 2758 2678 2816 essent,
2696 2764 2813 2819 qua:
2834 2752 3061 2806 instituti
3091 2752 3273 2808 viatici
3300 2754 3437 2809 ratio
3463 2763 3565 2810 est.
3592 2753 3700 2811 Sed
3725 2756 3911 2815 locum

2310 2840 2581 2910 integrum
2613 2856 2677 2896 ex
2722 2843 2812 2897 illa
2859 2843 3081 2912 epistola
3118 2845 3532 2916 referrejuvat:
3567 2866 3585 2899 ι
3615 2846 3772 2903 Nunc
3800 2864 3909 2906 non

2308 2932 2559 2997 infirmis,
2591 2933 2685 2988 sed
2718 2933 2941 2989 fortibus
2992 2951 3091 3003 pax
3146 2939 3449 2993 necessaria
3498 2948 3612 3005 est;
3649 2954 3751 2996 nec
3793 2956 3908 2997 mo-

2296 3024 2591 3090 rientibus,
2609 3024 2701 3079 sed
2727 3026 3031 3082 viventibus
3056 3030 3470 3086 communicatio
3492 3046 3521 3085 a
3545 3032 3699 3087 nobis
3721 3033 3906 3091 danda

2308 3124 2422 3170 est:
2448 3125 2506 3170 ut
2533 3132 2668 3186 quos
2698 3118 2997 3174 excitamus
3026 3129 3082 3175 et
3112 3121 3390 3177 hortamur
3410 3122 3475 3176 ad
3504 3124 3778 3193 praelium,
3800 3141 3908 3186 non

607 3181 810 3251 batum,
839 3185 981 3254 quod
1028 3187 1269 3258 reliquiae
1298 3203 1460 3259 super
1506 3204 1743 3245 mensam
1776 3192 1979 3258 altaris,
2011 3194 2063 3246 in
2093 3202 2195 3262 qua
2228 3194 2275 3257 C
2308 3181 2627 3261 inermes-et
2654 3208 2766 3279 86
2792 3209 2961 3263 nudos
3004 3210 3368 3281 relinquamus
3388 3253 3404 3277 ,
3434 3181 3530 3269 sed
3565 3204 3907 3286 protec'tione

605 3271 828 3329 oﬂertur
867 3277 1183 3334 sacrificium
1203 3321 1217 3346 ,
1250 3282 1437 3351 posita)
1465 3282 1571 3335 sint
1597 3300 1609 3335 :
1635 3297 1735 3337 non
1768 3283 2188 3352 improbaturus,

604 3363 732 3419 siin
760 3365 878 3422 loco
907 3370 1176 3438 paululum
1208 3385 1237 3423 a
1267 3386 1452 3428 mensa
1498 3384 1789 3442 summow,
1822 3384 1880 3429 ut
1908 3376 1985 3441 lit,
2018 3389 2192 3445 expo-

603 3466 874 3514 nerentur.
906 3461 1174 3532 Quidquid
1219 3464 1269 3518 id
1299 3475 1400 3533 est,
1430 3466 1473 3519 si
1524 3466 1871 3535 reliquiarum
1903 3470 2061 3522 sedes
2092 3483 2195 3523 ste-

600 3553 723 3609 culo
750 3570 802 3609 Ix
836 3565 926 3610 aut
966 3573 997 3611 x
1026 3557 1090 3612 ad
1133 3558 1301 3614 altare
1347 3575 1468 3616 esse
1516 3562 1720 3630 potuit,
1756 3563 1892 3616 alius
1948 3562 2048 3616 fuit
2079 3577 2197 3619 mos

602 3647 1015 3713 praecedentium
1046 3652 1387 3718 saeculorum,
1414 3659 1474 3705 ut
1519 3667 1583 3707 ex
1631 3652 1789 3708 dictis
1839 3652 2190 3723 intelligitur:

602 3740 796 3809 quibus
846 3745 1174 3812 temporibus
1224 3762 1398 3816 neque
1451 3748 1723 3819 reliquiae,
1759 3766 1933 3820 neque
1964 3753 2190 3821 pictura:

603 3831 754 3887 altari
779 3836 1198 3904 apponebantur.
1216 3837 1463 3895 Floribus
1489 3849 1664 3897 tamen
1682 3843 1871 3897 altaria
1889 3844 2069 3897 ornari
2089 3858 2195 3899 non

604 3922 871 3992 improbat
894 3926 1181 3982 Venantius
1217 3928 1540 3986 Fortunatus
1571 3933 1624 3987 in
1650 3934 1743 3989 lib.
1775 3950 1870 3987 Vill
1896 3937 2135 3991 carmine
2157 3938 2191 3993 9

603 4015 668 4070 ad
695 4016 1098 4085 Radegundem,
1130 4021 1273 4090 quod
1305 4036 1523 4078 carmen
1562 4024 1636 4079 De
1664 4026 1884 4081 ﬂoribus
1909 4042 2073 4096 super
2102 4030 2182 4084 al-

604 4114 717 4163 tare
747 4108 1074 4167 inscribitur.
1108 4112 1243 4169 'l‘um
1275 4117 1556 4186 praemisso
1588 4118 1737 4173 veris
1768 4121 2043 4179 redeuntis
2070 4123 2189 4180 elo-

604 4197 691 4268 gio
719 4201 918 4257 subdit.

788 4308 907 4387 Inde
928 4314 1017 4362 viri
1046 4321 1211 4387 postes
1235 4320 1287 4367 et
1312 4317 1493 4381 pulpita
1519 4322 1720 4387 ﬂoribus
1743 4332 1945 4387 ornant,

848 4374 973 4424 Hinc
997 4374 1175 4444 mulier
1198 4374 1359 4444 roseo
1378 4374 1591 4444 complet
1614 4385 1765 4435 odore
1788 4374 1961 4436 sinum.

786 4435 954 4502 Atros
978 4450 1074 4487 non
1099 4439 1251 4502 vobis,
1273 4442 1363 4490 sed
1389 4435 1580 4494 Christo
1605 4444 1746 4496 fertis
1769 4435 1984 4499 odores:

849 4495 1167 4572 Has-quoque
1194 4495 1433 4572 primitias
1456 4506 1513 4553 ad
1542 4508 1617 4569 pia
1647 4495 1827 4572 templa
1842 4495 1992 4561 ida—tisi.

786 4556 1168 4629 Teaislis'vaiiis
1186 4556 1357 4629 {illum
1381 4566 1505 4617 festa
1529 4556 1796 4629 coronis,"
1855 4556 1955 4587 ""4

849 4619 1078 4684 Pingitur
1104 4633 1157 4676 ut
1181 4624 1271 4675 lilis
1296 4627 1497 4679 ﬂoribus
1523 4644 1605 4681 ara
1630 4619 1784 4683 novis.

671 4702 723 4756 6.
755 4703 847 4761 His
877 4710 1168 4776 prmmissis
1189 4752 1203 4777 ,
1236 4712 1501 4783 agendum
1532 4724 1614 4771 est
1641 4717 1708 4773 de
1737 4718 2071 4775 Eucharistia
2100 4735 2191 4777 sa-

597 4811 709 4863 cra,
739 4799 893 4868 cujus
920 4816 1071 4856 usum
1104 4803 1170 4858 ad
1203 4805 1455 4863 viaticum
1488 4824 1671 4865 eorum
1703 4812 1790 4881 qui
1821 4812 1874 4866 in
1904 4828 2035 4884 pace
2080 4814 2186 4871 Ec-

596 4888 773 4945 clesiae
800 4892 901 4946 vita
934 4893 1377 4965 del’ungebantur,
1410 4902 1838 4971 antiquissimum
1867 4920 1987 4961 esse
2016 4906 2177 4963 docet

595 4992 765 5034 canon
796 4982 862 5034 ιε
891 4983 1033 5051 (aliis
1067 4986 1157 5054 15)
1185 4990 1395 5044 concilii
1421 4992 1576 5061 primi
1602 4994 1825 5051 Nicaeni.
1854 4995 1931 5051 De
1957 4998 2038 5052 his
2065 5014 2182 5053 vero

593 5070 683 5138 qui
721 5073 962 5127 recedunt
991 5092 1053 5130 ca:
1093 5094 1307 5149 corpore
1329 5121 1342 5147 ,
1376 5084 1605 5154 antiquae
1648 5087 1782 5157 legis
1810 5090 1989 5161 regula
2018 5091 2187 5145 obser-

592 5162 788 5218 vabitur
830 5167 987 5220 etiam
1027 5186 1181 5235 nunc,
1212 5173 1284 5226 ita
1312 5182 1483 5231 ut.....
1513 5177 1693 5232 ultimo
1722 5181 1838 5235 vitm
1868 5198 1973 5236 sua:
1998 5183 2185 5237 viatico

593 5268 695 5307 non
722 5254 1112 5325 defroudentur.
1144 5262 1294 5331 Quod
1340 5265 1406 5321 de
1434 5272 1813 5328 communione
1843 5287 1934 5341 per
1975 5274 2182 5330 Eucha-

592 5346 795 5404 ristiatn
844 5351 1245 5425 intelligendum
1275 5374 1394 5416 esse
1432 5363 1592 5419 verba
1641 5364 1750 5436 85
1795 5365 2178 5437 subsequentia

592 5441 839 5511 probant.
865 5448 1086 5505 Accedit
1106 5453 1371 5510 Ambrosii
1395 5454 1627 5513 doctoris
1655 5459 1983 5514 sanctissimi
2007 5474 2180 5517 exem-

558 5530 566 5539 ’
593 5534 737 5602 plum
767 5537 906 5606 apud
948 5538 1252 5610 Paulinum,
1284 5548 1370 5603 ubi
1401 5567 1421 5601 ι
1458 5548 1761 5605 Honoratus
1798 5551 2050 5607 sacerdos
2080 5567 2174 5609 ec-

590 5624 771 5681 clesiae
796 5626 1152 5691 Vercellensis
1178 5636 1376 5693 Sancto
1398 5639 1453 5694 in
1474 5640 1731 5695 extremis
1760 5642 1936 5709 agenti
1964 5642 2177 5699 Domini

589 5734 784 5791 corpus
832 5724 1088 5785 obtulisse
1117 5749 1136 5783 ι
1171 5731 1386 5789 dicitur.
1423 5753 1443 5787 ι
1476 5735 1594 5803 Quo
1637 5744 1878 5805 accepto,
1924 5736 2015 5792 ubi
2059 5738 2179 5808 glu-

588 5809 741 5882 tivit,
789 5818 968 5874 emisit
1015 5823 1285 5893 spiritum.
1316 5844 1335 5879 ι
1371 5825 1486 5885 Non
1535 5826 1732 5886 desunt
1780 5825 1884 5883 alia
1932 5826 2177 5899 ejusdem

2218 4586 2271 4647 Ι)

2306 3300 2578 3369 sanguinis
2605 3309 2659 3354 et
2687 3303 2931 3370 corporis
2968 3300 3167 3358 Christi
3208 3306 3529 3362 muniamus.
3580 3307 3651 3362 Et
3679 3322 3809 3366 cum
3836 3312 3906 3368 ad

2307 3390 2411 3447 hoc
2460 3394 2552 3447 liat
2601 3392 2937 3448 Eucharistia
2967 3439 2981 3463 ,
3016 3405 3071 3449 ut
3122 3397 3291 3466 possit
3337 3400 3733 3468 accipientibus
3786 3418 3907 3462 me

2306 3484 2492 3549 tutela,
2519 3499 2652 3553 quos
2676 3493 2820 3539 tutos
2850 3499 2971 3541 esse
2996 3496 3180 3541 contra
3211 3488 3579 3546 adversarium
3606 3495 3903 3565 voluimus,

2306 3576 2642 3631 munimento
2670 3576 2955 3633 dominica:
2974 3579 3270 3637 saturitatis
3292 3597 3589 3641 armemus.
3622 3586 3756 3643 Nam
3791 3606 3901 3661 quo

2304 3665 2465 3720 modo
2497 3666 2755 3721 docemus
2791 3680 2881 3723 aut
2927 3685 3280 3739 provocamus
3320 3687 3414 3728 eos
3456 3675 3511 3729 in
3552 3678 3900 3737 confessione

2304 3758 2537 3812 nominis
2567 3762 2878 3828 sanguinem
2922 3777 3079 3817 suum
3117 3763 3372 3831 fundere,
3403 3766 3446 3820 si
3476 3768 3555 3823 eis
3587 3770 3898 3829 militaturis

2301 3849 2501 3905 Christi
2522 3852 2834 3921 sanguinem
2859 3853 3224 3925 denegamus?
3247 3866 3336 3912 aut
3359 3874 3465 3927 quo
3488 3862 3651 3917 modo
3672 3863 3741 3919 ad
3760 3879 3896 3920 mar-

2302 3945 2424 4015 tyrii
2457 3948 2708 4016 poculum
2738 3948 2959 4005 idoneos
3009 3949 3266 4021 facimus,
3298 3952 3342 4007 si
3375 3970 3481 4009 non
3509 3970 3606 4011 eos
3636 3959 3787 4027 prius
3824 3959 3892 4017 ad

2301 4035 2588 4091 bibendum
2619 4038 2671 4091 in
2703 4039 2935 4096 ecclesia
2967 4044 3220 4112 poculum
3250 4044 3459 4101 Domini
3486 4047 3613 4117 jure
3641 4064 3892 4108 commu-

2301 4126 2586 4182 nicationis
2615 4128 2979 4187 admittimus?
3010 4153 3029 4186 ι

2372 4244 2426 4299 8.
2462 4242 2565 4300 Par
2586 4247 2770 4318 utique
2799 4251 2938 4305 ratio
2966 4260 3049 4307 est
3075 4252 3143 4309 de
3171 4256 3467 4325 morituris,
3500 4266 3560 4312 ut
3585 4273 3759 4317 sacra:
3791 4264 3894 4319 Eu.

2299 4335 2566 4393 cbaristia:
2615 4340 2867 4397 viaticum
2914 4344 3214 4415 accipiant,
3266 4364 3334 4405 ne
3382 4350 3624 4409 inermes
3670 4366 3727 4411 et
3771 4358 3895 4415 undi

2300 4432 2688 4502 relinquantur,
2724 4435 2819 4490 sed
2866 4441 3200 4506 protectione
3235 4444 3511 4516 sanguinis
3557 4456 3615 4503 et
3653 4451 3897 4521 corporis

2298 4519 2497 4579 Christi
2540 4529 2870 4584 muniantur.
2920 4531 2989 4587 Et
3032 4535 3314 4592 manifeSte
3367 4539 3542 4596 innuit
3586 4519 3889 4615 Cyprianus

2298 4618 2648 4676 morientibus
2694 4632 2817 4678 tunc
2856 4627 3112 4695 temporis
3141 4629 3319 4686 datam
3349 4631 3517 4690 fuisse
3562 4642 3808 4707 corporis
3834 4650 3889 4695 et

2295 4710 2570 4780 sanguinis
2622 4712 2821 4769 Christi
2865 4720 3297 4778 communionem
3343 4743 3354 4777 :
3396 4743 3417 4777 ι
3448 4725 3633 4797 Nunc,
3690 4732 3894 4802 inquit,

2294 4818 2400 4859 non
2452 4804 2701 4873 infirmis,
2735 4807 2827 4863 sed
2873 4808 3103 4868 fortibus
3146 4829 3251 4884 pax
3293 4821 3596 4875 necessaria
3640 4834 3761 4889 est;
3800 4839 3895 4883 nec

2295 4896 2685 4964 morientibus,
2718 4901 2812 4955 sed
2853 4901 3153 4959 viventibus
3195 4911 3615 4967 communicatio
3658 4929 3690 4968 a
3730 4916 3884 4971 nobis

2293 4989 2467 5045 danda
2481 4992 2626 5058 est,'i
2647 4994 2898 5049 nimirum
2918 4998 3334 5057 communicatio
3354 5019 3448 5073 per
3466 5006 3888 5077 Eucharistiam,

2295 5098 2388 5153 per
2415 5100 2609 5155 corpus
2638 5096 2691 5141 et
2720 5090 3035 5158 sanguinem
3060 5090 3258 5150 Christi
3285 5137 3303 5162 ,
3331 5108 3390 5151 ut
3408 5109 3601 5168 postea
3633 5104 3885 5173 explicat.

2296 5175 2435 5246 Ergo
2461 5178 2620 5233 etiam
2646 5188 2772 5235 tunc
2794 5181 3038 5249 infirmis,
3065 5195 3119 5240 et
3145 5186 3501 5247 morientibus
3517 5195 3707 5251 eadem
3740 5214 3881 5254 com-

2292 5270 2581 5324 municatio
2633 5272 2985 5329 tribuebatur.
3029 5275 3238 5348 Quippe
3271 5298 3290 5332 ι
3323 5281 3546 5340 idoneus
3597 5302 3721 5343 esse
3782 5308 3881 5346 non

2293 5365 2468 5427 potest
2510 5361 2576 5415 ad
2609 5364 2922 5434 martyrium
2943 5407 2957 5429 ,
2996 5384 3016 5418 ι
3048 5378 3196 5426 certe
3223 5386 3323 5426 nec
3352 5373 3417 5428 ad
3450 5386 3713 5445 mortem,
3750 5400 3767 5431 ι
3799 5383 3883 5453 qui

2290 5449 2358 5505 ab
2390 5449 2625 5507 Ecclesia
2658 5468 2762 5508 non
2799 5464 3035 5513 armatur
3059 5460 3123 5514 ad
3167 5464 3448 5533 praelium;
3482 5476 3535 5523 et
3563 5484 3719 5527 mens
3751 5449 3869 5526 doli-

2284 5544 2378 5609 cit,
2406 5561 2563 5617 quam
2589 5564 2694 5604 non
2717 5560 2927 5622 recepta
2952 5553 3286 5614 Eucharistia
3310 5560 3471 5630 erigit
3500 5570 3556 5617 et
3577 5567 3879 5635 accendit,»

2285 5647 2345 5694 ut
2366 5639 2504 5695 idem
2532 5640 2831 5713 Cyprianus
2861 5646 2915 5699 in
2942 5650 3392 5720 consequentibus
3420 5652 3607 5712 habet.
3637 5658 3874 5731 Denique

2284 5735 2357 5790 ait
2400 5737 2701 5805 pastoribus
2732 5737 3101 5809 imputandum
3134 5757 3255 5800 esse
3278 5785 3293 5809 ,
3325 5745 3371 5800 si
3402 5756 3508 5801 tam
3536 5749 3591 5803 in
3624 5766 3879 5818 persecu-

2284 5830 2431 5888 tione
2453 5831 2730 5889 constituti
2760 5833 3093 5893 Eucbaristia
3124 5853 3230 5894 non
3262 5838 3606 5912 muniantur,
3639 5859 3805 5911 quam
3834 5846 3879 5904 si
