4108 6352
292 379 394 442 {Gl

1224 368 1312 432 DE
1350 375 1677 432 LITURGIA
1718 373 2103 434 GALLICANA
2145 380 2344 438 LIBER
2382 383 2659 442 PRIMUS.

3474 380 3580 440 163

295 523 316 555 ε
360 499 533 556 bonus
563 495 719 552 miles
742 495 858 564 (seu
884 485 1244 564 Christianus)
1270 495 1358 563 qui
1390 493 1568 548 omnia
1598 509 1694 550 sua
1726 493 1880 549 dere-
1908 495 1960 553 A
1985 496 2146 554 etiam
2176 501 2313 570 apud
2344 501 2581 568 Graecos,
2634 517 2698 558 ex
2755 515 2940 556 eorum
2983 498 3334 571 Euchologio.
3386 501 3441 556 in
3470 515 3578 577 quo

291 595 474 665 liquit,
504 600 558 647 et
585 595 887 658 contempta
918 585 1108 655 domo,
1142 593 1196 641 et
1224 587 1554 656 parentibus,
1580 601 1641 640 ac
1671 585 1876 652 liberis,

287 687 446 757 sequi
479 683 764 740 Dominum
787 694 939 735 suum
973 679 1194 743 maluit;
1219 680 1334 733 sine
1360 692 1490 747 pace
1515 687 1569 733 et
1594 678 1709 732 sine
1736 691 1880 732 com-

290 778 659 835 municatione
686 772 916 829 decedit.
944 792 961 824 ι
997 772 1147 838 Quod
1175 771 1457 828 manifeste
1481 771 1549 826 de
1576 769 1770 825 viatico
1794 769 1879 846 in:

289 869 639 941 telligendum
669 878 773 923 est.

363 988 418 1040 9.
468 984 573 1041 Sed
621 981 828 1052 longius
867 979 1132 1051 provehor
1166 994 1326 1048 quam
1373 988 1514 1033 esset
1562 991 1786 1032 necesse
1814 975 1882 1031 ad

285 1075 768 1136 dcmonsuandum
797 1073 847 1129 id
878 1073 1020 1143 quod
1049 1074 1102 1126 in
1127 1080 1442 1142 argumento
1465 1079 1602 1136 erat,
1625 1071 1876 1127 nimirum

285 1174 717 1245 antiquissimum
744 1171 939 1227 essein
972 1170 1206 1225 Ecclesia
1237 1185 1389 1223 usum
1435 1170 1610 1222 viatici
1646 1170 1882 1222 intirma-

285 1286 444 1334 rum,
476 1277 658 1338 utpote
697 1283 725 1319 a
769 1267 875 1337 87
930 1265 1116 1335 primis
1165 1265 1578 1335 purioribusque
1625 1265 1881 1320 Ecclesiae

283 1361 624 1435 temporibus
669 1368 978 1429 receptum:
1005 1359 1076 1412 ita
1128 1367 1188 1411 ut
1229 1358 1535 1427 pastoribus
1574 1359 1624 1410 in
1669 1358 1876 1426 culpam

282 1459 635 1526 deputaretur
659 1497 673 1520 ,
708 1454 753 1508 si
781 1455 901 1524 quis
928 1455 1013 1522 pie
1045 1453 1232 1506 vivens
1259 1453 1459 1523 absque
1489 1453 1686 1506 viatico
1715 1452 1876 1507 dece-

285 1552 463 1605 deret.
518 1548 715 1603 Verum
770 1545 1006 1601 divinam
1063 1545 1452 1600 Eucharistiam
1507 1543 1573 1598 ad
1626 1543 1879 1599 viaticum

285 1643 459 1700 fuisse
497 1652 619 1697 tunc
656 1650 985 1697 reservatam
1031 1654 1137 1695 non
1177 1639 1306 1694 satis
1357 1638 1480 1693 inde
1523 1637 1875 1706 intelligitur:

289 1735 504 1792 tametsi
546 1735 630 1787 vix
673 1734 779 1786 alio
829 1733 990 1787 modo
1043 1740 1251 1801 poterat
1301 1729 1528 1785 inﬁrmis
1577 1729 1879 1799 quibusque

281 1830 489 1897 absque
519 1828 616 1881 hac
646 1826 973 1896 repositione
999 1825 1294 1886 subveniri.
1326 1841 1447 1879 cum
1478 1825 1763 1880 missarum
1791 1839 1874 1880 so-

1990 589 2060 644 ita
2093 592 2304 663 legitur,
2331 610 2452 666 pag.
2483 594 2610 661 559,
2659 594 2798 665 apud
2838 594 3067 650 Goarem
3099 612 3112 647 :
3150 612 3170 646 ι
3205 593 3299 649 llis
3328 591 3515 662 dictis,
3538 604 3569 646 ι

1988 688 2193 743 scilicet
2223 698 2344 760 post
2371 689 2715 760 baptismum,
2749 701 2800 744 et
2824 689 3130 744 unctionem
3163 686 3443 755 baptizatis
3476 699 3579 741 nu-

1987 781 2256 850 pertitam,
2300 802 2318 835 (
2352 784 2651 852 patriarcha
2681 781 2981 852 ingreditur
3010 797 3129 837 cum
3161 789 3407 836 recenter
3447 778 3577 835 illu-

1987 877 2205 932 minatis
2243 879 2311 933 ad
2340 878 2639 944 lntroitum,
2673 888 2728 934 et
2775 878 3030 947 deinceps
3077 875 3312 931 divinam
3366 873 3575 944 perﬁcit

1988 972 2230 1039 missam,
2261 978 2343 1029 καὶ
2371 975 2504 1030 τελεῖ
2543 974 2822 1034 ἀκολουθῶς
2865 979 2954 1032 τήν
2999 973 3138 1026 θείαν
3178 969 3512 1043 λειτουργίαν.
3553 986 3573 1019 ι

1986 1063 2140 1119 Unde
2165 1079 2497 1134 consequens
2528 1075 2630 1131 est,
2663 1079 2874 1120 sacrum
2906 1062 3105 1118 Christi
3153 1061 3465 1132 sanguinem
3499 1072 3567 1114 ex

1986 1157 2315 1224 praecedenti
2342 1157 2605 1213 sacrificio
2631 1157 2793 1213 l'uisse
2836 1166 3192 1212 reservatum.
3223 1154 3377 1220 Quod
3411 1152 3575 1208 etiam

1986 1249 2053 1305 de
2071 1252 2175 1305 alia
2199 1251 2553 1306 Eucharistiac
2574 1253 2753 1321 specie
2779 1253 2908 1306 satis
2931 1251 3105 1305 innuit
3136 1250 3574 1318 Chrysostomus,

1985 1342 2076 1397 ubi
2099 1343 2172 1397 ait
2203 1343 2460 1414 irrupisse
2489 1343 2582 1399 ubi
2624 1358 2774 1399 sacra
2804 1352 2958 1399 erant
2987 1343 3241 1415 reposita,
3285 1350 3339 1396 et
3378 1339 3579 1395 vidisse

1986 1439 2162 1491 omnia
2194 1453 2310 1505 quae
2336 1437 2479 1492 intus
2519 1446 2690 1492 erant.
2750 1437 2987 1506 Denique
3037 1435 3258 1492 verbum
3311 1433 3574 1490 ἀπέκειντο

1985 1531 2128 1587 idem
2159 1542 2241 1586 est
2269 1547 2332 1587 ac
2352 1533 2665 1602 repositum,
2707 1540 3040 1586 reservatum
3066 1530 3130 1585 ad
3163 1540 3392 1598 tempus.
3420 1526 3568 1582 Hanc

1983 1625 2404 1678 reservationem
2436 1622 2804 1692 improbarunt
2832 1623 3045 1692 quidam
3097 1621 3293 1677 saeculo
3352 1634 3424 1687 tv,
3476 1632 3574 1687 pu-

1985 1723 2159 1770 tantes
2193 1734 2211 1768 t
2248 1716 2526 1788 mysticam
2559 1715 2984 1771 benedictionem
3020 1712 3151 1769 nihil
3175 1713 3240 1767 ad
3276 1709 3574 1767 sanctiﬁca-

1986 1809 2188 1863 tionem
2217 1809 2498 1878 prolicere,
2523 1810 2567 1865 si
2589 1809 2713 1880 quid
2755 1825 2825 1864 ex
2876 1824 2937 1864 ea
2969 1808 3060 1863 ﬁat
3102 1805 3292 1876 reliqui
3329 1805 3381 1859 in
3409 1804 3573 1859 alium

279 1877 484 1976 lemnia
516 1877 736 1989 longamr
776 1933 980 1974 moram
1011 1919 1311 1988 exigerent.
1339 1917 1444 1973 Sed
1475 1927 1532 1973 ut
1571 1919 1623 1973 id
1666 1918 1875 1988 planius
1911 1877 1963 1939 Β
1990 1899 2154 1967 diem,
2191 1920 2209 1952 ι
2240 1917 2372 1970 (ιυοε
2408 1920 2426 1953 ⁴
2461 1903 2694 1957 insanire
2723 1921 2741 1954 ³
2783 1901 2914 1956 die”
2933 1900 3163 1971 Cyrinus
3187 1898 3576 1955 ΑΙειθηάτῙηυε

281 2010 402 2078 fiat,
435 2011 678 2080 qumdam
713 2010 813 2065 hoc
847 2012 986 2076 loco,
1020 2008 1194 2080 quoad
1235 2009 1454 2064 brevius
1493 2007 1610 2065 ﬁeri
1659 2010 1874 2079 poterit,

281 2103 624 2159 observanda
655 2112 797 2158 sunt.

363 2219 444 2273 10.
489 2218 543 2272 In
597 2218 781 2286 primis
814 2232 918 2272 non
958 2217 1113 2273 aliter
1161 2225 1339 2288 potest
1378 2219 1604 2289 intelligi
1666 2219 1872 2274 Paulini

279 2316 521 2370 narratio
601 2315 668 2369 de
767 2314 1034 2371 Ambrosii
1117 2325 1355 2370 extrema
1435 2316 1817 2372 communione
1859 2353 1876 2381 ,

277 2407 387 2462 nisi
430 2406 818 2462 Eucharistiam
861 2417 1189 2463 reservatam
1237 2407 1608 2464 admittamus.
1651 2410 1880 2466 Ambro-

279 2499 400 2553 sius
436 2508 606 2554 morte
636 2500 967 2565 imminente,
1003 2520 1023 2553 ι
1061 2502 1130 2555 ab
1168 2501 1301 2556 hora
1332 2502 1549 2557 circiter
1590 2502 1874 2558 undecima

279 2587 426 2654 diei,
475 2605 641 2659 usque
686 2590 750 2646 ad
806 2591 951 2646 illam
992 2593 1203 2657 horam,
1233 2607 1335 2662 qua
1377 2593 1554 2648 emisit
1601 2593 1872 2663 spiritum,

281 2681 535 2749 expansis
555 2683 800 2738 manibus
826 2684 879 2736 in
911 2683 1128 2738 modum
1155 2685 1330 2740 crucis
1351 2687 1543 2741 oravit.
1576 2686 1881 2742 Honoratus

281 2784 466 2828 autem
506 2775 756 2829 sacerdos
785 2776 1026 2831 ecclesiae
1053 2776 1433 2847 Vercellensis,
1462 2793 1584 2834 cum
1616 2781 1669 2834 in
1717 2796 1880 2850 supe-

281 2864 418 2918 riori
447 2864 608 2919 domo
650 2880 707 2920 se
736 2864 802 2920 ad
832 2868 1070 2936 quietem
1102 2869 1520 2937 composuisset,
1569 2870 1729 2926 tertio
1776 2886 1872 2927 vo—

281 2971 403 3012 cem
435 2958 675 3012 vocantis
719 2972 776 3012 se
816 2958 1034 3025 audivit,
1089 2959 1425 3031 dicentisque
1474 2963 1576 3018 sibi
1611 2980 1624 3017 :
1682 2964 1877 3036 Surge,

283 3048 501 3113 festina,
539 3050 662 3119 quia
691 3051 850 3105 modo
888 3061 970 3106 est
1011 3066 1346 3108 recessurus.
1382 3054 1481 3122 Qui
1515 3055 1877 3124 descendens,

285 3142 480 3197 obtulit
501 3141 696 3198 Sancto
728 3141 939 3197 Domini
970 3157 1186 3212 corpus.
1220 3146 1338 3213 Quo
1367 3157 1609 3217 accepto,
1653 3149 1740 3202 ubi
1761 3149 1878 3218 glu-

287 3235 428 3301 tivit,
459 3234 638 3290 emisit
666 3235 931 3306 spiritum.
970 3256 987 3288 ι
1027 3237 1237 3293 Nemini
1261 3240 1346 3294 hic
1379 3242 1579 3310 tingere
1608 3242 1788 3297 animo
1817 3243 1880 3298 li-
1908 3218 1974 3319 ε]⁸

286 3338 394 3394 cet,
418 3329 635 3385 missam
667 3329 730 3383 ad
773 3331 872 3385 hoc
903 3329 1064 3386 fuisse
1106 3331 1449 3389 celebratam.
1495 3335 1726 3404 Tempus
1775 3350 1880 3390 non

286 3421 517 3487 sinebat,
551 3421 678 3477 hora
705 3422 810 3477 diei
846 3423 1124 3478 minimum
1152 3424 1503 3492 duodecima;
1537 3441 1642 3481 non
1675 3435 1877 3498 tempo-

286 3515 365 3569 ris
402 3515 656 3570 articulus
686 3524 740 3570 et
769 3517 1047 3587 angustiae,
1108 3519 1369 3588 siquidem
1420 3519 1742 3590 Honoratus,
1793 3523 1885 3594 qui

288 3614 417 3661 tunc
465 3605 531 3660 ad
560 3607 792 3677 quietem
835 3608 888 3661 in
937 3607 1078 3663 lecto
1124 3609 1456 3678 compositus
1484 3620 1621 3677 erat,
1675 3627 1798 3667 mox
1828 3620 1886 3667 ut

289 3695 590 3763 descendit,
644 3698 788 3753 nulla
840 3699 1156 3768 interposita
1205 3715 1377 3768 mora,
1441 3702 1634 3756 obtulit
1682 3702 1884 3758 Sancto

291 3790 504 3846 Domini
533 3805 746 3861 corpus.
780 3788 923 3862 Ergo
945 3807 1012 3847 ex
1040 3804 1312 3848 reservata
1348 3794 1682 3849 Eucharistia
1713 3795 1763 3849 id
1805 3795 1883 3850 fa-

287 3891 432 3938 ctum
459 3891 562 3938 θῧῑ.

362 3975 452 4028 ll.
490 3972 762 4030 Concedat
791 3976 968 4032 forsan
1000 3976 1215 4048 aliquis,
1241 3992 1306 4032 ex
1339 3989 1609 4034 reservata
1640 3982 1881 4051 quidem,

290 4066 474 4122 nonin
529 4068 776 4135 ecclesia,
804 4070 898 4124 sed
947 4069 1112 4136 domi,
1151 4071 1294 4140 quod
1337 4072 1505 4128 cuivis
1534 4073 1722 4130 liceret
1776 4075 1882 4130 Eu-

288 4157 602 4214 charistiam
629 4159 840 4216 deferre
864 4162 917 4215 in
950 4163 1192 4234 proprias
1228 4163 1392 4219 aedes.
1431 4164 1540 4220 Nec
1565 4181 1694 4222 sane
1725 4167 1883 4225 video

291 4247 421 4317 quid
459 4263 526 4303 ex
554 4248 774 4306 Paulino
811 4251 934 4307 huic
974 4254 1308 4322 responsioni
1349 4257 1520 4324 possit
1547 4261 1766 4329 Opponi,
1805 4269 1884 4316 ta-

288 4342 449 4397 metsi
481 4358 596 4399 rem
635 4344 790 4399 aliter
816 4359 876 4400 se
907 4344 1106 4402 habere
1137 4362 1243 4402 non
1284 4347 1490 4405 dubito.
1524 4349 1722 4407 Verum
1752 4367 1880 4408 con-

284 4434 495 4491 feratur
519 4435 606 4491 hic
648 4436 798 4492 locus
825 4452 944 4492 cum
967 4437 1186 4494 Palladii
1219 4441 1526 4497 testimonio
1552 4443 1604 4498 in
1635 4443 1774 4499 libro
1813 4445 1881 4502 de

289 4527 413 4583 Vita
439 4529 609 4584 sancti
637 4529 896 4587 Johannis
941 4530 1334 4602 Chrysostomi,
1389 4545 1480 4592 aut
1533 4540 1709 4606 potius
1755 4554 1877 4596 cum

1989 1991 2055 2044 ad
2083 1990 2416 2061 Calosyrium
2451 1993 2764 2062 episcopum
2796 1992 3058 2048 scribens.

2061 2084 2146 2137 12.
2187 2083 2290 2139 Sed
2332 2084 2535 2140 Graecis
2587 2085 2705 2139 aliis
2756 2085 2970 2141 omissis
3005 2086 3164 2141 venio
3213 2087 3280 2140 ad
3333 2085 3576 2150 Latinos,

1987 2190 2215 2245 quorum
2245 2176 2383 2230 inter
2412 2177 2614 2245 primos
2646 2178 2881 2231 occurrit
2918 2177 3164 2245 Optatus.
3213 2178 3263 2232 Is
3314 2179 3366 2232 in
3415 2178 3506 2232 lib.
3561 2193 3578 2231 t

1988 2269 2354 2337 conqueritur,
2385 2268 2524 2337 quod
2555 2268 2714 2323 factio
2743 2268 3142 2322 Donatistarum
3171 2282 3237 2323 eo
3266 2282 3432 2337 usque
3455 2281 3580 2323 eru-

1985 2361 2174 2430 pisset,
2209 2372 2266 2415 ut
2288 2361 2547 2431 jusserint
2579 2381 2598 2413 ι
2637 2362 3026 2417 Eucharistiam
3070 2363 3293 2418 canibus
3341 2361 3510 2418 fundi.
3551 2379 3572 2416 ι

1986 2451 2048 2506 In
2077 2453 2171 2506 lib.
2199 2468 2252 2506 vi
2291 2453 2478 2507 eadem
2509 2453 2724 2522 querela
2777 2453 3018 2518 iteratur,
3068 2452 3178 2523 39
3219 2452 3360 2522 quod
3405 2452 3578 2523 frege-

1987 2545 2096 2600 rint
2123 2546 2489 2616 eraserintque
2510 2545 2718 2616 altaria,
2750 2565 2768 2599 ι
2801 2552 2850 2601 in
2896 2548 3090 2617 quibus
3137 2555 3258 2602 vota
3306 2546 3485 2617 populi
3527 2556 3583 2602 et

1990 2637 2230 2692 membra
2275 2637 2474 2694 Christi
2529 2647 2735 2708 portata
2781 2649 2925 2704 sunt,
2960 2659 2979 2691 ι
3033 2639 3141 2694 imo
3176 2657 3194 2690 ι
3247 2639 3336 2694 ubi
3385 2653 3580 2709 corpus

1988 2730 2184 2787 Christi
2217 2731 2505 2788 habitabat.
2549 2752 2565 2784 ι
2603 2733 2744 2803 quod
2774 2749 2881 2788 non
2912 2733 2979 2788 de
3013 2743 3322 2790 transeunte
3345 2744 3399 2790 et
3429 2734 3580 2789 hora-

1988 2823 2065 2878 ria
2106 2823 2186 2893 (ut
2213 2825 2282 2878 ita
2313 2824 2512 2894 dicam)
2543 2825 2791 2880 sacriticii
2823 2827 3053 2892 actione,
3096 2825 3194 2881 sed
3241 2827 3308 2880 de
3359 2840 3574 2894 perma-

1987 2915 2139 2970 nenti
2169 2915 2496 2972 habitatione
2539 2919 2996 2987 interpretandum
3027 2928 3108 2974 est
3143 2936 3154 2970 :
3191 2933 3290 2975 nec
3334 2934 3466 2975 sane
3494 2933 3580 2975 sa-

1987 3021 2077 3063 cra
2118 3017 2227 3063 tum
2269 3009 2487 3078 ﬁebant,
2534 3024 2652 3064 cum
2687 3011 2980 3066 Donatistae
3011 3011 3062 3065 in
3096 3011 3399 3077 ecclesiam,
3428 3012 3480 3067 in
3510 3011 3580 3081 ip-

1988 3115 2106 3157 sum
2137 3117 2331 3172 corpus
2360 3103 2554 3159 Christi
2577 3106 2801 3174 grassati
2829 3113 2974 3159 sunt.

2061 3216 2149 3270 15.
2175 3215 2376 3272 Eadem
2408 3217 2700 3273 reservatio
2724 3220 2936 3289 probari
2966 3227 3142 3290 potest
3173 3233 3239 3274 ex
3263 3219 3353 3275 lib.
3386 3235 3423 3274 ιι
3454 3218 3580 3275 Dia-

1988 3307 2229 3376 logorum
2271 3309 2514 3378 Gregorii
2543 3310 2718 3381 Magni
2748 3327 2864 3380 cap.
2900 3310 2991 3379 24,
3019 3313 3107 3367 ubi
3153 3320 3370 3367 sanctus
3400 3312 3573 3368 Bene-

1989 3402 2182 3470 dictus,
2219 3403 2399 3457 audito
2420 3404 2741 3459 monachum
2773 3420 2802 3459 e
2829 3405 2938 3460 suis
2968 3405 3254 3473 quemdam
3285 3405 3570 3475 sepultura!

1989 3495 2249 3551 beneﬁcio
2275 3493 2529 3550 divinitus
2560 3497 2756 3563 arceri,
2790 3496 2991 3550 nuntiis
3028 3513 3047 3548 ι
3085 3511 3247 3551 manu
3290 3511 3386 3552 sua
3412 3495 3580 3563 preti.
3667 3547 3672 3550 .

1989 3605 2090 3645 nus
2119 3589 2546 3645 communionem
2578 3590 2825 3645 dominici
2866 3591 3107 3660 corporis
3150 3588 3321 3655 dedit,
3371 3587 3578 3659 (atque)

1989 3681 2094 3736 hoc
2123 3681 2446 3737 dominicum
2479 3696 2674 3751 corpus
2715 3696 2875 3752 super
2921 3690 3108 3750 pectus
3157 3679 3408 3753 (mortui)
3458 3695 3579 3736 cum

1989 3776 2290 3830 reverentia
2324 3776 2443 3843 poni
2493 3773 2817 3844 (praecepit,)
2876 3789 3105 3844 eumque
3152 3774 3442 3844 sepultura:
3501 3774 3580 3829 sic

1990 3865 2148 3920 tradi.
2183 3885 2202 3917 ι
2235 3865 2477 3920 Notanda
2509 3866 2768 3935 particula
2818 3867 3080 3934 protinus,
3138 3864 3242 3920 hoc
3294 3873 3379 3920 est
3433 3862 3579 3918 nulla

1985 3959 2299 4028 interposita
2340 3973 2512 4026 mora,
2542 3974 2663 4030 quae
2699 3958 2767 4013 ad
2799 3971 2952 4014 sacra
2981 3956 3300 4014 celebranda
3330 3969 3580 4014 necessa-

1987 4065 2066 4105 na
2099 4061 2234 4106 erat.

2061 4166 2148 4220 14.
2191 4166 2335 4223 Idem
2365 4182 2479 4222 mos
2509 4167 2866 4223 Eucharistiaa
2894 4164 3234 4222 asservandze
3264 4164 3404 4233 apud
3445 4161 3572 4219 Gal-

1985 4257 2066 4312 los
2087 4258 2196 4326 jam
2223 4256 2500 4313 obtinebat
2528 4266 2771 4327 tempore
2813 4256 3060 4326 Perpetui
3093 4253 3423 4310 Turonensis
3453 4253 3574 4322 epi-

1986 4351 2154 4420 scopi,
2189 4351 2241 4405 id
2266 4359 2350 4407 est
2379 4351 2575 4406 saeculo
2605 4366 2657 4417 v,
2691 4364 2798 4419 quo
2822 4358 3063 4419 tempore
3085 4347 3378 4417 Perpetuus
3400 4345 3452 4400 in
3477 4359 3579 4400 suo

1987 4453 2308 4500 testamento
2344 4465 2362 4496 ι
2400 4446 2670 4500 Amalario
2701 4444 3016 4514 presbytero
3044 4441 3316 4512 capsulam
3337 4453 3578 4495 commu-

1987 4555 2108 4595 nem
2137 4555 2296 4594 unam
2319 4539 2386 4594 de
2414 4539 2604 4604 serico,
2639 4539 2766 4595 item
2800 4537 3137 4608 perislerium
3177 4543 3232 4590 et
3272 4533 3576 4588 columbam

283 4623 456 4692 ipsius
484 4621 852 4694 Chrysostomi
901 4624 1125 4695 epistola
1169 4627 1235 4681 ad
1282 4629 1393 4700 88
1424 4629 1794 4687 Innocentium
1849 4649 1879 4690 a
1910 4652 1967 4713 ι)
1990 4633 2057 4688 ad
2081 4634 2452 4705 repositorium
2476 4635 2589 4702 dat,
2632 4653 2650 4686 ι
2685 4633 2950 4703 legatque.
3002 4631 3178 4685 [iocus
3203 4629 3444 4684 minister
3476 4641 3574 4681 ne-

283 4715 530 4771 Palladio
559 4715 747 4771 relata.
778 4716 834 4770 In
857 4731 920 4771 ea
949 4717 1172 4786 epistola
1195 4718 1451 4776 describit
1470 4720 1707 4778 Joannes
1742 4725 1880 4781 irru-

282 4808 524 4879 ptiouem
565 4809 821 4878 militum,
871 4826 990 4880 quae
1022 4812 1076 4866 in
1126 4813 1410 4868 ecclesiam
1442 4815 1547 4870 CP.
1607 4817 1744 4873 facta
1797 4831 1881 4876 est

282 4902 519 4959 Sabbato
543 4911 751 4970 sancto,
773 4918 895 4959 cum
921 4903 1102 4959 omnia
1131 4905 1197 4960 ad
1229 4907 1526 4964 solemnem
1553 4909 1875 4980 baptismum

280 5004 467 5052 essent
488 4994 770 5064 disposita.
801 4994 952 5050 'l‘unc
996 4997 1192 5067 quippe
1234 5011 1415 5052 sacros
1459 4998 1657 5056 Fontes
1684 5017 1878 5060 cruore

279 5088 679 5143 vulneratorum
706 5102 776 5145 ex
799 5088 1104 5157 promiscuo
1128 5103 1258 5144 sexu
1284 5090 1528 5160 perfusos
1550 5092 1716 5149 fuisse
1741 5097 1875 5150 scri-

277 5180 387 5236 bit:
420 5180 514 5236 sed
549 5195 722 5251 neque
770 5180 857 5236 hic
887 5181 1085 5236 malum
1135 5181 1461 5240 substitisse.
1503 5185 1697 5242 Milites
1729 5188 1872 5242 enim

281 5293 302 5326 ι
345 5275 434 5329 ubi
465 5289 618 5330 sacra
662 5283 816 5330 erant
882 5275 1116 5344 reposita
1165 5295 1185 5328 ι
1237 5279 1613 5349 irrumpentes,
1668 5300 1689 5334 ι
1722 5281 1872 5340 ’Ἔνθα

275 5371 342 5423 τὰ
377 5368 502 5443 ἅγια
531 5369 812 5432 summa,
849 5369 1098 5425 viderunt
1141 5373 1318 5427 omnia
1348 5358 1467 5442 quae
1498 5375 1642 5431 intus
1680 5387 1868 5446 erant,

274 5470 330 5514 et
355 5460 726 5515 sanctissimus
752 5460 953 5516 Christi
1004 5464 1242 5532 sanguis,
1285 5468 1344 5519 τὸ
1397 5467 1676 5538 ἁγιώτατον
1735 5467 1864 5543 «iam

273 5560 364 5607 τοῦ
391 5560 661 5628 Χριστοῦ⁶,
692 5555 744 5609 in
797 5555 1173 5623 praedictorum
1203 5565 1376 5613 vestes
1407 5559 1800 5617 effundebatur.
1839 5583 1858 5617 ι

276 5646 331 5699 Id
363 5656 543 5702 autem
596 5649 792 5704 factum
831 5659 932 5715 est,
965 5665 1084 5704 cum
1139 5665 1326 5705 omnes
1378 5653 1862 5712 catechumeni.ad

271 5738 670 5807 suscipiendum
700 5741 960 5812 baptisma
998 5744 1160 5813 aptati
1187 5753 1387 5800 essent.
1434 5744 1573 5814 Ergo
1603 5756 1725 5801 ante
1769 5762 1859 5803 sa-

269 5844 361 5885 cra
385 5833 676 5900 celebrata,
702 5851 822 5904 qute
851 5836 1082 5891 Sabbato
1111 5848 1316 5905 sancto,
1360 5840 1571 5894 nonnisi
1603 5839 1863 5895 absolutis

271 5919 525 5992 baptismi
565 5927 922 5996 caeremoniis,
972 5927 1038 5984 ab
1067 5929 1286 5999 antiquo
1316 5930 1556 5986 inchoari
1610 5945 1724 5986 mos
1755 5942 1856 5998 ρει,

1987 4737 2074 4800 gat
2097 4730 2235 4785 hanc
2261 4729 2559 4784 columbam
2591 4726 2661 4782 ad
2703 4725 3114 4789 Eucharistiam,
3154 4722 3249 4777 sed
3276 4720 3342 4774 ad
3368 4719 3576 4788 quidvis

1987 4821 2129 4877 aliud
2160 4822 2526 4892 reponendum
2557 4817 2720 4874 fuisse
2751 4818 3072 4872 institutam.
3117 4813 3182 4868 Et
3212 4812 3325 4866 haec
3354 4809 3574 4878 quidem

1987 4917 2270 4986 responsio
2295 4914 2491 4985 aliquid
2520 4912 2747 4974 valeret,
2781 4911 2824 4965 si
2864 4908 3039 4963 nullus
3085 4904 3220 4959 alius
3257 4903 3411 4958 nobis
3447 4916 3574 4968 sup~

1985 5016 2190 5077 peteret
2216 5007 2364 5062 locus
2393 5005 2458 5060 ad
2500 5002 2832 5074 probandum
2879 5015 3034 5055 usum
3084 4995 3450 5053 columbarum
3481 5009 3567 5046 ar-

1983 5109 2294 5169 gentearum
2327 5112 2677 5169 aurearumve
2721 5095 2790 5150 ad
2846 5091 3194 5150 Eucharistiae
3250 5087 3572 5144 reservatio-

1983 5165 2127 5249 nem.
2152 5196 2219 5247 At
2245 5192 2410 5246 multa
2439 5192 2492 5247 id
2522 5165 2776 5246 evi'ncunt
2794 5198 3030 5246 veterum
3055 5182 3382 5245 testimonia,
3409 5189 3572 5250 atque

1981 5286 2114 5342 ritus
2143 5287 2304 5341 etiam
2336 5284 2492 5340 hodie
2513 5284 2831 5354 quibusdam
2861 5283 2912 5336 in
2955 5281 3083 5335 locis
3107 5288 3478 5348 perseverans,
3513 5281 3571 5327 ut

1979 5381 2033 5434 in
2076 5379 2301 5435 ecclesia
2331 5378 2500 5433 sancti
2559 5376 2724 5431 Mauri
2756 5389 2923 5444 pr0pe
2955 5370 3185 5427 Parisios
3218 5383 3233 5421 :
3283 5366 3372 5420 ubi
3398 5363 3572 5419 conti-

1979 5472 2169 5529 nenda:
2207 5472 2409 5526 divinae
2455 5469 2803 5524 Eucharistiae
2844 5463 3044 5520 vasculi
3104 5462 3221 5516 loco
3267 5469 3354 5515 est
3381 5465 3568 5512 aurata

1977 5564 2240 5620 columba.
2286 5563 2430 5618 ldem
2465 5575 2582 5616 mos
2603 5559 2731 5614 olim
2757 5556 2970 5627 vigebat
3017 5551 3158 5622 apud
3182 5549 3572 5606 Cluniacenses

1976 5665 2211 5721 nostros,
2253 5663 2387 5710 teste
2417 5653 2684 5715 Udalrico,
2714 5650 2801 5719 qui
2828 5645 3077 5718 pyxidem
3101 5657 3296 5714 corpus
3331 5637 3574 5699 dominis

1976 5762 2095 5802 cum
2125 5747 2191 5801 ad
2219 5746 2467 5800 viaticum
2493 5744 2822 5798 inﬁrmorum
2855 5738 3242 5804 continentem,
3274 5753 3292 5786 ‹
3327 5734 3566 5788 inaurea

1973 5841 2219 5896 columba
2247 5841 2445 5911 jugiter
2474 5837 2743 5909 pendente
2791 5848 2952 5905 super
2998 5831 3167 5889 altare
3195 5848 3214 5882 ι
3265 5828 3435 5913 tuisse
3474 5839 3580 5884 re-'

1974 5933 2242 5988 conditam
2287 5933 2470 5991 scribit
2497 5933 2549 5988 in
2577 5929 2671 5984 lib.
2702 5945 2718 5983 ι
2755 5943 2874 6002 cap.
2908 5928 2962 5985 8.
