4108 6352
611 420 716 478 163

1307 419 1650 479 APPENDIX
1689 422 1785 478 AD
1820 418 2047 481 OPERA
2086 419 2329 482 SANCTI
2369 426 2671 487 GERMANI
2714 426 3155 497 PARISIENSIS.

3768 457 3877 515 164

682 540 792 613 30
830 538 918 594 l5.
955 540 1057 597 Sed
1089 541 1360 611 antiquius
1386 551 1469 599 est
1499 544 1852 599 testimonium
1879 544 2008 599 Viue
2040 545 2181 600 Basi-
2208 538 2264 601 Δ
2292 520 2738 604 Verisimillimum
2768 559 2851 606 est
2877 553 3149 611 columbas
3189 557 3326 623 illas.
3358 561 3517 618 etiam
3549 581 3669 634 qua:
3698 583 3870 639 super

607 631 659 693 iii
685 632 878 702 Magni,
910 650 1027 705 qum
1051 634 1173 689 licet
1210 635 1578 701 Amphilochio
1598 651 1875 705 perperam
1903 637 2183 705 tribuatur,

609 732 785 779 tamen
827 725 894 780 ab
921 736 1136 780 auctore
1167 728 1453 780 veterrimo
1491 726 1686 796 scripta
1732 736 1834 793 est,
1869 740 2026 799 atque
2073 731 2185 783 latt-

604 815 730 870 data
758 816 825 869 ab
853 816 1020 872 Aiuea
1076 817 1362 875 Parisiensi
1404 822 1655 891 episcopo
1700 821 1752 875 in
1786 822 1877 876 lib.
1928 822 2182 880 adversus

602 906 834 976 Graecos,
862 909 1043 964 relatis
1073 910 1369 965 iisdcmmet
1394 912 1573 967 verbis
1610 929 1728 981 quas
1757 914 1916 969 modo
1948 914 1999 969 in
2026 931 2182 986 argu-

552 1011 785 1057 ‘tuento
825 1013 1126 1058 versantur.
1182 1004 1405 1059 Basilius
1459 1006 1654 1076 quippe
1712 1019 1822 1077 pust
1880 1009 2075 1064 elotum
2126 1010 2176 1065 in

599 1097 761 1151 missa
788 1096 1109 1153 dominicum
1156 1113 1364 1165 panem,
1402 1115 1520 1153 eum
1554 1099 1605 1154 in
1638 1109 1747 1155 tres
1771 1112 1948 1169 partes
1977 1104 2174 1171 divisit,

601 1201 822 1257 quarum
856 1204 1011 1243 unam
1044 1191 1153 1259 ipse
1183 1191 1430 1259 sumpsit,
1479 1192 1633 1245 aliam
1662 1193 1710 1245 in
1743 1208 1899 1247 aurea
1928 1195 2172 1251 columba

596 1292 757 1347 super
810 1282 975 1336 altare
1031 1292 1427 1336 sacrosanctum
1480 1283 1778 1347 collocavit,
1834 1292 1923 1346 τὴν
1992 1288 2171 1361 ἑτέραν

592 1372 743 1436 ἐνθεὶς
770 1380 1042 1453 πιριστερᾷ
1084 1385 1257 1452 χρυσῇ
1288 1377 1566 1451 ἐκρέμασεν
1596 1379 1764 1433 ἐπάνω
1790 1387 1876 1435 τοῦ
1909 1380 2051 1453 ἁγίου
2084 1382 2174 1437 θυ-

588 1470 904 1539 σιαστηρίθυ.
946 1463 1077 1520 Cum
1110 1467 1287 1536 itaque
1324 1466 1616 1535 Perpetuus
1640 1468 1909 1523 Amalariu
1940 1474 2160 1543 presby-

587 1563 700 1612 tero
721 1558 1018 1613 columbam
1052 1571 1356 1631 argenteam
1388 1561 1452 1614 ad
1486 1564 1860 1631 repositorium
1888 1581 2006 1621 cum
2039 1567 2160 1623 aliis

584 1647 748 1701 sacris
781 1649 940 1705 rebus
969 1651 1130 1721 legat,
1162 1651 1226 1705 de
1253 1652 1515 1719 columbo,
1544 1670 1662 1722 quze
1690 1657 1753 1709 ad
1786 1660 2164 1715 asservandam

583 1736 968 1793 Eucharistiam
1002 1741 1134 1796 facta
1169 1752 1305 1809 erat,
1340 1744 1767 1815 interpretandus
1801 1749 2026 1807 videtur.

655 1829 741 1884 16.
787 1831 1078 1887 Fatendum
1119 1843 1292 1891 tamen
1326 1846 1428 1899 est,
1470 1852 1570 1891 non
1604 1839 1796 1905 ubivis,
1848 1858 1966 1897 cum
2019 1842 2076 1898 iit
2106 1846 2158 1900 in
2204 1900 2215 1903 ι

2287 634 2472 691 altaria
2503 653 2751 708 appensa
2791 653 2967 709 erant.
2999 646 3063 701 ad
3097 649 3195 704 hoc
3220 650 3482 710 duntaxat
3508 658 3673 715 fuisse
3701 662 3862 720 ἰηςιίο

2285 732 2445 792 tutas,
2474 742 2666 799 nempe
2713 734 2762 786 in
2806 734 3024 803 figuram
3083 741 3307 807 Spiritus
3335 748 3525 815 sancti,
3576 753 3649 813 εἰς
3697 758 3868 812 τύπου

2281 823 2373 870 τοῦ
2401 816 2545 888 tit/ioc
2571 824 2879 894 Πνεύματος,
2926 830 3001 883 uti
3022 839 3079 885 et
3108 831 3244 900 illas,
3277 852 3393 904 quae
3416 853 3576 909 super
3609 843 3874 915 baptiste-

2280 906 2357 961 ria
2395 910 2718 977 pendebant.

2354 997 2441 1054 l8.
2484 1002 2564 1055 Ad
2588 1004 2849 1074 triplicem
2874 1009 3050 1081 itaque
3071 1028 3222 1069 usum
3254 1015 3505 1077 instituta:
3534 1039 3688 1081 erant
3710 1030 3869 1101 ejus-

2279 1092 2422 1145 modi
2452 1096 2731 1161 cclumbze,
2786 1114 2976 1172 nempe
3006 1102 3070 1157 ad
3119 1107 3336 1178 ﬁguram
3380 1125 3473 1167 seu
3513 1092 3862 1188 mysterium,

2277 1182 2342 1235 ad
2374 1197 2639 1255 ornatum,
2670 1199 2723 1245 et
2744 1191 2809 1246 ad
2853 1196 3244 1263 repositorium.
3298 1202 3457 1259 Primi
3514 1182 3586 1264 etv
3623 1214 3858 1271 secundi

2273 1280 2483 1343 generis
2513 1282 2775 1339 columbas
2817 1296 2969 1343 erant
3011 1292 3060 1344 in
3093 1290 3419 1361 baptisteriis
3461 1311 3517 1357 et
3547 1304 3600 1359 in
3628 1308 3863 1377 quibus~

2271 1364 2393 1419 dam
2438 1370 2729 1437 altaribus;
2765 1379 2904 1433 tertii
2939 1394 3067 1435 vero
3109 1388 3322 1451 generis
3374 1390 3493 1446 allze
3538 1364 3745 1464 passim
3792 1400 3867 1461 ad

2271 1460 2643 1519 continendam
2688 1468 3069 1529 Eucbaristiam
3097 1478 3351 1537 divinam.

2343 1552 2429 1608 l9.
2471 1558 2552 1611 Ad
2581 1558 2766 1617 barum
2809 1573 2983 1622 tamen
3018 1570 3363 1632 imitationem
3394 1582 3651 1641 columbae
3693 1604 3856 1660 qua:-

2268 1644 2389 1701 dam
2434 1650 2596 1706 etiam
2655 1655 2722 1709 ad
2777 1663 3110 1729 reponendas
3164 1669 3415 1739 reliquias
3463 1690 3642 1734 sacras
3694 1644 3860 1741 facta

2266 1746 2391 1791 sunt
2423 1756 2437 1792 :
2469 1756 2574 1811 quo
2604 1746 2656 1799 in
2683 1746 2789 1821 92
2848 1766 3044 1822 genere
3091 1768 3206 1812 erat
3253 1760 3345 1817 illa
3385 1769 3627 1823 ecclesiae
3679 1773 3859 1832 beata

2269 1827 2447 1883 Maria
2479 1831 2868 1909 Lauduuensis,
2913 1846 3064 1913 cujus
3095 1852 3337 1907 meminit
3368 1855 3703 1918 Hermannus
3739 1884 3857 1921 ιιιος

579 1921 740 1977 rebus
768 1922 925 1976 etiam
986 1926 1358 1981 ecclesiasticis
1413 1930 1777 1985 columbarum
1822 1935 2041 2001 mentio,
2092 1936 2158 1994 de
2186 1906 2237 1970 θ
2265 1924 2544 2029 πξξδδρερίη
2579 1929 2672 2029 'ibj
2703 1947 2759 1985 ¹¹¹
2788 1934 3138 2029 ﬁniamus
3162 1956 3359 2001 “ne”!
3383 1950 3558 2023 Maria?
3587 1970 3708 2025 ϐψ·
3746 1959 3842 2029 93.

579 2011 841 2066 columbis
888 2014 1232 2072 Eucharislite
1282 2021 1558 2076 servandac
1606 2027 1799 2092 aptatis
1846 2042 2151 2085 sermonem

577 2116 714 2156 esse.
749 2103 941 2160 Tribus
971 2105 1165 2177 quippe
1213 2111 1263 2163 in
1314 2112 1448 2166 locis
1489 2114 1751 2169 columbze
1796 2116 2042 2175 adhiberi
2105 2122 2157 2179 in

574 2193 797 2249 ecclesia
828 2196 1090 2263 solebant,
1125 2215 1314 2270 nempe
1359 2202 1409 2257 in
1442 2203 1787 2275 baptisteriis,
1825 2210 1874 2263 in
1925 2214 2145 2269 tumulis

570 2301 689 2342 cum
721 2298 1047 2358 sanctorum,
1079 2301 1188 2347 tum
1220 2294 1443 2352 aliorum
1474 2298 1745 2356 hominum
1780 2304 2156 2378 insigniorum,

570 2383 626 2432 et
654 2379 706 2433 in
733 2381 987 2437 altaribus
1015 2384 1200 2439 sacris.
1237 2384 1293 2441 in
1340 2390 1667 2459 baptisteriis
1697 2399 1933 2465 mysterii
1965 2413 2150 2463 causa.

567 2468 635 2523 ad
664 2470 1067 2538 significandum
1108 2477 1309 2533 scilicet
1342 2479 1600 2548 Spiritum
1652 2499 1915 2556 s-tncmm,
1951 2490 2039 2559 qui
2096 2492 2149 2547 in

566 2562 824 2619 columba:
870 2568 1050 2636 specie
1076 2584 1234 2638 super
1277 2570 1546 2628 Christum
1584 2577 1905 2644 baptizatum
1946 2593 2153 2653 specta—

563 2655 725 2712 bilem
753 2674 813 2714 se
872 2662 1094 2729 prtebuit
1120 2682 1135 2719 :
1188 2667 1373 2734 quales
1400 2670 1560 2726 etiam
1611 2689 1753 2729 nunc
1782 2690 1946 2748 super
1977 2680 2152 2752 bapti-

561 2749 720 2804 steria
743 2765 989 2820 appensa:
1016 2766 1138 2811 sunt
1161 2758 1475 2828 quibusdam
1507 2765 1555 2818 in
1582 2766 1731 2821 locis.
1764 2769 1937 2841 Super
1966 2749 2142 2833 tumu-

560 2837 641 2894 los
687 2842 865 2897 itidem
912 2856 1202 2918 martyrum
1232 2851 1507 2909 columbas
1556 2861 1789 2929 appendi
1842 2865 1971 2921 olim
2026 2884 2140 2929 mos

555 2926 694 2988 erat.
725 2929 874 2991 Unde
904 2938 985 2993 fur
1014 2940 1226 3009 quidam
1276 2944 1327 2999 in
1367 2926 1601 3005 ecclesia
1630 2926 1819 3011 sancti
1877 2959 2141 3034 Dionysii,

562 3040 585 3076 r
621 3038 780 3095 super
833 3033 1133 3099 sepulcrum
1187 3050 1429 3095 sanctum
1478 3045 1687 3102 calcare
1717 3064 1822 3105 non
1874 3065 2139 3127 metuens,

552 3114 678 3173 dum
707 3120 1008 3179 columbam
1041 3128 1253 3184 auream
1282 3131 1464 3191 lancea
1506 3144 1694 3208 quaerit
1723 3144 1938 3212 elidere,
1987 3150 2141 3221 elap-

551 3208 627 3265 sis
654 3213 876 3280 pedibus
904 3216 968 3272 ab
1016 3228 1238 3289 utraque
1268 3237 1439 3292 parte,
1471 3230 1589 3299 quia
1639 3237 1863 3292 turritus
1896 3208 2010 3296 erat
2050 3208 2133 3300 tit-

548 3402 658 3467 tus,
684 3418 702 3450 ι
737 3403 874 3469 apud
903 3402 1216 3476 Gregorium
1258 3410 1309 3466 in
1340 3413 1428 3469 lib.
1464 3418 1571 3474 ide
1604 3420 1784 3477 Gloria
1829 3438 2119 3501 martyrum

546 3503 662 3559 cap.
707 3490 795 3546 72.
838 3494 1021 3551 Simile
1071 3503 1393 3568 praestabant
1446 3506 1780 3580 Langobardi
1830 3490 2126 3588 ergavcon-

539 3580 861 3653 languinecs
907 3599 1053 3655 suos,
1085 3590 1348 3649 referente
1385 3596 1550 3652 Paulo
1580 3580 1987 3664 Warnefridiin
2021 3612 2115 3669 lib.

535 3684 573 3726 v
612 3685 729 3742 cap.
762 3673 830 3730 54
862 3692 873 3727 :
911 3693 931 3728 r
967 3676 1019 3732 Si
1052 3680 1173 3749 quis
1220 3683 1360 3737 enim
1408 3687 1678 3761 (suci-um)
1705 3702 1795 3747 aut
1847 3698 1896 3751 in
1952 3698 2119 3769 bello,

540 3774 625 3817 ant
662 3768 1140 3839 quomodocunque
1179 3774 1283 3847 91
1315 3780 1612 3837 exstinctus
1640 3781 1850 3855 fuisset,
1892 3805 2119 3848 consan-

538 3854 715 3921 guinei
766 3859 846 3912 sui
880 3861 1015 3914 intra
1057 3865 1297 3932 sepulcra
1346 3884 1437 3925 sua
1470 3876 1721 3941 perticam
1771 3854 2017 3949 figebant,
2065 3886 2119 3941 in

538 3946 688 4010 cuius
720 3952 1021 4008 summitate
1048 3955 1347 4015 columbam
1398 3979 1464 4019 ex
1513 3968 1654 4037 ligno
1695 3968 1887 4029 factam
1945 3994 2112 4047 pone-

538 4051 684 4107 nant,
724 4058 840 4111 qua:
861 4048 983 4101 illuc
1008 4063 1159 4103 versa
1190 4066 1352 4121 esset,
1383 4058 1472 4112 ubi
1502 4074 1687 4117 eorum
1716 4064 1942 4124 dilectus
1964 4073 2109 4129 obis-

534 4144 637 4190 set.
667 4154 687 4188 ι
723 4135 829 4191 Illae
866 4139 1041 4210 itaque
1065 4145 1345 4213 columbae,
1375 4152 1494 4208 sive
1513 4169 1631 4223 quae
1658 4157 1711 4212 in
1756 4159 2104 4233 baptisteriis,

533 4229 647 4284 sive
667 4244 785 4299 quae
814 4230 866 4285 in
894 4238 1109 4294 tumulis
1131 4254 1398 4311 appensa,
1427 4256 1579 4303 erant
1599 4249 1663 4302 ad
1693 4256 2001 4321 mysterium
2027 4258 2111 4314 vel

530 4321 595 4375 ad
626 4335 891 4394 ornatum,
922 4345 1025 4386 non
1049 4333 1497 4392 adasservandum
1528 4341 1800 4411 viaticum,
1825 4346 1877 4400 id
1900 4357 1984 4403 est
2006 4365 2111 4406 non

526 4414 593 4467 ad
626 4421 1016 4489 repositorium,
1049 4427 1219 4493 qualis
1257 4437 1371 4482 erat
1420 4431 1509 4486 illa
1538 4433 1781 4501 Perpetui
1813 4439 2055 4497 columba
2088 4462 2100 4497 :

529 4520 648 4575 quia:
670 4524 787 4564 cum
820 4513 1132 4582 simpliciter
1158 4519 1402 4576 columba
1432 4503 1509 4578 ad
1537 4528 1910 4596 repositorium
1937 4535 2109 4604 appel-

528 4594 697 4664 letur,
717 4615 820 4655 non
841 4604 907 4659 de
919 4606 1019 4660 alia
1043 4622 1101 4662 re
1123 4623 1279 4678 quam
1303 4612 1369 4668 de
1399 4594 1725 4674 Eucharistia
1756 4622 1807 4676 id
1834 4594 2099 4695 interpre-

526 4689 742 4744 tandum
776 4703 877 4747 est.

596 4778 681 4833 l7.
722 4779 893 4839 Unum
924 4794 1090 4841 restat
1110 4789 1311 4847 scilicet
1345 4792 1415 4848 de
1442 4796 1702 4855 columbis
1726 4804 1981 4861 altaribus
2007 4822 2103 4878 ap—

524 4872 720 4939 pensis,
751 4891 868 4945 quae
891 4879 1025 4934 haud
1049 4883 1163 4937 scio
1203 4899 1269 4940 an
1300 4901 1487 4944 omnes
1518 4892 1676 4949 etiam
1706 4896 2097 4958 Eucbaristiam

521 4966 878 5024 continebant.
915 4970 970 5025 In
1003 4973 1182 5028 libello
1225 4980 1627 5047 supplicationis
1669 4987 1986 5047 clericorum
2038 5003 2094 5050 et

506 5056 898 5111 .morachorum
945 5062 1244 5120 Antiochiae
1274 5068 1339 5123 ad
1361 5069 1619 5129 Joannem
1648 5080 2005 5145 patriarcbam
2036 5094 2093 5141 et

509 5133 579 5190 ad
606 5146 873 5207 synodum
907 5149 1011 5207 GP.
1044 5155 1140 5209 sub
1169 5156 1356 5215 Menna
1385 5133 2093 5235 con'grega'tamccnt‘mws;

513 5241 697 5285 verum
740 5236 1132 5309 Aeephalcrum
1179 5253 1604 5323 antesignanum,
1651 5265 1888 5331 graviter
1918 5282 2086 5337 expc-

512 5325 708 5381 stulant
734 5330 825 5399 illi,
855 5337 994 5405 quod
1018 5338 1247 5398 Severus
1268 5362 1440 5418 neque
1456 5350 1587 5421 ipsis
1608 5325 1808 5413 sanctis
1828 5325 2091 5418 altaribus

511 5417 858 5488 pepercisset,
910 5442 1082 5498 neque
1105 5437 1269 5489 sacris
1315 5417 1457 5496 vasis
1478 5417 1502 5496 _:
1534 5445 1626 5499 sed
1676 5456 1730 5503 et
1757 5468 1775 5501 ι
1812 5451 2089 5510 columbas

508 5517 698 5563 aureas
722 5519 776 5566 et
809 5527 1104 5587 argenteas,
1137 5534 1345 5598 χρυσᾶς
1368 5536 1451 5589 καὶ
1479 5536 1713 5610 ἀργυρᾶς
1740 5546 2085 5619 περιστεράς,

508 5596 563 5654 in
595 5600 815 5671 figuram
835 5606 1064 5676 Spiritus
1090 5596 1263 5674 sancti
1292 5636 1448 5691 super
1487 5596 1669 5683 divina
1691 5596 1897 5686 lavacra
1922 5596 1975 5688 ei
2000 5596 2080 5691 al:

508 5692 638 5748 taria
667 5707 949 5765 appensas,
983 5718 1085 5760 una
1113 5722 1233 5767 cum
1264 5713 1385 5769 aliis
1420 5718 1519 5772 sibi
1564 5724 1948 5792 appropriavit,
1994 5727 2079 5784 di-

505 5794 633 5839 cens
662 5798 766 5841 non
809 5802 1055 5855 oportere
1080 5798 1134 5851 in
1164 5805 1342 5869 specie
1368 5806 1630 5867 columba:
1676 5812 1928 5880 Spiritum
1957 5832 2082 5873 san-

504 5881 650 5930 etum
701 5880 995 5952 nominare,
1038 5906 1055 5940 ι
1095 5899 1241 5947 tumo
1285 5895 1325 5944 V
1365 5898 1718 5959 Consiliorum
1769 5920 1888 5977 pag.
1951 5910 2076 5968 159.

2265 2013 2352 2069 ubi
2379 2015 2447 2072 de
2473 2018 2615 2075 furto
2644 2025 2879 2081 Anselml
2918 2030 3215 2099 cujusdam,
3247 2039 3336 2107 qui
3364 2058 3384 2092 ‹
3416 2018 3602 2099 cruces
3645 2013 3849 2107 aureas

2262 2114 2316 2158 et
2363 2105 2685 2178 pbylacteria
2726 2117 3084 2189 cuofringens,
3140 2105 3277 2182 inter
3303 2140 3494 2188 caetera
3545 2139 3705 2194 etiam
3742 2157 3846 2199 au-

2262 2207 2406 2251 ream
2446 2200 2751 2265 columbam
2796 2209 3075 2280 coniregit.
3102 2228 3219 2283 quae
3249 2234 3345 2287 pro
3375 2224 3513 2281 lacte
3539 2238 3593 2283 et
3630 2235 3847 2301 capillis

2261 2294 2458 2341 sanctae
2480 2288 2681 2353 Mariae,
2724 2302 2779 2348 ut
2831 2297 3115 2369 lerebatur,
3174 2304 3462 2368 introrsum
3510 2288 3838 2392 reconditis,

2258 2376 2481 2433 multum
2511 2391 2625 2438 erat
2650 2382 2851 2443 famosa
2880 2398 2934 2444 et
2961 2392 3308 2455 honorabilis.
3343 2401 3493 2461 Unde
3510 2417 3565 2463 et
3591 2411 3643 2466 iu

2256 2467 2403 2529 ribus
2432 2470 2582 2528 festis
2610 2490 2769 2547 super
2793 2482 2912 2549 ejus
2936 2485 3102 2543 altare
3130 2490 3339 2549 solebat
3376 2503 3627 2568 appeadi.
3664 2467 3697 2559 si

2256 2573 2375 2615 rum
2404 2578 2512 2619 non
2541 2581 2751 2639 semper
2777 2586 3026 2642 appensa:
3052 2592 3208 2637 erant
3254 2584 3517 2655 ejusmodi
3566 2596 3840 2660 columba

2250 2666 2415 2725 super
2440 2656 2630 2726 altare,
2661 2662 2754 2718 sed
2782 2664 2850 2720 ad
2883 2666 3044 2726 breve
3099 2681 3305 2740 tempus
3353 2696 3367 2734 :
3422 2697 3593 2755 neque
3639 2656 3835 2757 primi;

2252 2746 2462 2801 saeculis
2494 2749 2743 2822 reliquias
2769 2769 2931 2829 super
2959 2760 3145 2819 altaria
3185 2771 3413 2837 appendi
3457 2746 3654 2849 religio-
3674 2746 3828 2841 fere:

2250 2834 2359 2892 bat.
2391 2838 2573 2913 Neque
2627 2843 2808 2903 forsan
2870 2851 2995 2909 alibi
3062 2834 3268 2925 uspiam
3326 2834 3587 2925 inveniri"
3610 2834 3825 2942 possint

2248 2927 2509 2998 ejusmodi
2532 2938 2792 2997 columbae
2813 2942 2881 2997 ad
2920 2946 3268 3008 continendas
3296 2956 3552 3028 reliquias
3588 2927 3834 3029 (ne;

2244 3020 2347 3078 boc
2368 3026 2636 3098 singulare
2665 3032 2857 3093 factum
2878 3038 3076 3097 elevari
3103 3045 3264 3102 debet
3292 3065 3357 3105 ex
3378 3020 3831 3125 Perpetui

2226 3487 2323 3554 sis,
2352 3491 2440 3567 qui
2466 3492 2535 3549 de
2560 3498 2952 3568 compositione
2978 3511 3219 3578 corporis
3277 3514 3489 3574 Domini
3544 3522 3598 3578 is
3649 3530 3811 3587 uitari

2226 3578 2559 3651 inscribitur,
2592 3586 2675 3642 his
2699 3593 2918 3648 omnino
2940 3598 3121 3655 verbis
3143 3616 3436 3672 expressus
3467 3626 3483 3665 θ
3528 3611 3601 3669 Ut
3617 3633 3815 3683 eorm

2223 3670 2435 3733 Domini
2462 3678 2514 3731 in
2537 3682 2710 3747 altari,
2744 3701 2845 3741 non
2875 3688 2928 3742 in
2974 3670 3282 3763 imaginario
3333 3703 3533 3772 ordine,

2223 3769 2386 3823 crucis
2414 3771 2559 3826 titulo
2581 3790 2932 3846 componatur.
2982 3782 3056 3840 De
3085 3784 3185 3843 hoc
3220 3803 3429 3851 canone
3468 3769 3640 3857 fusius
3691 3805 3805 3874 egi-

2218 3961 2448 4013 tractare
2472 3958 2638 4027 juvat.
2672 3962 2804 4019 Tres
2831 3977 2956 4023 sunt
2981 3970 3050 4027 de
3076 3973 3400 4043 explicando
3444 3983 3545 4039 hoc
3589 4000 3795 4047 canon

2216 4044 2613 4107 Catholiccrum
2661 4060 2960 4116 sententia.
2993 4062 3175 4122 Binius
3225 4070 3496 4130 existimat
3545 4077 3650 4135 hoc
3691 4082 3789 4137 des

2214 4147 2365 4201 creto
2395 4142 2662 4209 prohiberi
2694 4163 2759 4204 ne
2778 4164 2971 4220 corpus
3002 4154 3211 4214 Domini
3253 4161 3390 4219 inter
3432 4181 3616 4226 sacras
3661 4173 3797 4229 ima-

2212 4227 2362 4296 gines
2386 4245 2547 4303 super
2577 4235 2746 4293 altare
2777 4243 2901 4308 poni
2930 4244 3133 4317 solitas,
3170 4251 3266 4306 sed
3292 4255 3470 4324 potius
3496 4227 3796 4323 collocetur

2211 4318 2312 4374 sub
2332 4322 2444 4390 ipsa
2472 4338 2651 4393 cruce,
2681 4345 2803 4399 qua
2836 4334 2888 4389 in
2916 4338 3214 4397 meditullio
3242 4318 3409 4414 ipsius
3451 4318 3791 4423 altaris

2210 4415 2506 4471 consuevit.
2559 4418 2786 4483 Jacobus
2830 4425 3153 4487 Sirmundus
3205 4450 3237 4490 e
3281 4445 3553 4499 contrario

2209 4506 2337 4561 nihil
2361 4510 2505 4566 aliud
2534 4513 2635 4570 hoc
2662 4531 2868 4576 canone
2904 4525 3092 4591 vetari,
3127 4540 3287 4597 quam
3316 4542 3372 4587 ut
3398 4537 3557 4603 panis
3592 4541 3648 4596 in
3672 4558 3790 4600 cor-

2209 4612 2307 4666 pus
2336 4600 2543 4658 Domini
2584 4612 2977 4668 consecrandus
3005 4631 3109 4670 non
3162 4619 3322 4679 aliter
3368 4600 3469 4694 pro
3520 4631 3784 4704 cujusque

3082 4668 3107 4670 η
3164 4668 3311 4679 π--.
3408 4668 3468 4681 ...
3521 4668 3585 4684 υ..
3613 4668 3644 4686 ι.
3719 4668 3784 4692 -υ

2126 4668 2185 4734 Β
2206 4690 2426 4746 arbitrio
2468 4708 2625 4763 quam
2660 4698 2916 4767 impressa
2937 4717 3096 4762 cruce
3137 4668 3414 4770 formetur:
3450 4668 3634 4778 Tertia
3650 4668 3785 4781 :9..-

2206 4787 2369 4838 tentia
2409 4796 2489 4841 est
2536 4789 2811 4861 cujusdam
2841 4795 2939 4853 viri
2985 4799 3305 4873 doctissimi,
3336 4806 3480 4867 hunc
3522 4828 3785 4875 eamea

2205 4873 2605 4946 intelligendum
2646 4898 2767 4940 esse
2810 4886 2879 4942 de
2922 4895 3292 4960 componenda
3343 4900 3614 4963 oblatione

2201 4964 2364 5020 calice
2414 4976 2650 5038 tempore
2696 4975 2944 5035 sacriﬁcii
2994 4992 3026 5033 e
3075 4982 3296 5051 regione
3344 4988 3453 5061 93
3499 4998 3678 5055 crucis
3718 5001 3774 5059 in

2199 5058 2376 5114 medio
2402 5062 2553 5123 altari
2585 5068 2789 5134 positae.
2844 5083 2950 5126 non
2975 5086 3103 5128 vero
3130 5074 3198 5139 ad
3218 5058 3518 5154 dexteram,
3564 5102 3659 5148 aut
3696 5094 3769 5152 ad

2196 5148 2467 5208 sinistram
2504 5170 2536 5210 e
2558 5158 2773 5227 regione
2794 5159 3097 5234 imaginum.

2195 5540 2399 5610 sinum.
2428 5543 2546 5610 Quo
2572 5562 2731 5606 sensu
2757 5551 3062 5624 imaginarie
3084 5561 3285 5629 pictura
3309 5563 3505 5621 dicitur
3530 5569 3600 5622 ob
3629 5571 3771 5635 Ana-

2194 5633 2360 5689 stesio
2387 5635 2442 5691 in
2471 5640 2716 5703 versione
2736 5646 2955 5701 secundi
2981 5652 3188 5707 concilii
3218 5654 3437 5723 Nicmui,
3463 5666 3517 5712 et
3547 5657 3599 5713 in
3628 5633 3767 5717 libro

2192 5726 2365 5794 primo
2396 5729 2539 5786 Beati
2568 5732 2774 5791 abbatis
2798 5737 3054 5797 adversus
3084 5743 3397 5815 Elipandum
3440 5752 3765 5823 coegisse-ie,

2192 5817 2244 5875 id
2257 5832 2338 5876 est
2359 5826 2648 5881 secundum
2668 5828 2974 5898 imaginem,
2991 5843 3045 5889 et
3066 5837 3167 5892 alia
3192 5839 3241 5895 id
3262 5857 3429 5909 genus
3450 5817 3564 5900 noti
3575 5817 3761 5916 pauca;

2192 5912 2391 5970 Deinde
2426 5918 2602 5972 titulus
2648 5920 2813 5977 crucis
2851 5923 2993 5981 idem
3035 5939 3118 5984 eat
3154 5944 3218 5989 ac
3244 5946 3375 5990 crux
3422 5912 3761 6012 iitum-lupos
