4108 6352
148 359 270 414 165

1101 349 1186 406 DE
1229 347 1553 404 LITURGIA
1596 341 1986 402 GALLICANA
2029 341 2234 398 LIBER
2274 332 2554 397 PRIMUS.

3348 333 3448 391 166

144 475 324 529 altare
357 470 456 542 (uti
504 466 750 539 superius
778 462 1030 536 vidimus)
1072 466 1196 522 olim
1243 465 1376 536 erigi
1422 465 1599 520 solita.
1635 463 1745 520 Hoc
1775 473 1826 533 Α
1852 470 2068 516 tunatus
2102 463 2154 516 in
2188 460 2281 516 lib.
2316 475 2372 514 Ill
2404 459 2640 514 carmine
2675 455 2745 512 25
2774 455 2839 510 ad
2873 453 3104 512 Felicem
3146 450 3450 526 Biturigen-

143 582 322 622 sensu
372 562 665 618 monachus
711 559 999 614 Dervensis
1047 573 1346 629 anonymus
1400 557 1450 610 in
1502 557 1639 609 libro
1690 554 1756 609 de

143 658 434 714 Miraculis
465 655 632 710 sancti
665 652 935 708 Bercharii
966 651 1189 717 abbatis,
1223 664 1384 720 agens
1413 650 1480 704 de
1508 657 1751 702 extremo

142 751 400 820 "ligonis
430 747 702 815 cujusdam
729 745 945 800 artiﬁcis
969 744 1156 798 morbo
1191 761 1204 798 :
1244 761 1262 796 ι
1295 742 1350 797 1η
1376 742 1529 796 titulo
1556 740 1750 805 crucis,

139 845 248 907 ait,
280 842 372 911 qui
399 840 572 895 stabat
607 838 670 891 ad
701 837 861 904 pedes
891 835 1107 890 artiﬁcis
1145 835 1539 900 decumbentis,
1571 832 1751 887 subito

139 938 401 992 visusest
423 934 740 988 illucescere
758 931 947 1002 globus
976 930 1264 995 aethereus,
1297 947 1313 978 ι
1342 929 1392 981 in
1428 927 1624 980 smculo
1657 940 1752 978 no-

140 1041 270 1084 δικ-ο
297 1043 356 1091 ιι,
393 1040 512 1094 pag.
542 1022 668 1088 856,
695 1023 782 1076 ubi
812 1021 990 1077 titulus
1021 1022 1186 1074 crucis
1216 1019 1433 1074 indubie
1459 1017 1585 1071 nihil
1611 1015 1754 1070 aliud

139 1119 424 1188 signiﬁcat
455 1132 612 1187 quam
637 1129 849 1170 crucem
881 1115 1069 1184 ipsam,
1099 1128 1214 1183 quae
1240 1110 1302 1166 ad
1329 1111 1488 1180 pedes
1519 1109 1750 1163 ﬁdelium

140 1213 201 1267 in
226 1211 488 1266 extremis
501 1207 768 1277 agentium
788 1204 1150 1275 apponisolet.
1175 1203 1411 1271 Denique
1428 1217 1488 1256 ex
1517 1200 1753 1269 superio-

141 1305 306 1359 ribus
338 1304 390 1355 in
437 1300 746 1355 memoriam
793 1298 1149 1352 revocandum
1197 1303 1301 1359 est,
1347 1296 1604 1366 imagines
1648 1294 1748 1348 sub

144 1399 328 1467 prima
359 1397 524 1463 stirpe
555 1409 739 1463 regum
775 1401 1078 1446 nostrorum
1111 1391 1196 1446 vix
1227 1406 1289 1445 ac
1318 1405 1386 1445 ne
1414 1391 1498 1446 vix
1526 1388 1740 1456 quidem

143 1491 418 1544 altaribus
457 1488 617 1542 fuisse
661 1487 948 1557 appositas,
999 1485 1092 1541 sed
1136 1483 1427 1554 parietibus
1477 1483 1750 1551 utrimque

145 1583 309 1638 altari
340 1581 755 1645 adliaerentibus,
789 1579 874 1633 ubi
907 1577 1067 1634 etiam
1092 1591 1218 1632 vasa
1253 1591 1425 1644 sacra,
1448 1585 1502 1629 et
1531 1574 1648 1629 libri
1679 1573 1746 1628 ad

148 1675 380 1729 missam
411 1673 690 1729 necessarii
737 1673 786 1726 in
825 1669 1128 1726 secretariis
1172 1669 1602 1724 asservabantur.
1652 1665 1746 1720 llis

148 1767 476 1832 observatis,
503 1765 842 1834 planissimus
871 1775 952 1818 est
985 1761 1243 1832 praemissi
1273 1760 1496 1815 canonis
1525 1773 1741 1826 sensus,

148 1872 347 1927 nempe
373 1867 426 1912 ut
452 1871 642 1927 corpus
674 1855 880 1909 Domini
913 1871 1017 1909 non
1049 1855 1100 1908 in
1130 1852 1433 1908 secretariis
1453 1866 1573 1907 cum
1599 1850 1740 1907 vasis
1771 1857 1820 1920 Β

149 1958 244 2003 aut
263 1949 410 2004 libris
435 1949 622 2010 sacris,
665 1946 903 2016 adeoque
927 1961 1030 2000 non
1062 1944 1201 2000 inter
1224 1943 1504 2013 imagines,
1529 1941 1622 1998 sed
1641 1943 1739 1996 sub
1792 1979 1812 1996 .

148 2057 310 2098 cruce
332 2044 443 2113 ipsa
465 2050 830 2110 componatur,
868 2039 937 2093 ita
970 2047 1027 2094 ut
1048 2052 1276 2104 ecruce,
1309 2052 1430 2108 quae
1459 2036 1512 2091 in
1531 2049 1741 2090 summo

148 2136 378 2201 ciboria,
417 2136 486 2189 ita
536 2144 593 2189 ut
631 2135 994 2204 exposuimus,
1036 2133 1325 2200 eminebat,
1357 2130 1638 2202 penderet.

220 2229 310 2283 2'2.
327 2229 443 2283 Non
459 2230 713 2284 immornr
725 2226 1019 2284 refutandis
1033 2226 1151 2280 aliis
1165 2226 1447 2281 sententiis
1469 2243 1481 2290 ;
1501 2240 1619 2280 nam
1637 2225 1735 2294 pri-

148 2340 238 2404 ma
291 2325 551 2394 imagines
603 2322 708 2379 illis
758 2320 1086 2391 temporibus
1133 2334 1296 2388 super
1337 2320 1505 2374 altare
1538 2318 1736 2387 positas

150 2419 315 2474 fuisse
327 2417 779 2487 supponitcontra
792 2425 1030 2470 veterum
1049 2429 1276 2470 morem.
1297 2411 1622 2468 Secundre'et
1638 2421 1740 2465 ter-

149 2513 238 2578 tiae
267 2521 515 2567 auctores
537 2512 718 2566 volunt
745 2510 846 2564 hoc
886 2509 939 2562 in
970 2523 1174 2564 canone
1202 2523 1414 2577 corpore
1431 2504 1641 2560 Domini
1666 2505 1744 2559 ni-

147 2604 224 2659 hil
247 2603 388 2658 aliud
415 2602 526 2675 94
549 2601 837 2674 signiﬁcari
869 2614 1030 2670 quam
1060 2598 1144 2653 vel
1174 2595 1564 2652 coniectionem
1592 2595 1744 2664 panis

146 2697 513 2761 eucharistici,
539 2694 627 2765 qui
652 2708 812 2749 cruce
850 2692 1139 2763 signandus
1166 2691 1253 2758 sit,
1284 2689 1366 2746 vel
1395 2689 1743 2758 compositio-

147 2804 272 2844 nem
295 2783 577 2841 oblationis
603 2785 658 2840 in
687 2785 841 2840 altari
872 2793 1114 2852 tempore
1141 2781 1410 2845 sacriﬁcii,
1429 2781 1588 2836 etiam
1616 2787 1741 2835 ante

146 2875 639 2936 consecrationem.
685 2876 838 2943 Quod
884 2883 1130 2931 neutrum
1182 2882 1325 2928 stare
1369 2880 1561 2943 potest,
1617 2887 1738 2926 cum

151 2971 292 3040 apud
329 2969 1040 3055 seriptores;ecclesiasticos
1069 2984 1254 3034 corpus
1294 2966 1498 3021 Domini
1528 2981 1745 3035 semper

149 3063 415 3134 signiﬁcet
442 3061 829 3118 Eucharistiam
854 3075 912 3117 re
931 3075 1057 3115 vera
1081 3067 1470 3125 consecratam,
1489 3073 1593 3112 non
1617 3074 1744 3114 vero

147 3171 344 3228 panem
376 3155 788 3224 conﬁciendum,
821 3155 904 3210 vel
929 3154 1094 3212 etiam
1114 3153 1375 3222 oblatum,
1403 3163 1527 3210 ante
1554 3167 1744 3210 conse-

147 3251 467 3307 crationem.

222 3346 312 3400 25.
345 3344 572 3412 Quidam
601 3344 909 3399 existimant
950 3342 1052 3398 hoc
1081 3357 1287 3398 canone
1329 3341 1514 3396 caveri
1543 3355 1611 3396 ne
1639 3339 1742 3396 Eu-

145 3438 401 3495 charistia
456 3439 507 3491 in
553 3436 809 3501 turribus,
840 3444 896 3490 ut
945 3436 1062 3492 ﬁeri
1089 3444 1246 3491 antea
1278 3443 1656 3500 consueverat,
1688 3443 1742 3490 et

143 3530 366 3603 quidem
392 3531 562 3596 intra,
593 3529 842 3597 armaria,
888 3536 1275 3595 asservaretur,
1317 3529 1412 3584 ed
1460 3529 1636 3598 potius
1689 3530 1740 3583 in

143 3627 266 3697 ipso
296 3626 448 3680 altari
481 3625 664 3695 quales
702 3623 868 3679 fuisse
899 3633 1072 3679 turres
1103 3625 1252 3678 aiunt
1293 3639 1323 3678 a
1353 3623 1611 3694 Gregorio
1631 3622 1742 3677 Tu-

144 3719 366 3776 ronensi
392 3719 630 3774 antistite
653 3726 705 3772 et
725 3732 754 3772 a
772 3715 1036 3772 Venantio
1060 3715 1354 3772 Fortunato
1386 3725 1736 3772 memoratas.

143 3813 350 3869 Verum
382 3812 433 3867 in
483 3812 588 3866 illis
629 3811 867 3864 turribus
910 3826 1014 3865 non
1053 3811 1226 3880 ipsum
1275 3823 1470 3878 corpus
1500 3809 1734 3874 Domini,

144 3907 245 3964 sed
282 3907 619 3960 ministerium
661 3903 915 3958 Dominici
965 3905 1213 3974 corporis,
1240 3913 1296 3958 ut
1340 3903 1630 3972 Gregorius
1687 3903 1739 3956 in

143 4005 243 4063 lib.
278 4019 293 4057 ι
335 4003 400 4058 de
441 4002 620 4057 Gloria
670 4009 963 4071 martyrum
1010 4014 1127 4068 cap.
1159 3997 1228 4054 86
1276 3998 1530 4069 loquitur,
1561 3997 1610 4051 id
1661 4006 1743 4054 est

141 4111 276 4151 vasa
307 4109 477 4159 sacra,
512 4089 957 4162 quemadmodum
987 4105 1145 4159 supra
1172 4090 1537 4159 exposuimus,
1563 4104 1742 4146 serva-

143 4189 324 4244 batur.
357 4183 604 4238 Attamen
637 4191 852 4237 sanctus
892 4182 1007 4236 Odo
1059 4181 1224 4236 abbas
1268 4179 1638 4235 Cluniacensis
1687 4181 1738 4236 in

142 4281 240 4336 lib.
279 4293 313 4331 II
340 4275 698 4331 Collationum
723 4288 846 4343 cap.
879 4271 968 4337 5%,
1001 4272 1090 4328 ubi
1121 4272 1263 4328 hunc
1291 4273 1532 4343 Gregorii
1566 4273 1738 4329 locum

142 4373 332 4435 refert,
363 4371 462 4423 hoc
485 4369 702 4424 nomine
733 4367 980 4439 intelligit
1008 4382 1217 4438 capsum
1244 4383 1361 4421 cum
1391 4383 1605 4434 corpore
1632 4367 1737 4420 Do-

142 4465 292 4519 mini.
330 4462 437 4520 Sed
487 4461 625 4516 haud
661 4461 777 4517 scio
819 4475 886 4515 an
926 4460 1046 4531 ejus
1088 4460 1382 4516 auctoritas
1427 4459 1731 4516 decretoria

141 4556 410 4612 censenda
446 4556 510 4609 sit
541 4555 594 4610 in
631 4569 689 4608 re
713 4563 818 4608 tam
851 4553 1216 4622 antiqua,qute
1241 4551 1360 4621 ejus
1381 4559 1596 4606 aetatem
1624 4561 1730 4606 tre-

141 4649 320 4705 centis
351 4649 582 4715 amplius
610 4647 764 4700 annis
792 4653 1162 4715 praecesserat.

215 4741 307 4796 24.
354 4741 498 4794 Hanc
542 4739 889 4794 Eucharistiae
928 4752 1051 4793 cum
1096 4751 1250 4792 sacra
1279 4750 1440 4791 cruce
1483 4737 1536 4790 in
1583 4735 1738 4790 altari

137 4832 588 4902 compositionem
634 4830 868 4885 illustrat
915 4827 1127 4884 Paulini
1179 4827 1417 4897 episcopi
1464 4827 1736 4897 egregium

136 4936 362 4982 carmen
391 4922 456 4975 ad
482 4921 768 4976 Severum.
1637 4909 1650 4921 ⁴

333 5032 559 5084 Divinum
581 5030 859 5082 veneranda
881 5033 1058 5093 tegunt
1081 5030 1251 5079 altaria
1273 5028 1451 5089 lmdus,

393 5097 781 5165 Compositisun
799 5105 935 5144 sacra
949 5092 1063 5165 cum
1078 5092 1575 5165 Irrucenmartvribus.

331 5155 520 5210 Cuncta
538 5155 773 5206 salutiferi
798 5164 975 5204 coeunt
999 5157 1204 5218 insignia
1231 5155 1446 5218 Christi_:

395 5221 548 5282 Crux,
573 5230 766 5280 corpus,
786 5218 982 5280 sanguis
1004 5215 1246 5280 martyris,
1273 5218 1382 5279 ipse
1407 5215 1559 5265 Deus.

137 5330 194 5386 Id
249 5335 359 5393 est,
407 5325 454 5382 si
505 5326 641 5381 bene
682 5322 822 5379 hunc
873 5323 1048 5378 locum
1095 5325 1440 5390 interpretor,
1493 5336 1622 5377 crux
1677 5319 1732 5376 in

133 5437 375 5488 summo,
406 5433 600 5489 corpus
621 5425 674 5474 et
711 5418 945 5488 sanguis,
979 5415 1029 5471 id
1058 5425 1140 5472 est
1189 5415 1450 5486 reliquim,
1479 5415 1732 5487 martyris

137 5518 189 5572 in
216 5517 350 5581 imo,
374 5511 576 5568 scilicet
592 5511 778 5566 subtus
799 5511 1000 5573 altare;
1028 5510 1135 5577 ipse
1160 5505 1318 5574 Deus,
1338 5508 1436 5561 hoc
1459 5515 1542 5562 est
1561 5508 1736 5577 ipsum

136 5609 358 5664 Domini
386 5621 581 5676 corpus
611 5607 661 5662 in
703 5605 952 5662 columba
993 5617 1286 5674 appensum
1328 5602 1379 5656 in
1412 5601 1607 5657 medio.
1643 5601 1740 5656 llic

134 5719 262 5758 vero
297 5700 546 5768 loquendi
571 5699 679 5771 95
710 5698 916 5762 modus,
945 5700 1052 5770 ipse
1076 5698 1234 5765 Deus,
1265 5695 1627 5752 indubitanter
1647 5709 1733 5749 as-

133 5797 272 5849 serit
311 5807 520 5851 veram.
545 5807 648 5850 non
691 5791 1038 5844 umliraticam
1084 5789 1283 5846 Christi
1315 5789 1367 5843 in
1401 5786 1733 5842 Eucharistia

135 5887 510 5950 transennam,
542 5897 698 5952 quam
727 5883 916 5942 eodem
954 5881 1069 5939 fere
1107 5883 1268 5939 modo
1309 5881 1559 5953 exprimit
1602 5879 1737 5936 For-

1768 3247 1816 3312 Ο

1765 4645 1821 4707 D

1859 569 1972 609 sem
2003 553 2311 624 episcopum
2347 553 2396 606 in
2431 562 2631 607 turrem
2665 550 2780 622 ejus
2811 570 2822 603 :

1955 645 2106 704 Quam
2131 645 2260 694 bene
2282 645 2448 704 juncta
2472 645 2670 700 deuent,
2691 643 2863 692 sacrati
2888 647 2943 691 ut
2966 642 3190 704 corporis
3211 641 3344 704 Λευὶ

2017 707 2329 769 Margaritum
2353 709 2528 770 ingens
2550 720 2697 755 aui-ea
2722 707 2844 754 dona
2866 705 3026 754 ferant
3049 706 3060 753 ε

1857 793 1912 847 ld
1942 802 2026 848 est
2052 801 2110 847 ut
2131 793 2269 847 calix
2301 802 2353 849 et
2381 805 2570 863 patena
2594 809 2657 848 ex
2684 808 2836 859 auro,
2868 807 2987 862 quae
3010 793 3062 848 in
3094 792 3184 847 illa
3211 799 3359 851 turre
3383 809 3448 849 ex

1856 886 1998 939 dono
2025 886 2217 940 Felicis
2239 887 2670 952 continebantur,
2694 886 2937 941 sacriﬁcii
2983 897 3225 957 tempore
3252 889 3452 956 pretio.

1854 992 1969 1034 sant
2009 979 2376 1048 margaritam,
2405 979 2608 1035 scilicet
2649 977 2826 1048 ipsum
2855 993 3050 1048 corpus
3081 978 3292 1034 Domini
3324 993 3446 1032 cum

1857 1069 2140 1139 sanguine,
2166 1069 2356 1124 lerant.

1924 1161 2015 1217 25.
2049 1162 2174 1218 Haec
2233 1178 2465 1232 namque
2505 1162 2602 1222 luit
2639 1177 2850 1242 semper
2886 1163 3173 1226 Gallicana:
3192 1163 3446 1218 Ecclesia:

1852 1253 1920 1312 de
1961 1255 2304 1312 sanctissimo
2343 1254 2690 1310 Sacramenta
2733 1254 2897 1320 ﬁdes,
2941 1256 3094 1326 cujus
3137 1271 3241 1310 non
3285 1255 3448 1308 alium

1854 1355 2048 1402 testem
2080 1346 2250 1417 magis
2282 1347 2542 1402 illustrem
2566 1361 2627 1400 ac
2653 1355 2858 1400 certum
2887 1346 3078 1401 aﬁ'erre
3103 1347 3248 1410 licet,
3279 1359 3442 1415 quam

1853 1436 2112 1502 Hilarium
2137 1437 2496 1494 clarissimum
2541 1437 2847 1506 Doctorem,
2880 1438 3033 1507 cujus
3075 1439 3316 1493 solemne
3359 1436 3444 1493 ef-

1849 1515 2018 1586 l‘atum
2047 1541 2129 1587 est
2161 1549 2173 1584 :
2214 1550 2232 1582 ί
2273 1531 2346 1585 De
2374 1529 2602 1585 veritate
2625 1531 2805 1586 carnis
2834 1539 2890 1585 et
2910 1531 3182 1600 sanguinis
3214 1546 3320 1584 non
3351 1545 3436 1585 re—

1852 1626 2008 1680 lictus
2036 1636 2124 1680 eat
2175 1624 2479 1695 ambigendi
2505 1625 2674 1689 locus,
2715 1644 2732 1676 ι
2770 1633 2823 1678 ut
2853 1626 2968 1694 ipse
2997 1625 3231 1694 loquitur
3261 1625 3313 1678 in
3347 1623 3442 1678 lib.

1849 1732 1942 1771 vttt
1991 1718 2058 1770 de
2104 1715 2387 1771 Trinitate.
2421 1715 2676 1770 Eamdem
2711 1714 2870 1770 ﬁdem
2903 1723 3170 1779 astruunt,
3207 1724 3261 1768 ut
3289 1713 3441 1768 initio

1851 1808 2007 1877 hujus
2025 1807 2147 1864 libri
2171 1808 2645 1873 vidimus,veteres
2664 1808 2784 1864 libri
2803 1809 3044 1865 Missales
3059 1808 3309 1864 Ecclesiae
3327 1806 3448 1862 Gal-

1844 1901 2049 1966 licanae,
2070 1901 2122 1956 in
2135 1902 2326 1970 quibus
2335 1901 2602 1956 Christum
2623 1911 2871 1970 precatur
2883 1900 3220 1967 sacerdos,ut
3235 1915 3448 1970 operan-

1843 2001 1892 2047 te
1919 1994 2102 2048 virtute
2120 1993 2320 2061 divina,
2355 2009 2540 2062 panem
2569 2003 2818 2048 mutatum
2847 1995 2900 2048 in
2941 2009 3167 2061 carnem,
3201 1993 3444 2062 poculum

1843 2099 2042 2140 uersum
2071 2087 2124 2139 in
2151 2086 2473 2154 sanguinem,
2498 2084 2646 2139 illum
2664 2095 2832 2139 sumat
2855 2087 2906 2139 in
2929 2086 3110 2153 calice,
3129 2086 3217 2154 qui
3241 2087 3304 2140 de
3325 2087 3440 2154 ipso

1843 2177 1996 2246 ﬂuxit
2034 2193 2096 2230 ex
2135 2178 2309 2231 latere.
2345 2175 2414 2231 Et
2455 2178 2504 2230 in
2537 2176 2687 2232 alio;
2721 2176 2918 2246 Corpus
2965 2185 3109 2230 tuum
3149 2192 3242 2245 pro
3291 2175 3435 2230 nobis

1844 2270 2146 2338 cruciﬁxum
2171 2271 2385 2331 edimus,
2402 2279 2447 2322 et
2476 2271 2777 2340 sanguinem
2800 2277 3035 2323 sanctum
3065 2276 3212 2322 tuum
3233 2283 3325 2330 pro
3349 2283 3446 2322 no-

1846 2361 1919 2414 bis
1937 2361 2156 2429 e/j‘usum
2172 2362 2406 2416 bibimus.
2436 2360 2559 2416 lizec
2581 2370 2779 2424 nostra,
2806 2362 2920 2416 hate
2942 2360 3205 2432 majorum
3230 2368 3445 2414 nostro-

1845 2470 1963 2511 rum
1997 2455 2150 2521 ﬁdes,
2194 2471 2351 2525 quam
2402 2454 2602 2510 utinam
2637 2453 2829 2510 fratres
2882 2455 3046 2508 nostri
3101 2453 3277 2507 aversi
3326 2453 3440 2520 jam

1848 2548 2063 2604 tandem
2097 2548 2176 2602 vel
2201 2562 2326 2602 sero
2351 2560 2677 2619 agnoscant;
2720 2561 2894 2617 neque
2925 2561 3022 2602 nos
3060 2547 3292 2616 amplius
3323 2561 3444 2614 pro-

1846 2651 2040 2696 vocent
2064 2641 2130 2696 ad
2174 2642 2421 2696 iicticiam
2454 2642 2600 2697 illam
2631 2642 2994 2705 novationem,
3025 2655 3184 2710 quam
3218 2640 3442 2694 Pascha~

1847 2733 1929 2788 sio
1956 2732 2227 2788 Radbertu
2263 2743 2485 2789 auctore
2514 2734 2714 2789 saeculo
2743 2749 2798 2787 ix
2830 2733 3120 2804 contigisse
3147 2731 3441 2788 criminan-

1848 2835 1953 2884 tur.
1983 2824 2063 2881 Ne
2091 2826 2326 2895 pluribus
2350 2827 2437 2882 hic
2460 2827 3001 2891 morer,luculentum
3023 2826 3103 2882 liis
3127 2823 3444 2882 testimoniis

1846 2927 2126 2973 auctorem
2153 2918 2420 2974 adducere
2446 2918 2696 2984 sufﬁciat,
2725 2919 2975 2974 nimirum
3006 2918 3287 2974 Alcuinum
3319 2916 3444 2973 Pas-

1851 3009 2037 3066 chasio
2062 3010 2583 3082 superiorem,cujus
2609 3011 2764 3066 unius
2792 3011 3108 3078 auctoritas,
3127 3020 3231 3066 tam
3246 3011 3448 3072 claraei

1848 3106 2146 3172 manifesta,
2169 3108 2303 3162 hanc
2314 3109 2733 3164 controversiam
2750 3108 3001 3165 dirimere
3015 3108 3258 3164 deberet.
3282 3107 3331 3165 ls
3350 3110 3442 3164 ita-

1846 3201 2260 3271 queinepismta
2290 3201 2387 3257 H3
2413 3202 2478 3257 ad
2511 3202 2790 3258 Paulinum
2805 3203 3203 3275 Aquileiensem
3223 3203 3446 3273 patriar‘

1847 3292 2002 3346 cham
2027 3292 2141 3347 inec
2169 3293 2331 3348 verba
2361 3295 2537 3358 habet,
2571 3295 2681 3366 95
2712 3295 2904 3351 litteris
2941 3297 3118 3352 aureis
3141 3295 3442 3351 inscriben-

1847 3384 1911 3440 da
1945 3401 1958 3439 :
1998 3403 2017 3437 ι
2054 3384 2132 3442 Ne
2161 3401 2342 3456 quaeso
2368 3387 2700 3442 obliviscaris
2730 3389 2783 3443 in
2814 3388 2918 3443 tuis
2947 3388 3151 3444 sanctis
3181 3388 3443 3443 orationi-

1846 3476 1944 3530 bus
1977 3491 2168 3531 nomen
2197 3477 2350 3532 amici
2384 3478 2454 3532 tui
2489 3477 2699 3543 Albini;
2749 3478 2840 3533 sed
2875 3480 2925 3532 in
2957 3478 3134 3548 aliquo
3166 3479 3444 3533 memoria:

1846 3567 2230 3641 gazophylacio
2259 3569 2491 3625 reeonde
2523 3569 2672 3635 illud,
2699 3577 2753 3625 et
2777 3568 2958 3640 profer
2981 3583 3046 3623 eo
3073 3579 3314 3636 tempore
3343 3583 3443 3639 op-

1846 3668 2096 3728 portuno,
2123 3675 2228 3730 quo
2253 3675 2441 3730 panem
2465 3670 2515 3715 et
2541 3660 2719 3715 vinum
2747 3662 2797 3717 in
2822 3661 3174 3715 substantiam
3197 3660 3443 3728 corporis

1845 3760 1900 3804 et
1929 3751 2204 3820 sanguinis
2235 3749 2431 3806 Christi
2461 3753 2879 3808 consecraveris.
2912 3769 2930 3802 ι
2957 3751 3058 3818 Qui
3090 3758 3198 3806 tam
3227 3750 3437 3821 perspi-

1845 3843 1959 3895 cuis
1992 3841 2167 3896 verbis
2195 3841 2431 3898 detrahit
2463 3843 2644 3910 ﬁdem,
2677 3847 2722 3899 is
2755 3859 2857 3898 non
2884 3843 3143 3910 veritatis,
3170 3843 3265 3899 sed
3307 3857 3441 3899 con-

1845 3933 2121 3998 tentionis,
2154 3933 2248 3989 sed
2275 3934 2500 4002 erroris,
2533 3939 2626 3990 sed
2656 3936 2964 3991 schismatis
2995 3947 3203 3990 amator
3233 3945 3334 3991 est.

1913 4024 2004 4079 26.
2034 4025 2297 4082 Creterum
2325 4042 2390 4082 ex
2413 4036 2684 4082 asservata
2709 4027 3044 4083 Eucliaristia
3077 4027 3175 4082 soli
3207 4041 3444 4083 commu-

1844 4119 2104 4175 nicabant
2135 4121 2358 4187 inﬁrmi,
2392 4138 2496 4176 non
2529 4123 2661 4190 sani,
2693 4123 2883 4193 quibus
2915 4122 2998 4176 vix
3024 4137 3254 4192 unquam
3284 4131 3442 4177 extra

1843 4208 2059 4263 missam
2091 4212 2398 4265 communio
2426 4227 2452 4263 a
2487 4211 2766 4267 sacerdote
2795 4212 3183 4282 porrigebatur.
3211 4210 3441 4266 Contra-

1842 4301 1957 4354 rius
1984 4317 2099 4356 mos
2130 4301 2181 4355 in
2205 4302 2433 4357 ecclesia
2462 4303 2908 4374 Jerosolymitana
2934 4305 3164 4374 primum
3209 4303 3443 4373 coepisse

1839 4393 2055 4450 videtur
2077 4411 2144 4451 ex
2179 4396 2470 4452 llumberto
2499 4399 2772 4454 cardinale
2800 4399 2850 4452 in
2880 4401 3228 4469 responsione
3251 4408 3441 4455 contra

1843 4487 2153 4546 Graecorum
2177 4493 2488 4556 calumnias,
2509 4491 2559 4546 in
2573 4491 2700 4548 haec
2728 4493 2887 4547 verba
2911 4509 2924 4546 :
2954 4511 2972 4545 ‹
3002 4492 3078 4549 Ad
3111 4497 3224 4547 haec
3245 4494 3292 4548 si
3312 4492 3443 4564 quid

1845 4597 1909 4638 ex
1942 4593 2125 4638 sancta
2149 4585 2505 4640 etvencraliili
2533 4585 2869 4641 Eucharistia
2897 4587 2948 4641 in
2978 4586 3444 4658 Jerosolymltanis

1845 4677 2089 4732 ecclesiis
2127 4678 2467 4746 superfuerit,
2502 4695 2601 4734 nec
2650 4679 2964 4745 incendunt,
2994 4695 3092 4736 nec
3140 4681 3192 4736 in
3235 4682 3442 4739 foveam

1846 4771 2087 4836 mittunt;
2117 4770 2211 4826 sed
2234 4773 2282 4824 in
2312 4772 2558 4842 pyxidem
2587 4771 2838 4827 mundam
2871 4773 3205 4837 recondunt;
3232 4783 3325 4829 ret
3353 4787 3442 4828 se-

1846 4864 2029 4934 quenti
2060 4865 2146 4918 die
2169 4866 2568 4919 communicant
2597 4880 2661 4919 ex
2708 4879 2768 4920 ea
2800 4866 3079 4934 populum,
3111 4865 3231 4935 quia
3263 4867 3438 4935 quoti-

1843 4954 1930 5011 die
1978 4958 2373 5010 communicant
2421 4958 2490 5011 ibi
2530 4976 2540 5008 :
2572 4971 2637 5012 eo
2667 4959 2806 5027 quod
2836 4959 3166 5012 conveniunt
3196 4958 3324 5014 illuc
3366 4973 3432 5014 ex

1844 5047 2067 5101 diversis
2120 5047 2407 5118 provinciis
2452 5048 2764 5116 Christiani,
2794 5050 2884 5121 qui
2926 5061 3148 5122 propter
3178 5051 3336 5107 ﬁdem
3380 5061 3436 5109 et

1843 5139 2130 5194 maximum
2161 5155 2399 5196 amorem
2433 5140 2528 5195 Fili
2561 5142 2652 5198 Dei
2687 5145 3089 5199 communicare
3114 5144 3180 5199 lbi
3213 5145 3425 5200 deside-

1847 5241 1986 5288 rant.
2028 5247 2046 5284 ι
2098 5233 2224 5288 Haec
2251 5232 2407 5305 longe
2439 5235 2765 5304 probabilior
2811 5247 2893 5293 est
2937 5237 3096 5305 ratio,
3145 5251 3304 5306 quam
3337 5252 3430 5291 eo-

1842 5341 1960 5383 rum
1992 5328 2080 5398 qui
2114 5327 2309 5397 passim
2349 5329 2398 5382 id
2427 5332 2649 5386 actitant
2675 5331 2792 5386 sine
2818 5331 3026 5387 delectu
3057 5340 3244 5385 contra
3273 5340 3420 5386 vete-

1842 5437 1955 5477 rem
1987 5421 2236 5475 Ecclesiac
2259 5436 2481 5476 morem.
2545 5422 2661 5488 Quo
2692 5434 2932 5492 tempore
2975 5422 3027 5477 id
3059 5421 3171 5476 ﬁeri
3204 5423 3426 5492 cmperlt

1843 5513 1898 5568 in
1927 5514 2150 5568 ecclesia
2176 5512 2648 5584 Jerosolymitana,
2675 5531 2780 5570 non
2797 5524 2879 5570 est
2911 5514 3268 5584 exploratum.
3296 5515 3438 5572 Sane

1843 5607 2270 5678 antiquissimum
2301 5622 2420 5662 esse
2451 5609 2792 5662 asservandze
2833 5607 2936 5661 illis
2967 5608 3020 5664 in
3052 5609 3291 5678 partibus
3324 5609 3425 5664 Eu-

1845 5697 2114 5754 charistia:
2142 5714 2344 5754 morem
2377 5698 2678 5769 colligimus
2708 5715 2773 5754 ex
2803 5699 3000 5770 Cyrillo
3027 5701 3281 5771 episcopo
3307 5702 3432 5758 Ale-

1842 5791 2141 5858 xandrino,
2181 5795 2267 5862 qui
2302 5793 2351 5846 in
2397 5790 2620 5860 epistola
2646 5793 2710 5846 ad
2741 5790 3076 5865 Calosyrium
3108 5796 3282 5864 arguit
3310 5809 3426 5861 eos,

1843 5882 1934 5954 qui
1973 5883 2250 5952 mysticam
2283 5879 2712 5938 benedictionem
2759 5883 2892 5940 nihil
2944 5885 3010 5938 ad
3044 5883 3432 5942 sanctiﬁcatio-
