4048 6350
619 451 710 508 lli?
1313 458 1658 515 APPENDl-X
1697 459 1787 514 AD
1825 457 2055 516 OPERA
2095 458 2339 516 SANCTI
2378 461 2688 519 GERMANI
2730 456 3167 517 PARlSlENSlS.
3775 461 3874 514 ηις

611 585 736 626 neut
773 571 960 640 juVare
1003 571 1291 641 dicebant,
1341 571 1387 627 si
1436 573 1561 642 quid
1608 589 1674 627 ex
1707 587 1768 628 ea
1801 573 1954 627 ﬁeret
1983 573 2178 642 reliqui
2208 573 2259 634 Α
2283 575 2636 631 vivificantem
2663 576 2884 644 gratiam
2905 616 2919 640 ,
2948 581 3258 644 perpetuam
3289 571 3340 626 in
3381 573 3497 641 ipso
3542 572 3811 627 existere.
3853 594 3871 622 ι

611 661 665 717 in
716 662 874 714 alium
907 661 1067 716 diem.
1117 663 1260 730 Quos
1305 663 1537 717 insanire
1574 664 1647 718 ait
1690 662 1938 734 Cyrillus.
1997 664 2177 733 Neque
2283 667 2388 723 Sed
2419 667 2626 735 longius
2673 675 2821 720 extra
2870 676 3038 721 metas
3077 664 3363 735 digredior,
3415 664 3483 719 ad
3529 662 3874 719 Gallicanum

611 758 753 810 enim
779 757 990 810 alterari
1021 757 1288 810 Christum
1314 797 1329 822 ,
1371 771 1540 825 neque
1567 766 1807 810 sanctum
1837 757 1952 824 ejus
1981 771 2178 825 corpus
2289 759 2679 814 Lectionarium
2710 756 2884 813 venio.

611 846 914 903 immutari:
958 848 1050 903 sed
1094 849 1480 905 benedictionis
1525 850 1627 902 vim
1673 863 1734 904 ac
1764 849 2094 915 facultatem,
2131 860 2184 904 et

619 979 3875 1018 m

904 1047 1172 1291 DE
1269 1151 2252 1298 LITURGIA
2361 1144 3516 1298 GALLICANA

1531 1399 1999 1508 LIBER
2049 1397 2948 1507 SECUNDUS.

677 1704 781 1774 97
815 1703 863 1756 l.
905 1703 1176 1759 Absolutis
1217 1703 1282 1759 iis
1331 1719 1448 1772 qua:
1487 1705 1552 1758 ad
1591 1704 1966 1760 illustrandam
2000 1715 2232 1759 veterem
2282 1703 2574 1773 Liturgiam
2603 1701 2932 1757 Gallicanam
2977 1697 3276 1754 necessario
3317 1695 3699 1765 przemittenda
3733 1696 3878 1751 vide«

608 1793 817 1860 bantur,
847 1795 956 1863 jam
989 1796 1198 1851 tandem
1248 1798 1584 1868 aggredimur
1614 1799 1890 1868 antiquum
1921 1797 2215 1852 Gallicanae
2247 1795 2498 1850 Ecclesia:
2533 1795 2958 1853 Lectionarium.
2991 1792 3144 1861 cujus
3172 1805 3394 1846 examen
3427 1792 3480 1843 in
3507 1789 3650 1842 hunc
3693 1789 3879 1843 incum

614 1886 937 1940 remisimus.
970 1888 1250 1957 Repertum
1284 1906 1309 1941 a
1343 1890 1494 1944 nobis
1516 1900 1598 1944 est
1644 1891 1694 1944 in
1735 1891 2024 1960 percelebri
2055 1889 2379 1944 monasterio
2411 1889 2724 1944 Luxoviensi
2754 1929 2769 1954 ,
2827 1887 3014 1941 litteris
3045 1885 3452 1953 Francogallicis
3477 1897 3574 1938 seu
3601 1883 3879 1937 Merovino

617 1976 747 2041 gicis
777 1988 900 2033 ante
930 1993 1095 2033 annos
1120 1980 1265 2036 mille
1286 1981 1561 2048 scriptum,
1593 1990 1645 2036 ut
1673 1982 1783 2052 ipsa
1813 1983 2185 2037 characterum
2219 1979 2388 2034 forma
2418 1979 2768 2034 demonstrat.
2797 1976 3048 2033 Continet
3097 1991 3224 2030 vero
3265 1975 3518 2029 lectiones
3555 1973 3880 2043 prophetia-

615 2083 732 2123 rum
789 2069 1139 2139 Epistolarum
1172 2116 1184 2136 ,
1229 2083 1279 2127 et
1331 2075 1732 2143 Evangeliorum
1781 2089 1872 2142 per
1900 2082 2068 2128 totum
2094 2085 2290 2126 annum
2322 2070 2376 2126 in
2399 2072 2558 2125 missa
2584 2111 2598 2135 ,
2627 2079 2680 2126 et
2713 2070 2762 2122 in
2794 2068 2911 2122 aliis
2942 2068 3201 2134 majorum
3234 2065 3631 2119 solernnitatum
3680 2061 3881 2117 ofﬁciis

610 2161 923 2216 recitandae.
961 2164 1087 2218 Illud
1121 2164 1447 2219 Gallicanum
1479 2206 1492 2230 ,
1561 2166 1768 2219 tametsi
1800 2164 2001 2219 avulsis
2044 2164 2250 2233 aliquot
2277 2163 2466 2231 primis
2497 2161 2640 2216 foliis
2681 2160 2833 2214 titulo
2864 2158 3186 2220 destituitur,
3221 2156 3490 2226 appellare
3520 2170 3628 2209 non
3657 2155 3880 2210 dubita-

603 2270 741 2321 mus,
778 2270 880 2310 non
905 2257 1073 2311 solum
1103 2258 1241 2325 quod
1275 2258 1324 2311 in
1355 2259 1520 2313 Gallia
1553 2259 1810 2328 scriptum
1841 2268 1924 2312 est
1952 2266 2077 2312 ante
2121 2265 2393 2326 receptum
2418 2255 2659 2309 ordinem
2688 2252 3068 2322 Gregorianum
3090 2291 3104 2314 ,
3145 2250 3238 2304 sed
3265 2251 3386 2318 quia
3418 2249 3676 2304 lectiones
3718 2247 3880 2301 habet

603 2357 774 2413 pI‘ISCO
823 2360 970 2400 more
1012 2346 1283 2402 Gallicano
1311 2347 1595 2415 diSpositas
1626 2388 1640 2410 ,
1687 2361 1878 2408 nempe
1905 2346 2038 2401 duas
2067 2361 2162 2414 pro
2192 2329 2414 2412 singulis
2442 2345 2549 2398 fere
2582 2342 2777 2408 missis,
2813 2351 3009 2408 praeter
3036 2339 3402 2408 Evangelium.
3446 2340 3717 2392 Prazterea
3754 2351 3879 2390 cum

604 2439 917 2504 paucissima
946 2449 1244 2492 sanctorum
1273 2439 1402 2493 festa
1431 2439 1695 2493 contineat
1729 2440 1828 2494 iste
1857 2439 2013 2505 liber,
2067 2453 2229 2494 unum
2258 2453 2328 2492 ex
2363 2437 2468 2491 illis
2495 2439 2729 2505 assignat
2763 2441 2960 2487 sanctae
2986 2431 3270 2487 Genovel‘ae
3293 2472 3308 2495 ,
3339 2431 3488 2494 cujus
3513 2432 3691 2484 cultus
3726 2429 3868 2497 apud

605 2541 818 2584 exteros
843 2532 955 2600 98
982 2531 1031 2583 in
1060 2546 1120 2584 ea
1154 2532 1408 2585 festorum
1435 2531 1650 2585 raritate
1681 2532 1810 2585 tanti
1844 2546 1947 2585 non
1977 2525 2186 2585 fuisset.
2217 2529 2333 2584 Alia
2364 2532 2498 2584 ritus
2528 2527 2784 2582 Gallicam
2818 2532 3127 2592 argumenta
3160 2524 3270 2578 suis
3300 2523 3431 2577 locis
3461 2520 3874 2576 adnotabimus.

673 2642 726 2694 Ξ.
773 2641 1087 2697 Lectionarii
1113 2643 1294 2697 Codex
1321 2642 1738 2711 antiquissimus,
1767 2643 1858 2697 sed
1889 2641 2040 2696 initio
2069 2641 2308 2708 mutilus,
2337 2641 2521 2710 incipit
2548 2639 2616 2692 ab
2646 2640 2728 2693 his
2756 2638 2907 2693 lsaize
2938 2639 3133 2702 verbis,
3167 2638 3342 2709 Neque
3369 2639 3672 2706 prazdicens,
3712 2655 3878 2707 neque

603 2734 819 2788 audiens
848 2750 1099 2788 sermones
1130 2744 1337 2800 vestros,
1381 2744 1485 2788 etc.
1517 2775 1530 2798 ,
1580 2749 1745 2804 usque
1796 2733 1999 2787 laudent
2027 2735 2136 2802 ejus
2163 2733 2214 2785 in
2244 2731 2428 2786 insulis
2458 2730 2780 2795 nuntiabunt,
2810 2745 2927 2797 qua:
2953 2737 3076 2784 sunt
3102 2729 3154 2796 in
3186 2727 3334 2782 Isaiae
3364 2741 3480 2796 cap.
3509 2743 3600 2780 xu
3633 2744 3662 2782 a
3698 2744 3862 2782 versu

605 2824 671 2878 26
701 2824 764 2878 ad
798 2837 1007 2879 versqu
1044 2825 1108 2878 12
1139 2826 1327 2890 capitis
1375 2826 1667 2893 sequentis.
1719 2824 1967 2879 Succedit
2012 2813 2113 2878 alia
2163 2824 2322 2879 lectio
2363 2838 2483 2878 cum
2513 2831 2636 2878 nota
2667 2823 2937 2876 numerica
2970 2823 3002 2876 8
3030 2822 3096 2876 ad
3123 2820 3416 2891 marginem
3445 2822 3701 2890 ascripta.
3781 2822 3879 2878 Hic

607 2933 863 2973 numerus
889 2918 1123 2974 decurrit
1149 2919 1214 2972 ad
1243 2919 1328 2985 12,
1365 2934 1460 2989 pro
1489 2933 1711 2973 numero
1738 2919 1957 2972 totidem
1989 2918 2296 2972 lectionum.
2353 2912 2557 2972 Deinde
2591 2918 2640 2969 in
2669 2916 2756 2970 die
2785 2915 2958 2970 Natali
2985 2914 3196 2970 Domini
3241 2929 3374 2969 nova
3432 2915 3638 2969 numeri
3670 2918 3876 2985 margi-

606 3009 741 3064 nalis
765 3010 933 3064 series
962 3008 1398 3076 deprehenditur,
1448 3023 1551 3062 non
1598 3023 1694 3078 pro
1743 3009 1964 3078 singulis
1997 3007 2320 3064 lectionibus
2346 3049 2362 3073 ,
2399 3007 2491 3061 sed
2519 3023 2615 3076 pro
2641 3007 2863 3075 singulis
2890 3008 3038 3064 festis
3064 3025 3076 3060 :
3126 3007 3238 3062 dies
3269 3021 3398 3062 vero
3423 3006 3626 3062 Natalis
3657 3007 3877 3066 Domini

609 3115 834 3156 numero
880 3099 912 3152 8
963 3101 1213 3170 praeditus
1254 3109 1353 3154 est.
1399 3100 1550 3156 Unde
1588 3101 1639 3154 in
1688 3100 1780 3155 illo
1807 3101 2140 3156 Lectionario
2167 3099 2363 3167 duplex
2395 3098 2695 3153 uumericus
2725 3098 2855 3153 ordo
2885 3099 3138 3168 distingui
3170 3097 3351 3162 debet,
3384 3107 3583 3168 praeter
3610 3112 3874 3154 numeros

611 3193 1022 3263 quaternionum
1055 3191 1278 3259 margini
1327 3191 1568 3247 inferiori
1615 3194 1884 3262 appositas
1911 3211 1922 3244 :
1968 3207 2104 3248 unus
2125 3234 2138 3258 ,
2174 3191 2264 3255 qui
2295 3189 2445 3245 festis
2471 3188 2707 3243 seriatim
2740 3189 3080 3245 recensendis
3110 3188 3389 3244 adhibetur
3416 3208 3426 3242 :
3457 3190 3614 3254 alter,
3648 3191 3746 3256 qui
3778 3191 3874 3245 ali-

609 3306 817 3361 quando
844 3293 1179 3358 lectionibus,
1213 3293 1300 3348 ubi
1332 3293 1508 3361 plures
1537 3301 1680 3358 sunt,
1709 3287 2107 3357 enumerandis,
2137 3287 2277 3359 quod
2303 3288 2355 3342 in
2381 3286 2598 3344 Sabbati
2621 3286 2787 3341 sancti
2815 3284 3128 3340 lectionibus
3155 3284 3491 3350 observatur,
3525 3286 3613 3340 ubi
3646 3286 3871 3343 tatidem

608 3390 836 3443 numcrl.
864 3388 914 3441 id
945 3395 1026 3442 est
1048 3385 1350 3443 duodecim.
1382 3400 1478 3449 pro
1509 3386 1728 3442 totidem
1760 3386 2078 3442 lectionibus
2109 3383 2452 3447 adhibentur,
2484 3384 2556 3436 uti
2586 3383 2714 3436 etin
2745 3381 2917 3451 vigilia
2946 3380 3145 3436 Natalis
3170 3380 3406 3436 Domini.

683 3504 738 3558 5.
779 3503 911 3558 Hinc
935 3503 1253 3575 colligimus,
1288 3503 1340 3557 in
1369 3503 1461 3558 illo
1489 3501 1826 3558 Lectionario
1856 3509 2060 3571 septem
2083 3543 2096 3566 ,
2145 3513 2265 3569 qua
2294 3499 2447 3554 initio
2469 3507 2594 3552 ante
2622 3497 2808 3552 Natale
2841 3496 3049 3552 Domini
3082 3497 3296 3563 desunt,
3324 3497 3628 3552 numericas
3659 3494 3867 3551 ofﬁcio-

609 3612 724 3651 rum
773 3611 866 3651 seu
916 3596 1170 3650 festorum
1213 3595 1417 3650 dierum
1467 3603 1621 3648 notas
1671 3593 2016 3659 praecessisse
2063 3592 2114 3645 in
2149 3590 2289 3645 loliis
2314 3590 2554 3654 avulsis,
2605 3602 2728 3642 cum
2771 3586 2886 3642 dies
2911 3585 3108 3641 Natalis
3139 3586 3348 3642 Domini
3371 3595 3590 3642 octavus
3619 3588 3710 3642 sit.
3770 3585 3875 3641 Sed

608 3704 850 3760 quamam
878 3689 968 3742 illa
997 3688 1205 3743 ofﬁcia?
1236 3687 1412 3742 Unum
1441 3695 1522 3740 est
1550 3684 1616 3740 de
1641 3685 1818 3756 vrgilia
1848 3683 2152 3738 Nativitatis
2180 3700 2192 3734 :
2240 3681 2309 3736 de
2335 3681 2454 3736 aliis
2481 3695 2586 3736 non
2620 3680 2688 3734 ita
2716 3678 2887 3732 facilis
2915 3691 3043 3733 sane
3071 3677 3396 3747 conjectura.
3443 3678 3658 3733 Missale
3682 3678 3868 3734 Μου-

610 3785 822 3850 rabum,
851 3799 934 3837 cui
962 3783 1295 3838 Gallicanum
1321 3784 1580 3835 accedere
1603 3779 1851 3846 superius
1879 3777 2132 3841 diximus,
2163 3776 2347 3843 incipit
2376 3790 2405 3828 a
2437 3789 2528 3828 sex
2564 3771 2852 3827 Dominicis
2880 3771 3153 3826 Adventus
3181 3779 3306 3826 ante
3331 3770 3524 3827 Natale
3543 3771 3772 3840 Christi,
3812 3782 3866 3828 et

610 3887 708 3940 pro
730 3874 806 3927 eis
832 3872 1050 3926 totidem
1080 3874 1316 3942 assignat
1344 3870 1539 3925 officia.
1573 3869 1776 3924 Deinde
1807 3869 1860 3922 in
1889 3867 2076 3921 eodem
2108 3865 2349 3933 quaedam
2377 3864 2514 3920 festa
2544 3875 2850 3918 sanctorum
2882 3862 3254 3931 subjiciuntur,
3289 3863 3537 3930 Andreae,
3567 3864 3872 3928 Saturnini,

624 3961 865 4026 Eulalia,
891 3960 1128 4029 Thomte,
1163 3960 1616 4017 Annuntiationis.
1647 3959 1786 4033 Ante
1809 3971 1978 4012 annos
2010 3957 2153 4012 mille
2183 3956 2456 4012 Adventus
2483 3969 2679 4009 nomen
2708 3953 3058 4036 rariusculnm
3088 3962 3226 4020 erat,
3255 3956 3464 4010 tametsi
3492 3969 3583 4023 res
3610 3957 3725 4026 ipsa
3759 3966 3874 4012 erat

609 4057 666 4112 in
697 4072 816 4120 usu,
857 4056 1062 4112 scilicet
1092 4055 1409 4124 praeparatio
1438 4050 1681 4122 quadam
1710 4049 1761 4103 in
1791 4035 2032 4103 Ecclesia
2062 4047 2316 4103 solemnis
2342 4046 2409 4100 ad
2437 4045 2675 4100 Natalem
2700 4046 2811 4117 99
2835 4035 3044 4102 Domini
3063 4043 3167 4102 rite
3189 4046 3645 4113 praeveniendum.
3677 4045 3873 4106 Verum

608 4160 714 4204 non
744 4149 816 4203 ita
846 4156 993 4203 ratus
1023 4134 1216 4217 ubique
1245 4163 1308 4203 ac
1333 4146 1609 4213 definitus,
1643 4153 1701 4200 ut
1729 4159 1888 4208 nunc,
1924 4143 2321 4197 Dominicarum
2350 4155 2626 4196 numerus.

686 4259 741 4316 4.
783 4261 839 4317 ln
881 4260 1094 4316 Ordinis
1124 4258 1389 4316 Gelasiani
1417 4258 1554 4314 libro
1574 4273 1612 4312 ιι
1641 4272 1669 4311 a
1693 4273 1915 4312 numero
1945 4257 2014 4312 80
2036 4259 2375 4326 assignantur
2414 4256 2592 4311 missa:
2635 4255 2870 4324 quinque
2908 4257 2976 4311 de
3007 4254 3253 4311 Adventu
3285 4256 3526 4325 Domini;
3558 4257 3612 4313 in
3642 4259 3874 4316 Ambro-

618 4354 772 4410 siano
825 4365 945 4417 sex,
984 4359 1042 4406 ut
1085 4351 1139 4405 in
1188 4348 1552 4404 Mozarabico:
1582 4357 1635 4402 at
1665 4349 1718 4402 in
1749 4347 1975 4403 Gothico
2001 4364 2096 4403 seu
2128 4346 2425 4412 Gallicana,
2453 4345 2594 4416 quod
2623 4346 2710 4401 hic
2736 4361 2802 4401 ex
2826 4345 3110 4404 Thomasio
3138 4348 3474 4416 exhibemus,
3494 4357 3704 4405 tantum
3734 4351 3872 4417 dua,

625 4457 759 4512 quas
785 4443 1027 4512 sequitur
1054 4441 1369 4508 praeparatio
1399 4440 1474 4506 ad
1506 4455 1784 4510 veSperam
1812 4440 2016 4496 Natalis
2041 4441 2272 4507 Domini,
2297 4441 2381 4495 cui
2413 4439 2699 4508 respondet
2726 4439 2939 4494 Ordinis
2985 4440 3322 4496 Ambrosiani
3365 4441 3524 4497 missa
3553 4441 3622 4497 de
3668 4443 3873 4513 Exspe-

617 4544 784 4602 ctato,
817 4551 934 4606 quae
965 4535 1032 4590 de
1069 4533 1362 4601 Exceptato
1385 4535 1436 4589 in
1462 4534 1632 4589 Editis
1658 4535 1979 4604 appellatur.
2012 4533 2226 4590 Eaedem
2256 4541 2381 4589 sunt
2419 4532 2472 4587 in
2502 4532 2776 4588 Gallicano
2802 4531 2924 4587 duae
2950 4533 3134 4602 primae
3172 4533 3442 4588 orationes
3473 4549 3570 4602 pro
3609 4536 3866 4591 ambabus

623 4627 825 4693 missis,
867 4638 1024 4698 atque
1053 4630 1104 4683 in
1135 4627 1420 4683 Gelasiauo
1447 4641 1541 4694 pro
1566 4626 1772 4680 duabus
1803 4623 1989 4694 primis
2018 4640 2032 4678 :
2077 4626 2251 4694 prima
2295 4625 2507 4694 quidem
2536 4622 2706 4678 oratio
2734 4637 2838 4676 non
2868 4623 3093 4677 multum
3138 4621 3188 4676 ei
3233 4621 3526 4688 dissimilis,
3568 4637 3693 4692 qua:
3722 4625 3871 4680 modo

613 4720 674 4777 in
703 4717 972 4774 Dominica
1008 4719 1175 4787 prima
1208 4717 1481 4772 Adventus
1511 4714 1726 4769 recitari
1751 4715 1907 4783 solet,
1950 4715 2184 4770 secunda
2216 4715 2435 4770 omnino
2465 4713 2648 4768 eadem
2679 4727 2798 4768 cum
2823 4721 3006 4768 nostra
3037 4712 3325 4768 Dominica:
3349 4712 3622 4768 secundae.

686 4812 741 4866 5.
783 4810 839 4867 ln
866 4795 1098 4867 bomiliis
1127 4809 1369 4875 Caesarii,
1391 4809 1618 4878 aliisque
1649 4815 1773 4862 ante
1816 4807 2070 4863 saeculum
2099 4823 2173 4862 vn
2199 4807 2358 4862 editis
2381 4849 2394 4873 ,
2429 4807 2569 4862 nulla
2599 4807 2668 4864 de
2693 4807 2936 4864 Adventu
2967 4808 3201 4874 Domini,
3234 4818 3483 4877 tanquam
3513 4808 3581 4864 de
3625 4810 3871 4880 singulari

619 4904 847 4972 quadam
895 4903 1136 4957 instituta
1167 4903 1503 4969 celebritate,
1531 4901 1747 4958 homilia
1779 4902 1972 4974 legitur
2006 4920 2020 4956 :
2053 4902 2146 4957 sed
2175 4903 2222 4958 si
2266 4917 2369 4973 qua
2417 4901 2670 4970 occurrit,
2703 4901 3002 4957 exhortatio
3047 4909 3130 4958 est
3165 4901 3232 4956 ad
3281 4902 3478 4956 Christi
3531 4902 3871 4960 Nativitatem

619 5008 742 5048 cum
777 4995 967 5061 pietate
999 4996 1449 5063 prmvenieudam.
1483 4997 1536 5050 lu
1587 4995 1898 5051 Homiliario
1927 4995 2367 5064 Sanctigallensi,
2411 4995 2604 5050 litteris
2653 4992 2960 5063 majusculis
3002 4995 3068 5049 ab
3115 4996 3269 5050 annis
3321 4994 3470 5051 niille
3512 4996 3744 5066 scripto,
3772 4998 3872 5054 duo

615 5100 896 5142 sermones
926 5071 1188 5142 habentur
1211 5102 1307 5156 pro
1331 5088 1418 5143 die
1449 5087 1722 5144 Dominica
1748 5097 1871 5144 ante
1902 5089 2089 5144 Natale
2136 5087 2368 5153 Domini,
2420 5087 2514 5144 sed
2563 5087 2805 5155 inscripti
2849 5087 2948 5142 hoc
2995 5087 3154 5142 modo
3180 5105 3192 5139 :
3226 5085 3509 5142 Dicendum
3540 5104 3638 5144 seu
3669 5090 3871 5146 Dictum

608 5186 730 5230 ante
763 5177 952 5230 Natale
979 5177 1208 5242 Domini,
1241 5180 1355 5233 sine
1383 5179 1487 5234 ulla
1533 5184 1804 5237 mentione
1844 5182 2108 5236 adventus
2139 5195 2234 5250 per
2264 5190 2431 5235 totum
2477 5180 2603 5236 illud
2633 5195 2829 5250 corpus
2857 5179 3216 5247 homiliarum,
3249 5195 3369 5249 qua:
3395 5196 3492 5251 per
3517 5197 3726 5241 annum
3756 5195 3871 5242 tunc

533 5277 546 5338 ξ
614 5270 952 5341 legebantur,
987 5269 1251 5337 pleraeque
1292 5287 1356 5326 ex
1384 5273 1619 5329 Caesario
1645 5276 1898 5344 episcopo
1941 5274 2260 5328 Arelatensi.
2291 5271 2451 5329 Certe
2493 5288 2664 5342 neque
2705 5274 2950 5339 concilia,
2981 5289 3153 5344 neque
3181 5275 3384 5346 regulae
3413 5277 3628 5334 illorum
3659 5289 3862 5350 tempo-

539 5384 552 5434 λ
615 5378 759 5430 rum,
790 5359 1031 5425 Caesarii,
1065 5362 1355 5429 Aureliani,
1386 5363 1648 5430 Ferreoli,
1689 5365 1988 5430 Benedicti,
2017 5365 2174 5418 ullam
2218 5363 2286 5418 de
2324 5363 2598 5418 Adventus
2626 5365 2837 5420 Domini
2866 5365 3126 5421 vocabulo
3172 5367 3237 5436 (si
3281 5365 3418 5424 bene
3444 5371 3693 5442 memini)
3726 5389 3869 5429 meu-

619 5454 821 5580 ιὶιὲἐξω
877 5451 1101 5509 faciunt.
1153 5454 1436 5511 Ambrosio
1485 5466 1659 5511 tamen
1716 5457 1944 5524 hymnus
1986 5457 2053 5511 de
2106 5455 2353 5509 Adventu
2386 5454 2594 5509 Domini
2641 5457 2888 5512 tribuitur
2918 5457 2971 5512 in
3015 5457 3305 5528 Hymnario
3339 5459 3528 5517 Rome
3565 5477 3742 5535 nuper
3768 5466 3871 5522 im-

619 5540 675 5580 or
765 5539 816 5579 ο.

614 5539 816 5595 presso.

691 5613 745 5669 6.
789 5613 843 5669 In
870 5614 1094 5683 quadam
1121 5617 1366 5686 epistola,
1393 5632 1509 5686 qua:
1537 5617 1637 5672 sub
1664 5617 1946 5687 Augustini
1977 5615 2194 5670 nomine
2221 5614 2288 5670 ad
2313 5615 2588 5670 Bibianum
2614 5616 3002 5672 Santonensem
3037 5619 3346 5690 episcopum
3402 5623 3454 5677 in
3502 5623 3705 5681 Codice
3737 5626 3863 5681 Car-

616 5706 856 5761 nutensis
905 5706 1060 5776 ιοο
1096 5708 1270 5764 sancti
1327 5707 1471 5762 Petri
1522 5707 1853 5773 monasterii,
1904 5717 2028 5761 ante
2072 5719 2240 5762 annos
2284 5707 2619 5775 octingentos
2665 5715 2904 5775 exarato,
2937 5717 3056 5776 post
3085 5709 3394 5782 Hieronymi
3424 5715 3671 5780 quaedam
3703 5731 3861 5786 Opera

621 5800 918 5870 reperitur;
951 5801 1198 5854 nonnulla
1228 5801 1295 5856 de
1326 5801 1571 5855 Adventu
1603 5799 1813 5856 Domini
1841 5800 2110 5870 leguntur,
2141 5797 2224 5852 hic
2248 5800 2427 5866 pau‘cis
2450 5797 2755 5852 delibanda.
2780 5799 2980 5854 Auctor
2999 5800 3073 5854 ait
3100 5800 3304 5856 Bibiani
3333 5811 3520 5874 rogatu
3552 5820 3612 5860 se
3638 5807 3871 5876 dirigere

617 5910 640 5947 ι
683 5890 936 5950 Ordinem
978 5891 1504 5972 Hipponaeregiensis
1533 5893 1800 5962 ecclesiae,
1829 5891 2059 5963 qualiter
2100 5891 2281 5950 divina
2309 5891 2484 5949 ofﬁcia
2516 5892 2634 5963 (per
2664 5906 2860 5947 annum
2892 5893 2944 5948 in
2976 5907 3039 5951 ea
3067 5894 3290 5954 ecclesia
3337 5895 3593 5969 disposita
3641 5899 3864 5965 essetin)
