4048 6350
195 394 299 451 ws
1225 401 1313 464 ne
1357 381 1678 469 LITUBGIA
1717 387 2108 474 GALLlCANA
2147 417 2351 477 LIBER
2390 406 2458 479 η.
3362 419 3465 500 ne

192 507 513 608 totius-anni
545 511 819 608 opiﬁcium
845 515 898 608 in
931 516 1251 574 lectionibus
1276 521 1469 579 divinis
1497 527 1980 599 (perstringendo,)
2006 530 2321 601 incipientes
2352 533 2568 606 (inquit)
2601 536 2846 595 ordinem
2873 542 3152 602 Adventus
3202 547 3464 608 Dominict

193 614 224 653 a
259 615 360 702 vm-
377 600 643 702 Kalendas
666 605 935 674 Octobris,
966 609 1040 679 (id
1070 609 1174 681 est)
1205 615 1526 681 aequinoctio
1556 618 1849 673 autumnali
1880 638 1895 674 :
1923 635 2020 690 pro
2045 600 2274 694 eoquod
2300 600 2488 683 eadem
2530 600 2616 686 die
2642 629 2877 688 Joannes
2921 600 3232 702 praecor-sor

192 709 224 745 a
255 693 782 803 majoribuslno-stris
805 701 1130 803 traditur-et
1159 707 1350 803 angelo
1395 710 1678 765 nuntiante
1707 721 2022 780 conceptus,
2051 723 2105 768 et
2136 693 2361 774 Herodis
2406 718 2605 776 funesti
2653 722 2833 792 gladio
2865 693 3209 784 trucidatus;
3491 743 3501 802 ε

187 798 426 891 namque
445 799 530 891 est
555 789 771 891 tsubdit
803 791 916 891 ille)
939 802 998 891 ut
1027 795 1095 847 ab
1117 795 1304 851 eadem
1334 799 1423 854 die
1457 816 1623 871 usque
1655 802 1718 855 ad
1746 801 2087 860 Nativitatem
2129 807 2353 874 Christi,
2388 789 2773 882 prophetarum
2818 833 3015 888 organa
3048 789 3462 891 tympanizfando
3498 799 3501 802 Ι

193 879 704 955 resultetEcclesia.
741 885 843 941 Sed
872 885 994 955 quia
1025 896 1150 942 sunt
1170 893 1412 946 nonnulli
1443 895 1533 962 qui
1561 893 1866 951 Adventum
1898 898 2107 954 Domini
2154 915 2185 955 a
2214 879 2505 960 festivitate
2527 905 2668 961 beati
2697 879 2909 964 Martini
2946 879 3283 971 Turonensis
3316 879 3463 975 urbis

96 1053 116 1063 .-
184 972 425 1073 episcopi
459 973 706 1031 videntur
732 977 1048 1047 insipienter
1073 983 1344 1051 excolere,
1378 1001 1476 1042 nos
1496 1001 1590 1042 eos
1621 1003 1728 1044 non
1757 991 2237 1061 reprehendamus,
2271 999 2395 1061 quia
2428 1016 2536 1055 non
2563 1016 2749 1060 omnes
2779 1005 2956 1058 omnia
2986 1019 3231 1075 possunt,
3265 1021 3319 1066 et
3340 972 3458 1068 ma:

94 1081 112 1125 ς
361 1081 483 1121 cum
511 1068 799 1171 Apostolus
829 1071 969 1126 dicat
994 1091 1007 1125 :
1040 1073 1338 1171 Dnicuique
1367 1076 1510 1133 sicut
1540 1079 1683 1136 Deus
1711 1081 1893 1136 divisit
1937 1099 2240 1141 mensuram
2273 1089 2418 1145 ﬁdei.
2448 1091 2736 1166 SetLlonge
2763 1097 2917 1152 aliter
2945 1064 3031 1153 est
3058 1064 3456 1171 plenitudo—or-

183 1155 418 1259 ditt'rsuet
467 1161 739 1259 religionis
789 1173 1009 1220 nostrae.
1038 1163 1294 1223 Martinus
1325 1170 1522 1225 etenim
1552 1182 1770 1227 sanctus
1809 1173 1966 1244 longe
1999 1185 2118 1245 post
2137 1178 2520 1237 Ascensionem
2557 1155 2786 1253 Domini,
2832 1189 2914 1244 vel
2959 1155 3079 1259 post
3118 1155 3456 1252 nativitatem

181 1249 401 1318 prodiit,
427 1252 509 1305 vel
542 1260 662 1320 post
690 1263 916 1309 mortem
948 1257 1214 1325 discessit,
1240 1261 1437 1331 quippe
1467 1265 1555 1330 qui
1580 1264 1778 1319 nostris
1803 1267 2135 1334 temporibus
2165 1285 2331 1339 prope
2355 1271 2474 1338 fuit,
2508 1275 2751 1335 quamvis
2774 1249 2832 1330 in
2859 1249 3005 1333 brevi
3041 1289 3282 1352 tempore
3301 1249 3454 1340 fama

182 1345 492 1400 sanctitatis
515 1355 567 1399 et
596 1348 808 1444 virtutis
838 1349 980 1405 illius
1013 1361 1182 1408 totum
1214 1359 1471 1412 mundum
1506 1363 1749 1427 replevit.
1778 1362 1931 1430 Apud
1965 1379 2062 1418 nos
2091 1363 2271 1433 itaque
2295 1379 2361 1420 ex
2389 1374 2506 1434 ejus
2537 1369 2877 1424 solemnitate
2918 1345 3240 1428 abstinentia
3273 1391 3302 1428 a
3329 1393 3455 1432 car-

188 1438 366 1502 nibus,
404 1443 485 1493 vel
508 1438 772 1510 conjug'ali
797 1443 988 1512 copula
1024 1445 1146 1500 ﬁliis
1178 1447 1432 1505 Ecclesiae
1460 1450 1735 1519 indicitur,
1769 1464 1825 1510 ut
1854 1458 1917 1510 ad
1945 1456 2286 1513 Nativitatem
2322 1459 2529 1514 Domini
2558 1463 2796 1517 securius
2837 1468 3255 1524 communicent.
3306 1489 3325 1522 ›
3373 1473 3454 1527 Ex

179 1531 282 1586 hac
316 1532 560 1599 epistola,
588 1531 928 1599 supposititia
956 1535 1196 1603 quidem,
1245 1538 1338 1593 sed
1373 1550 1550 1596 tamen
1599 1545 1993 1614 antiquissima,
2032 1545 2398 1618 intelligimus,
2446 1559 2571 1605 ante
2601 1561 2874 1620 receptum
2904 1555 2956 1608 in
2988 1556 3159 1611 Gallia
3201 1559 3458 1616 Ordinem

187 1621 568 1692 Gregoriauum
602 1639 706 1678 non
732 1625 799 1678 ita
828 1626 987 1680 ﬁxam
1016 1643 1080 1682 ac
1109 1639 1276 1684 ratam
1310 1631 1473 1688 fuisse
1503 1633 1762 1691 Dominici
1805 1636 2079 1693 Adventus
2107 1639 2416 1694 celebrandi
2462 1640 2724 1696 rationem
2753 1660 2766 1696 :
2794 1659 2956 1712 quam
3004 1663 3125 1702 cum
3178 1649 3447 1722 pleraeque

190 1714 476 1770 Gallicanae
507 1716 787 1785 Ecclesiae,
836 1718 1014 1774 forsan
1046 1724 1290 1792 exemplo
1321 1724 1669 1793 Turonensis,
1696 1743 1726 1782 a
1755 1727 1894 1785 festo
1937 1733 2108 1786 sancti
2139 1732 2350 1788 Martini
2383 1734 2712 1803 inciperent;
2748 1738 3021 1806 praedictas
3042 1714 3283 1810 epist-olm
3313 1714 3449 1800 scri-

181 1813 327 1876 pter,
357 1807 593 1905 quisquis
626 1807 715 1862 ille
741 1808 870 1905 fuit,
896 1810 1052 1905 altius
1079 1813 1423 1881 repetendam
1445 1817 1633 1884 voluit,
1667 1833 1861 1890 nempe
1888 1835 1917 1874 a
1947 1837 2039 1876 vnt
2065 1821 2182 1875 Kal.
2215 1822 2460 1879 Octobris
2490 1842 2501 1874 :
2531 1841 2637 1895 quo
2665 1842 2732 1881 ex
2760 1838 3000 1898 tempore
3031 1807 3181 1903 ιδι
3209 1833 3450 1905 Prophe-

178 1907 351 1952 tarum
377 1899 443 1954 de
469 1899 687 1956 Christo
717 1900 963 1957 vaticinia
995 1903 1045 1956 in
1088 1904 1281 1961 divinis
1305 1909 1500 1964 ofﬁciis
1547 1910 1767 1965 recitari
1802 1912 2080 1968 deberent.
2115 1916 2288 1982 Atque
2317 1925 2375 1968 ut
2405 1917 2730 1972 sententiam
2760 1933 2912 1973 suam
2945 1899 3071 1976 aliis
3095 1899 3443 1996 fat—ciliusap-

177 1992 450 2088 probaret,
479 1996 578 2047 sub
613 1995 860 2063 specioso
887 1997 1059 2054 sancti
1087 2001 1374 2071 Augustini
1402 2007 1618 2060 nomine
1663 2006 1924 2061 conﬁnxit
1951 2006 2234 2075 epistolam
2253 2049 2268 2074 ,
2299 2009 2640 2079 vulgavitque
2664 2028 2678 2063 :
2705 2029 2866 2082 quam
2892 2014 2958 2069 ad
2986 2016 3187 2071 calcem
3231 1992 3455 2088 hujusce

177 2081 461 2137 voluminis
502 2083 761 2154 integram
810 2088 1125 2144 referemus.
1171 2089 1440 2148 Caeterum
1492 2093 1778 2165 Gregorius
1829 2095 2160 2153 Turonensis
2208 2099 2434 2155 antistes
2477 2081 2794 2171 religionem
2850 2105 3079 2175 dierum,
3132 2111 3220 2178 qui
3253 2081 3452 2166 avfesto

175 2183 343 2235 sancti
373 2180 585 2235 Martini
626 2183 690 2238 ad
723 2182 922 2238 Christi
949 2182 1134 2240 Natale
1157 2185 1497 2257 interjacent,
1532 2189 1686 2246 nobis
1715 2193 1952 2262 suggerit
1984 2193 2036 2247 in
2063 2192 2158 2248 lib.
2183 2191 2252 2246 de
2290 2192 2420 2247 Vitis
2452 2193 2667 2248 Patrum
2697 2210 2815 2265 cap.
2845 2196 2930 2263 15,
2955 2199 3044 2253 ubi
3071 2199 3147 2253 ait
3175 2201 3446 2257 Seuocum

175 2277 439 2330 reclusum
470 2276 537 2330 ad
563 2292 623 2332 se
651 2279 883 2344 venisse,
913 2277 1000 2332 cui
1031 2281 1310 2335 consilium
1341 2281 1571 2348 dederit,
1620 2293 1677 2336 ut
1729 2298 1796 2337 ne
1821 2292 2078 2353 perpetua
2123 2298 2182 2338 se
2226 2282 2530 2340 reclusione
2600 2286 2955 2356 astringeret,
3001 2288 3097 2343 sed
3150 2298 3356 2345 tantum
3401 2294 3457 2347 in

175 2365 612 2470 Quadragesima,
638 2371 772 2425 etin
799 2370 904 2426 illis
933 2372 1143 2441 diebus,
1181 2393 1199 2426 ι
1236 2374 1328 2446 qui
1354 2375 1494 2430 inter
1537 2373 1926 2445 depositionem
1954 2377 2126 2432 sancti
2157 2377 2370 2434 Martini
2399 2393 2463 2434 ac
2503 2378 2760 2434 dominici
2799 2377 3006 2435 Natalis
3051 2381 3452 2442 solemnitatem

175 2457 456 2515 habentur.
499 2480 517 2512 ι

245 2554 300 2609 7.
345 2555 423 2610 Ex
455 2555 540 2612 his
581 2558 830 2615 omnibus
859 2560 1090 2629 conjicio
1120 2574 1212 2616 sex
1236 2559 1357 2614 illas
1387 2561 1692 2616 numericas
1719 2568 1875 2616 notas
1906 2576 2001 2630 pro
2039 2561 2261 2617 totidem
2293 2557 2506 2628 ofﬁciis,
2535 2576 2653 2633 qua:
2684 2561 2738 2616 in
2767 2561 3109 2618 Lectionario
3140 2573 3326 2621 nostro
3353 2567 3453 2624 de-

177 2645 404 2702 siderari
434 2648 690 2716 diximus,
720 2650 1040 2721 repetendas
1068 2665 1187 2706 esse
1216 2666 1246 2705 a
1269 2648 1408 2705 festo
1430 2652 1601 2706 sancti
1629 2650 1841 2705 Martini
1873 2668 1886 2704 :
1912 2666 2021 2720 quo
2051 2667 2119 2708 ex
2148 2661 2391 2722 tempore
2420 2652 2563 2722 apud
2596 2651 2782 2708 Gallos
2829 2653 3018 2724 religio
3062 2656 3359 2726 Adventus,
3396 2660 3449 2716 id

175 2747 258 2791 est
297 2740 616 2807 praeparatio
640 2740 707 2795 ad
739 2741 927 2797 Natale
953 2741 1184 2805 Domini,
1219 2742 1425 2797 initium
1448 2743 1698 2798 ducebat.
1730 2742 1889 2798 Certe
1913 2743 2125 2799 Missale
2146 2745 2588 2810 Ambrosianum,
2614 2759 2757 2800 anno
2785 2744 2924 2801 1560
2955 2747 3181 2813 editum,
3213 2751 3400 2822 incipit
3428 2768 3459 2808 a

173 2830 351 2900 vigilia
383 2832 556 2887 sancti
593 2833 838 2901 Martini;
871 2851 932 2890 ac
955 2836 1220 2891 recentius
1244 2835 1370 2889 anni
1414 2834 1552 2891 1669
1579 2837 1646 2890 ab
1675 2835 1939 2892 Adventu.
1986 2838 2169 2908 Itaque
2198 2838 2649 2893 verisimillimum
2678 2848 2760 2894 est
2786 2839 3184 2897 Lectionarium
3217 2857 3458 2903 nostrum

173 2927 360 2984 itidem
384 2931 667 3001 incoepisse
697 2949 725 2987 a
749 2933 886 2989 festo
907 2936 1077 2989 sancti
1104 2935 1336 3002 Martini,
1369 2936 1423 2988 in
1451 2949 1609 3004 quem
1654 2935 1827 3004 major
1849 2943 1968 2990 erat
1993 2935 2294 3002 Gallorum,
2324 2951 2485 3006 quam
2505 2943 2816 2990 exterorum
2846 2937 3079 2993 devotio.
3109 2940 3312 2997 Deinde
3342 2943 3454 2998 lor-

182 3037 278 3077 san
307 3025 630 3093 sequebatur
656 3025 889 3082 ofﬁcium
920 3027 988 3083 de
1015 3040 1200 3084 saneto
1227 3027 1474 3094 Andrea;
1506 3039 1689 3097 postea
1717 3030 1961 3098 quaedam
1991 3029 2166 3084 ofﬁcia
2191 3044 2288 3098 pro
2316 3029 2672 3095 Adventu,de
2703 3046 2810 3102 quo
2835 3031 2955 3087 duae
2979 3034 3157 3088 missae
3187 3034 3454 3092 habentur

178 3114 232 3169 in
268 3115 470 3170 Missali
497 3115 1004 3188 Gothicogallicano,
1030 3119 1255 3174 fortasse
1283 3118 1610 3188 repetendae,
1642 3119 1856 3188 quando
1880 3135 1967 3175 res
1995 3119 2269 3188 exigebat.
2299 3119 2429 3173 Nam
2460 3127 2516 3175 et
2544 3120 2721 3174 missa:
2765 3121 3116 3177 dominicales
3160 3136 3280 3193 post
3312 3127 3449 3181 Pen-

191 3217 432 3264 tecosten
460 3217 560 3266 hoc
589 3211 750 3265 modo
779 3209 1086 3280 repetendae
1115 3222 1287 3276 erant,
1318 3211 1580 3279 siquidem
1613 3211 1767 3264 unica
1794 3211 1847 3266 in
1873 3210 2209 3266 Lectionario
2233 3218 2444 3276 nostro,
2469 3226 2562 3265 sex
2594 3211 2646 3264 in
2672 3209 2872 3265 Missali
2904 3212 3149 3282 Gothico,
3186 3225 3238 3270 et
3270 3232 3364 3271 sex
3386 3218 3442 3273 in

179 3301 514 3358 Mozarabico
537 3312 739 3360 tantum
766 3305 1122 3371 assignantur.
1146 3305 1354 3371 Quanta
1379 3303 1575 3374 pietate
1595 3303 1784 3359 Natale
1814 3303 2027 3358 Domini
2058 3303 2416 3371 praevenirent
2459 3300 2693 3370 majores
2742 3307 2931 3368 nostri,
2976 3305 3132 3362 docet
3179 3322 3349 3363 canon
3408 3309 3442 3364 9

188 3395 400 3451 concilii
429 3396 836 3455 Matisconensis
863 3399 1042 3468 primi,
1073 3399 1356 3454 statuentis
1381 3417 1392 3451 :
1432 3398 1498 3453 Ut
1521 3416 1553 3452 a
1585 3399 1715 3469 feria
1744 3401 1908 3453 sancti
1937 3397 2152 3451 Martini
2181 3413 2340 3467 usque
2365 3397 2432 3450 ad
2461 3392 2654 3449 Natale
2687 3396 2915 3462 Domini,
2941 3401 3187 3463 secunda,
3231 3412 3434 3470 quarta,

173 3498 225 3543 et
268 3498 413 3543 sexta
456 3490 691 3557 Sabbati,
739 3491 791 3545 id
822 3502 903 3546 est
949 3491 1317 3556 hebdomadas,
1352 3491 1506 3562 102
1546 3491 1839 3562 jejunetur,
1879 3499 1928 3546 et
1964 3489 2222 3557 sacriﬁcia
2263 3488 2696 3560 quadragesimali
2725 3489 2937 3542 debeant
2965 3491 3144 3544 ordine
3174 3493 3443 3550 celebrari.

173 3587 350 3651 Atque
370 3589 441 3641 ob
464 3585 600 3639 hanc
627 3598 842 3640 causam
877 3585 1140 3654 jejunium
1163 3595 1393 3656 quatuor
1420 3597 1721 3654 temporum
1744 3585 1798 3640 in
1832 3599 2017 3640 mense
2039 3583 2251 3639 decimo
2281 3583 2579 3638 inStitutum
2606 3580 2763 3636 tradit
2792 3581 3055 3650 Egbertus
3087 3582 3446 3640 Eboracensis

172 3676 394 3733 antistes
424 3677 477 3732 in
509 3677 751 3747 Dialogo,
783 3696 801 3728 ι
835 3693 1028 3748 nempe
1050 3689 1268 3748 propter
1295 3677 1666 3733 advenientem
1695 3678 2060 3733 venerabilem
2087 3677 2486 3733 solemnitatem
2536 3674 2745 3729 Domini
2795 3675 2961 3729 nostri
2993 3674 3119 3730 Jesu
3151 3674 3352 3730 Christi
3380 3685 3443 3731 ut

173 3769 548 3839 unusquisque
580 3768 752 3824 ﬁdelis
781 3777 1042 3838 praeparet
1070 3784 1130 3824 se
1151 3769 1219 3825 ad
1251 3770 1683 3824 communionem
1714 3771 1955 3838 corporis
1984 3779 2039 3824 et
2086 3768 2362 3838 sanguinis
2391 3765 2592 3821 Christi
2618 3782 2740 3821 cum
2771 3766 3059 3823 devotione
3104 3768 3444 3824 sumendam.

175 3863 328 3931 Quod
349 3872 405 3918 et
442 3877 572 3934 gens
596 3863 918 3934 Anglorum,
952 3863 1144 3932 inquit,
1175 3877 1390 3932 semper
1419 3863 1474 3917 in
1505 3863 1662 3932 plena
1694 3860 2030 3917 hebdomada
2065 3870 2192 3916 ante
2221 3859 2407 3916 Natale
2436 3858 2649 3913 Domini
2682 3857 2979 3925 consuevit,
3023 3878 3042 3911 ι
3075 3860 3280 3916 scilicet
3300 3861 3445 3931 jeju-

171 3954 300 4019 niis,
323 3952 619 4018 solitudini,
661 3963 718 4009 et
749 3953 868 4007 aliis
894 3952 997 4022 piis
1019 3953 1273 4022 operibus
1300 3952 1558 4008 vacando.
1591 3953 1714 4007 llaec
1743 3951 1814 4008 de
1850 3951 2103 4007 Adventu
2138 3952 2352 4007 Domini
2381 3952 2708 4021 pra-mittere
2727 3965 2907 4019 opera:
2935 3951 3164 4020 pretium
3195 3952 3449 4010 duximus

169 4047 238 4102 ad
260 4050 614 4118 supplendum
642 4065 706 4104 ea
728 4066 849 4119 quae
874 4065 938 4103 ex
970 4050 1170 4104 avulsis
1199 4048 1340 4103 foliis
1372 4050 1426 4102 in
1455 4047 1796 4105 Lectionario
1840 4059 2029 4103 nostro
2058 4047 2274 4113 desunt,
2304 4046 2355 4102 id
2383 4055 2466 4102 est
2495 4045 2876 4116 quaterniones
2923 4045 3142 4102 omnino
3185 4056 3394 4118 septem
3423 4066 3437 4102 :

171 4141 439 4210 siquidem
465 4142 670 4211 primus
691 4156 722 4196 e
743 4141 964 4211 reliquis
994 4155 1220 4197 numero
1247 4140 1280 4192 8
1311 4149 1544 4195 notatur.

247 4235 300 4290 7.
346 4235 499 4302 Quod
528 4237 719 4292 attinet
746 4236 812 4291 ad
835 4237 1201 4291 solemnitates
1242 4244 1298 4291 et
1340 4244 1648 4292 sanctorum
1680 4235 1999 4291 festivitates
2026 4249 2147 4305 quae
2192 4231 2246 4290 in
2277 4234 2446 4290 Gallia
2490 4234 2759 4304 quondam
2789 4232 3221 4302 celebrabantur,
3253 4246 3436 4293 certus

166 4341 354 4382 earum
387 4341 641 4383 numerus
662 4342 734 4382 ex
759 4326 1096 4382 Lectionario
1123 4333 1309 4381 nostro
1330 4326 1396 4380 ad
1427 4327 1683 4382 amussim
1715 4327 1839 4381 iniri
1870 4343 1976 4382 non
2007 4335 2208 4397 potest,
2235 4336 2343 4380 tum
2375 4326 2496 4395 quia
2525 4340 2621 4394 pro
2651 4325 2781 4381 locis
2828 4324 2916 4380 hic
2959 4342 3216 4382 numerus
3269 4329 3451 4384 varia--

165 4420 280 4486 bat,
315 4431 426 4475 tum
449 4422 571 4492 quia
603 4420 1000 4477 Lectionarium
1030 4421 1294 4491 integrum
1329 4436 1436 4475 non
1467 4420 1750 4477 habemus.
1780 4421 2011 4477 Omnino
2037 4423 2121 4476 hae
2151 4429 2276 4476 sunt
2305 4437 2424 4491 quae
2449 4421 2504 4476 in
2534 4437 2599 4477 eo
2640 4421 2982 4492 assignantur
3008 4440 3020 4474 :
3051 4421 3311 4478 Nativitas
3335 4423 3441 4478 Do-

165 4511 326 4578 mini,
356 4524 408 4567 et
438 4513 568 4567 festa
598 4512 766 4568 sanCti
791 4513 1073 4582 Stephani,
1098 4515 1267 4568 sancti
1302 4512 1523 4569 Joannis
1554 4515 1941 4587 Evangelistae,
1972 4525 2131 4585 atque
2172 4515 2569 4584 Innocentium,
2604 4515 2976 4583 Circumcisio,
3007 4515 3202 4572 festum
3243 4525 3444 4571 sancta:

162 4605 482 4672 Cenovefae,
516 4605 837 4674 Epiphania,
872 4605 1130 4662 festivitas
1155 4616 1357 4662 sanctae
1388 4607 1590 4673 Mariae,
1623 4608 1890 4665 Cathedra
1924 4611 2092 4665 sancti
2127 4609 2293 4675 Petri,
2327 4610 2552 4675 Pascha,
2585 4611 2863 4679 Ascensio,
2899 4611 3268 4676 Pentecostes,
3296 4611 3445 4667 festi-

159 4701 299 4756 vitas
355 4700 527 4754 sancti
574 4700 794 4757 Joannis
843 4699 1118 4768 Baptistae,
1168 4701 1358 4756 festum
1408 4700 1770 4771 apostolorum
1799 4701 1943 4758 Petri
1973 4713 2026 4758 et
2056 4703 2224 4770 Pauli,
2262 4703 2447 4758 Passio
2471 4703 2640 4757 sancti
2674 4703 2896 4758 Joannis
2939 4702 3213 4772 Baptistae,
3237 4702 3434 4759 deinde
3479 4760 3488 4770 ,

164 4807 458 4850 commune
485 4803 778 4864 martyrum
804 4801 856 4847 et
880 4793 1268 4847 confessorum.
1316 4794 1518 4850 Praeter
1548 4795 1664 4850 haec
1687 4795 2023 4864 assignantur
2061 4795 2238 4850 ofﬁcia
2283 4811 2378 4866 pro
2422 4797 2709 4852 Dominicis
2766 4805 2873 4850 tam
2907 4804 3029 4865 post
3061 4796 3442 4865 Epiphaniam,

156 4901 324 4956 quam
350 4894 470 4955 post
501 4883 822 4940 Cathedram
852 4885 1020 4938 sancti
1049 4883 1227 4949 Petri;
1256 4883 1448 4940 deinde
1482 4899 1576 4953 pro
1604 4886 2040 4955 Quadragesima,
2070 4897 2124 4942 et
2169 4902 2264 4956 pro
2315 4888 2605 4942 Dominicis
2662 4896 2782 4956 post
2826 4885 3066 4950 Pascha;
3116 4900 3215 4956 pro
3265 4886 3444 4944 triduo

155 4981 544 5051 Rogationum,
579 4988 632 5036 et
654 4996 750 5049 pro
777 4979 1054 5034 Dominica
1074 4986 1194 5048 post
1224 4979 1590 5036 Pentecostem
1613 4999 1626 5044 ;
1651 4981 1884 5050 denique
1906 4981 2084 5035 missae
2106 4980 2347 5049 quredam
2379 4980 2446 5034 de
2473 4979 2727 5035 Ecclesiae
2755 4976 3110 5044 dedicatione,
3129 4977 3426 5032 ordinatio-

159 5077 326 5132 nibus
353 5075 718 5130 ministrorum
745 5087 1044 5136 sacrorum.
1069 5085 1165 5141 pro
1192 5073 1442 5136 mortuis,
1469 5087 1565 5141 pro
1589 5072 1983 5135 itinerantibus,
2016 5072 2168 5141 103
2199 5071 2447 5140 decimis,
2471 5081 2525 5126 et
2555 5069 2818 5126 fructibus
2847 5069 3021 5126 novis.
3043 5069 3330 5127 Videamus
3353 5085 3423 5124 an

158 5170 220 5227 in
247 5170 422 5227 Gallia
445 5185 543 5240 per
573 5170 626 5224 id
657 5169 915 5238 temporis
941 5170 1055 5222 haec
1081 5166 1240 5222 fuerit
1266 5167 1522 5224 festorum
1553 5169 1745 5224 raritas
1771 5177 1829 5225 et
1856 5167 2157 5238 dispositio.

240 5263 296 5319 8.
337 5260 570 5331 Majores
599 5260 970 5316 solemnitates
997 5259 1194 5327 ubique
1225 5259 1474 5315 uniformi
1496 5261 1600 5315 ritu
1631 5259 2075 5326 observabantur,
2109 5273 2301 5328 nempe
2329 5257 2593 5314 Nativitas
2622 5258 2860 5324 Domini,
2889 5259 3114 5326 Pascha,
3143 5269 3200 5314 et
3235 5257 3435 5315 Pente.

149 5366 371 5423 costes;
396 5365 451 5414 et
479 5368 591 5413 tres
615 5357 738 5412 alia:
763 5354 939 5410 minus
968 5353 1276 5424 praecipuae,
1320 5353 1633 5425 Epiphania,
1671 5358 1929 5413 Ascensio
1950 5395 1964 5419 ,
1994 5363 2048 5409 et
2076 5352 2277 5409 Natalis
2315 5353 2484 5408 sancti
2510 5352 2732 5408 Joannis
2770 5352 3059 5422 Baptistae:
3085 5366 3217 5421 quas
3242 5367 3436 5410 omnes

154 5457 451 5510 enumerat
479 5447 765 5504 concilium
794 5445 1102 5518 Agathense
1131 5443 1352 5500 ineunte
1382 5451 1581 5497 SLI'CHIU
1626 5461 1671 5497 \l
1706 5445 2053 5502 celebratum.
2081 5445 2532 5501 Concilium'vero
2558 5445 2946 5500 Aurelianense
2990 5453 3223 5514 primum
3275 5448 3436 5516 paulo

163 5553 296 5618 post
321 5545 512 5598 iisdem
545 5539 696 5595 festis
716 5538 867 5594 addit
895 5537 1132 5593 triduum
1166 5535 1542 5607 Begationutn,
1569 5538 1655 5606 qui
1689 5538 1806 5594 dies
1851 5553 1956 5594 non
1989 5546 2097 5593 tam
2141 5538 2282 5602 festi,
2331 5551 2489 5606 quam
2529 5533 2926 5605 pmnitentiales
2976 5536 3230 5594 censendi
3276 5547 3423 5592 sunt.
3494 5581 3498 5585 .

161 5633 496 5692 Cathedram
518 5629 694 5686 sancti
719 5629 864 5685 Petri
886 5628 1131 5700 agnoscit
1155 5628 1345 5682 eodem
1372 5628 1573 5682 saeculo
1600 5627 1886 5684 concilium
1913 5629 2228 5684 Turonense
2257 5643 2316 5682 ιι.
2345 5627 2413 5681 At
2438 5627 2617 5696 plures
2648 5625 2962 5679 festivitates
2983 5638 3262 5682 enumerat
3287 5630 3418 5682 Per-

153 5738 362 5801 petuus
399 5724 639 5794 ejusdem
672 5720 823 5776 urbis
849 5720 1046 5776 saeculo
1074 5734 1108 5773 v
1137 5718 1421 5790 episcopus
1451 5721 1591 5788 apud
1613 5717 1929 5788 Gregorium
1961 5719 2061 5774 sub
2090 5717 2250 5774 ﬁnem
2280 5717 2401 5773 libri
2430 5733 2486 5782 x,
2516 5715 2603 5769 ubi
2627 5713 2834 5784 vigilias
2863 5715 3090 5770 instituit
3132 5717 3420 5786 aliquando
3517 5769 3520 5771 Α

143 5826 204 5879 in
239 5822 468 5879 ecclesia
495 5820 598 5892 (sic
623 5818 868 5874 absolute
897 5817 1131 5888 majores
1160 5831 1254 5873 seu
1282 5815 1616 5886 episcopales
1643 5812 1887 5870 ecclesiae
1908 5813 2269 5882 dicebantur),
2299 5809 2584 5882 aliquando
2601 5807 2657 5861 in
2689 5807 2942 5864 basilicis.
2979 5809 3105 5864 Haec
3128 5823 3258 5864 vero
3285 5808 3422 5863 festa

139 5925 319 5972 sont:
358 5912 560 5969 Natalis
594 5909 823 5975 Domini,
855 5909 1174 5980 Epiphania,
1208 5907 1569 5975 Resurrectio,
1599 5921 1633 5963 v
1663 5905 1781 5962 Kal.
1808 5905 2027 5975 Aprilis,
2080 5916 2133 5962 et
2182 5915 2375 5975 praeter
2423 5917 2538 5960 eam
2589 5901 2816 5970 Pascha,
2853 5902 2994 5972 quod
3025 5901 3225 5957 mobile
3278 5909 3431 5962 erat;

436 6007 728 6069 Puncta"
748 6001 1025 6092 LXXII.
1289 6097 1312 6114 Ι
2915 5995 2952 6049 6
