4048 6350
94 358 98 360 γ
171 292 271 352 ns
1187 276 1276 351 bs
1316 293 1641 352 LITURGIA
1685 291 2081 349 GALLICANA
2113 293 2318 349 LIBER
2359 294 2423 350 ιι.
3318 298 3427 358 tu

104 396 111 473 ξ
163 400 1277 479 Arelatensisepiscopusinregulasua.tin
1296 406 1729 468 NataleDouuni,
1762 403 2026 467 Ascribit
2072 406 2121 460 in
2172 405 2416 462 Sabbatis
2470 405 2710 473 Quatuor
2756 407 3101 478 Teniporum.
3153 410 3317 466 Aliter
3364 413 3423 469 in

163 503 485 573 inquit,etin
508 501 805 572 Epiphania
830 504 982 556 tertia
1002 499 1369 569 liorasurgitc.
1389 499 1731 555 Diciteunum
1843 499 2179 555 Lectionario
2211 511 2393 555 nostro
2442 500 2665 556 habetur
2701 501 2756 555 in
2804 500 3037 557 Sabbato
3084 512 3291 558 saneto.
3339 502 3423 561 Ex

162 595 510 661 Nocturnum,
538 605 593 651 et
616 592 778 650 facite
802 608 895 649 sex
927 593 1117 649 missas
1146 593 1221 664 (id
1252 602 1334 648 est
1364 592 1641 659 lectiones)
1668 590 1737 645 de
1842 589 1923 644 his
1954 591 2315 660 intelligimus,
2347 591 2628 648 lectionem
2653 606 2719 648 ex
2748 593 3006 661 Apostolo
3037 608 3141 649 non
3164 597 3423 651 continuo

162 688 293 746 Isaia
319 689 598 758 propheta.
634 687 827 742 lterum
859 686 1027 741 dicite
1055 686 1351 740 secundum
1382 694 1700 739 nocturnum
1720 723 1736 749 ,
1842 692 1966 752 post
1994 682 2333 753 Prophetiam
2365 684 2557 740 lectam
2601 684 2766 741 fuisse
2795 687 2849 741 in
2886 685 3086 742 Ordine
3125 687 3421 757 Gallicano,

106 852 107 859 γ
162 786 219 835 et
240 779 477 847 legantur
502 776 624 832 alia
647 787 744 832 sea
770 776 839 830 de
868 775 1178 844 Evangelia.
1210 793 1230 827 ι
1266 774 1365 829 Hic
1393 774 1501 828 duo
1531 783 1736 828 tantum

165 872 425 927 nocturni.
456 870 514 926 In
545 872 646 925 hoc
675 870 1013 925 Lectionario
1044 868 1203 923 lectio
1232 881 1371 923 nona
1403 875 1489 923 est
1523 880 1586 921 ex
1628 879 1742 920 ser-

166 976 319 1015 mone
372 958 542 1015 sancti
593 959 909 1028 Augustini,
964 957 1278 1017 duodecima
1332 972 1396 1011 ex
1453 957 1733 1026 Evangelia

165 1051 398 1119 Joannis.
429 1050 508 1115 Ad
542 1064 663 1107 eum
697 1049 808 1107 fere
834 1049 1053 1107 modum
1094 1056 1311 1105 sanctus
1343 1046 1661 1103 Benedictus
1684 1046 1742 1101 in

167 1142 385 1215 Vigiliis,
418 1154 615 1215 praeter
657 1144 912 1201 lectiones
950 1158 1020 1199 ea
1066 1142 1358 1211 Scripturis
1397 1150 1502 1195 tam
1534 1138 1745 1195 Veteris

163 1250 316 1304 quam
355 1234 492 1290 Novi
539 1234 898 1298 'l‘estamenti,
929 1234 1163 1301 assignat
1202 1248 1221 1283 ι
1245 1230 1611 1298 expositiones
1654 1244 1745 1282 ea-

165 1340 276 1379 rum
307 1338 429 1394 quae
454 1340 484 1377 a
523 1321 963 1378 nominatissimis
1004 1321 1315 1379 doctoribus
1352 1319 1664 1376 orthodoxis
1690 1322 1748 1372 et

163 1415 435 1475 catholicis
464 1416 708 1471 Patribus
736 1413 894 1470 factm
922 1424 1079 1479 sunt,
1108 1432 1130 1467 ι
1156 1412 1211 1468 in
1243 1413 1439 1482 regulae
1460 1426 1580 1480 cap.
1606 1408 1662 1476 9,
1690 1418 1749 1467 et

167 1510 219 1566 in
247 1526 364 1583 cap.
395 1508 451 1565 ll
486 1509 554 1565 ad
584 1506 799 1564 tertium
833 1516 1157 1565 nocutrnum
1190 1525 1211 1559 ε
1234 1515 1463 1576 quatuor
1492 1505 1749 1561 lectiones

166 1603 231 1658 de
257 1601 405 1656 Novo
432 1601 799 1657 TeSIamento.
833 1617 851 1651 ι
886 1599 1056 1655 Porro
1085 1612 1272 1654 omnes
1302 1596 1622 1653 Lectionarii
1653 1610 1751 1648 no-

168 1696 264 1752 stri
293 1697 565 1762 lectiones,
601 1702 656 1749 ut
680 1694 791 1765 jam
829 1693 1063 1748 diximus
1092 1706 1211 1746 cum
1248 1689 1474 1760 Vulgata
1501 1689 1750 1743 versione

1842 774 1984 845 quod
2013 775 2173 831 ﬂebat
2199 778 2395 831 saeculo
2419 793 2471 831 ιι
2499 777 2550 831 in
2582 776 2866 833 Nativitate
2895 778 3104 833 Domini
3130 793 3195 833 ex
3228 778 3422 834 Micro-

1845 868 1947 923 lotri
1978 881 2098 923 can.
2129 864 2216 923 59.

1935 882 1947 919 ι
1978 882 2038 921 ca
2084 906 2098 921 .
2129 882 2216 923 nl.
3000 886 3007 895 ’

1897 882 2177 1014 “manu
2209 958 2261 1013 in
2293 960 2393 1013 hoc
2422 958 2621 1016 Ordine
2663 959 2938 1018 Gallicano
2966 966 3124 1018 unica
3166 966 3327 1019 missa
3372 966 3431 1019 in

1844 1048 2129 1105 Nativitate
2159 1048 2371 1105 Domini
2414 1054 2733 1123 assignatur,
2777 1054 3063 1125 itidemque
3102 1055 3155 1109 in
3195 1042 3433 1111 Mozara-

1846 1140 1963 1194 bico
1989 1149 2043 1195 et
2065 1141 2117 1194 in
2147 1139 2520 1210 Ambrosiano,
2549 1143 2685 1212 apud
2715 1143 3035 1210 Pamelium;
3066 1160 3222 1201 secus
3250 1147 3301 1201 in
3331 1145 3439 1201 Ge-

1845 1230 2068 1298 lasiano,
2101 1230 2447 1301 Gregoriano,
2479 1246 2529 1288 et
2563 1234 2618 1289 in
2658 1249 2795 1290 novo
2823 1235 3199 1305 Ambrosiano,
3231 1236 3280 1290 in
3312 1235 3433 1307 qui-

1848 1321 1946 1376 bus
1989 1332 2098 1377 tres
2145 1324 2323 1377 missa:
2353 1324 2417 1378 ad
2450 1339 2625 1393 ipsum
2655 1325 2795 1380 diem
2830 1326 3109 1383 habentur.
3138 1326 3429 1398 Gregorius

1846 1414 2129 1485 episcopus
2157 1415 2484 1471 Turonensis
2511 1418 2669 1472 unius
2692 1418 2869 1473 missa:
2894 1419 3138 1474 meminit
3169 1420 3223 1473 in
3248 1434 3368 1489 cup.
3393 1418 3428 1473 8

1848 1506 1916 1562 de
1967 1507 2095 1562 Vitis
2145 1506 2396 1573 Patrum,
2437 1508 2536 1563 sub
2588 1505 2915 1586 lineni'vita
2962 1507 3151 1564 Nicetii
3194 1509 3433 1580 episcopi

1850 1599 2242 1666 Lugdunensis,
2276 1601 2364 1655 ubi
2407 1610 2687 1672 postquam
2718 1602 2827 1672 egit
2860 1602 2928 1657 de
2964 1602 3197 1671 peractis
3240 1600 3433 1670 vigiliis

1852 1690 2102 1746 dominici
2128 1691 2366 1747 Natalis:
2400 1709 2421 1743 ι
2451 1691 2610 1747 Facta
2634 1706 2846 1763 quoque
2878 1695 3007 1747 liora
3031 1694 3206 1756 tertia,
3231 1694 3440 1762 inquit,

166 1787 220 1843 in
256 1786 432 1843 multis
456 1786 812 1852 conveniunt,
851 1784 1155 1854 discrepant
1183 1783 1253 1838 ab
1279 1798 1340 1839 ea
1363 1783 1417 1838 in
1454 1781 1655 1849 paucis.
1692 1768 1829 1847 ln'B
1856 1796 1975 1838 eum
2002 1782 2226 1852 populus
2253 1783 2317 1837 ad
2342 1782 2625 1838 missarum
2648 1784 2905 1839 solemnia
2927 1784 3268 1858 conveniret,
3292 1791 3433 1837 etc.»

168 1880 495 1939 Mozarabico
528 1881 683 1950 longe
721 1880 933 1936 diversa
966 1879 1162 1934 versio.
1195 1878 1387 1935 Sermo
1415 1878 1503 1946 qui
1533 1875 1619 1930 hic
1644 1875 1754 1929 Au-

166 1973 373 2042 gustino
419 1973 690 2038 tribuitur,
722 1970 838 2042 ejus
867 1986 986 2027 esse
1029 1984 1134 2025 non
1176 1970 1411 2035 videtur,
1448 1984 1546 2025 nec
1577 1970 1755 2023 locum

168 2065 324 2121 habet
371 2066 425 2119 in
477 2081 611 2121 nova
650 2066 906 2130 editione,
940 2065 1017 2119 uti
1059 2079 1160 2119 nec
1197 2079 1428 2133 sequens
1465 2063 1531 2118 de
1568 2073 1756 2118 sancto

170 2158 461 2228 Stephano.

171 2270 298 2326 Vill.
326 2286 568 2328 causam
595 2286 647 2326 ut
674 2286 759 2326 om
787 2284 1141 2325 sancrtsstnas
1166 2281 1510 2324 unmrnts
1540 2279 1754 2332 DOIIM,

803 2358 871 2396 Δυ
895 2355 1110 2395 ΙιεεΑιι.

632 2431 802 2487 Lectio
826 2430 985 2482 Esaia:
1012 2430 1285 2493 prephetm.

239 2518 500 2588 Tempore
539 2516 631 2572 illo
668 2517 877 2571 locutus
919 2524 1001 2569 est
1043 2514 1298 2569 Dominus
1335 2511 1400 2567 ad
1448 2509 1623 2565 Acha:
1662 2506 1744 2561 di-

171 2625 314 2676 cens,
337 2623 466 2675 etc.,
495 2625 647 2678 usque
676 2609 740 2663 Et
775 2607 986 2677 elegere
1016 2606 1234 2660 bonum.
1270 2601 1485 2665 Deinde,
1522 2600 1589 2653 Et
1616 2597 1751 2653 dixit

173 2703 425 2761 Dominus
464 2702 532 2759 ad
575 2717 683 2768 me,
720 2700 861 2756 Voca
893 2713 1085 2754 nomen
1113 2697 1254 2767 ejus.
1287 2696 1547 2753 Adcelera
1586 2692 1757 2763 spolia

172 2795 474 2858 detrahere,
488 2807 618 2859 etc.,
630 2808 787 2863 usque
801 2790 991 2848 Coram
1013 2806 1140 2860 rege
1158 2787 1522 2859 Assyriorum.
1544 2784 1755 2846 Postea,

173 2885 577 2958 Congregamini
609 2884 825 2953 populi,
858 2894 913 2958 et
952 2881 1220 2935 vincimini
1242 2918 1257 2944 ,
1288 2886 1419 2943 etc.,
1451 2892 1608 2945 usque
1650 2874 1755 2930 No-

177 2957 377 3034 biscum
419 2978 580 3033 Deus.
621 2975 792 3041 Tum,
832 2957 1095 3028 Parvulos
1132 2971 1274 3026 enim
1318 2978 1476 3024 natus
1526 2976 1611 3023 est
1657 2981 1785 3020 no~.

175 3071 255 3131 bis
308 3078 441 3132 etc.,
472 3083 631 3137 usque
659 3065 813 3120 Zelus
845 3063 1054 3118 Domini
1084 3060 1415 3117 exercituum
1448 3059 1604 3113 faciet
1635 3057 1756 3113 hoc.
1781 3104 1785 3108 .

1858 1875 2051 1929 Confer
2093 1875 2254 1928 alium
2285 1875 2524 1942 ejusdem
2572 1876 2804 1931 auctoris
2849 1877 3022 1932 locum
3067 1892 3136 1930 ex
3181 1875 3275 1930 lib.
3303 1889 3343 1929 ιι
3371 1874 3444 1932 de

1858 1964 2126 2020 Miraculis
2157 1968 2327 2020 sancti
2359 1968 2565 2021 Martini
2594 1982 2712 2036 cap.
2740 1968 2833 2023 $5.
2866 1968 2923 2023 lu
2954 1968 3135 2023 libello
3166 1956 3443 2022 Eldefonsi

1858 2054 2127 2124 Hispanici
2153 2056 2418 2126 episcopi,
2444 2060 2532 2128 qui
2562 2073 2704 2113 anno
2734 2058 2839 2115 855
2867 2059 3103 2128 scripsit,
3133 2068 3243 2114 tres
3265 2058 3446 2115 missa

1861 2148 2160 2204 indicantur
2198 2150 2252 2203 in
2294 2150 2461 2204 Natali
2496 2150 2708 2205 Domini
2777 2150 3062 2219 Paschate,
3100 2151 3440 2221 Pentecoste,

1860 2247 1915 2295 et
1942 2241 2442 2310 Transllguratione.

1927 2334 2082 2401 Quod
2111 2335 2300 2390 attinet
2328 2334 2397 2390 ad
2440 2345 2548 2391 tres
2591 2334 2804 2402 missas,
2831 2337 2883 2391 in
2910 2336 3116 2391 Ordine
3156 2336 3445 2392 Gelasiano

1858 2435 1912 2482 et
1938 2427 2270 2498 Gregoriano
2291 2426 2358 2481 ad
2388 2427 2575 2482 Natale
2606 2426 2817 2482 Domini
2847 2429 3205 2499 praescriptas,
3237 2429 3318 2481 ita:
3349 2442 3445 2495 pro

1859 2533 2084 2575 numero
2105 2520 2414 2585 stationum,
2440 2534 2557 2589 quas
2580 2519 2763 2573 Romae
2791 2520 2858 2573 ab
2884 2520 3040 2591 109
3059 2521 3293 2588 antiquis
3322 2529 3443 2573 terra

1860 2612 2077 2681 poribus
2107 2613 2219 2682 ipsa
2244 2613 2333 2668 die
2358 2628 2387 2666 a
2415 2628 2624 2667 summo
2656 2613 2904 2682 pontiﬁce
2948 2613 3070 2667 olim
3104 2611 3326 2677 flebant,
3363 2612 3448 2667 in-

1862 2702 2056 2757 stitutae
2083 2713 2233 2770 sunt,
2264 2718 2369 2757 non
2400 2703 2451 2756 in
2480 2703 2666 2758 eadem
2689 2702 2944 2769 ecclesia,
2976 2702 3069 2757 sed
3101 2702 3151 2756 in
3184 2702 3442 2767 diversis;

1863 2807 2036 2861 neque
2065 2807 2094 2846 a
2144 2792 2365 2863 singulis
2410 2793 2802 2859 sacerdotibus,
2836 2794 2928 2847 sed
2968 2808 2997 2847 a
3031 2793 3270 2862 pluribus
3308 2794 3450 2847 cele-

1862 2882 2100 2949 brandae,
2134 2893 2191 2938 ut
2216 2884 2483 2954 colligitur
2518 2898 2581 2938 ex
2617 2884 2817 2938 Ordine
2861 2884 3124 2952 Romano,
3153 2885 3304 2953 cujus
3335 2886 3450 2939 haec

1860 2976 2021 3029 verba
2051 2986 2211 3030 sunt:
2247 2974 2427 3029 Prima
2466 2977 2549 3031 die
2576 2978 2766 3046 vigilite
2815 2975 3020 3030 Natalis
3070 2976 3276 3030 Domini
3323 2977 3452 3030 liora

1864 3082 2000 3119 nona
2028 3076 2217 3120 canunt
2240 3067 2446 3121 missam
2470 3069 2539 3120 ad
2559 3079 2787 3121 sanctam
2816 3067 3055 3123 Mariam.
3087 3068 3199 3135 Qua
3221 3069 3452 3138 expleta,

178 3162 313 3233 (.sa.
339 3176 446 3227 vn,
475 3159 564 3225 10,
590 3173 748 3227 usque
769 3172 842 3222 il,
867 3155 924 3221 8,
947 3154 1257 3225 quibusdam
1286 3150 1688 3224 malum.)
1788 3159 1835 3223 C
1867 3167 2055 3211 canunt
2091 3159 2479 3228 vespertinalem
2513 3159 2748 3228 synaxim
2775 3175 2792 3211 ,ο
2820 3160 3004 3213 deinde
3043 3160 3231 3212 radunt
3276 3160 3343 3213 ad
3382 3161 3453 3213 ci-

244 3253 469 3311 Danihel
500 3269 617 3307 cum
638 3250 1008 3305 benedictione.

490 3343 702 3406 Epistula
725 3339 869 3393 Ρωιι
890 3335 1097 3402 apostoli
1119 3336 1180 3387 ad
1203 3334 1457 3387 Hebraeos.

244 3423 534 3485 llultifarie
558 3424 849 3492 multisque
882 3419 1073 3487 modis,
1110 3428 1213 3475 etc.
1247 3434 1404 3485 usque
1434 3416 1503 3481 Et
1529 3412 1659 3471 anni
1687 3413 1765 3469 tui

176 3535 285 3577 non
313 3519 586 3577 deﬁcient.
618 3514 808 3575 (Hebr.
829 3529 873 3577 ι,
909 3512 1079 3581 l-l3.)

395 3612 568 3660 Lectio
592 3609 746 3658 sancti
772 3603 1019 3665 Evangelii
1045 3603 1313 3654 secundum
1335 3601 1515 3653 Lucam

255 3696 414 3769 ιω
444 3694 662 3749 Factum
694 3700 779 3745 est
807 3699 986 3743 autem
1018 3687 1070 3741 in
1101 3685 1289 3741 diebus
1329 3685 1455 3749 illis,
1486 3681 1616 3737 exiit
1653 3681 1767 3737 edi-

178 3797 321 3844 ctum
355 3788 383 3840 a
425 3786 636 3839 Caesare
674 3783 934 3850 Augusto,
970 3786 1025 3832 ut
1064 3776 1447 3831 discriberetur
1485 3772 1767 3827 universus

176 3880 349 3945 orbis,
381 3888 509 3945 etc.,
540 3892 696 3945 usque
726 3873 873 3928 Sicut
905 3871 1103 3925 dictum
1134 3879 1215 3920 est
1241 3867 1304 3919 ad
1348 3866 1487 3921 illos.
1516 3862 1667 3930 (Luc.
1696 3879 1763 3932 tt,

178 3975 205 4029 1
248 3972 362 4039 19.)
546 4055 727 4099 NOTE
763 4054 841 4096 ΕΤ
868 4049 1407 4095 οιεειιιητιυκες.

255 4142 356 4198 Hic
382 4151 506 4211 post
552 4138 894 4208 PrOpihetiant
939 4144 1151 4189 notatur
1197 4134 1415 4186 Danihel
1460 4146 1574 4183 cum
1620 4127 1770 4183 benc-

179 4237 427 4308 dictione.
460 4232 571 4288 Huc
613 4238 817 4301 spectat
853 4242 1025 4287 canon
1064 4227 1135 4311 ιιᾷ
1169 4225 1386 4281 concilii
1415 4239 1466 4277 tv
1493 4222 1769 4285 Toletani,

177 4327 540 4385 instituentis:
569 4324 634 4380 Ut
664 4341 754 4393 per
780 4339 950 4379 attines
979 4321 1247 4389 Hispania:
1270 4317 1527 4373 Ecclesia
1546 4319 1619 4369 vel
1638 4311 1775 4368 Gal-

180 4424 292 4483 lias,
324 4421 443 4474 aliis
472 4420 609 4472 male
638 4416 890 4479 Gallicite.
925 4416 974 4470 in
998 4415 1233 4475 omnium
1264 4411 1536 4463 missarum
1577 4408 1771 4460 solem-

176 4516 348 4569 nitate
378 4513 669 4566 decantetnr
714 4511 930 4580 hymnus
961 4508 1112 4560 trium
1143 4519 1443 4576 puerorum,
1476 4512 1529 4556 et
1558 4497 1772 4567 quidem

176 4611 236 4663 in
274 4607 500 4678 pulpito,
534 4616 591 4658 ut
636 4603 818 4671 legunt
864 4598 1189 4654 Walalridus
1236 4594 1458 4651 Strabus
1497 4601 1552 4645 et
1600 4591 1773 4645 Βετηο

174 4698 500 4770 Augicnsis.
529 4696 621 4766 qui
662 4695 977 4758 observant,
1024 4696 1124 4745 hoc
1167 4688 1434 4746 canticum
1477 4684 1616 4755 apud
1662 4683 1771 4739 Ro-

178 4805 381 4846 manos
408 4805 514 4845 non
536 4802 658 4846 esse
682 4789 733 4842 in
758 4803 876 4851 usu,
900 4785 1003 4840 nisi
1030 4802 1049 4835 ι
1068 4792 1256 4853 quater
1276 4781 1331 4835 in
1351 4793 1513 4843 anno,
1533 4796 1554 4829 ι
1584 4791 1775 4843 nempe

162 4887 238 4947 in
281 4884 533 4939 Sabbatis
559 4882 799 4948 Quatuor
832 4878 1175 4945 Temporum.
1207 4875 1454 4928 Attamen
1482 4870 1537 4925 in
1563 4870 1775 4938 vulgato

176 4978 392 5035 Missali
418 4976 750 5031 Mozarabico
773 4972 944 5026 rarius
974 4970 1075 5024 hoc
1101 4967 1363 5024 canticum
1393 4964 1772 5036 praescribitur,

176 5080 240 5127 et
275 5071 452 5139 primo
482 5067 693 5137 quidem
722 5066 777 5119 in
821 5062 1089 5121 Dominica
1130 5063 1304 5133 prima
1348 5058 1780 5129 Quadragesimac

176 5144 311 5233 post
347 5161 688 5229 Propbctiam
719 5158 819 5210 hoc
854 5154 1009 5211 modo
1039 5172 1051 5207 :
1089 5146 1227 5207 Dicit
1268 5154 1565 5220 presbyter,
1601 5148 1783 5201 Domi-

178 5272 288 5308 nus
312 5255 380 5306 sit
399 5267 599 5321 semper
647 5250 920 5306 vobiscum.
951 5246 988 5313 ἡ
1022 5245 1088 5298 Et
1110 5261 1225 5298 cum
1245 5245 1425 5313 spiritu
1452 5254 1559 5297 tuo.
1585 5241 1785 5296 Deinde

180 5356 423 5409 tractus,
458 5345 659 5398 Datum.
687 5355 958 5394 Duorum;
990 5355 1002 5388 ι
1035 5335 1181 5389 Tunc
1210 5336 1287 5387 illi
1315 5346 1413 5387 tres
1434 5334 1579 5402 quasi
1602 5348 1664 5386 ea:
1688 5347 1788 5386 uno

176 5455 279 5491 ore
328 5438 580 5507 hymnum
622 5434 891 5497 cauebant,
919 5439 969 5484 ct
1006 5426 1360 5481 benediccbant
1406 5427 1680 5479 Dominum
1722 5426 1785 5477 de

183 5538 411 5599 [οι-τηεσε
434 5528 679 5581 dicentes.
712 5524 903 5577 Postea
946 5520 1134 5589 inetpit
1179 5518 1450 5580 sacerdos,
1481 5516 1789 5571 Benedictus

180 5638 269 5683 es,
306 5619 527 5673 Domine
556 5613 694 5671 Deus
722 5622 929 5686 patrum
954 5621 1271 5672 nostrorum,
1300 5618 1344 5659 et
1372 5606 1709 5672 admirabilis,
1742 5613 1791 5661 et

178 5712 618 5779 superuacuam
655 5710 708 5761 in
751 5707 960 5763 tacula.
994 5708 1186 5768 Amen,
1227 5712 1331 5755 etc.
1377 5701 1484 5754 Hoc
1524 5700 1791 5755 canticum

179 5805 245 5863 in
278 5803 560 5875 aliquibus
585 5799 766 5858 dilect
791 5799 861 5856 ab
883 5795 1117 5869 autquod
1147 5795 1419 5850 Romanus
1467 5792 1609 5847 Ordo
1657 5808 1794 5863 prte-

1866 3252 2000 3303 bum.
2029 3247 2095 3302 In
2125 3251 2421 3319 crepusculo
2443 3251 2600 3303 noctis
2621 3252 2779 3304 intrat
2797 3250 3109 3320 apostolicus
3133 3250 3199 3302 ad
3225 3250 3451 3320 vigiliam

1868 3341 1919 3394 in
1948 3346 2215 3412 pratiatam
2255 3342 2536 3396 ecclesiam.
2569 3340 2758 3395 Tamen
2791 3358 2892 3394 non
2922 3352 3127 3395 cantant
3154 3343 3225 3395 ibi
3251 3338 3454 3396 Invita-

1867 3432 2054 3485 torium
2080 3433 2131 3486 in
2161 3432 2387 3486 lutroitu
2409 3448 2429 3487 :
2459 3433 2545 3486 sed
2582 3434 2795 3501 expletis
2842 3431 3045 3502 Vigiliis
3087 3442 3133 3484 et
3165 3432 3455 3497 Matutinis,

1867 3527 1996 3580 sicut
2025 3526 2079 3579 in
2112 3527 2484 3596 Antiphonario
2532 3527 2845 3590 continetur,
2893 3504 3078 3577 ibidem
3123 3532 3309 3577 canunt
3350 3525 3457 3594 pri-

1871 3634 2003 3671 mum
2026 3619 2231 3672 missam
2254 3621 2307 3673 in
2337 3628 2498 3673 nocte.
2524 3619 2645 3685 Qua
2672 3619 2900 3686 expleta,
2922 3620 3112 3672 vadunt
3135 3619 3201 3672 ad
3220 3628 3454 3672 sanctam

1871 3711 2194 3765 Anatasiam
2239 3728 2418 3764 canere
2452 3711 2606 3764 aliam
2634 3711 2837 3763 missum
2863 3710 2926 3762 de
2954 3718 3119 3762 nocte.
3152 3708 3282 3763 Hinc
3307 3722 3456 3763 com-

1872 3802 2185 3855 memoratio
2251 3813 2447 3855 sanctas
2504 3802 2797 3856 Anastasiae
2851 3802 2903 3855 in
2971 3801 3203 3855 secunda
3261 3801 3447 3855 missa.

1873 3892 2070 3946 Deinde
2117 3904 2329 3964 pergunt
2376 3894 2444 3947 ad
2489 3904 2719 3947 sanctum
2766 3891 3007 3955 Petrum,
3052 3892 3213 3946 alibi
3259 3892 3462 3963 vigilias

1870 3985 2115 4038 celebrent
2142 3984 2206 4035 ab
2238 3999 2295 4037 eo
2324 3983 2457 4045 loco,
2485 3984 2568 4037 ubi
2596 3984 2876 4037 invenerint
2909 3983 3127 4052 psallere
3152 3985 3237 4053 qui
3268 3982 3455 4037 ibidem

1872 4079 2140 4133 excubant.
2172 4076 2198 4129 1
2206 4081 2282 4147 psi
2311 4080 2442 4130 enim
2479 4078 2669 4131 intrant
2698 4079 2766 4129 ad
2796 4078 3022 4147 vigiliam
3047 4075 3199 4129 solita
3228 4085 3455 4144 tempore

1872 4173 1926 4225 in
1966 4187 2205 4240 processu
2244 4172 2422 4229 noctis,
2453 4180 2499 4224 et
2538 4181 2726 4223 canunt
2772 4167 3159 4234 Invitatorium,
3193 4178 3237 4221 et
3278 4184 3455 4236 prose-

1874 4275 2099 4332 quuntur
2129 4261 2357 4315 ordinem
2395 4260 2774 4328 Antiphonarii.
2811 4258 2961 4313 Unde
2997 4260 3149 4311 etiam
3184 4259 3345 4329 dupla
3384 4258 3467 4328 of-

1877 4356 1994 4421 ﬁcia
2018 4355 2071 4406 in
2096 4354 2447 4408 Romanorum
2468 4352 2858 4423 Antiphonariis
2883 4352 2975 4404 hac
3004 4361 3149 4404 nocte
3169 4349 3467 4404 describun—

1879 4461 1981 4503 tur.
2012 4448 2085 4502 De
2118 4447 2220 4501 hoc
2258 4446 2454 4515 duplici
2486 4444 2668 4499 ot‘licio
2700 4447 2815 4514 lege
2852 4450 2926 4498 sis
2966 4441 3222 4497 Amalarii
3268 4442 3359 4497 lib.
3394 4442 3462 4497 de

1802 4533 1857 4592 D
1884 4538 2270 4608 Antiphonario
2290 4552 2411 4606 cap.
2439 4537 2528 4591 15.

1954 4632 2219 4687 Οωιθιυιιι
2244 4633 2293 4685 in
2316 4629 2646 4684 Mozarabico
2663 4627 2943 4696 Propltetia
2963 4628 3031 4681 ita
3058 4626 3262 4696 incipit,
3286 4625 3467 4681 Primo

1884 4735 2107 4794 tempore
2128 4723 2368 4777 alleviata
2396 4730 2470 4775 est
2508 4730 2643 4773 terra
2683 4719 2949 4784 Zabulon,
2978 4727 3082 4773 etc.
3117 4720 3353 4785 Epistula
3379 4733 3472 4773 ea-

1884 4818 2006 4871 dem
2035 4826 2118 4871 est
2143 4828 2301 4886 atque
2339 4815 2391 4868 in
2432 4813 2745 4869 Gallieano:
2779 4811 3126 4881 Evangelium
3172 4810 3465 4864 secundum

1887 4912 2083 4966 Lucam
2100 4951 2115 4974 ,
2145 4906 2367 4961 Factum
2391 4917 2466 4962 est
2485 4916 2651 4960 autem
2677 4922 2791 4959 cum
2815 4917 2979 4960 essent
3004 4905 3101 4971 ibi,
3134 4905 3333 4976 impleti
3356 4914 3476 4962 sunt

1888 5007 1994 5059 dies
2021 5014 2073 5056 ut
2105 5012 2302 5073 pareret
2321 5041 2335 5067 ,
2359 5010 2462 5056 etc.

1951 5100 2040 5155 ΙΧ.
2074 5114 2310 5155 ιεςειηιιλ
2337 5112 2387 5149 LV
2422 5111 2614 5149 NATALI
2642 5109 2828 5175 sanc'rt
2860 5110 3118 5151 srsruam
3147 5111 3214 5150 an
3244 5111 3417 5150 uaru-

2596 5182 2781 5222 'I‘INUI.

2306 5259 2478 5311 Lectio
2502 5258 2762 5311 Hlerimim
2788 5261 3060 5322 prophetas.

1972 5346 2285 5400 Benedictus
2308 5343 2530 5397 Dotnino
2551 5344 2631 5397 vir
2651 5344 2738 5412 qni
2762 5343 2979 5396 conlidit
3004 5344 3057 5397 in
3081 5341 3328 5405 Domino,
3349 5349 3480 5403 etc.,

1894 5456 2050 5509 usque
2078 5438 2144 5493 Et
2163 5453 2270 5493 non
2299 5451 2521 5507 paveam
2543 5450 2668 5505 ego,
2688 5436 2760 5489 ait
2788 5435 3046 5490 Dominus
3071 5434 3233 5488 Deus.
3262 5433 3477 5504 (larem.

1900 5546 2033 5596 xvu,
2058 5527 2235 5597 7-18.)

1931 5643 2105 5693 Sermo
2125 5642 2279 5691 sancti
2296 5652 2354 5690 ac
2374 5636 2896 5750 beastaiaitmisiltgthstlini
2918 5637 3132 5701 episcopi
3175 5639 3240 5689 de
3289 5640 3451 5687 natale

2455 5739 2460 5744 .
2697 5716 2755 5750 (ιιι
2794 5714 2815 5745 1i
2841 5715 2889 5749 ll.

2455 5714 2611 5750 sancu
2636 5714 2889 5759 blt‘irltitttl.

1976 5768 2320 5847 Beat'msimus
2380 5788 2580 5856 primus
2636 5796 2691 5839 ct
2743 5784 3042 5855 pimcipuus
3104 5793 3312 5855 martyr.
3364 5784 3477 5840 Ste-
