4048 6350
228 390 347 447 I77

216 612 346 665 me,
376 598 504 654 dicit
538 600 814 658 Dominus.
849 605 986 680 (ιτα.
1020 623 1059 676 ι,
1090 609 1307 682 1οο20.)

521 691 733 754 Epistula
770 696 906 747 Pauli
939 700 1145 760 apostoli
1178 702 1236 751 ad
1263 703 1547 757 Corinthios.

300 772 612 844 Carissimi,
644 779 806 849 fugite
837 783 903 835 ab
932 784 1195 841 idolorum
1237 789 1471 855 cultura,
1500 799 1555 846 ut
1584 792 1826 859 pruden-

212 863 373 920 tibus
401 866 589 938 loquor
609 882 779 937 ,etc.,
812 890 969 944 usque
994 877 1185 933 Omnia
1216 879 1269 934 in
1307 882 1475 952 gloria
1517 883 1613 939 Dei
1641 884 1821 941 facite.

215 956 279 1027 (Ι
310 956 435 1014 Cor.
460 976 513 1025 χ,
540 962 749 1027 14-51.)

464 1052 634 1104 Lectio
656 1060 805 1109 sancti
825 1058 1079 1126 Evangelii
1095 1067 1364 1117 secundum
1399 1066 1601 1120 Lucam.

298 1132 359 1188 In
411 1135 516 1192 illis
563 1138 751 1195 diebus
798 1154 1076 1216 postquam
1120 1154 1475 1209 consummati
1518 1163 1646 1211 sunt
1697 1157 1814 1215 dies

211 1237 529 1389 ἒξιῗοθςοη
560 1247 718 1303 usque
743 1234 812 1290 Et
851 1239 1017 1306 gratia
1051 1241 1142 1297 Dei
1182 1253 1299 1300 erat
1339 1246 1392 1301 in
1431 1246 1545 1302 illo.
1578 1246 1727 1319 (Luc.
1759 1264 1822 1317 ιι,

808 1414 1231 1468 οιιειιιινλτιο.

300 1512 649 1585 Evangelium
695 1518 834 1575 idem
866 1533 951 1577 est
984 1522 1038 1578 in
1065 1524 1404 1583 Mozarabico
1426 1569 1441 1593 ,
1470 1538 1525 1584 at
1559 1531 1820 1589 lectiones

215 1621 296 1663 ex
325 1606 505 1664 Veteri
547 1610 895 1670 Testamento
924 1628 977 1672 et
1019 1633 1089 1673 ex
1114 1618 1280 1674 Paulo
1304 1621 1557 1678 diversae.
1583 1624 1822 1681 Mazara-

220 1701 339 1759 bici
380 1705 537 1761 ofﬁcii
579 1708 739 1765 lectio
783 1711 953 1781 prima
982 1729 1049 1770 ex
1092 1715 1245 1771 Isaia:
1292 1732 1413 1787 cap.
1445 1723 1820 1777 vanizAudi

218 1813 333 1861 me,
364 1796 529 1853 Iacob
558 1812 606 1855 ct
635 1799 828 1874 Israel,
856 1822 1004 1877 quem
1037 1823 1128 1877 ego
1153 1824 1299 1874 uoca,
1329 1820 1433 1866 etc.
1468 1811 1715 1867 Secunda
1749 1827 1817 1867 ex

213 1887 394 1946 Paulo
418 1892 483 1946 ad
520 1893 889 1965 Pbilippenses
920 1913 1040 1968 cap.
1074 1915 1132 1956 ιιι
1158 1918 1171 1954 ε
1198 1899 1397 1957 Eadem
1428 1904 1568 1958 vobis
1599 1905 1823 1960 scribere
1854 1916 1903 1977 Β
1934 1933 2052 1975 sum
2085 1887 2356 1981 hami“...

211 1982 354 2038 mild
378 1986 582 2056 quidem
630 2006 732 2045 non
762 1991 1008 2062 pigrum,
1054 2002 1159 2049 etc.
1206 1994 1532 2051 Iectionarii
1583 1997 1821 2068 Epistola

213 2078 396 2147 magis
422 2080 676 2137 convenit
704 2082 813 2138 illis
837 2087 1167 2155 temporibus
1188 2085 1381 2156 quibus
1406 2090 1820 2157 superstitiones

213 2171 497 2241 paganica:
526 2170 778 2229 Kalendis
804 2174 1077 2233 Januariis
1113 2178 1287 2234 adhuc
1316 2178 1586 2249 vigebant.
1620 2181 1676 2237 In
1707 2181 1817 2238 Ge-

216 2260 459 2330 Iasiano,
482 2262 838 2336 Gregoriano,
858 2278 914 2325 et
932 2270 1201 2342 plerisque
1220 2273 1338 2328 aliis
1360 2273 1522 2327 missa
1547 2282 1631 2329 est
1651 2275 1818 2330 altera

216 2354 329 2411 Iioc
368 2355 458 2413 die
485 2357 567 2412 Ad
601 2359 969 2430 prohibendum
1000 2363 1064 2417 ab
1099 2363 1276 2418 idolis.
1305 2364 1504 2420 Octava
1537 2365 1642 2421 diei
1687 2366 1818 2422 hora

217 2444 294 2500 de
323 2443 423 2500 hac
450 2462 510 2502 re
534 2449 753 2504 missam
777 2450 1044 2511 celebrari
1072 2454 1313 2525 praecipit
1331 2456 1615 2512 concilium
1648 2472 1685 2511 ιι
1710 2457 1822 2513 'I‘u-

216 2554 460 2598 ronense
484 2556 687 2597 canone
716 2544 782 2598 i7
814 2554 1008 2615 praeter
1037 2547 1270 2615 privatas
1293 2548 1526 2605 litanias.
1561 2550 1706 2622 Lege
1735 2552 1810 2606 sis

218 2631 508 2699 epistolam
531 2631 804 2689 Zachariae
828 2635 1095 2703 pontificis
1118 2636 1188 2693 ad
1214 2638 1567 2708 Bonifacium,
1589 2657 1708 2711 qua:
1729 2651 1813 2699 est

219 2722 332 2780 152
362 2724 499 2780 inter
526 2724 928 2787 Bonifacianas;
954 2735 1011 2784 et
1038 2728 1373 2799 Menardum,
1401 2747 1430 2786 a
1464 2747 1583 2804 pag.
1608 2732 1737 2789 252.

255 2831 403 2892 XVI.
430 2851 674 2895 ιεοειωΑ
700 2854 752 2895 ιι(
781 2854 950 2896 russo
979 2855 1194 2898 εΑιιοτΑε
1208 2859 1502 2901 αειιονενε
1530 2844 1773 2905 vmcims.

533 2949 748 3015 Epistula
771 2952 908 3003 Pauli
928 2952 1134 3015 apostoli
1156 2954 1214 3004 ad
1240 2952 1498 3006 Romanos.

292 3047 457 3122 Ila.
479 3050 697 3108 Fratres
727 3053 906 3109 infelix
937 3069 1037 3125 ego
1068 3054 1262 3126 homo,
1289 3059 1423 3128 quis
1455 3073 1542 3115 me
1566 3060 1815 3119 liberavit

218 3139 291 3196 de
316 3155 545 3212 corpore
574 3145 764 3201 mortis
794 3145 970 3215 hujus,
1004 3157 1136 3211 etc.,
1168 3164 1327 3216 usque
1356 3147 1471 3204 Non
1516 3153 1811 3208 secundum

217 3250 436 3292 carnem
466 3238 824 3308 ambulamus,
856 3240 949 3296 sed
976 3241 1270 3297 secundum
1301 3242 1555 3312 Spiritum
1597 3261 1691 3316 per
1715 3245 1807 3303 Je-

1277 400 1366 459 DE
1403 401 1737 461 LITURGIA
1774 404 2172 469 GALLICANA
2211 412 2414 474 LIBER
2451 417 2515 476 II.

220 506 386 576 cipes
415 505 772 568 Sodomorum
795 554 811 581 ,
844 523 978 582 etc.,
1013 533 1171 588 usque
1201 517 1271 575 Et
1298 522 1476 578 venite
1522 532 1577 578 et
1618 525 1824 595 arguite
1851 527 1908 588 Α
1930 524 2252 588 Kalendario
2296 482 2603 595 Curbeiensi

3417 437 3525 492 178

2653 546 2900 615 superius
2931 548 3186 608 laudato:
3222 567 3280 609 III
3334 553 3520 614 Nonas

1934 618 2177 679 Januarii
2206 628 2456 697 depositio
2483 644 2673 690 sancta:
2697 636 2995 697 Genovevaz.

1970 711 2134 772 XVII.
2178 736 2420 778 LBGENDA
2466 741 2518 780 ιιι
2564 743 2813 789 nommco
2861 753 2989 793 rosr
3043 755 3525 803 cmcuucxsioun-

2629 842 2829 886 υοιιιΝι.

2338 908 2513 964 Lectio
2549 916 2811 971 Ezechihel
2846 928 3115 988 prephetaa.
3563 961 3566 965 ν

2008 988 2165 1061 115
2187 988 2312 1046 Haec
2332 994 2460 1052 dicit
2490 997 2745 1056 Dominus
2771 1023 2783 1057 :
2808 1006 2908 1061 Fili
2933 1009 3184 1079 hominis,
3210 1014 3279 1069 hit
3304 1026 3428 1073 sunt
3448 1018 3525 1074 ri.

1933 1086 2018 1131 tus
2042 1081 2243 1146 altaris,
2277 1085 2331 1140 in
2360 1105 2695 1163 quacumque
2729 1097 2817 1154 die
2842 1099 2997 1156 fuerit
3027 1102 3363 1173 fabricatum,
3388 1119 3523 1177 etc.,
3579 1092 3601 1177 ί

1934 1187 2095 1266 usque
2134 1173 2382 1245 Implevit
2408 1181 2576 1248 gloria
2625 1185 2833 1243 Domini
2877 1190 3093 1248 domum
3126 1195 3368 1262 Domini,
3396 1173 3585 1266 dicit

1930 1262 2189 1322 Dominus
2218 1270 2576 1340 omnipotens.
2607 1275 2821 1345 (Ezech.
2850 1296 3001 1347 xuii,
3030 1302 3187 1356 usque
3210 1304 3356 1357 XLIV,
3382 1289 3465 1361 4.)

2235 1360 2456 1424 Epistola
2484 1365 2623 1417 Pauli
2642 1368 2860 1431 Apostoli
2881 1376 2944 1424 ad
2968 1376 3215 1439 Ephesios.

1999 1440 2317 1499 Benedictus
2348 1446 2488 1503 Deus
2513 1461 2568 1505 et
2594 1451 2749 1508 Pater
2771 1456 2981 1513 Domini
3003 1464 3171 1517 nostri
3192 1462 3320 1519 Jesu
3359 1464 3521 1522 Chri-

1934 1533 2002 1587 sti
2024 1574 2041 1600 ,
2087 1537 2174 1604 qui
2223 1538 2499 1596 benedixit
2543 1560 2640 1600 nos
2662 1587 2677 1611 ,
2708 1558 2841 1617 etc.,
2871 1568 3031 1622 usque
3061 1554 3114 1610 In
3156 1557 3311 1614 laude
3338 1560 3524 1630 gloria

1926 1631 2113 1700 ipsius,
2138 1634 2228 1704 qui
2249 1647 2333 1691 est
2359 1636 2673 1697 benedictus
2696 1644 2747 1698 in
2777 1649 2995 1705 saecula.
3022 1650 3238 1722 (Ep/tes.
3272 1669 3313 1719 ι,
3340 1654 3523 1727 5-H.)

2034 1723 2268 1788 [.egenda
2310 1734 2465 1783 sancti
2496 1731 2753 1798 Evangelii
2788 1742 3058 1791 secundum
3106 1743 3408 1799 Mattltcum.

2004 1826 2272 1899 Tempore
2304 1834 2415 1901 illo,
2449 1837 2759 1895 obtulerunt
2792 1845 2960 1900 turba;
2990 1846 3055 1900 ad
3097 1846 3383 1905 Dominum
3425 1851 3521 1909 Je-

2378 1939 2580 1987 mutum
2595 1933 2917 1992 daemonium
2939 1938 3248 2007 habentem,
3270 1953 3325 1998 et
3345 1946 3519 2014 ejecto

1935 2013 2184 2071 daemone
2214 2019 2423 2076 locutus
2451 2032 2535 2079 est
2562 2035 2739 2083 mutus
2760 2071 2774 2094 ,
2805 2040 2933 2099 etc.,
2969 2048 3128 2104 usque
3154 2013 3519 2094 Curansiom-

1939 2120 2063 2160 nem
2094 2108 2403 2181 languorem
2431 2122 2488 2169 et
2521 2131 2736 2174 omnem
2770 2120 3157 2180 infirmitatem.
3189 2126 3406 2197 (Matth.
3438 2143 3518 2197 lx.

1925 2194 2144 2270 52-35.)

2138 2290 2323 2349 XVIII.
2352 2312 2592 2356 LEGEIDA
2623 2316 2675 2355 IN
2704 2317 2912 2359 VlGlLlIS
2941 2322 3299 2366 uenientum.

2028 2383 2142 2433 Vita
2167 2390 2221 2434 et
2244 2388 2405 2446 passio
2427 2391 2584 2439 sancti
2616 2403 2672 2440 ac
2693 2392 2959 2444 beatissimi
2981 2395 3161 2447 Juliaui
3181 2402 3418 2463 martyris.

1996 2469 2164 2539 Igitur
2191 2468 2529 2527 beatissimus
2555 2470 2801 2529 Julianus
2832 2492 2899 2531 ex
2927 2478 3093 2533 nobili
3119 2480 3338 2546 familia,
3369 2483 3515 2540 inlu-

1923 2560 2054 2616 stris
2073 2570 2188 2616 erat
2208 2561 2262 2617 in
2276 2563 2640 2630 saeculo,etc.,
2667 2583 2826 2636 usque
2840 2568 2908 2622 ad
2938 2570 3114 2639 ﬁnem,
3142 2581 3199 2627 ut
3225 2576 3367 2645 apud
3390 2575 3515 2631 Bot-

1922 2654 2137 2709 landum
2177 2654 2247 2709 ad
2286 2655 2320 2710 9
2364 2655 2638 2725 Januarii,
2688 2660 2773 2712 ubi
2802 2661 2932 2716 Acta
2976 2660 3208 2730 Iuliani,
3250 2665 3515 2727 Basilina!

1920 2749 2035 2817 ejus
2063 2745 2298 2817 conjugis
2319 2754 2369 2801 et
2414 2748 2671 2802 sociorum
2715 2760 2999 2822 martyrum
3042 2759 3352 2824 referuntur.
3383 2758 3514 2817 Post

1928 2835 2038 2891 hare
2066 2840 2121 2891 in
2154 2838 2473 2895 Lectionario
2514 2843 2742 2913 sequitur
2776 2861 2941 2899 sermo
2964 2849 3178 2918 quidam
3206 2851 3396 2922 absque
3421 2870 3514 2909 no-

1917 2930 2054 2984 mine
2080 2934 2328 3001 auctoris,
2352 2934 2441 3003 qui
2470 2951 2634 2989 sermo
2674 2939 2917 3009 supponit
2949 2941 3137 2996 lectum
3173 2942 3514 3017 Evangelium

1918 3020 1983 3075 de
2008 3022 2309 3080 adoratione
2338 3042 2637 3099 magorum,
2670 3042 2727 3085 ut
2753 3048 2816 3086 ea:
2838 3032 2933 3088 hoc
2958 3036 3075 3107 ejus
3102 3041 3318 3094 exordio
3348 3058 3512 3108 appa-

1916 3123 1993 3169 ret
2012 3130 2033 3171 ἓ

1986 3209 2203 3266 Audivit
2232 3213 2511 3269 nobiscum
2534 3219 2731 3274 caritas
2759 3234 2934 3277 vestra
2959 3225 3282 3295 evangelista
3314 3228 3501 3286 dicen-

215 3340 334 3381 sum
362 3324 632 3385 Christum
658 3298 941 3388 Dominum
966 3343 1230 3388 nostrum.
1263 3298 1444 3403 (Rom.
1478 3352 1572 3405 vn,
1719 3298 1807 3393 ξιξ-
1843 3316 1891 3380 C
1922 3308 1975 3407 te
2001 3318 2014 3354 ³
2039 3298 2173 3407 cui,“
2223 3314 2380 3407 "Etim
2407 3319 2570 3407 68.5.8"
2606 3311 2787 3407 inquid
2809 3353 2823 3378 ’
2854 3314 2994 3371 Deus
3027 3316 3081 3372 in
3133 3319 3373 3378 Bethlem
3408 3324 3508 3380 Ju-

215 3434 314 3489 σιω
332 3435 447 3487 νιιι,
476 3422 558 3493 4.)

394 3517 566 3568 Lectio
580 3520 733 3568 sancti
757 3518 1011 3581 Evangelti
1036 3522 1303 3572 secundum
1325 3520 1621 3574 Mattheum.

292 3603 350 3659 In
370 3603 463 3660 illo
491 3611 755 3674 tempore,
787 3603 999 3660 dicebat
1039 3606 1296 3663 Dominus
1324 3607 1481 3664 Jesus
1530 3609 1807 3679 discipulis

215 3697 327 3754 suis
370 3698 679 3770 parabulam
727 3698 1113 3756 hanc:Simile
1157 3709 1241 3756 est
1287 3716 1509 3773 regnum
1550 3705 1806 3760 calorum

220 3791 393 3847 decim
432 3790 763 3860 virginibus,
804 3799 936 3859 etc.,
975 3807 1138 3862 usque
1174 3790 1407 3848 Nescitis
1444 3793 1587 3849 diem
1634 3808 1807 3865 neque

222 3885 433 3943 horam.
462 3884 682 3958 (Matth.
716 3901 847 3953 xxv,
879 3884 1056 3953 i-M.)

746 3999 1286 4045 οΒεΕιινΑτιοΝεε.

290 4082 385 4139 Hic
405 4083 539 4139 nihil
558 4084 625 4140 de
645 4083 777 4139 actis
800 4094 998 4139 sanctae
1024 4084 1333 4150 Genovei‘at,
1357 4099 1479 4154 qua
1498 4085 1567 4141 ab
1587 4096 1811 4144 auctore

220 4178 448 4247 quodam
475 4193 745 4250 anonymo
773 4178 928 4247 paulo
961 4189 1082 4249 post
1114 4179 1231 4247 ejus
1260 4178 1464 4234 obitum
1504 4181 1698 4251 scripta
1726 4182 1807 4236 di-

224 4281 440 4325 cuntur.
470 4269 626 4324 Varia
655 4286 843 4325 eorum
867 4273 1113 4335 exempla
1136 4270 1607 4327 circumferuntur.
1639 4273 1807 4329 Inter-

221 4362 398 4433 polata
428 4372 554 4418 sunt
574 4348 664 4416 illa
692 4377 810 4433 quae
831 4378 893 4417 ex
922 4371 1231 4433 pervetusto
1251 4363 1447 4419 Codice
1470 4363 1683 4436 inclytae
1707 4364 1806 4421 ba-

220 4456 411 4525 silicae,
440 4457 495 4511 in
523 4471 626 4526 qua
668 4456 938 4513 Genovefa
969 4467 1374 4512 monumentum
1405 4458 1584 4524 habet,
1616 4471 1808 4513 recens

218 4547 360 4603 edita
393 4556 537 4603 sunt.
567 4550 769 4604 Auctor
793 4548 1011 4620 conjicit
1034 4565 1102 4605 ex
1131 4550 1365 4605 historiis
1393 4561 1634 4605 veterum
1663 4562 1806 4607 tem-

223 4657 320 4713 pus
341 4658 447 4713 quo
468 4642 630 4712 Virgo
654 4652 775 4698 nata
797 4653 899 4710 est,
925 4643 1064 4712 quod
1087 4644 1218 4699 alias
1238 4644 1342 4699 sibi
1370 4658 1474 4698 non
1502 4643 1634 4699 satis
1657 4659 1806 4700 com-

1920 3394 2091 3450 dazam
2136 3396 2187 3451 in
2228 3398 2417 3454 diebus
2463 3401 2702 3458 Herodes
2753 3407 2967 3479 regis...
2994 3412 3241 3467 venimus
3279 3415 3508 3472 adorare

1916 3502 2064 3542 eum.
2098 3488 2248 3545 Felix
2280 3490 2368 3546 illa
2395 3492 2618 3561 civitas,
2652 3494 2843 3553 fratres
2864 3539 2879 3564 ,
2914 3499 2999 3553 cui
3047 3501 3179 3556 civis
3223 3514 3377 3559 natus
3421 3515 3506 3561 est

1919 3582 2091 3638 Deus!
2121 3599 2240 3653 quae
2271 3585 2541 3657 singulare
2568 3589 2821 3644 meritum
2852 3600 2976 3648 ante
3010 3593 3294 3650 adventum
3319 3598 3505 3653 Salva-

1914 3673 2048 3729 toris
2074 3677 2361 3745 accipiens,
2389 3679 2562 3748 primo
2584 3681 2787 3737 laudari
2820 3685 3014 3740 meruit
3042 3700 3137 3756 per
3159 3689 3500 3757 pr0phatam,

1911 3780 2071 3835 quam
2097 3766 2331 3824 disceret
2355 3771 2496 3839 quod
2522 3774 2787 3842 sumebat,
2818 3784 2948 3842 etc.,
2982 3793 3140 3848 usque
3170 3778 3353 3835 Maluit
3395 3780 3502 3837 vir-

1910 3857 2112 3913 tutibus
2139 3860 2309 3928 disci,
2345 3877 2504 3932 quam
2538 3876 2664 3920 ante
2692 3875 2900 3938 tempus
2928 3872 3122 3926 occidi.

2097 3951 2241 4011 XIX.
2272 3970 2516 4013 LEGENDA
2547 3975 2600 4015 IN
2625 3977 2945 4020 εριιιριιΑΝιΑ
2964 4006 2980 4033 ,
3013 3981 3082 4021 an
3111 3982 3320 4024 ιιιδεΑιι.

2374 4049 2543 4101 Lectio
2576 4052 2735 4104 Esaiae
2758 4060 3030 4119 praplletaa.

2172 4130 2299 4187 Haec
2326 4132 2456 4188 dicit
2485 4136 2745 4193 Dominus
2771 4157 2785 4194 :
2811 4140 3002 4211 Surge,
3046 4141 3368 4202 inluminare
3404 4150 3496 4205 ιε.

1914 4221 2169 4289 rusalem,
2206 4232 2338 4289 etc.,
2364 4242 2522 4295 usque
2546 4228 2870 4297 Redemptor
2897 4242 3019 4288 tuus
3045 4234 3196 4292 fortis
3220 4236 3403 4305 Jacob,
3427 4242 3503 4300 ait

1909 4309 2172 4368 Dominus
2205 4315 2363 4372 Deus.
2397 4316 2533 4388 (Isa.
2568 4335 2656 4386 ιι,
2692 4321 2866 4394 1-16.)

2256 4428 2467 4492 Epistola
2491 4432 2631 4483 Pauli
2657 4436 2859 4498 apostoli
2884 4439 2943 4487 ad
2977 4438 3154 4493 Titum.

1977 4532 2304 4600 Carissimo,
2334 4539 2579 4607 apparuit
2628 4542 2795 4610 gratia
2841 4542 2935 4597 Dei
2979 4543 3314 4617 Salvatoris,
3355 4560 3494 4619 etc.,

1910 4640 2069 4695 usque
2100 4626 2337 4683 Heredes
2376 4629 2544 4685 simus
2590 4632 2885 4688 secundum
2932 4649 3084 4704 spem
3131 4638 3254 4694 vita:
3282 4651 3499 4698 aeternas

218 4742 426 4800 pertum
448 4731 660 4786 fatetur.
682 4729 832 4785 Vixit
856 4740 975 4799 post
997 4729 1249 4802 scriptam
1273 4746 1302 4785 a
1326 4731 1588 4801 Gregorio
1612 4732 1803 4804 Magno

1925 4733 2005 4784 per
2031 4718 2213 4774 Jesum
2245 4721 2513 4778 Christum
2548 4723 2828 4779 Dominum
2862 4738 3123 4783 nostrum.
3157 4730 3286 4799 (Tit.
3319 4750 3371 4800 I,
3405 4736 3496 4801 ii,

217 4823 387 4877 sancti
430 4821 605 4876 Patris
638 4821 909 4878 Benedicti
941 4822 1137 4887 Vitam,
1161 4839 1321 4892 quam
1347 4822 1623 4891 speculum
1647 4810 1805 4880 vocat
1824 4812 1855 4837 “

217 4916 479 4970 bonorum
525 4918 929 4982 monachorum,
961 4917 1128 4972 relato
1156 4918 1273 4971 viso
1307 4916 1375 4972 de
1418 4917 1565 4972 obitu
1596 4917 1797 4974 beatis-

218 5007 337 5063 simi
364 5005 615 5062 Germani
636 5006 872 5079 Capuani
897 5008 1158 5078 episcopi.
1190 5007 1497 5065 Sinceriora
1528 5020 1653 5064 sunt
1681 5025 1801 5079 quas

217 5100 352 5169 apud
378 5099 691 5154 Bollandum
714 5108 945 5165 exstent,
974 5115 1199 5171 quorum
1229 5100 1474 5170 Scriptor
1501 5101 1672 5157 relato
1696 5103 1801 5157 mi-

217 5188 398 5244 raculo
419 5188 488 5244 de
508 5189 738 5257 ampulla
776 5188 899 5245 oleo
936 5192 1149 5246 ccelitus
1186 5207 1281 5262 per
1312 5190 1524 5246 beatam
1557 5190 1803 5249 Genove-

214 5280 317 5335 fam
341 5281 569 5350 repleta,
592 5282 774 5338 subdit
805 5298 866 5339 se
893 5302 913 5337 ι
942 5293 1063 5354 post
1086 5291 1167 5339 ter
1201 5299 1362 5340 senos
1394 5286 1462 5340 ab
1490 5285 1638 5341 obitu
1681 5286 1801 5356 ejus

216 5386 401 5437 annos,
434 5387 557 5427 cum
602 5373 717 5443 ipsa
747 5373 993 5444 ampulla
1025 5375 1237 5442 oleum,
1271 5377 1413 5447 quod
1451 5377 1504 5433 in
1552 5379 1799 5435 oratione

213 5466 327 5531 ejus
354 5474 619 5531 creverat,
642 5465 862 5522 vidisse.
903 5486 922 5519 ι
952 5465 1105 5536 Quod
1128 5467 1353 5522 totidem
1393 5469 1574 5524 verbis
1617 5470 1791 5527 inter-

215 5555 423 5623 polator
469 5557 552 5630 (ut
598 5555 656 5613 ﬁt
694 5573 801 5614 non
844 5559 994 5629 rare)
1032 5572 1436 5617 commemorat.
1481 5562 1537 5617 In
1575 5560 1796 5620 Canone

213 5644 422 5705 Codicis
465 5650 633 5722 regii,
666 5650 757 5721 qui
801 5651 1055 5709 Ordinem
1095 5654 1271 5707 missa:
1300 5668 1370 5707 ex
1412 5652 1700 5709 Gelasiano
1742 5663 1798 5711 et

214 5739 542 5811 Gregoriano
574 5744 789 5800 mistqu
828 5746 1085 5811 continet,
1117 5744 1171 5800 in
1208 5745 1440 5801 secunda
1484 5757 1793 5803 sanctorum

216 5836 723 5891 commemoratione
771 5845 892 5906 post
930 5838 1185 5908 Agnetem
1226 5846 1280 5892 et
1326 5836 1660 5893 Anastasiam
1688 5878 1704 5904 ,
1738 5839 1799 5893 fit

216 5925 417 5984 mentio
442 5926 512 5984 de
538 5924 816 5985 Gettovefa
858 5938 913 5986 et
960 5928 1310 5985 Scholastica.
1344 5926 1399 5983 In
1429 5926 1797 5986 vetustissimo

1911 4830 2069 4884 usque
2097 4830 2157 4879 ιι,
2189 4813 2268 4882 7.)

2080 4904 2248 4955 Lectio
2281 4907 2432 4955 sancti
2459 4907 2710 4971 Evangelii
2735 4910 3004 4961 secundum
3026 4912 3320 4967 Matthaum.

1981 4988 2245 5058 'I’empore
2274 4990 2395 5056 illo,
2424 4990 2570 5045 venit
2618 4992 2870 5048 Dominus
2894 4997 3053 5052 Jesus
3082 4998 3135 5052 iu
3174 4998 3317 5055 Cana
3350 4999 3497 5056 Gali-

1906 5080 2019 5135 latae
2050 5082 2103 5135 in
2148 5081 2379 5139 Jordane
2426 5085 2493 5138 ad
2529 5084 2846 5154 Iohannem,
2881 5098 2938 5145 ut
2974 5090 3355 5160 baptizaretur,
3387 5106 3495 5152 etc.

1910 5170 2121 5242 (Matth.
2152 5189 2231 5239 tu,
2262 5175 2475 5247 43-17.)
2500 5175 2630 5231 Tum
2649 5183 2883 5237 continue
2908 5183 3270 5253 subiungitur:
3294 5185 3361 5240 Et
3383 5186 3497 5254 ipse
3531 5223 3543 5237 .

1886 5248 1889 5251 5
1914 5266 2071 5322 Jesus
2091 5277 2209 5323 erat
2234 5269 2495 5338 incipiens
2523 5274 2670 5341 quasi
2700 5288 2961 5329 annorum
2990 5248 3226 5346 triginta,
3258 5288 3314 5331 ut
3343 5289 3498 5346 puta-

1907 5360 2064 5415 batur
2095 5359 2236 5415 illius
2262 5360 2484 5432 Ioseph.
2517 5363 2670 5436 (Luc.
2694 5380 2778 5432 ιιι,
2812 5365 2931 5435 25.)
2966 5364 3154 5421 Postea
3184 5382 3496 5440 consequen-

1905 5460 1986 5506 ter
2013 5466 2032 5505 :
2062 5451 2131 5507 Et
2158 5450 2246 5508 die
2276 5453 2437 5509 tertio
2462 5455 2658 5525 nuptiae
2684 5456 2836 5511 factae
2857 5467 2981 5512 sunt
3006 5457 3056 5511 in
3083 5457 3225 5515 Cana
3248 5460 3493 5519 Galilem:

1905 5540 2085 5614 (loon.
2119 5559 2178 5611 Il,
2207 5544 2383 5615 1-H.)

2264 5655 2447 5700 NO'LB
2483 5658 2564 5700 ET
2593 5658 3128 5707 οιιςιςιινιιτιοιηιῑο.

1974 5746 2153 5803 Mirari
2183 5748 2348 5819 subit,
2376 5765 2473 5805 cur
2494 5752 2627 5807 Acta
2673 5760 2985 5809 sanctorum
3015 5756 3214 5813 Iuliani
3255 5766 3309 5813 et
3339 5757 3491 5815 Basi-

1902 5839 2064 5904 lissas,
2109 5840 2197 5910 qui
2242 5842 2541 5898 Antiochia:
2584 5843 2685 5898 sub
2714 5842 3043 5902 Diocletiano
3074 5858 3127 5901 et
3168 5849 3492 5905 Maximiano
3580 5886 3581 5889 η

1900 5932 2219 6002 martyrium
2263 5931 2408 6002 passi
2454 5944 2601 6001 sunt,
2634 5935 2690 5991 in
2739 5936 2869 6005 ipsis
2916 5937 3230 6008 Epiphaniae
3282 5940 3492 6010 Vigiliis
