4048 6350
671 462 771 522 179

666 579 804 633 lecta
835 579 1047 644 fuerint,
1078 579 1310 637 maxime
1332 597 1451 635 cum
1482 599 1584 637 non
1626 582 1711 638 die
1749 594 1903 640 sena
1931 624 1946 648 ,
1979 582 2075 641 sed
2103 597 2239 639 nona
2273 592 2323 653 Α

666 670 907 726 Januarii
938 673 990 726 in
1023 672 1414 746 Martyrologiis
1446 682 1843 730 recenseantur.
1867 677 1950 730 An
1976 689 2107 729 vero
2134 683 2234 733 tatl

671 763 833 831 longa
863 763 1084 818 historia
1118 763 1169 818 in
1205 763 1406 831 \‘igiliis
1438 765 1562 830 illis,
1589 775 1780 833 prater
1810 765 2118 833 adiunctam
2151 769 2246 821 lio-

669 854 868 908 tniliam
897 853 1104 925 integra
1128 855 1474 925 legebantur?
1503 856 1748 912 Fortasse
1775 857 2151 914 breviabautur
2180 863 2242 912 ad

666 954 849 999 nutum
882 946 1048 1002 choro
1079 945 1433 1016 praesidentis,
1461 962 1580 1004 eum
1609 948 1676 1004 ad
1708 949 1926 1005 modum
1971 965 2080 1022 quo
2136 948 2244 1005 Ca-

663 1036 808 1092 rolus
837 1036 1078 1108 Magnus,
1106 1053 1224 1091 cum
1253 1037 1457 1108 Vigiliis
1488 1039 1772 1096 interesset
1796 1081 1810 1104 ,
1838 1040 1996 1095 linem
2031 1041 2227 1098 Lectio-

666 1144 791 1184 num
823 1139 953 1184 nutu
979 1145 1073 1185 seu
1109 1131 1266 1186 sibilo
1293 1132 1626 1203 significasse
1659 1134 1969 1205 perhibetur
1995 1150 2025 1188 a
2056 1151 2228 1192 mona-

664 1221 768 1275 cho
822 1221 1244 1292 Sauctigallensi.
1277 1223 1331 1278 lu
1355 1224 1690 1281 Mozarabico
1715 1226 1946 1282 celebris
1967 1237 2048 1286 est
2072 1229 2233 1286 etiam

668 1311 856 1366 horum
905 1323 1198 1390 martyrum
1241 1315 1525 1386 festivitas,
1573 1319 1666 1372 sed
1715 1319 1803 1376 die
1849 1323 2092 1388 sequenti
2127 1331 2242 1388 post

667 1402 1038 1474 Epiphaniam,
1070 1416 1128 1461 ut
1157 1421 1222 1462 ex
1253 1407 1493 1464 lllatione
1523 1409 1860 1464 manilesunn
1889 1419 1992 1466 est.

737 1491 793 1548 In
823 1495 1051 1554 concilio
1083 1492 1531 1554 An'tissiodorensi
1562 1501 1685 1556 anni
1731 1501 1837 1558 578
1875 1512 2130 1560 statutum
2158 1515 2239 1561 est

656 1596 860 1640 canone
887 1585 939 1650 2,
966 1585 1231 1644 Ut‘omnes
1250 1590 1528 1660 presbyteri
1556 1602 1673 1650 ante
1695 1591 2041 1666 Epiphaniam
2065 1597 2242 1653 missos

651 1692 770 1729 suos
800 1675 1050 1750 dirigant,
1078 1681 1165 1751 qui
1192 1681 1263 1736 eis
1289 1682 1351 1736 de
1381 1683 1632 1754 principio
1664 1684 2084 1757 Quadragesima:
2112 1706 2241 1742 nun-

653 1773 800 1833 tient,
833 1780 880 1821 et
914 1769 966 1821 in
989 1771 1099 1840 ipsa
1126 1768 1420 1844 Epiphania
1445 1774 1510 1825 ad
1541 1773 1790 1846 populum
1816 1777 2061 1836 indicent.
2096 1780 2160 1834 Et
2187 1781 2240 1836 in

609 1858 618 1866 “’
659 1857 834 1912 Libris
855 1858 1349 1930 Sacramentorum,
1374 1874 1496 1935 puta
1520 1865 1821 1937 Gelasiano,
1853 1871 1902 1924 in
1932 1871 2025 1928 lib.
2051 1889 2067 1926 ι
2093 1891 2238 1930 num.

655 1952 781 2016 103,
815 1953 1136 2008 Consecratio
1174 1973 1331 2011 sacra:
1375 1959 1588 2034 virginis
1611 1963 1663 2015 in
1695 1960 1991 2036 Epiphania
2037 1968 2114 2022 vel
2153 1986 2228 2022 se-

649 2042 821 2096 cunda
850 2045 978 2114 feria
1008 2043 1244 2112 Paschw,
1268 2052 1430 2104 autin
1463 2054 1806 2122 apostolorum
1837 2056 2072 2112 natalitio
2104 2062 2233 2113 cele-

648 2135 786 2190 brari
821 2140 976 2210 117
1003 2140 1212 2195 dicitur.
1254 2142 1403 2208 Quod
1445 2147 1699 2200 decretum
1742 2163 1820 2204 est
1848 2149 2044 2212 Gelasii
2075 2154 2232 2223 primi

647 2225 698 2276 in
732 2227 960 2294 epistola
984 2230 1014 2282 9
1036 2230 1100 2282 ad
1128 2232 1408 2306 episcopos
1439 2234 1715 2291 Lucaniae.

716 2319 1102 2378 Observatione
1155 2323 1370 2396 dignum
1428 2337 1511 2382 est
1563 2331 1703 2399 quod
1750 2331 2098 2404 Evangelium
2139 2351 2236 2404 pro

643 2407 780 2464 festo
829 2411 1139 2483 Epiphaniae
1184 2430 1250 2469 ex
1303 2417 1473 2474 tribus
1523 2421 1868 2492 evangelistis
1920 2435 2230 2484 contetum

645 2508 750 2565 est,
811 2501 885 2554 uti
931 2512 986 2556 et
1032 2507 1208 2574 passio
1241 2508 1290 2559 in
1323 2508 1410 2562 die
1438 2521 1624 2566 sancto
1656 2513 1978 2570 Parasceves
2003 2535 2064 2572 ex
2100 2537 2228 2589 qua-

645 2601 786 2648 tuor.
825 2591 878 2650 Ιιι
915 2593 1117 2662 Vigiliis
1166 2597 1356 2656 lectum
1382 2599 1554 2658 fuerat
1584 2619 1651 2660 ex
1684 2604 1846 2662 dictis
1881 2609 2230 2678 Evangelium

643 2696 710 2742 ex
748 2683 982 2739 Matthaei
1015 2702 1128 2756 cap.
1164 2691 1297 2752 nde
1350 2692 1668 2752 adorationc
1722 2713 1840 2769 mag
1884 2715 2024 2764 rum,
2081 2707 2235 2774 cujus

643 2774 802 2828 etiam
853 2775 910 2830 lit
937 2780 1138 2836 mentio
1168 2779 1219 2834 in
1265 2783 1460 2842 .‘lissali
1493 2785 2009 2862 Gothicogallitrano.
2056 2795 2237 2866 Itaque

643 2869 832 2942 triplex
864 2871 1061 2926 Christi
1107 2874 1314 2930 Domini
1364 2881 1723 2937 m~tnifeSt2ttiu
1771 2887 1871 2942 hac
1926 2888 2015 2946 die
2062 2893 2224 2948 etiam

643 2969 768 3015 tunc
794 2962 1147 3034 recolebatur,
1186 2982 1378 3046 nempe
1406 2972 1646 3034 adoratio
1669 2975 1867 3040 Christi
1897 2995 1993 3048 per
2017 2998 2220 3054 magos,

644 3051 883 3120 ejusdem
921 3055 1238 3126 baptismus,
1295 3071 1349 3116 et
1401 3065 1628 3132 primum
1682 3071 2019 3138 miraculum,
2088 3051 2227 3146 quod

644 3145 867 3214 contigit
898 3147 948 3202 in
1000 3151 1199 3222 nuptiis
1243 3155 1380 3226 apud
1409 3155 1607 3212 Canam
1640 3160 1874 3218 Gallicae.
1906 3164 2028 3220 Tria
2061 3145 2175 3225 haec
2205 3187 2233 3225 a

646 3232 871 3290 Paulino
927 3251 1292 3302 memorantur
1339 3247 1391 3301 in
1423 3250 1586 3308 natali
1637 3251 1668 3304 9
1701 3254 1767 3308 de
1806 3268 1993 3315 sancto
2025 3260 2234 3328 Felice,

645 3326 730 3381 ubi
765 3328 830 3383 de
863 3331 1159 3410 Epiphania
1186 3339 1312 3410 agit,
1344 3355 1572 3413 eamque
1603 3346 1742 3403 inter
1774 3349 2002 3420 majores
2033 3326 2238 3414 Solent;

651 3423 844 3479 nitates
892 3438 1156 3484 numerat.
1211 3432 1517 3491 Mazarabes
1549 3437 1735 3508 legunt
1768 3441 2112 3513 Evangelium
2165 3465 2231 3508 ex

643 3512 874 3572 Μιειιιιιωί
905 3533 1022 3590 cap.
1059 3538 1094 3575 tt
1134 3523 1201 3577 de
1223 3525 1537 3588 adoratione
1567 3546 1868 3600 magorum.
1919 3512 2232 3598 liiinntulum

640 3617 741 3668 est,
775 3611 867 3664 sed
903 3622 1077 3668 tamen
1108 3631 1212 3676 non
1239 3619 1614 3686 omittendum,
1646 3623 1786 3690 quod
1819 3625 1868 3676 iu
1897 3625 2233 3688 Leotionario

644 3699 943 3767 Gallicauo.
995 3707 1229 3778 itemque
1263 3710 1312 3763 in
1368 3711 1562 3765 Missali
1613 3710 1838 3771 Gothico
1891 3714 2227 3790 Epliip'tania

644 3792 840 3861 ubique
868 3797 1139 3866 scribitur,
1169 3800 1425 3856 mendose
1451 3801 1690 3871 quidem,
1739 3805 1831 3868 sed
1865 3811 2029 3868 veteri
2061 3829 2228 3870 more.

929 3904 1049 3966 xx.
1073 3923 1160 3970 prs
1180 3924 1432 3968 noututco
1455 3927 1583 3970 rosr
1617 3932 1953 3980 centrum“.

1111 3998 1282 4060 Lectio
1309 4004 1462 4056 lx‘saite
1481 4009 1751 4075 propheta.

717 4079 984 4162 Tempore
1011 4084 1124 4149 illo,
1157 4102 1254 4159 ego
1274 4088 1461 4146 Esaias
1484 4094 1588 4154 vidi
1613 4093 1895 4158 Dominum
1924 4101 2226 4170 sedentem,

638 4180 769 4238 etc.,
804 4187 961 4239 usque
982 4173 1334 4236 Convertatur
1363 4189 1417 4236 et
1445 4197 1627 4244 sanem
1646 4201 1792 4258 eum,
1815 4189 1946 4252 dicit
1969 4190 2225 4254 Dominus

639 4265 1004 4330 omnipotens.
1039 4266 1168 4337 (lsa.
1213 4285 1284 4348 tv,
1322 4273 1493 4348 l-iO.)

941 4358 1146 4422 Epistula
1172 4363 1307 4415 Pauli
1337 4369 1535 4432 apostoli
1560 4371 1619 4420 ad
1640 4371 1926 4425 Corinthios.

716 4439 946 4507 Fratres,
971 4446 1144 4503 videte
1170 4455 1504 4509 vocationem
1527 4465 1780 4522 vestram,
1814 4469 1940 4528 etc.,
1975 4479 2130 4534 tesque
2172 4468 2224 4521 ln

637 4531 867 4587 Domino
898 4537 1173 4603 glorietur.
1209 4542 1266 4617 (1
1288 4544 1407 4602 Cor.
1445 4563 1482 4613 t,
1515 4549 1567 4613 6,
1599 4549 1714 4618 51.)

859 4627 1032 4683 Lectio
1053 4640 1206 4687 sancti
1236 4638 1493 4701 Evangelii
1516 4644 1788 4693 secundum
1812 4645 2000 4699 Lucam.

711 4709 974 4822 Tempore
1003 4719 1093 4773 illo
1119 4765 1134 4788 ,
1181 4723 1326 4777 venit
1353 4724 1610 4822 Dominus
1633 4726 1788 4783 Jesus
1816 4731 2098 4804 Nazareth,
2135 4741 2221 4794 ubi
2249 4751 2305 4822 ι)

636 4809 754 4856 erat
795 4806 1047 4874 nutritus,
1077 4819 1206 4876 etc.,
1266 4829 1425 4883 usque
1453 4816 1584 4882 Quae
1615 4823 1965 4886 procedebant
2016 4828 2084 4882 de
2127 4844 2222 4886 ore

631 4896 820 4966 ipsius.
849 4900 1002 4972 (Luc.
1034 4921 1104 4969 vr,
1143 4905 1353 4980 ili-‘22.)

667 5011 809 5069 XXI.
842 5031 1080 5072 LEGENDA
1123 5033 1360 5075 SECUNDA
1393 5038 1639 5082 nonth
1671 5042 1802 5084 rosr
1841 5047 2180 5098 EPBIPHANIA.

1066 5129 1234 5184 Lectio
1260 5132 1511 5192 Hierimim
1529 5139 1796 5206 propheta.

703 5233 827 5296 Haec
863 5235 990 5292 dicit
1020 5237 1277 5296 Dominus
1310 5241 1449 5300 Deus
1484 5263 1496 5298 :
1553 5245 1693 5303 Ecce
1737 5263 1838 5317 ego
1867 5251 2100 5306 auferam
2147 5235 2214 5308 de

624 5327 747 5386 loco
773 5329 876 5389 isto
901 5329 957 5386 in
979 5332 1151 5390 oculis
1179 5336 1392 5400 vestris.
1425 5345 1480 5395 et
1509 5338 1560 5394 in
1589 5340 1777 5396 diebus
1803 5345 1995 5398 vestris
2030 5360 2213 5401 vocem

625 5421 828 5492 gaudii,
860 5432 989 5490 etc.,
1022 5442 1180 5494 usque
1203 5429 1371 5496 Quam
1401 5431 1523 5488 dedi
1577 5437 1818 5504 patribus
1864 5454 2049 5494 eorum
2080 5483 2094 5504 ,
2145 5445 2218 5496 ait

627 5517 886 5572 Dominus
916 5518 1078 5575 Deus.
1112 5521 1323 5588 (Jerem.
1355 5540 1459 5589 xvt,
1492 5523 1675 5597 9-15.)

927 5612 1141 5678 Epistula
1162 5615 1297 5668 Pauli
1324 5619 1529 5681 apogtoli
1555 5620 1613 5674 ad
1635 5619 1924 5672 Corinthios.

702 5697 877 5772 118.
923 5697 1056 5760 Nolo
1079 5701 1218 5766 enim
1249 5717 1345 5762 vos
1393 5703 1643 5764 ignorare
1666 5748 1679 5772 ,
1719 5704 1932 5769 fratres,
1961 5709 2210 5777 quoniam

623 5796 801 5858 patres
833 5789 1001 5844 nostri
1053 5807 1241 5846 omnes
1269 5793 1370 5852 sub
1421 5793 1561 5856 nube
1605 5793 1840 5860 fuerunt,
1887 5805 2016 5860 etc.,
2051 5815 2209 5869 usque

625 5880 689 5938 Ut
715 5884 928 5952 possitis
952 5885 1220 5948 sustinere
1269 5886 1324 5940 in
1347 5883 1560 5950 Christo
1577 5886 1708 5956 Jesu
1733 5888 1960 5960 Domino
1991 5904 2196 5962 nostro.

626 5973 683 6043 (1
709 5975 831 6033 Cor.
853 5992 910 6044 l,
947 5973 1129 6046 1-15.)

1385 465 1724 522 APPENDIX
1766 468 1856 522 AD
1894 466 2123 522 OPERA
2166 465 2411 528 SANCTI
2448 465 2758 523 GERMANI
2799 464 3235 528 PARISIENSIS.
3811 475 3876 534 i8il

2521 581 2688 632 Lectio
2711 585 2864 634 sancti
2886 581 3141 648 Evangelii
3164 580 3448 636 secundum
3473 581 3744 639 lautianm

2420 666 2684 734 Tempore
2716 669 2836 732 illo,
2889 668 3234 740 interrogavit
3262 669 3560 727 Dominum
3588 669 3755 727 Jesuut
3782 689 3872 727 unus

2348 774 2413 816 ex
2436 759 2721 816 Pbarisaris
2752 759 2886 832 legis
2911 761 3098 817 doctor
3129 770 3402 830 temptans
3445 777 3597 828 eum,
3618 773 3744 830 etc.,
3768 781 3873 834 une

2346 851 2446 919 Qui
2473 867 2531 908 se
2571 851 2812 912 bnmiliat
2836 852 3187 914 exaltabilttr.
3245 851 3635 919 (Mantuam,
3684 853 3747 912 '56
3769 871 3876 922 usqu:

2346 961 2499 1009 mn,
2534 946 2620 1000 12.

2462 1055 2625 1111 XXII.
2651 1071 2889 1113 ιεεειωλ
2915 1073 2966 1112 ιιι
2997 1073 3352 1114 πεστινιτιιτι
3380 1075 3605 1115 sane”:
3635 1076 3806 1116 ιιιιιιι.

2556 1147 2768 1211 Epistula
2791 1153 2943 1200 sancti
2969 1151 3103 1200 Pauli
3128 1152 3336 1214 apostoli
3358 1155 3422 1202 ad
3449 1154 3733 1205 Corinthios.

2420 1227 2656 1297 Fratres,
2682 1233 2748 1288 de
2777 1233 3068 1300 virginibus
3102 1247 3433 1306 preceputm
3470 1238 3679 1292 Domini
3710 1253 3796 1292 non
3816 1237 3876 1292 Its-

2347 1319 2468 1385 beo,
2496 1332 2627 1390 etc.,
2658 1340 2815 1393 usque
2844 1325 2995 1390 Quod
3023 1336 3077 1381 et
3122 1342 3222 1398 ego
3267 1329 3531 1395 spiritum
3563 1330 3655 1385 Dei
3687 1331 3875 1387 habeam.

2348 1408 2402 1477 (1
2428 1410 2546 1466 Cor.
2581 1428 2674 1479 vn,
2701 1414 2918 1485 25-40.)

2563 1524 2733 1577 Lectio
2751 1530 2902 1578 sancti
2925 1527 3184 1591 Evangelii
3199 1532 3482 1609 se‘undum
3500 1531 3693 1582 Lucam.

2415 1628 2678 1705 Tempore
2722 1632 2836 1700 illo,
2893 1649 3185 1703 exsurgens
3215 1646 3403 1692 autem
3462 1639 3623 1693 Maria
3670 1639 3716 1694 In
3741 1639 3874 1696 diebus

2347 1717 2451 1774 illis
2477 1721 2606 1805 abiit
2627 1724 2678 1777 iu
2712 1734 2982 1792 montana,
3015 1736 3143 1793 etc.,
3178 1744 3334 1798 usque
3375 1730 3617 1787 Reversa
3646 1733 3787 1810 estin
3807 1733 3872 1787 do-

2345 1828 2490 1868 mum
2520 1829 2693 1870 suatn.
2721 1816 2874 1886 (Luc.
2905 1832 2943 1884 ι,
2975 1819 3190 1889 39-56.)

2697 1927 2877 1970 NOTB
2924 1929 3004 1971 ΕΤ
3043 1931 3592 1978 OBSERVATIONES.

2271 1983 2315 2041 Β
2415 2008 2590 2062 Primo
2619 2022 2906 2079 conspectu
2949 2013 3052 2067 erit
3105 2013 3286 2068 forsan
3341 2018 3435 2090 qui
3497 2017 3754 2073 existimet
3778 2017 3870 2071 hanc

2339 2099 2659 2155 beatissima:
2695 2103 2933 2172 Deipara:
2983 2103 3210 2179 Virginis
3239 2105 3593 2164 festivitatem
3625 2125 3720 2164 nou
3747 2109 3859 2162 aliam

2338 2205 2458 2246 esse
2504 2208 2533 2246 a
2578 2191 2976 2260 Puriiicitione,
3027 2197 3165 2264 quod
3222 2207 3277 2253 et
3321 2201 3589 2254 festorum
3643 2202 3788 2256 series
3810 2201 3864 2254 hic

2337 2285 2617 2339 observata
2646 2286 2870 2342 suadere
2911 2288 3138 2344 videtur.
3190 2292 3259 2345 At
3301 2299 3520 2348 certum
3565 2301 3644 2348 est
3674 2293 3759 2346 hoc
3783 2292 3862 2346 loco

2338 2375 2627 2446 signiﬁcari
2679 2378 2844 2448 ipsius
2883 2380 3271 2447 depositionem
3331 2398 3432 2439 seu
3479 2388 3862 2455 assumptionem,

2339 2484 2496 2538 quam
2545 2485 2614 2524 xv
2642 2470 2761 2526 Kal.
2795 2471 3092 2538 Februarii,
3148 2474 3200 2528 id
3254 2487 3338 2530 est
3388 2477 3479 2533 die
3539 2477 3603 2533 18
3655 2475 3862 2538 Januarii,

2339 2563 2602 2630 quondam
2650 2565 2969 2620 celebratam
3015 2565 3178 2622 fuisse
3208 2569 3518 2641 antiquiora
3555 2567 3862 2642 Martyrologia

2341 2663 2620 2711 testantur.
2678 2656 3147 2731 Hieronymiauum
3179 2668 3337 2714 vetus
3401 2666 3495 2717 zeri
3551 2665 3785 2718 incisum:
3821 2677 3862 2715 ιι

2343 2742 2464 2797 Kal.
2517 2744 2785 2802 Februarii
2835 2749 3084 2817 depositio
3138 2761 3332 2805 sancta:
3394 2751 3598 2809 Marias.
3660 2755 3860 2824 Epterna-

2339 2849 2546 2890 cense:
2597 2839 2900 2907 Adsumptio
2948 2851 3141 2895 sancite
3199 2841 3410 2898 Μανίαν.
3463 2847 3713 2914 Lucanae,
3762 2843 3861 2915 quod

2343 2927 2660 2988 Franciscus
2715 2933 2876 2992 Maria
2941 2933 3284 2996 Florentium
3345 2943 3624 3012 vulgavit,
3677 2956 3737 2994 xv
3777 2935 3860 2990 Kal.

2339 3017 2497 3078 Febr.
2521 3023 2768 3094 depositio
2788 3037 2978 3086 sanctae
3001 3047 3062 3090 ac
3088 3032 3332 3102 gloria,”
3345 3037 3510 3094 (nam
3540 3034 3709 3092 Huic
3727 3030 3858 3090 mltis

2343 3108 2553 3176 Domini
2576 3119 2736 3174 nostri
2756 3117 2883 3174 Jesu
2907 3119 3115 3184 Christi.
3148 3127 3320 3195 Quem
3367 3130 3423 3190 in
3465 3130 3635 3192 locum
3662 3122 3860 3186 Floronia

2351 3221 2452 3262 nus
2479 3208 2543 3260 de
2575 3208 2736 3279 hujus
2766 3212 2883 3266 festi
2917 3215 2980 3270 ad
3014 3215 3149 3276 lianc
3188 3218 3336 3280 diem
3381 3222 3701 3281 institutione
3737 3212 3858 3274 multis

2344 3298 2594 3368 disserit,
2646 3317 2803 3370 quam
2847 3321 2878 3359 a
2921 3307 3177 3372 Maurico
3215 3315 3546 3383 imperatore
3589 3315 3640 3372 in
3685 3321 3860 3366 mentem
3950 3357 3951 3376 ἢ

2266 3363 2310 3424 C
2346 3391 2667 3457 Augustum,
2728 3410 2847 3448 cum
2897 3400 3138 3464 primitus
3181 3405 3232 3456 in
3261 3363 3520 3462 Januario
3545 3404 3858 3464 celebraretur.

2354 3482 2663 3542 translatam
2695 3484 2858 3546 fuisse
2883 3491 3153 3560 opinatur.
3185 3495 3238 3550 tu
3271 3501 3564 3558 ueterrimo
3607 3488 3859 3556 Kalendario

2349 3583 2534 3634 nostro
2565 3577 2895 3646 Corbeiensi,
2925 3585 3065 3652 quod
3098 3587 3184 3642 vix
3226 3591 3464 3658 amplius
3497 3606 3597 3648 uno
3624 3594 3728 3657 post
3758 3582 3857 3644 Iau'

2339 3662 2527 3719 riciuut
2559 3667 2758 3722 sacculo
2786 3685 3061 3730 exaratum
3091 3686 3192 3740 est,
3229 3677 3441 3733 "Kal.
3477 3674 3732 3738 Februarii
3751 3672 3858 3738 τίφθ’

2343 3757 2461 3814 sitio
2491 3771 2678 3816 sancta:
2708 3759 2892 3818 Maria:
2939 3765 3170 3836 virginis.
3218 3769 3460 3840 Denique
3513 3772 3565 3832 in
3612 3764 3857 3839 09!?"qu

2345 3849 2704 3917 Floriacensi.
2764 3857 2920 3926 119
2940 3860 3081 3925 quod
3115 3858 3211 3915 fuit
3241 3863 3514 3934 quondam
3553 3851 3856 3920 scatentes“
3950 3853 3951 3856 “

2338 3944 2613 4008 nouensis,
2643 3945 2831 3999 eodem
2862 3948 2946 4006 die
2971 3960 3205 4020 notatur,
3238 3953 3539 4024 iisdemque
3567 3951 3724 4007 verbis
3745 3953 3856 4009 aliine

2342 4033 2394 4087 iu
2428 4034 2806 4110 Martyrologio
2838 4038 3083 4104 Lucensi.
3123 4043 3213 4102 His
3250 4046 3504 4106 omnibus
3549 4030 3853 4109 acceditquod

2343 4125 2393 4180 in
2423 4125 2625 4182 Missali
2672 4126 2900 4188 Gothico
2929 4133 3107 4187 Statim
3164 4146 3282 4205 post
3317 4137 3660 4212 Epiphaniam
3683 4131 3849 4185 habetur

2341 4218 2502 4280 Missa
2534 4223 2583 4274 in
2616 4222 2980 4302 Atlsumptione
3017 4239 3206 4283 sanctae
3263 4229 3449 4286 Maria:
3502 4229 3666 4284 matris
3704 4217 3852 4277 Domit”

2348 4315 2500 4366 ηοεινί
2517 4331 2537 4380 ἱ
2569 4331 2667 4384 (illa
2695 4319 2743 4369 ill
2769 4320 2930 4376 missa
2961 4321 3117 4374 beatw
3148 4320 3376 4394 Virginis
3391 4339 3572 4398 corpus
3597 4321 3656 4372 de
3679 4311 3851 4382 sepuer

2334 4408 2642 4460 .'ranslatum
2675 4409 2859 4480 fuisse,
2886 4427 2982 4467 nec
3012 4415 3376 4470 resolutionem
3415 4415 3675 4494 pertulisse
3702 4414 3849 4460 Ιιιθυ³⁰⁴

2337 4509 2504 4554 ratur.
2560 4500 2799 4571 Denique
2829 4507 2990 4582 (quod
3021 4522 3131 4576 rem
3163 4512 3384 4582 evincit)
3409 4507 3685 4580 Gregorius
3721 4500 3845 4558 Τιπο·

2338 4591 2515 4645 nensis
2561 4593 2884 4662 episcopus,
2941 4613 2991 4650 tn
3045 4599 3136 4653 lib.
3193 4615 3206 4654 l
3259 4602 3326 4656 de
3379 4601 3552 4655 Gloria
3611 4594 3844 4661 martyrum

2332 4696 2450 4752 cap.
2484 4683 2538 4749 9,
2569 4683 2656 4738 ubi
2691 4685 2799 4760 agit
2825 4689 2890 4740 de
2923 4687 3139 4750 basilica
3163 4706 3257 4763 per
3285 4691 3675 4754 Constantinum
3715 4683 3756 4736 in
3783 4677 3847 4728 lto-

2328 4790 2516 4836 norettt
2553 4775 2878 4834 beatissima:
2905 4781 3133 4854 Virginis
3160 4793 3486 4850 constructa,
3520 4802 3535 4832 t
3567 4779 3716 4848 Hujus
3737 4765 3844 4824 festi-

2331 4866 2489 4934 vitas,
2519 4881 2691 4934 sacra,
2725 4868 2913 4938 inquit,
2948 4871 3216 4928 mediante
3249 4890 3430 4928 mense
3459 4868 3719 4926 undecimo
3743 4854 3828 4912 CC"3

2332 4961 2540 5032 bratur,
2574 4983 2591 5013 ι
2627 4963 2677 5017 id
2702 4974 2785 5019 est
2833 4981 3016 5024 mense
3046 4969 3318 5032 Januario,
3351 4972 3499 5040 Quod
3531 4969 3595 5026 de
3623 4959 3764 5022 Gallia
3789 4952 3844 5006 in-

2339 5055 2680 5126 telligendum
2707 5074 2828 5116 esse
2871 5064 3143 5132 sequentia
3175 5065 3531 5140 inanifestaut,
3578 5053 3846 5140 probauit“

2343 5145 2444 5201 hoc
2473 5145 2670 5202 festum
2705 5149 2907 5226 \‘igiliis
2937 5164 3262 5221 pra‘ventum
3287 5199 3302 5232 ,
3362 5172 3421 5212 ac
3447 5137 3659 5230 ργρίηαε
3684 5137 3843 5204 cetoth
3950 5137 3951 5206 ι

2337 5247 2467 5293 tunc
2496 5243 2661 5298 fuisse
2691 5261 2700 5294 :
2742 5261 2759 5294 ι
2795 5243 2925 5299 Nam
2958 5247 3010 5312 in
3052 5251 3288 5310 oratorio
3317 5242 3676 5316 Μεγοίειρρηβίε
3701 5237 3842 5292 domus

2336 5333 2562 5388 Ατνθΐηί
2596 5337 2875 5402 territorii,
2907 5337 3025 5412 ejus
3055 5341 3296 5416 reliquiae
3341 5341 3679 5406 (traducatur.

2335 5426 2514 5481 niente
2537 5442 2664 5483 vero
2691 5427 2791 5483 hac
2815 5430 3128 5501 festivitate,
3174 5450 3273 5503 ego
3302 5435 3367 5502 ad
3391 5425 3710 5494 celebrandas
3736 5417 3838 5512 \iiBf'

2330 5522 2424 5584 lias
2448 5520 2516 5582 ad
2539 5540 2658 5584 eum
2695 5529 2919 5588 accessi.
2959 5548 2978 5582 ι
3016 5529 3196 5598 itaque
3226 5546 3322 5606 per
3365 5531 3412 5588 id
3441 5536 3638 5594 templis
3661 5509 3836 5606 “mhi”

2337 5616 2388 5672 itt
2423 5615 2591 5682 Gallia
2622 5629 2739 5674 erat
2792 5624 3098 5694 Assumptio
3125 5599 3445 5690 bpaijssimm
3476 5615 3685 5688 Vim.ng
3710 5609 3752 5664 in
3776 5599 3837 5656 Ja-

2324 5709 2532 5772 nuario,
2567 5725 2686 5782 qua:
2737 5715 3002 5772 festivitas
3051 5731 3253 5778 saneta
3299 5719 3471 5784 Hatria:
3509 5701 3778 5778 simpliciter
3811 5703 3831 5739 a

2321 5800 2600 5876 Gregorio,
2647 5807 2720 5862 uti
2775 5818 2828 5866 et
2873 5807 2924 5864 in
2981 5809 3320 5874 Lectionario
3367 5818 3545 5874 nostro
3569 5793 3829 5882 app‘mlii'

2330 5895 2596 5958 εῖείθτυίιῖ
2631 5901 2866 5972 Aulius“)
2895 5917 3083 5966 mense
3114 5908 3217 5964 lure
3263 5907 3448 5972 festum
3470 5888 3736 5974 tinnitu!“
3767 5876 3830 5940 μ’

2324 5988 2422 6043 bro
2463 5993 2934 6052 Sacrameutoruiu
2990 5997 3233 6070 Gregorii
3299 5998 3485 6069 Magni,
3520 6006 3614 6060 quo
3663 5975 3831 6036 θυειοτθ
