4048 6350
284 425 381 481 181

1302 420 1404 487 ΒΕ
1444 416 1768 487 ωτυιξδιιλ
1809 415 2199 475 GALLICANA
2240 415 2444 475 LIBER
2485 418 2549 476 11.

3459 430 3559 487 182

284 540 429 603 3am
458 537 681 603 ίυάηωα
698 537 836 601 tum]
866 537 923 599 in
944 537 1097 601 illum
1141 552 1380 601 mensam
1434 536 1819 597 mutulorum
1838 549 1868 589 a
1897 537 1949 595 Α
1977 542 2209 589 notatur.
2236 534 2404 605 Hujus
2430 550 2559 591 vero
2582 536 2699 591 festi
2721 539 3088 611 antiquitatem
3113 543 3304 598 astruit
3327 544 3557 615 hymnus

282 644 537 703 tetanum
580 631 760 693 Caroli
800 630 975 701 laeui
1003 646 1125 689 cum
1175 630 1429 693 Ordinem
1487 627 1867 699 Gregotlauutn

289 732 670 794 sumptuum.
729 721 918 783 Serius
968 735 1149 783 tamen
1185 723 1324 792 apud
1352 722 1516 783 laieos
1544 731 1868 791 praeceptum

278 818 355 881 de
402 816 741 881 observando
794 816 896 875 hoc
936 816 1079 874 festo
1118 826 1392 885 receptum
1439 826 1541 880 est,
1574 823 1632 871 ut
1661 820 1874 872 constat

288 920 410 977 tum
457 926 524 975 ex
579 909 874 980 Gepilulari
920 911 1100 971 Caroli
1130 910 1304 979 Magni
1332 910 1386 967 in
1410 909 1500 967 lib.
1536 924 1554 963 t
1596 922 1716 974 can.
1770 904 1872 963 158

280 1022 445 1069 nova
474 1007 745 1069 editionis.
778 1014 888 1063 tum
919 1020 981 1062 ex
1009 1006 1306 1063 Annalibus
1337 1002 1656 1060 Bertiniaais
1685 1000 1751 1056 ad
1778 1014 1872 1058 an-

281 1115 417 1160 lttut
454 1098 582 1165 862.
608 1114 715 1169 quo
736 1114 880 1154 anno
925 1099 1211 1155 Hunfridus
1242 1098 1565 1154 Morinorum
1594 1096 1874 1165 episcopus

281 1192 343 1253 id
374 1207 472 1262 pro
520 1191 712 1250 feriato
760 1192 945 1249 haberi
991 1206 1043 1249 et
1099 1193 1358 1251 celebrari
1412 1190 1701 1247 mandavit.
1734 1189 1874 1259 Lege

281 1284 669 1349 Analectorum
697 1293 899 1340 tomum
928 1300 985 1340 ιιι
1013 1300 1134 1355 pag.
1159 1284 1278 1339 531).

432 1373 623 1439 XXIII.
662 1391 903 1435 unauna
928 1392 982 1433 nt
1016 1394 1294 1434 GATIIDIA
1337 1393 1522 1434 IAIC'I'I
1550 1389 1730 1437 esset,

288 1505 307 1521 ο
395 1505 409 1527 9
489 1506 504 1522 ο
589 1504 604 1523 ο
682 1507 697 1521 ο
778 1507 793 1522 ο
870 1509 885 1524 ο
970 1508 986 1524 ο
1066 1510 1081 1525 ο
1176 1510 1192 1525 ο
1285 1508 1299 1524 ο
1381 1507 1397 1523 ο
1475 1508 1491 1526 ο
1572 1506 1586 1521 ⁸
1669 1511 1683 1526 a
1764 1507 1777 1519 ο
1855 1505 1874 1525 ο

698 1580 868 1632 Lectio
889 1581 1095 1632 Actuum
1119 1583 1464 1647 apostolorum.

372 1686 635 1755 'Iempore
656 1686 774 1751 illo,
807 1688 953 1742 misit
985 1688 1224 1743 Herodes
1250 1704 1342 1743 rex
1368 1703 1581 1752 manus,
1640 1696 1696 1742 ut
1723 1686 1879 1742 adlli-

285 1788 441 1851 geret
490 1780 749 1853 quosdam
807 1782 874 1837 de
906 1783 1160 1847 Erciesia,
1205 1793 1335 1846 etc.,
1390 1799 1549 1855 usque
1598 1780 1879 1859 Quomodo

287 1872 553 1929 Dominus
579 1874 856 1929 eduxisset
883 1890 1004 1930 eum
1032 1875 1098 1930 dc
1130 1890 1366 1931 carcere.
1401 1875 1539 1946 (Act.
1572 1891 1669 1938 xu,
1704 1874 1879 1944 1-17.)

474 1984 643 2038 Lectio
657 1990 809 2038 sancti
833 1987 1087 2052 Evangelii
1107 1989 1373 2051 secundum
1394 1990 1693 2049 Mattbaeum.

363 2092 630 2168 Tempore
658 2095 771 2173 illo,
794 2097 941 2157 venit
956 2098 1211 2162 Dominus
1234 2098 1391 2163 Jesus
1419 2099 1471 2165 in
1505 2106 1684 2168 partes
1702 2094 1879 2152 Caesa-

288 2200 428 2252 reae,
462 2197 596 2253 etc.,
623 2205 782 2259 usque
828 2189 942 2253 Erit
996 2191 1229 2251 solutum
1270 2199 1326 2244 et
1356 2192 1407 2251 in
1462 2190 1629 2245 caelis.
1659 2188 1875 2261 (Matth.

283 2293 380 2339 va
434 2280 647 2349 lli-l9.)
701 2280 894 2343 Deinde
921 2283 1279 2345 continenter;
1317 2283 1442 2341 Post
1472 2282 1588 2341 haec
1620 2282 1747 2347 dicit
1790 2280 1877 2338 Si-

278 2375 433 2429 moni
460 2373 615 2435 Petro
648 2392 660 2429 :
694 2376 878 2435 Simon
908 2376 1167 2441 Johannis
1210 2377 1387 2447 diligis
1448 2394 1533 2437 tne
1589 2377 1704 2444 plus
1747 2375 1880 2431 bis?

279 2473 421 2528 etc..
468 2482 626 2535 usque
654 2466 767 2535 Qua
812 2476 986 2529 morte
1037 2467 1431 2531 clariﬁcaturua
1483 2476 1631 2547 esset
1686 2467 1874 2529 Deum.

282 2554 476 2627 (Joan.
505 2572 616 2624 ut,
646 2557 864 2627 15-19.)

620 2686 803 2730 IOTB
851 2689 930 2732 ET
969 2688 1484 2734 OBSERVATIONES

369 2794 544 2873 120.
590 2793 646 2848 in
680 2792 1011 2853 ms..Codice
1039 2806 1158 2865 post
1209 2796 1425 2856 titulum
1459 2798 1687 2866 primum
1720 2797 1879 2870 hujus

295 2885 451 2952 festi,
484 2889 723 2941 avulsum
752 2897 836 2942 est
858 2904 1018 2943 unum
1052 2888 1256 2955 folium,
1294 2892 1434 2957 quod
1464 2890 1745 2947 lectionem
1774 2892 1881 2957 pri-

286 2996 434 3035 mam
463 2996 525 3033 cx
558 2980 733 3034 Veteri
758 2980 1102 3035 Testamento
1124 2982 1450 3043 continebat.
1482 2982 1685 3053 Duplex
1720 2980 1879 3037 modo

281 3071 567 3129 Cathcdrze
606 3074 771 3127 sancti
798 3074 940 3128 Petri
970 3076 1158 3128 festum
1182 3076 1503 3138 celebratur,
1537 3075 1763 3135 alterum
1793 3076 1878 3131 die

286 3166 359 3221 18
394 3165 652 3231 Januarii,
676 3182 795 3229 cum
828 3166 1015 3234 Petrus
1040 3167 1258 3235 Romam
1290 3169 1518 3227 alterum
1542 3170 1611 3233 2'2
1646 3169 1879 3231 Februa-

286 3260 382 3324 rii,
414 3274 531 3312 rum
560 3260 858 3315 Antiochiae
891 3261 1120 3329 primum
1168 3263 1373 3321 sedisse
1403 3263 1654 3329 creditur.
1688 3263 1873 3327 Utrum

282 3350 390 3406 hoc
419 3352 537 3405 loco
581 3352 981 3421 intelligendum
1015 3352 1103 3418 sit,
1157 3356 1381 3423 quaestio
1431 3365 1530 3411 est.
1586 3354 1876 3419 Posteriori

282 3442 416 3497 illud
448 3443 605 3509 favet,
666 3444 808 3514 quod
838 3448 889 3499 in
917 3446 1294 3511 ecclesiaSticis
1319 3449 1585 3517 quendam
1612 3452 1878 3517 recentior

284 3535 447 3590 fuerit
478 3536 591 3590 haec
627 3536 908 3605 ieSltVilaS,
951 3537 1025 3590 uti
1057 3538 1335 3601 Menardus
1369 3550 1547 3596 noster
1596 3542 1785 3617 probat
1823 3542 1875 3598 in

284 3630 428 3683 notis
460 3629 522 3682 ad
565 3629 806 3699 Gregorii
830 3629 1342 3703 Sacramentarium,
1402 3634 1454 3701 in
1484 3651 1590 3705 quo
1621 3638 1731 3697 sola
1762 3635 1878 3695 hac

284 3718 555 3776 Catbedra
599 3723 774 3777 locum
824 3724 1019 3795 habet,
1071 3742 1187 3797 quzc
1220 3725 1519 3791 Februario
1547 3726 1874 3791 celebratur.

288 3811 497 3867 Deinde
522 3812 573 3865 in
609 3812 802 3869 Missali
830 3814 1057 3871 Gothico
1088 3832 1181 3872 seu
1207 3816 1727 3891 Gothicogallicano,
1762 3828 1879 3888 post

285 3902 700 3958 Conver~ionvm
756 3908 924 3959 sancti
978 3906 1147 3973 Pauli,
1198 3909 1351 3975 cujus
1392 3910 1648 3971 memoria
1690 3908 1748 3971 fit
1789 3926 1879 3969 vni

291 3994 416 4050 Kal.
449 3995 752 4063 Februarii,
787 3998 1126 4068 subsequitur
1155 3998 1315 4063 Missa
1352 4000 1405 4063 in
1436 3999 1688 4065 Cathcdrq
1717 4004 1881 4063 sancti

288 4088 443 4144 Petri
470 4089 716 4161 apostoli,
740 4080 856 4160 quae
878 4092 1092 4161 quidem
1124 4094 1445 4149 antecedere
1474 4092 1714 4159 deberet,
1741 4094 1784 4148 si
1813 4093 1880 4151 de

283 4178 557 4233 Cathedra
585 4178 820 4235 Januarii
864 4180 979 4235 btnc
1006 4182 1168 4236 missa
1190 4191 1332 4237 esset
1362 4181 1724 4254 intelligenda.
1781 4183 1881 4238 De-

284 4274 450 4347 nique
497 4276 548 4328 in
597 4273 828 4329 concilio
870 4289 905 4329 Il
952 4274 1249 4329 Turonensi
1301 4275 1424 4331 anui
1457 4273 1556 4328 567
1581 4290 1786 4337 canone
1812 4275 1881 4327 22

285 4367 763 4437 reprehenduntur
792 4368 850 4436 ii,
900 4368 986 4435 qui
1009 4368 1061 4421 in
1089 4369 1364 4449 festivitate
1387 4366 1655 4433 Cathedra:
1705 4369 1881 4423 domui

287 4460 439 4516 Petri
468 4461 689 4539 apostoli
718 4462 856 4519 cibos
882 4462 1099 4517 mortuis
1131 4461 1432 4537 o/ferebant,
1474 4475 1521 4516 et
1563 4472 1673 4539 post
1700 4463 1882 4527 missos

285 4554 362 4607 ad
386 4553 648 4626 gentilium
678 4552 1059 4609 revertebantur
1090 4570 1306 4619 errores.
1346 4551 1495 4620 Quod
1526 4554 1591 4607 de
1612 4552 1881 4621 Cathedtza

289 4643 575 4699 Februarii
600 4643 879 4697 Meuardus
907 4654 1089 4699 noster
1118 4643 1501 4712 interpretatur
1525 4659 1539 4713 ;
1569 4659 1676 4714 qtto
1694 4658 1880 4701 mense

289 4737 432 4808 apud
460 4738 683 4808 gentiles
716 4736 1032 4804 Lupercalia
1084 4738 1135 4792 in
1172 4752 1268 4803 usu
1298 4745 1469 4801 erant,
1496 4753 1722 4806 quorum
1748 4738 1875 4792 reli-
1905 4720 1963 4783 Ῑ)

285 4832 444 4900 quias
466 4832 519 4885 in
552 4829 721 4886 Gallia
751 4831 1007 4885 damnant
1054 4831 1242 4887 Patres
1270 4832 1504 4902 praedicti
1533 4830 1744 4887 concilii
1772 4831 1879 4886 'l'u-

286 4925 556 4979 ronensis.
600 4923 665 4977 Et
697 4932 870 4978 tamen
906 4924 1150 4978 Gelasius
1181 4939 1316 4994 papa
1340 4924 1377 4991 Ι,
1402 4924 1489 5007 qui
1510 4925 1710 4992 primus
1740 4924 1878 4994 apud

288 5015 739 5087 Romanosimpia
767 5019 883 5073 haec
909 5033 1061 5073 sacra
1090 5019 1327 5089 sustulit,
1361 5020 1624 5076 asseritin
1651 5022 1879 5092 epistola

288 5124 388 5165 sua
445 5111 509 5164 ad
558 5111 988 5169 Andromachum
1043 5119 1346 5177 senatorem
1380 5153 1397 5181 ,
1453 5112 1763 5185 Lupercalia
1824 5114 1873 5169 in

288 5202 479 5258 Galliis
499 5219 767 5274 nunquam
788 5204 1104 5258 obtinuisse.
1138 5204 1219 5259 0b
1249 5222 1434 5261 causas
1465 5206 1749 5291 praedictas
1781 5222 1871 5277 po-

291 5297 401 5365 tius
431 5296 496 5352 de
543 5295 803 5361 Catbedra
840 5296 1147 5364 Februarii,
1198 5313 1356 5366 quam
1403 5298 1469 5354 de
1519 5301 1617 5355 alia
1662 5298 1876 5356 Lectio-

290 5387 502 5453 narium
534 5397 770 5463 nostrum
805 5388 982 5467 l’orsan
1016 5386 1476 5457 interpretandum
1504 5390 1774 5446 nonnullis
1803 5390 1882 5444 vi-

290 5477 521 5534 debitor.

332 5644 335 5645 ν
367 5568 561 5625 Verum
592 5569 678 5627 his
707 5570 951 5642 quaedam
980 5569 1197 5638 majoris
1228 5569 1479 5625 momenti
1509 5570 1881 5628 adversantur.

291 5663 492 5719 Levius
512 5674 593 5719 est
621 5664 759 5733 quod
787 5664 837 5717 in
865 5663 1201 5719 Lectionario
1224 5669 1412 5718 nostro
1444 5662 1635 5718 festum
1666 5666 1883 5725 Assum-

293 5756 495 5826 ptionis
525 5741 764 5827 Deiparu
792 5758 1031 5827 proxime
1061 5755 1402 5831 subsequitur
1418 5752 1679 5808 Catbedra
1712 5756 1885 5809 sancti

296 5847 474 5912 Petri,
509 5840 626 5915 tmte
654 5848 841 5902 eodem
871 5848 977 5913 die,
1008 5846 1108 5901 hoc
1129 5855 1210 5900 est
1240 5860 1311 5898 xv
1342 5843 1458 5898 Kal.
1495 5839 1798 5907 Februarii,
1835 5846 1887 5898 in

300 5940 691 6014 Martyrologiis
718 5939 945 5997 Lucensi
961 5979 975 5997 .
999 5937 1307 5995 Corbeiensi
1324 5980 1339 6006 ,
1363 5938 1585 6007 aliisque
1617 5937 1886 5994 nonnullis

1974 626 2043 682 de
2068 626 2204 683 festo
2228 628 2509 685 Cathedra
2549 628 2824 699 Romanae,
2854 633 2946 703 qui
2970 633 3200 706 hymnus
3230 636 3282 689 iu
3313 636 3554 706 liymna-

1974 716 2080 783 rio,
2107 717 2290 777 Ruina
2328 734 2469 777 anno
2504 722 2767 791 superiori
2809 724 2976 793 edito,
3007 726 3259 783 tribuitur
3305 728 3545 785 Paulino.

1976 805 2142 868 Porro
2164 820 2221 865 ut
2252 811 2427 880 potius
2455 812 2524 870 de
2550 810 2835 882 Catbedra,
2863 831 2981 885 quae
3008 816 3260 875 Januario
3283 822 3555 888 recolitur,

1974 914 2133 971 quam
2163 901 2232 957 de
2274 902 2440 963 altera
2486 904 2879 963 Lectionarium
2928 919 3169 966 nostrum
3218 913 3557 984 interpreter,

1976 992 2105 1057 illud
2134 995 2362 1051 maxime
2392 1011 2479 1054 me
2507 1009 2717 1066 navet,
2745 1001 2884 1069 quod
2916 1003 2970 1058 in
2993 1017 3060 1059 eo
3090 1016 3438 1061 numerentur
3465 1007 3564 1065 Do-

1976 1089 2189 1153 minicae
2214 1100 2321 1148 tres
2349 1102 2469 1162 post
2494 1094 2818 1153 Cathedratn
2853 1099 3024 1155 sancti
3057 1099 3195 1157 Petri
3226 1108 3356 1157 ante
3380 1101 3566 1157 Domi-

1980 1183 2151 1240 nicam
2206 1184 2429 1254 primam
2484 1187 2938 1259 Quadragesimat.
2991 1191 3093 1257 Qui
3158 1192 3559 1250 Dominicarum

1979 1287 2229 1333 numerus
2255 1289 2287 1329 a
2322 1274 2407 1331 die
2434 1274 2506 1330 22
2548 1276 2825 1334 Februarii
2866 1294 3135 1349 nunquam
3178 1283 3439 1353 compleri
3471 1299 3569 1353 po-

1979 1376 2114 1433 test,
2154 1369 2494 1437 quantumvis
2564 1369 2767 1428 Pascha
2814 1371 2885 1427 ab
2933 1373 3261 1441 mquinoetio
3307 1376 3565 1435 declinet.

1980 1460 2130 1519 Adde
2156 1461 2209 1515 in
2247 1460 2435 1517 eodem
2466 1461 2807 1520 Lectionario
2833 1463 2967 1521 duas
3007 1476 3216 1523 tantum
3258 1468 3564 1527 Dominicas

1979 1562 2101 1622 post
2127 1554 2477 1625 Epiphaniam
2512 1556 2807 1628 assignari,
2834 1573 2956 1628 quas
2999 1574 3105 1614 non
3146 1560 3487 1630 sufficerent,
3517 1562 3567 1619 si

1978 1648 2101 1702 alite
2127 1658 2236 1703 tres
2261 1665 2290 1705 a
2321 1647 2586 1705 Cathedra
2628 1649 2903 1706 Februarii
2934 1661 3367 1708 numerarentur.
3399 1652 3569 1725 Atqui

1981 1738 2121 1808 apud
2148 1739 2327 1795 Gallos
2351 1741 2633 1809 peculiaris
2661 1742 2757 1799 fuit
2776 1741 3056 1799 Catbedra:
3091 1746 3243 1816 ιιι
3274 1746 3446 1803 sancti
3473 1746 3569 1804 Pe-

1980 1831 2048 1885 tri
2092 1831 2140 1886 in
2169 1832 2422 1889 Januario
2449 1834 2740 1901 memoria,
2767 1847 2825 1890 ut
2854 1835 3111 1893 discimus
3155 1853 3220 1894 ex
3263 1850 3570 1907 pervetusto

1920 1934 1959 1993 Β
1985 1926 2368 1995 martyrol0gio
2395 1924 2731 1993 Gelloneusi,
2762 1928 2813 1981 iu
2838 1942 2945 1997 quo
2972 1929 3086 1982 base
3111 1930 3271 1984 verba
3303 1930 3569 2001 leguntur,

1983 2015 2053 2070 ad
2083 2018 2410 2086 propositum
2443 2028 2626 2074 notato
2671 2019 2830 2090 digna
2864 2037 2877 2073 :
2912 2035 2978 2075 xv
3022 2019 3139 2075 Kal.
3172 2019 3448 2078 Februarii
3489 2037 3571 2080 se-

1982 2109 2211 2163 cundum
2240 2110 2419 2165 Gallos
2442 2110 2701 2167 Cathedra
2734 2117 2900 2168 sancti
2932 2113 3077 2169 Petri
3101 2112 3349 2183 apostoli.
3380 2114 3435 2171 In
3462 2115 3571 2172 alio

1981 2198 2311 2267 Gellonensi,
2338 2203 2476 2272 quod
2506 2211 2747 2273 tempore
2768 2203 2948 2261 Caroli
2970 2206 3140 2276 Magni
3163 2216 3439 2263 exaratum
3465 2217 3568 2274 est,

1981 2292 2170 2347 eodem
2200 2293 2285 2348 die
2310 2293 2575 2351 Cathedra
2604 2301 2771 2352 sanctl
2804 2298 2946 2355 Petri
2968 2299 3225 2368 apostoli,
3258 2314 3361 2369 qua
3390 2302 3564 2369 primo

1982 2385 2167 2441 Romae
2205 2388 2362 2442 sedit.
2393 2388 2461 2443 At
2508 2390 2621 2444 sive
2667 2391 2803 2454 hac,
2850 2391 2962 2446 sive
2999 2391 3163 2445 altera
3207 2391 3570 2463 intelligatur,

1981 2482 2199 2538 nomine
2226 2484 2509 2539 Cathedrte
2539 2484 2710 2541 sancti
2750 2486 2894 2541 Petri
2929 2485 3045 2541 sine
3084 2486 3352 2557 adjuncto,
3390 2488 3569 2555 potius

1983 2574 2124 2631 Petri
2150 2577 2415 2631 confessio
2440 2586 2495 2632 et
2532 2579 2814 2645 primatus,
2856 2593 3014 2647 quam
3046 2581 3202 2633 sedes
3236 2578 3568 2634 Antiochena

1982 2665 2286 2724 Romanave
2325 2669 2636 2735 honoratur,
2667 2679 2723 2725 ut
2752 2670 2931 2726 missas
2959 2669 3249 2727 Gallicana
3295 2669 3412 2726 btec
3455 2670 3570 2726 col-

1982 2758 2139 2813 lectio
2169 2760 2357 2829 probat
2385 2776 2399 2814 :
2431 2760 2569 2815 Deus
2594 2761 2683 2832 qui
2714 2761 2967 2816 hodierna
2992 2761 3080 2818 die
3109 2762 3321 2818 beatum
3350 2762 3565 2819 Petrum

1983 2861 2101 2920 post
2127 2860 2179 2907 te
2208 2851 2398 2907 dedisti
2442 2864 2601 2924 caput
2632 2855 2904 2919 Ecclesia),
2931 2870 3051 2910 cum
3082 2865 3135 2911 te
3165 2854 3254 2911 ille
3281 2870 3408 2911 vere
3434 2871 3567 2911 con-

1982 2939 2155 2996 fessus
2182 2943 2278 3008 sit,
2310 2951 2364 2999 et
2393 2944 2508 3013 ipse
2548 2960 2577 2999 a
2610 2954 2662 3000 te
2689 2944 2847 3016 digne
2875 2949 3127 3015 praelatus
3153 2948 3253 3015 sit,
3284 2958 3389 3003 etc.
3422 2948 3485 3002 Et
3511 2947 3567 3003 in

1979 3031 2384 3089 Contestatione
2410 3051 2423 3087 :
2454 3034 2631 3090 Testis
2670 3044 2753 3089 est
2791 3036 2906 3090 dies
2947 3036 3205 3091 hodierna
3245 3038 3381 3091 beati
3428 3036 3568 3092 l’etri

1982 3123 2246 3179 Catbedra
2286 3126 2625 3195 episcopatus
2656 3128 2927 3191 exposita,
2963 3128 3017 3181 in
3055 3143 3156 3197 qua
3207 3128 3326 3183 lidei
3374 3130 3568 3184 merito

1982 3213 2324 3269 revelationis
2352 3216 2697 3285 mysterium,
2729 3217 2917 3273 Filium
2956 3218 3043 3272 Dei
3074 3218 3399 3285 conﬁtendo,
3431 3233 3567 3287 prte-

1906 3324 1955 3389 C
1984 3308 2121 3362 latus
2151 3308 2443 3378 apostolos,
2472 3325 2564 3378 pro
2603 3310 2875 3378 apostolus
2925 3310 3001 3365 uel
3031 3310 3288 3378 apostolis
3307 3353 3322 3377 ,
3351 3311 3566 3365 ordina-

1981 3410 2086 3456 tur.
2136 3399 2196 3455 in
2243 3398 2393 3468 cujus
2432 3397 2769 3455 confessione
2812 3410 2894 3456 est
2941 3401 3341 3457 lundamentutu
3384 3401 3568 3458 Eccle‘

1981 3491 2096 3559 site,
2126 3500 2229 3546 etc.
2267 3491 2357 3545 His
2388 3491 2582 3557 verbis,
2615 3500 2673 3545 nt
2705 3491 2817 3560 jam
2849 3490 2995 3557 dixi,
3030 3492 3202 3559 potius
3253 3492 3397 3547 Petri
3436 3508 3567 3547 con-

1979 3583 2145 3639 fessio
2184 3592 2241 3638 et
2286 3581 2574 3652 primatus,
2621 3596 2779 3652 quam
2828 3582 3157 3637 Antiochena
3198 3585 3282 3639 vel
3330 3582 3568 3639 Romana

1980 3676 2247 3731 Cathedra
2288 3676 2615 3744 designatur.
2646 3676 2798 3731 Unde
2828 3677 2880 3729 in
2914 3676 3200 3731 veterrimo
3244 3674 3565 3730 Calendario

1982 3776 2187 3827 nostro.
2220 3766 2408 3819 litteris
2443 3766 2747 3833 majusculis
2785 3766 3007 3835 scripto,
3035 3765 3254 3819 unicum
3284 3762 3569 3819 Cathedraa

1982 3856 2173 3912 festum
2200 3855 2517 3925 exprimitur
2544 3855 2747 3926 absque
2772 3854 3023 3925 adjuncto
3053 3855 3108 3910 in
3139 3854 3279 3910 hunc
3323 3855 3563 3911 modum.

1983 3963 2073 4003 vnt
2116 3947 2235 4002 Kal.
2268 3947 2439 4003 Martii
2478 3945 2744 4003 Catbedra
2783 3946 2952 4006 sancti
2984 3947 3146 4004 Petri.
3189 3947 3421 4004 Consule
3465 3947 3569 4003 Me-

1984 4041 2205 4095 nardum
2235 4049 2291 4095 et
2318 4040 2603 4096 Frontonis
2629 4039 3022 4097 Galendarium.
3063 4040 3289 4097 Samson
3323 4042 3568 4099 Dolensis

1987 4133 2281 4204 Episcopus
2307 4132 2361 4187 in
2401 4132 2539 4190 beati
2584 4134 2825 4204 Apostoli
2854 4132 3121 4203 Cathedra
3166 4135 3444 4191 ordinatus
3491 4136 3572 4190 di-

1984 4226 2125 4283 citur
2161 4229 2229 4283 ab
2275 4242 2544 4298 anonymo
2588 4227 2811 4297 mquali,
2863 4227 2957 4298 qui
2999 4226 3117 4297 ejus
3145 4226 3320 4285 Vitam
3363 4228 3575 4285 duobus

1985 4317 2137 4375 libris
2186 4318 2399 4388 scripsit
2449 4337 2461 4372 :
2516 4320 2608 4376 sed
2674 4331 2791 4376 utra
2843 4321 2913 4377 sit
2964 4320 3055 4377 illa
3102 4316 3405 4390 Catbedra,
3462 4334 3567 4377 nou

1986 4412 2170 4483 liquet.

2024 4547 2213 4605 XXIV.
2244 4564 2329 4605 nte
2362 4564 2612 4607 »θωμιεο
2638 4566 2766 4605 ροετ
2794 4565 3115 4613 βλτιιεωωι
3139 4564 3329 4606 sane-rt
3361 4564 3537 4606 parnt.

2472 4662 2637 4714 Lectio
2661 4662 2804 4714 Osete
2830 4662 3097 4726 prophetae.

2059 4769 2190 4835 Haec
2231 4769 2359 4839 dicit
2391 4770 2690 4837 Dominus:
2725 4770 2917 4837 Audite
2961 4770 3181 4827 verbum
3227 4769 3439 4827 Domini
3479 4768 3573 4825 lilii

1988 4862 2216 4931 Israhel,
2260 4863 2381 4934 quia
2427 4863 2687 4934 judicium
2737 4860 2964 4921 Domino
3009 4876 3130 4921 cum
3189 4860 3577 4917 habitatoribus

1989 4966 2166 5025 ιθττω,
2192 4966 2323 5021 etc"
2350 4970 2509 5025 usque
2537 4952 2943 5019 lionlundentur
2969 4967 2999 5017 a
3030 4952 3309 5021 sacrificiis
3336 4952 3472 5020 suis,
3498 4952 3576 5009 ait

1989 5045 2243 5109 Dominus
2272 5047 2431 5107 Deus.
2461 5044 2633 5115 (Osca:
2653 5060 2726 5113 Iv,
2757 5043 2932 5116 l—l9.)

2330 5156 2544 5237 Epistola
2566 5158 2702 5209 Pauli
2722 5159 2931 5222 apostoli
2949 5160 3010 5210 ad
3030 5159 3240 5212 Galatas.

2062 5262 2168 5318 Vos
2206 5272 2382 5319 autem
2422 5264 2474 5318 in
2512 5264 2810 5321 libertatem
2856 5268 3027 5322 vocati
3068 5266 3219 5331 estis,
3256 5272 3386 5330 stc.,
3418 5279 3579 5335 usque

1987 5356 2080 5411 Sic
2116 5356 2476 5427 adimplebitis
2519 5358 2693 5429 legem
2731 5360 2953 5415 Christi.
2998 5358 3195 5431 (Galat.
3220 5376 3272 5425 ν,
3305 5360 3391 5428 15,
3424 5378 3579 5431 usque

1985 5465 2067 5517 vr,
2095 5448 2181 5520 2.)

2161 5560 2331 5611 Lectio
2353 5564 2507 5612 sancti
2536 5562 2792 5626 Evangelii
2824 5564 3092 5627 secundum
3118 5564 3411 5630 uatthaum.

2066 5665 2119 5720 in
2152 5666 2243 5721 illo
2272 5676 2514 5735 tempore
2532 5709 2545 5731 ,
2571 5666 2871 5737 adsumpsit
2897 5666 3153 5741 Dominus
3178 5668 3332 5739 Jesus
3360 5668 3575 5741 Petrum

1991 5770 2044 5815 et
2089 5760 2343 5819 Jacobnm
2394 5764 2549 5837 122
2578 5770 2631 5814 et
2674 5758 2968 5833 Johanuetn
3020 5760 3233 5835 fratrem
3280 5763 3415 5832 ejus,
3447 5774 3578 5833 εις..

1993 5868 2149 5921 usque
2170 5850 2349 5906 Donec
2373 5852 2511 5905 illius
2534 5847 2808 5929 hominisa
2835 5850 3063 5927 mortuis
3085 5860 3347 5935 resurgat.
3362 5850 3575 5925 (Matth.

1993 5954 2101 5995 xvtt
2118 5982 2133 6007 ,
2167 5939 2313 6009 1-9.)
