4048 6350
553 313 657 373 IS:

777 445 1007 487 SECUth
1064 441 1313 484 DOIINICA
1378 439 1504 479 ιιοςτ
1567 434 1881 478 (ΞΔΤΠΕΒΒΑΜ
1949 414 2220 472 ελεοτιᾼ

1252 533 1423 572 PETRI.

989 614 1158 666 Lectio
1176 611 1425 661 Hierimite
1446 608 1712 672 prophetae.

631 699 894 767 Tempore
935 698 1046 761 illo,
1076 697 1269 750 factum
1298 703 1380 749 est
1408 694 1632 749 verbum
1665 688 1877 744 Domini
1905 686 1971 741 ad
2014 685 2141 741 ilic-

561 790 805 852 rimiam,
846 788 1067 841 dicens:
1109 787 1232 842 Haec
1273 785 1405 841 dicit
1456 785 1707 839 Dominus
1753 781 1891 835 Deus
1937 777 2145 833 exerci-

556 895 736 949 tuum,
771 884 911 939 Deus
958 883 1154 937 Israhel
1184 899 1197 934 :
1235 882 1398 943 Vade,
1428 888 1482 933 et
1510 879 1597 933 dic
1628 876 1755 930 viris
1783 874 1916 929 Juda
1963 883 2018 928 et
2050 871 2146 926 ha-

556 974 871 1029 bitatoribus
932 972 1262 1027 llierusalem
1314 988 1327 1023 :
1384 967 1653 1037 Numquid
1710 980 1815 1020 non
1875 961 2143 1034 recipietis

558 1067 965 1137 disciplinam...
996 1077 1052 1120 ut
1077 1064 1342 1120 obediatis
1373 1063 1500 1117 mihi
1521 1102 1534 1126 ,
1566 1061 1694 1114 dicit
1723 1059 1997 1114 Dominus.
2032 1053 2145 1127 Ego

558 1169 737 1216 autem
787 1159 994 1213 locutus
1036 1174 1151 1213 sum
1199 1158 1264 1211 ad
1313 1171 1409 1210 vos
1438 1156 1506 1209 de
1549 1168 1703 1207 mane
1746 1165 2140 1217 consurgens...

557 1266 733 1321 neque
759 1250 982 1306 audistis
1012 1264 1115 1303 me.
1150 1249 1351 1303 Idcirco
1381 1248 1494 1302 haec
1524 1245 1654 1299 dicit
1694 1244 1949 1298 Dominus
1988 1256 2145 1297 exer-

562 1345 788 1411 cituum,
815 1342 957 1397 Deus
984 1341 1182 1397 Israhel
1205 1360 1215 1394 :
1242 1340 1380 1396 Ecce
1403 1355 1503 1411 ego
1524 1338 1729 1393 adduco
1751 1350 1913 1405 super
1939 1333 1964 1389 ,Ι
1974 1333 2139 1388 uda...

557 1445 614 1491 et
659 1450 765 1489 non
810 1434 1197 1505 responderunt
1236 1433 1384 1487 mihi.
1418 1432 1567 1487 Tolle
1608 1433 1855 1484 volumen
1909 1428 2058 1493 libri,
2091 1435 2146 1480 et

559 1529 739 1583 scribe
770 1528 822 1582 in
853 1543 985 1582 eo...
1017 1536 1064 1581 et
1101 1528 1360 1595 propitius
1408 1540 1500 1578 ero
1538 1522 1799 1584 iniquitati
1835 1530 1889 1576 et
1930 1526 2145 1588 peccato

557 1634 777 1685 eorum,
810 1620 885 1673 ait
924 1619 1178 1673 Dominus
1224 1617 1382 1671 Deus.
1423 1614 1642 1687 (Jerem.
1673 1630 1831 1679 xxxv,
1866 1614 1954 1677 15,
1986 1623 2145 1681 usque

558 1725 719 1767 xxxvr
735 1749 753 1776 ,
774 1710 831 1775 5,
859 1710 1162 1779 quibusdam
1188 1710 1434 1778 emissis.)

873 1802 1084 1864 Epistula
1108 1802 1247 1852 Pauli
1267 1800 1469 1864 apostoli
1494 1802 1552 1850 ad
1578 1799 1830 1863 Ephesios.

631 1888 875 1955 Fratres,
922 1886 1202 1941 fornicatio
1236 1894 1290 1940 et
1318 1886 1491 1941 omnis
1532 1882 1863 1939 immunditia
1895 1890 1987 1936 aut
2014 1895 2143 1934 ara-

559 1978 685 2032 ritia
709 1993 810 2033 nec
837 1977 1143 2032 nominetur
1172 1978 1223 2031 in
1252 1976 1423 2041 Vobis,
1455 1986 1585 2042 etc.,
1614 1992 1773 2044 usque
1800 1973 2035 2043 Sttbjecti
2065 1972 2146 2027 in-

560 2072 731 2127 vicem
759 2073 812 2126 in
844 2072 1031 2126 timore
1054 2071 1263 2125 Christi.
1290 2070 1505 2140 (Ephes.
1530 2086 1583 2134 v,
1608 2067 1783 2137 3-21.)

787 2163 958 2214 Lectio
981 2166 1133 2213 sancti
1160 2162 1414 2225 Evangelii
1435 2161 1699 2211 secundum
1725 2160 1916 2209 Lucam.

638 2248 830 2303 Diebus
889 2247 1016 2314 illis,
1072 2260 1199 2302 ecce
1255 2245 1467 2314 quidam
1531 2243 1863 2314 legisperitus
1916 2242 2147 2296 surrexit

561 2348 830 2406 temptans
883 2338 1160 2393 Dominum
1211 2335 1427 2402 Jesum,
1473 2346 1523 2389 et
1582 2336 1766 2387 dicens
1809 2351 1820 2385 :
1875 2332 2142 2400 Magister,

564 2432 691 2501 quid
724 2432 965 2486 iaciendo
996 2433 1157 2486 vitam
1189 2440 1445 2485 mtemam
1479 2428 1801 2498 possidebo?
1830 2434 1960 2491 etc.,
1991 2441 2148 2495 usque

561 2525 709 2580 Vade
732 2538 785 2580 et
813 2535 867 2577 tu
897 2524 981 2579 lac
1006 2523 1268 2579 similiter.
1298 2522 1452 2595 (Luc.
1480 2538 1509 2575 x
1528 2563 1544 2586 ,
1571 2520 1788 2591 25-37.)

776 2652 970 2690 'I'EBTIA
995 2651 1241 2691 DOHINICA
1266 2650 1392 2690 POST
1415 2650 1729 2690 CATBEDRAM
1761 2647 1940 2687 SANC'I'I
1967 2647 2142 2686 PETRI.

1042 2726 1210 2776 Lectio
1229 2725 1379 2776 Esaias
1405 2726 1671 2789 prephetw.

639 2809 765 2865 Haec
791 2810 921 2866 dicit
947 2810 1207 2866 Dominus
1238 2829 1251 2862 :
1284 2811 1340 2864 In
1383 2820 1621 2879 tempore
1667 2809 1867 2880 placito
1903 2808 2145 2863 exaudivi

564 2909 638 2968 tc,
680 2910 805 2967 etc.,
838 2918 993 2971 usque
1022 2900 1346 2970 Redemptor
1383 2909 1503 2955 tuus
1550 2900 1702 2955 fortis
1730 2899 1913 2966 Jacob,
1943 2900 2015 2954 ait
2044 2900 2145 2955 Do-

563 2994 739 3049 minus
770 2995 931 3050 Deus.
960 2993 1093 3065 (Isa.
1125 3009 1242 3048 χιικ
1262 3034 1277 3058 ,
1303 2993 1472 3061 8-26.)

831 3085 1043 3150 Epistola
1070 3084 1208 3134 Pauli
1233 3085 1437 3148 apostoli
1461 3085 1519 3135 ad
1542 3084 1876 3135 Colossenses.

1269 304 1612 365 APPENDIX
1652 303 1745 363 AD
1782 299 2014 359 OPERA
2051 295 2297 354 SANCTI
2338 294 2654 354 GERMANI
2694 295 3137 357 PABISIENSIS.

3733 305 3852 362 184!

2260 423 2371 464 suae
2403 409 2529 466 item
2558 409 2755 480 regula:
2782 409 3101 481 appendice,
3128 410 3241 467 «Αι»
3268 411 3597 485 Epiphania,
3628 416 3846 489 inquit,

2247 516 2414 573 usque
2445 500 2649 558 Pascha
2668 544 2685 570 ,
2713 503 2953 574 quotidie
2976 504 3325 574 jejunandnm
3350 507 3559 581 absque
3595 514 3836 581 majori-

2244 594 2345 650 bus
2382 594 2769 651 festivitatibus
2789 639 2805 665 ,
2838 596 3074 654 Sabbato
3096 608 3151 655 et
3182 600 3478 658 Dominica.
3503 622 3525 657 ι
3558 604 3671 663 Sed
3718 608 3841 664 hac

2246 685 2526 740 monachis
2552 697 2741 753 erant,
2767 702 2873 743 non
2898 689 3191 745 universim
3216 693 3465 749 omnibus
3489 697 3845 769 praescripta.

2248 777 2308 834 In
2344 778 2539 835 Missali
2580 780 2922 836 Mozarahico
2960 781 3234 839 Dominica
3274 785 3706 858 Septuagesinta:
3734 808 3844 849 non

2255 880 2461 937 exstat,
2495 888 2595 927 nec
2622 872 3015 943 Sexagesima;
3041 885 3094 929 at
3116 875 3389 933 Dominica
3418 888 3545 937 ante
3573 882 3730 939 diem
3761 884 3850 940 Ci-

2252 980 2441 1019 nerum
2472 965 2553 1018 Ad
2580 980 2761 1019 carnes
2812 965 3067 1046 tollendas
3105 968 3425 1039 appellatur,
3453 987 3615 1042 quam
3658 976 3849 1045 sequi-

2256 1064 2342 1110 tur
2371 1055 2500 1110 feria
2531 1064 2721 1125 quarta
2745 1054 2999 1111 Cinerum
3020 1096 3039 1125 ,
3070 1057 3250 1113 forsan
3291 1058 3431 1115 haud
3472 1078 3537 1117 ex
3579 1065 3847 1134 primaria

2254 1148 2607 1205 institutione.
2639 1147 2697 1203 in
2728 1150 2911 1219 regula
2950 1151 3120 1206 sancti
3158 1151 3332 1208 Patris
3370 1154 3643 1211 Benedicti
3697 1138 3846 1215 nulla

2246 1240 2447 1295 mentio
2476 1241 2543 1295 de
2571 1240 3009 1311 Septuagesima,
3042 1252 3099 1300 et
3129 1245 3352 1301 Alleluia
3382 1263 3558 1319 usque
3582 1251 3651 1306 ad
3688 1251 3841 1320 Qua-

2247 1331 2607 1402 dragesimam
2636 1332 2690 1387 in
2723 1332 2918 1390 ol‘ticiis
2945 1335 3141 1392 divinis
3174 1337 3457 1410 retinetur,
3486 1343 3559 1396 uti
3586 1343 3764 1407 etiam
3796 1347 3847 1403 in

2246 1424 2450 1479 Ordine
2481 1424 2834 1480 Mozarabico.
2868 1429 2939 1481 At
2970 1429 3020 1482 in
3053 1426 3338 1485 Gelasiano
3368 1434 3585 1504 vulgato
3605 1480 3621 1506 ,
3651 1439 3847 1497 missa

2248 1529 2345 1599 pro
2374 1512 2811 1584 Septuagesima,
2856 1516 3234 1589 Sexagesima,
3281 1531 3335 1575 et
3373 1522 3841 1597 Quinquagesima

2250 1606 2532 1662 habentur.
2564 1609 2961 1677 Sexagesimam
2988 1622 3253 1667 memorat
3274 1614 3524 1686 Magister
3550 1619 3606 1673 in
3634 1624 3846 1691 regula

2248 1713 2361 1754 sua:
2401 1713 2522 1770 cap.
2566 1698 2659 1754 28.
2691 1700 2864 1773 Caput
2892 1702 3329 1773 Quadragesimte
3358 1722 3386 1760 a
3418 1708 3702 1768 Dominica
3739 1715 3846 1784 pri-

2174 1807 2223 1867 Β
2249 1806 2373 1857 ma,
2416 1806 2523 1847 non
2552 1807 2583 1847 a
2615 1792 2744 1849 feria
2785 1806 2973 1866 quarta
3015 1796 3264 1853 Cinerum
3307 1800 3439 1855 olim
3486 1802 3838 1875 incipiebat,

2245 1883 2405 1939 etiam
2435 1893 2677 1955 tempore
2715 1884 2960 1957 Gregorii
2988 1887 3181 1958 Magni.
3224 1894 3551 1964 Argumenta
3595 1896 3747 1956 hanc
3788 1901 3840 1957 in

2246 1992 2359 2032 rem
2390 1977 2587 2034 videsis
2618 1980 2755 2050 apud
2782 1979 3110 2037 Menardum.

2379 2071 2591 2129 XXVII.
2636 2090 2873 2131 LEGENDA
2912 2091 2963 2131 IN
3005 2093 3203 2135 mlcwu
3241 2097 3705 2147 quaestatusmz.

2719 2168 2889 2221 Lectio
2913 2170 3068 2221 Esaiae
3089 2176 3354 2238 prophetae.

2325 2250 2482 2323 124
2537 2251 2661 2309 llaec
2712 2253 2842 2310 dicit
2897 2257 3197 2315 Dominus:
3248 2261 3457 2331 Clama,
3489 2282 3558 2322 ne
3610 2284 3843 2340 cesses,

2248 2348 2399 2412 quasi
2432 2345 2554 2400 tuba
2585 2348 2759 2401 exalta
2790 2362 2977 2405 vocem
3008 2360 3152 2407 tuam
3174 2398 3189 2421 ,
3219 2364 3325 2411 etc.
3350 2398 3365 2423 ,
3402 2375 3560 2429 usque
3589 2360 3666 2417 0s
3694 2366 3842 2421 enim

2252 2437 2457 2529 Domini
2492 2440 2765 2511 loquutum
2793 2451 2913 2511 est,
2937 2445 3012 2499 ait
3034 2446 3289 2505 Dominus
3318 2450 3476 2507 Deus.
3503 2452 3640 2524 (Isa.
3669 2474 3805 2515 mit
3825 2502 3842 2529 ,

2251 2528 2273 2581 1
2323 2528 2428 2596 Η).
2528 2600 2743 2663 Epistula
2782 2604 2922 2656 Pauli
2960 2610 3163 2670 apostoli
3186 2610 3243 2660 ad
3267 2610 3556 2668 Corinthios.

2320 2682 2457 2738 Ecce
2506 2700 2646 2740 nunc
2693 2696 2905 2757 tempus
2948 2693 3309 2765 acceptabile,
3363 2712 3490 2753 ecce
3530 2717 3675 2760 nunc
3713 2705 3836 2764 dies

2249 2776 2467 2843 salutis,
2502 2786 2610 2834 etc.
2640 2781 2934 2839 Conventio
2960 2785 3373 2863 Christi.....(ll
3395 2790 3620 2866 Cor.vr,
3642 2798 3833 2871 2-15).

2610 2890 2792 2933 NOTAE
2837 2894 2916 2935 ΒΤ
2942 2895 3477 2953 οΒδΕηνΔτιοΝεε.

2320 2971 2593 3028 Consonat
2634 2974 2814 3029 titulus
2856 2976 3086 3033 Missalis
3123 2979 3334 3037 Gothici
3376 3000 3471 3041 seu
3511 2988 3777 3048 Gallicani
3810 3010 3826 3049 :

2251 3065 2394 3120 Ordo
2421 3068 2587 3123 missa:
2608 3069 2663 3122 in
2689 3069 2894 3124 initium
2920 3071 3358 3144 Quadragesimw.
3391 3079 3647 3150 Epistolas
3677 3086 3837 3157 hujus

635 3170 879 3234 Fratres,
928 3170 1134 3225 induite
1180 3184 1292 3236 vos,
1339 3169 1477 3223 sicut
1541 3169 1694 3224 electi
1748 3168 1877 3233 Dei,
1938 3171 2141 3225 viscera

2252 3157 2371 3213 linis
2420 3168 2477 3214 et
2528 3158 2877 3229 Evangelium
2934 3176 3270 3235 consequens
3321 3168 3507 3237 deest,
3562 3179 3824 3245 quoniam

566 3263 966 3329 misericordiae,
1006 3262 1160 3334 123
1200 3269 1329 3325 etc.,
1353 3276 1507 3329 usque
1547 3260 1756 3316 Gratias
1787 3269 2005 3331 agentes
2032 3262 2142 3317 Deo

561 3363 619 3411 et
664 3354 803 3410 Patri
844 3369 936 3424 per
978 3357 1184 3424 ipsum,
1216 3354 1308 3424 qui
1351 3362 1432 3410 est
1474 3354 1785 3411 benedictus
1827 3356 1879 3409 in
1926 3356 2142 3412 saecula.

559 3444 889 3512 (001088.111,
920 3447 1136 3518 12-17.)

778 3538 947 3590 Lectio
967 3542 1122 3590 sancti
1148 3538 1402 3602 Evangelii
1435 3540 1706 3590 secundum
1728 3539 1922 3591 Lucam.

629 3625 896 3695 Tempore
922 3624 1014 3680 illo
1034 3665 1048 3688 ,
1078 3621 1276 3679 factum
1309 3633 1391 3679 est
1420 3638 1545 3679 cum
1578 3624 1855 3678 introisset
1886 3623 2141 3680 Dominus

560 3721 719 3776 Jesus
761 3721 817 3774 in
856 3720 1073 3775 domum
1115 3717 1395 3789 cujusdam
1444 3716 1699 3789 piincipis
1750 3716 2141 3773 Pharisaeorum

564 3814 787 3868 sabbato
828 3814 1150 3867 manducare
1191 3826 1416 3881 panem,
1459 3820 1587 3875 etc.,
1630 3827 1783 3883 usque
1819 3811 2010 3866 Beatus
2052 3812 2141 3883 qui

564 3905 904 3962 manducabit
932 3918 1120 3974 panem
1148 3905 1199 3958 in
1230 3917 1395 3972 regno
1424 3904 1539 3958 Dei.
1570 3902 1723 3972 (Luc.
1757 3917 1867 3970 xiv,
1901 3902 2069 3973 1-15.)

919 4015 1102 4058 NOTA’.
1132 4015 1211 4056 ΕΤ
1246 4013 1778 4058 οΒειιιιιιΑἸ-ιοκιζε.

636 4098 914 4170 Singulare
952 4109 1036 4154 est
1064 4100 1203 4169 quod
1236 4100 1543 4168 superiores
1576 4098 1866 4154 Dominica:
1907 4106 2016 4153 tres
2044 4113 2141 4153 no-

563 4203 746 4249 tentur
777 4201 890 4264 post
920 4192 1227 4249 Cathedram
1255 4195 1419 4248 sancti
1451 4193 1619 4247 Petri.
1652 4193 1799 4249 Nulla
1832 4195 1918 4249 hic
1945 4196 2143 4249 mentio

565 4286 631 4340 de
660 4284 951 4340 Dominicis
979 4284 1430 4354 Septuagesimae,
1465 4284 1828 4355 Sexagesima;
1867 4294 1923 4340 et
1972 4286 2141 4354 Quin-

568 4380 893 4449 quagesimae
916 4419 931 4443 ,
962 4394 1133 4448 neque
1162 4378 1230 4433 de
1259 4378 1391 4433 feria
1421 4389 1609 4449 quarta
1642 4379 1893 4436 Cinerum
1927 4399 1939 4434 :
1970 4396 2143 4452 neque

567 4473 727 4527 etiam
755 4475 805 4526 in
839 4471 1040 4528 Missali
1069 4471 1296 4526 Gothico
1327 4486 1421 4525 seu
1461 4471 1757 4527 Gallicano.
1802 4472 2141 4543 Sexagesima

2249 3250 2465 3306 avulsus
2504 3261 2588 3307 est
2625 3268 2763 3308 unus
2802 3257 3081 3321 quaternio
3102 3299 3118 3324 ,
3160 3258 3213 3313 id
3240 3269 3322 3316 est
3350 3273 3473 3319 octo
3502 3264 3654 3321 folia.
3686 3271 3833 3336 Qua-

2247 3344 2421 3398 teruio
2464 3358 2695 3413 sequens
2740 3346 2925 3417 incipit
2962 3362 2992 3402 a
3038 3350 3143 3405 line
3174 3350 3475 3422 Pr0pheti2e
3504 3356 3746 3430 legendae
3777 3365 3831 3419 in

2250 3437 2522 3492 Dominica
2563 3437 2889 3494 Palmarum.
2922 3441 3168 3499 Ofﬁcium
3202 3445 3348 3502 feria:
3375 3456 3653 3523 sequentis
3688 3473 3825 3527 pra:-

2246 3531 2415 3585 ditum
2443 3539 2528 3586 est
2565 3548 2785 3588 numero
2814 3532 2906 3591 55.
2947 3535 3082 3591 Cum
3124 3554 3252 3595 vero
3298 3550 3545 3613 superius
3595 3549 3833 3610 ofﬁcium

2247 3622 2538 3679 Dominica:
2564 3624 2750 3693 prima
2772 3623 2823 3679 in
2848 3626 3267 3699 Quadragesima
3297 3648 3580 3693 numerum
3604 3638 3676 3694 27
3702 3658 3837 3711 prm-

2247 3713 2410 3781 ferat,
2430 3716 2662 3786 quinque
2684 3733 2936 3775 numeros
2958 3733 3246 3791 sequentes
3270 3742 3367 3798 pro
3396 3731 3619 3787 totidem
3641 3749 3835 3792 cense-

2246 3808 2531 3878 quentibus
2555 3809 2988 3880 Quadragesima:
3022 3814 3310 3874 Dominicis
3342 3819 3640 3880 desiderari
3674 3829 3827 3884 intel-

2246 3900 2478 3970 ligimus.
2506 3902 2686 3969 Itaque
2707 3904 2851 3957 nulla
2874 3905 2925 3959 in
2948 3904 3286 3964 Lectiouario
3311 3922 3498 3967 nostro
3522 3916 3816 3987 singularia

2246 3990 2421 4045 omcia
2442 4006 2542 4060 pro
2564 3991 2711 4047 feriis
2730 3993 3170 4069 Quadragesimze
3190 4002 3457 4071 assignate
3480 4016 3653 4062 erant.
3669 4007 3828 4067 Certe

2245 4085 2298 4139 in
2340 4084 2539 4141 Missali
2578 4087 2805 4143 Gothico
2841 4104 2935 4144 seu
2979 4092 3254 4148 Gallicano
3303 4107 3511 4166 septem
3561 4102 3821 4160 duntaxat

2246 4178 2425 4233 missa:
2453 4188 2666 4235 exstant
2693 4196 2787 4252 per
2808 4182 3280 4254 Quadragesimam
3309 4204 3480 4258 usque
3508 4193 3577 4247 ad
3607 4196 3825 4250 missam

2248 4276 2300 4330 in
2326 4275 2488 4331 Coena
2516 4276 2749 4333 Domini.
2778 4277 2936 4333 Missa
2962 4264 3133 4349 prima
3156 4282 3233 4337 sic
3258 4285 3511 4356 inscripta
3535 4296 3659 4343 est:
3694 4290 3830 4343 Ordo

2245 4370 2416 4425 missa:
2443 4370 2497 4424 in
2526 4371 2727 4424 initium
2760 4371 3237 4445 Quadraginsimw.
3277 4378 3519 4444 Quatuor
3543 4396 3829 4453 sequentes

2247 4460 2349 4516 hoc
2378 4462 2575 4516 modo:
2608 4460 2740 4518 Item
2770 4464 2929 4518 missa
2959 4467 3173 4537 jejunii,
3215 4469 3415 4541 absque
3457 4473 3825 4544 designatione

564 4575 617 4619 et
655 4563 1105 4635 Quinquagesima
1134 4572 1259 4618 ante
1294 4563 1492 4619 Pascha
1524 4565 1873 4634 prohibentur
1917 4554 1969 4619 in
2016 4580 2144 4621 con-
2170 4593 2223 4654 Ι)
2252 4554 2566 4612 Ποπιῖηῖϐτθ·
2619 4556 2824 4628 δεκίαι
2872 4557 3005 4615 hem
3053 4562 3205 4617 ηιίεδα
3254 4565 3307 4618 in
3355 4565 3818 4641 Ωααάναθὶηείηω-

567 4658 711 4712 ciliis
748 4657 1225 4712 Aurelianensibus
1267 4674 1280 4710 l
1321 4667 1374 4712 et
1414 4674 1488 4712 iv.
1523 4659 1758 4713 Primum
1791 4658 1869 4713 sic
1902 4658 2060 4713 habet
2090 4659 2145 4714 in

563 4764 769 4804 canone
806 4748 877 4801 24
907 4768 919 4801 :
952 4747 1020 4802 Id
1048 4768 1078 4803 τι
1105 4751 1451 4806 sacerdotibus
1483 4752 1716 4806 omnibus
1747 4753 2001 4806 decretum
2030 4760 2103 4806 est
2127 4794 2145 4821 ,

562 4853 614 4895 ut
635 4851 753 4895 ante
779 4840 995 4896 Pascha:
1015 4843 1385 4897 solemnitatem
1408 4883 1421 4907 ,
1446 4860 1549 4897 non
1580 4844 2030 4915 Quinquagesima,
2059 4845 2147 4899 sed

567 4934 979 5004 Quadragesima
1036 4942 1285 4988 teneatur.
1331 4934 1399 4988 Et
1437 4936 1487 4988 in
1550 4950 1601 4987 tv
1655 4935 1921 4991 canone?
1970 4953 1984 4991 :
2033 4936 2148 4991 Hoc

564 5029 717 5080 etiam
758 5026 1077 5079 decernimus
1115 5027 1515 5092 observandum,
1545 5035 1600 5081 ut
1642 5028 2047 5100 Quadragrsima
2085 5031 2147 5084 ab

564 5119 797 5173 omnibus
828 5115 1076 5172 Ecclesiia
1102 5119 1373 5186 (equaliter
1396 5126 1673 5185 teneatur;
1696 5136 1857 5190 neque
1886 5120 2135 5189 Quinque

563 5212 829 5279 gesimam,
855 5220 944 5264 aut
964 5208 1356 5279 Sexagesimam
1376 5220 1495 5265 ante
1515 5210 1722 5267 Pascha
1740 5213 1952 5284 quilibet
1974 5230 2151 5269 sacer-

569 5300 661 5352 dos
688 5310 966 5370 prasumat
987 5301 1233 5357 indicere.
1252 5301 1633 5360 Verumtamen
1656 5304 1945 5373 Caesarius,
1968 5307 2154 5363 Arela-

570 5393 738 5447 tensis
757 5408 823 5448 eo
842 5402 1083 5463 tempore
1098 5398 1344 5462 antistes,
1361 5398 1413 5453 in
1429 5399 1626 5470 regulae
1644 5400 1839 5455 suae'ad
1862 5400 2153 5458 monachos

568 5497 689 5553 cap.
722 5483 825 5551 ‘22,
854 5501 883 5539 a
912 5484 1122 5543 Domini
1149 5488 1337 5546 Natale
1358 5534 1371 5557 ,
1398 5510 1417 5544 ι
1443 5508 1611 5562 usque
1639 5502 1763 5549 ante
1792 5494 1922 5549 duas
1956 5494 2158 5549 hebdoo

569 5576 759 5632 madas
790 5578 857 5634 de
887 5577 1306 5653 Quadragesima
1329 5625 1345 5651 ,
1376 5584 1608 5640 secunda
1628 5625 1642 5650 ,
1673 5597 1857 5655 quarta
1876 5630 1889 5654 ,
1924 5596 1978 5641 et
2003 5598 2152 5643 sexta

573 5670 706 5725 feria
739 5689 757 5722 ι
788 5670 1052 5741 jejunium
1082 5677 1379 5744 praescrihit
1409 5694 1423 5729 :
1463 5695 1480 5726 ι
1515 5676 1639 5731 inde
1670 5687 1852 5746 postea
1885 5692 2054 5750 usque
2084 5680 2153 5737 ad

566 5760 775 5818 Pascha
799 5765 943 5819 omni
970 5765 1085 5830 die,
1118 5767 1323 5836 absque
1347 5766 1436 5821 die
1462 5766 1759 5822 Dominica.
1783 5787 1801 5821 ι
1828 5769 2154 5827 Aurelianus

506 5881 515 5885 -
577 5867 727 5921 vero,
758 5857 1002 5923 eiusdem
1028 5856 1249 5915 Caesarii
1275 5866 1398 5927 post
1426 5858 1731 5918 Auxanium
1765 5877 2067 5934 successor,
2096 5866 2150 5923 in

2251 4652 2490 4720 Septima
2539 4651 2807 4725 denique,
2837 4656 3000 4711 Missa
3039 4659 3094 4711 in
3136 4661 3357 4730 symbuli
3400 4667 3719 4737 traditione,
3759 4672 3820 4727 de

2250 4759 2352 4813 qua
2382 4744 2537 4799 inira.
2586 4744 2640 4799 ln
2682 4745 2879 4801 Missali
2923 4748 3260 4807 Mozarabico
3299 4753 3420 4809 dum
3449 4767 3578 4812 sunt
3609 4762 3787 4816 missa:
3810 4803 3826 4829 ,

2251 4843 2449 4907 prater
2466 4838 2844 4905 Dominicales,
2863 4856 2956 4909 per
2972 4842 3210 4913 singulas
3233 4843 3622 4917 hebdomadas,
3643 4868 3831 4926 nempe

2254 4943 2352 4999 pro
2392 4931 2719 4999 quibuslibet
2761 4931 2909 4987 feriis
2952 4935 3158 5002 quartis
3197 4944 3252 4990 et
3293 4940 3497 4995 sextis:
3530 4942 3651 4998 alia:
3692 4944 3834 5001 feria

2256 5032 2469 5078 vacant.

2330 5113 2619 5170 Dominicae
2650 5115 2834 5183 prima:
2862 5114 2913 5169 in
2938 5114 3352 5186 Quadragesima
3379 5118 3614 5175 oﬂicium
3650 5122 3703 5177 in
3735 5138 3821 5179 eo-

2257 5206 2379 5261 dem
2412 5208 2742 5264 Mozorabico
2772 5207 2841 5261 ita
2875 5208 3096 5278 incipit:
3124 5209 3253 5263 Ecce
3274 5228 3407 5266 nunc
3428 5223 3629 5284 tempus
3653 5233 3832 5287 accep-

2258 5300 2412 5355 tabile
2429 5339 2446 5365 ,
2474 5300 2683 5354 alleluia
2702 5339 2718 5366 ,
2752 5317 2864 5354 ecce
2893 5318 3031 5356 nunc
3057 5303 3166 5357 dies
3194 5303 3403 5371 salutis,
3430 5305 3669 5364 alleluia.
3704 5310 3829 5366 Ver-

2258 5410 2368 5450 sus.
2397 5393 2644 5449 Dominus
2664 5398 2910 5467 regnavit,
2939 5398 3169 5452 decorem
3189 5398 3378 5466 induit,
3399 5400 3574 5456 induit
3597 5403 3836 5459 Dominus

2258 5488 2645 5560 fortitudinem,
2677 5497 2723 5542 et
2750 5491 3017 5551 praecinxit
3055 5507 3127 5544 se.
3172 5490 3378 5549 Deinde
3416 5508 3722 5563 praecentor
3757 5513 3834 5553 re-

2259 5582 2425 5650 petit,
2458 5578 2592 5635 Ecce
2622 5597 2753 5634 nunc
2780 5582 2887 5635 dies
2915 5582 3124 5638 salutis.
3159 5582 3293 5639 Tum
3332 5583 3528 5640 dicitur
3567 5584 3752 5642 Gloria
3787 5600 3828 5643 et

2260 5674 2423 5727 honor
2467 5673 2642 5740 Patri,
2684 5683 2730 5728 et
2771 5672 2950 5742 Filio,
2992 5685 3038 5730 et
3080 5676 3304 5746 Spiritui
3339 5690 3518 5734 sancto
3556 5682 3612 5736 in
3650 5684 3835 5739 alecula

2257 5774 2591 5839 swculorum,
2630 5789 2800 5826 amen.
2841 5770 2971 5828 Post
3006 5773 3191 5829 Gloria
3228 5777 3282 5831 in
3321 5778 3534 5833 excelsis
3563 5788 3618 5835 et
3646 5783 3829 5835 oratio-

2257 5881 2411 5929 nem.
2458 5866 2699 5935 sequitur
2740 5865 2925 5923 Lectio
2966 5883 3034 5924 ex
3076 5867 3359 5940 Prophetia
3401 5873 3556 5933 isaim
3582 5890 3707 5948 cap.
3736 5893 3832 5935 LV'.
