4048 6350
185 360 311 417 185

1222 353 1311 410 DE
1350 351 1675 410 LITUBGIA
1711 349 2099 408 GALLICANA
2141 348 2342 405 LIBER
2383 348 2449 404 II.

3369 355 3471 410 186

177 475 330 529 Ila’c
354 470 477 526 dicit
500 469 747 525 Dominus
767 484 786 523 :
818 469 1002 524 Audite
1026 469 1285 523 audientes
1310 484 1419 534 me,
1448 477 1491 523 et
1521 470 1771 524 comedite
1799 472 1849 530 Α
1875 466 2075 521 branda
2101 466 2318 521 oblatio.
2347 485 2366 518 ι
2401 462 2600 536 Nempe
2630 465 2818 521 diebus
2849 465 3143 522 Dominicis
3168 473 3223 522 et
3249 466 3454 523 Sabba-

177 568 405 631 bonum,
424 573 530 619 etc.
557 562 709 634 125
734 562 933 618 Deinde
958 570 1077 630 post
1094 560 1362 616 canticum
1396 562 1555 615 trium
1585 576 1777 630 puero-

178 674 316 714 rum
339 666 392 712 et
414 659 672 721 psalmum
689 696 703 720 ,
730 666 785 710 et
806 662 927 724 post
947 654 1221 710 orationes
1244 667 1339 721 pro
1366 652 1768 722 paenitentibus,

178 749 543 816 subsequitur
565 745 745 801 Lectio
757 762 820 801 ex
838 746 1073 816 Epistola
1099 745 1139 799 II
1158 746 1222 798 ad
1240 745 1547 799 Corinthios
1564 760 1682 814 cap.
1699 760 1766 800 v:

179 840 307 896 Pro
335 840 540 894 Christo
564 840 815 910 legatione
844 839 1127 908 fungimur,
1152 848 1285 903 etc.,
1311 852 1479 906 usque
1506 837 1772 907 Tanquam

177 934 330 988 nihil
381 932 649 997 habentes,
703 939 754 985 et
808 930 978 985 omnia
1034 929 1370 998 possidentes.
1422 928 1765 983 Postmodum

184 1025 543 1094 Evangeliunt
566 1039 629 1080 ex
650 1022 867 1078 Joannis
892 1037 1008 1091 cap.
1040 1037 1092 1075 tv
1116 1038 1131 1076 :
1156 1020 1408 1075 Dominus
1429 1030 1599 1076 noster
1619 1021 1771 1075 Iesus

178 1115 431 1172 Christus
459 1117 663 1186 reliquit
686 1116 952 1180 Iudaeam,
985 1122 1029 1167 et
1056 1114 1178 1167 abiit
1206 1115 1257 1167 in
1285 1113 1555 1168 Galilaeam
1573 1156 1589 1182 ,
1619 1124 1723 1170 etc.
1746 1158 1763 1183 ,

184 1222 366 1276 usque
398 1207 530 1274 Quia
558 1206 641 1262 hic
667 1216 740 1261 est
770 1224 883 1262 cere
912 1207 1152 1262 Salvator
1178 1208 1378 1262 mundi.
1409 1208 1467 1262 In
1498 1217 1770 1279 posterum

184 1302 420 1354 Alleluia
448 1301 711 1354 omittitur
736 1301 799 1355 ad
843 1300 1049 1355 Pascha
1090 1316 1155 1355 ex
1200 1304 1513 1372 praescripto
1558 1303 1771 1360 concilii

186 1393 442 1450 Toletani
474 1410 545 1458 tv,
575 1409 696 1448 ean.
730 1394 816 1449 ll.

265 1507 325 1562 In
357 1508 551 1563 Missali
584 1508 952 1575 Ambrosiano,
984 1523 1104 1564 cum
1135 1524 1239 1579 quo
1262 1518 1412 1565 vetus
1439 1512 1767 1571 Gallicanum

183 1601 479 1671 quamdam
524 1601 837 1657 afﬁnitatem
882 1602 1071 1669 habet,
1112 1603 1387 1660 Dominica
1435 1607 1601 1674 prima
1639 1609 1783 1676 Qua-

190 1692 511 1762 dragesitute
560 1694 867 1748 inscribitur
908 1692 985 1748 De
1026 1694 1357 1750 Samaritana
1372 1714 1391 1757 ;
1431 1700 1661 1753 secunda
1712 1700 1785 1757 De

186 1785 487 1847 Abraham,-
518 1787 669 1841 tertia
716 1786 788 1840 De
830 1802 963 1841 cteco
980 1803 1001 1852 ;
1030 1798 1219 1857 quarta
1251 1790 1467 1857 Lazari,
1503 1802 1783 1862 prepterea

184 1878 338 1950 quod
365 1878 645 1948 Evangelia
669 1879 735 1934 de
759 1880 839 1934 his
861 1881 1219 1950 assignentur.

264 1988 479 2044 Saecula
504 2004 557 2044 vt
598 1991 649 2044 in
689 1990 858 2047 Gallia
890 2006 997 2047 non
1028 1992 1099 2047 ita
1130 1993 1231 2048 rati
1258 2003 1409 2050 erant
1452 1994 1779 2065 jejuniorum

188 2080 743 2154 Quadragesintalium
793 2085 930 2141 dies.
973 2086 1293 2141 Aurelianus
1348 2088 1402 2142 in
1452 2091 1634 2159 regula
1685 2106 1782 2147 sua

186 2171 519 2239 Sabbatutn,
553 2173 909 2244 Dominicam,
947 2185 1000 2231 et
1028 2178 1259 2246 majores
1303 2178 1614 2236 festivitates
1644 2196 1674 2235 a
1700 2181 1783 2250 je-

186 2262 325 2333 junii
368 2266 481 2333 lege
523 2266 741 2334 eximit,
784 2276 839 2321 ut
885 2270 1129 2338 superius
1166 2270 1417 2325 vidimus.
1460 2272 1767 2342 Faustinus,

189 2357 472 2425 Begiensis
503 2359 583 2431 (ut
612 2360 925 2430 quihusdam
954 2362 1183 2434 videtur)
1211 2363 1512 2432 episcopus,
1544 2367 1780 2437 quinque

190 2457 397 2503 tantum
444 2463 539 2517 per
580 2449 966 2505 hebdomadam
1012 2451 1200 2521 jejunii
1248 2452 1362 2508 dies
1404 2455 1667 2520 admittit,
1700 2458 1783 2513 in-

191 2540 392 2595 vehens
424 2543 474 2595 iu
517 2557 631 2609 eos,
673 2543 763 2613 qui
810 2561 828 2594 s
865 2544 1017 2599 veriti
1060 2554 1218 2613 sunt,
1252 2547 1437 2615 credo,
1472 2550 1671 2621 inquit,
1712 2568 1782 2609 ne

192 2634 428 2703 quinque
450 2634 667 2705 jejuniis
698 2636 1047 2706 prolongatis.
1072 2652 1196 2693 caro
1235 2654 1332 2695 eos
1359 2655 1661 2711 corpusque
1686 2644 1784 2700 de-

193 2725 413 2795 ticeret,
442 2738 497 2782 et
523 2728 691 2784 exiles
732 2744 795 2784 ac
828 2739 1015 2785 tenues
1043 2730 1481 2803 Quadragesimze
1511 2734 1784 2791 abstinen-

194 2817 324 2875 tiam
372 2820 601 2876 tolerare
642 2836 749 2876 non
801 2832 1037 2892 possent.
1074 2842 1093 2875 ι
1130 2825 1253 2880 Ilaec
1296 2826 1388 2882 ille
1436 2827 1489 2882 in
1535 2842 1784 2886 sermone

194 2912 378 2969 habito
404 2914 455 2969 in
488 2912 760 2970 Dominica
791 2926 916 2971 ante
944 2916 1413 2988 Quadragesimam
1435 2961 1451 2987 ,
1482 2920 1634 2991 cujus
1664 2937 1778 2977 ser-

197 3007 375 3063 monis
404 3006 751 3078 fragmentum
778 3008 978 3064 AEneas
1014 3008 1333 3065 Parisiensis
1356 3012 1582 3067 antistes
1613 3015 1776 3071 refert

196 3099 253 3155 in
285 3100 419 3154 libro
456 3100 715 3155 adversus
745 3099 978 3157 Graecos.
1024 3101 1113 3156 Sic
1160 3102 1211 3156 itt
1259 3102 1486 3158 ecclesia
1530 3103 1785 3159 Mediola-

197 3195 384 3261 nensi,
419 3195 575 3250 etiam
606 3195 657 3249 in
705 3195 1157 3263 Quadragesima,
1201 3195 1488 3250 Sabbatum
1531 3212 1561 3251 a
1586 3196 1789 3266 jejunio

198 3288 436 3343 immune
463 3296 598 3351 erat,
616 3296 808 3356 prmter
832 3287 1127 3344 Sabhatum
1154 3298 1418 3343 sanctum.
1448 3257 1643 3343 Verum
1668 3304 1791 3344 con-
1819 3257 1864 3323 Ο

205 3378 390 3433 cilium
421 3377 806 3437 Aurelianense
851 3394 923 3445 tv,
965 3395 1171 3435 canone
1205 3380 1240 3434 2
1306 3380 1379 3435 ita
1419 3380 1685 3436 decernit:
1721 3380 1791 3437 Ut

204 3472 609 3542 Qttadragesima
637 3471 699 3526 ab
725 3473 959 3527 omnibus
984 3471 1231 3528 Ecclesiis
1255 3477 1517 3544 trqualiter
1540 3487 1787 3547 teneatur,

199 3579 361 3633 neque
409 3562 931 3635 Quinquagesimam,
964 3575 1053 3618 aut
1100 3566 1483 3637 Sexagesimam
1526 3577 1643 3622 ante
1685 3568 1786 3623 Pa-

200 3654 323 3708 scha
349 3653 559 3724 quilibet
598 3654 839 3709 sacerdos
886 3666 1157 3723 prtesumat
1186 3657 1426 3713 indicere.
1458 3657 1608 3724 Quod
1640 3658 1789 3715 nimi-

199 3763 316 3803 rum
364 3746 630 3803 faciebant
668 3748 719 3803 hi
764 3750 855 3817 qui
899 3749 1191 3803 Sabbatum
1230 3766 1259 3804 a
1299 3750 1487 3820 jejunii
1534 3753 1793 3824 religione

199 3840 523 3897 eximebant.
547 3839 680 3894 Tum
712 3840 943 3895 subdunt
973 3841 1158 3895 Patres
1185 3842 1250 3895 ad
1282 3841 1623 3897 sanciendam
1654 3845 1793 3900 Sab-

205 3934 312 3988 hati
354 3934 819 3989 observationem:
851 3934 956 3989 Sed
996 3951 1154 4002 neque
1193 3952 1283 4005 per
1320 3936 1574 4007 Subbata,
1606 3938 1795 4010 absque

201 4026 513 4091 inﬁrmitate,
544 4027 807 4096 quisquam
846 4028 1006 4080 salvat
1053 4027 1471 4096 Quadragesimte
1504 4032 1792 4103 jejunium,

201 4117 297 4170 nisi
322 4126 519 4169 tantum
543 4118 623 4170 die
643 4116 917 4171 Dominico
944 4118 1216 4189 prandeat.
1242 4120 1494 4190 Magister
1517 4126 1566 4177 iu
1598 4126 1795 4195 regulae

202 4223 309 4263 sum
354 4224 471 4279 cap.
505 4208 573 4262 55
618 4212 686 4265 ita
736 4211 846 4265 vult
899 4212 953 4266 iu
1015 4213 1303 4270 Dominicis
1357 4217 1793 4288 Quadragesimat

200 4306 478 4374 pranderi,
508 4314 563 4360 ut
594 4323 612 4356 ι
641 4315 814 4360 tamen
841 4308 891 4359 in
919 4322 1036 4363 sera
1071 4310 1281 4373 penitus
1312 4310 1445 4363 nihil
1472 4321 1708 4377 canent,
1736 4323 1792 4367 ut

202 4414 306 4454 una
332 4400 399 4453 sit
430 4401 480 4453 in
513 4401 642 4483 ipsis
668 4401 858 4455 diebus
884 4415 915 4455 a
944 4402 1030 4457 die
1070 4401 1314 4458 refectio.
1342 4423 1361 4455 ι
1398 4404 1503 4459 Sed
1537 4405 1652 4461 haec
1682 4422 1788 4463 non

202 4502 326 4547 sunt
348 4492 506 4561 hujus
537 4493 658 4548 loci.

273 4608 329 4662 ln
355 4608 769 4679 Quadragesima
798 4625 902 4665 non
935 4626 1036 4665 una
1068 4620 1183 4667 erat
1212 4612 1279 4668 de
1307 4613 1483 4669 missis
1514 4616 1784 4670 lerialibus

214 4709 269 4755 et
296 4701 621 4769 quotidianis
641 4702 779 4771 apud
812 4702 1029 4757 Latinos
1056 4704 1358 4774 disciplina.
1389 4707 1442 4761 In
1473 4707 1790 4776 quibusdam

203 4793 464 4860 quotidie,
493 4793 546 4847 in
593 4794 708 4848 aliis
739 4805 939 4849 tantum
969 4797 1134 4851 certis
1163 4798 1350 4851 diebus
1395 4798 1548 4853 fiebat
1589 4800 1795 4854 sacrifi-

210 4886 382 4948 cium,
426 4896 654 4941 testante
684 4887 979 4958 Augustino
1012 4890 1062 4943 in
1112 4890 1333 4959 epistola
1364 4893 1428 4944 ad
1459 4891 1793 4953 Januarium.

210 4978 270 5034 In
301 4979 526 5033 ecclesia
560 4979 939 5034 Mediolanensi
967 4981 1178 5035 videtur
1204 4997 1330 5036 usus
1373 4980 1541 5038 fuisse
1580 4983 1797 5038 Sacrifi-

207 5070 277 5127 cii
307 5071 623 5140 quotidiani.
656 5072 879 5142 Insignis
909 5079 995 5127 est
1026 5074 1075 5127 in
1107 5088 1222 5127 eam
1264 5090 1376 5129 rem
1422 5076 1687 5130 Ambrosii
1718 5076 1795 5129 lo-

206 5177 303 5217 cus
333 5162 385 5217 iu
428 5178 679 5219 sermone
709 5175 900 5220 octavo
928 5180 1091 5235 super
1132 5166 1391 5235 psalmum
1436 5168 1591 5239 126
1631 5184 1793 5223 cxvttt

205 5256 272 5310 ad
302 5271 518 5310 versum
544 5256 615 5309 6:
655 5274 673 5306 t
704 5255 964 5310 lndictum
996 5265 1078 5311 est
1101 5256 1397 5326 jejunium;
1431 5274 1559 5313 eave
1601 5275 1667 5314 ne
1704 5275 1796 5316 tte-

203 5349 391 5422 gligas.
429 5350 492 5403 Et
522 5352 565 5404 si
607 5359 658 5405 te
703 5350 871 5405 fames
917 5350 1278 5420 quotidianum
1328 5352 1471 5421 cogit
1517 5353 1581 5406 ad
1635 5369 1795 5421 prauo

206 5443 385 5507 dium,
418 5450 509 5495 aut
558 5444 967 5514 intemperantia
1007 5442 1239 5498 declinat
1276 5444 1571 5514 jejunium,
1618 5456 1795 5502 tamen

206 5537 414 5591 caelesti
444 5535 610 5605 magis
638 5545 687 5591 te
716 5546 928 5591 servato
956 5536 1220 5591 convivio.
1256 5536 1367 5590 Non
1398 5540 1567 5605 epulae
1598 5549 1796 5606 parata

207 5638 586 5696 extorqueant,
615 5637 671 5681 ιιι
698 5630 933 5683 cmlestis
977 5630 1052 5683 sis
1084 5644 1279 5683 vacuus
1309 5631 1650 5683 sacramenti.
1682 5630 1792 5685 Dif-

208 5720 289 5775 fer
318 5719 702 5787 aliquantulum
724 5760 738 5783 ,
786 5734 890 5774 non
925 5720 1079 5790 longe
1106 5729 1189 5775 est
1220 5718 1338 5774 linis
1377 5719 1503 5773 diei.
1537 5720 1648 5773 Itno
1676 5720 1793 5789 ple-

209 5816 359 5885 rique
388 5824 511 5866 sunt
543 5812 804 5881 ejusmodi
834 5814 971 5878 dies,
1006 5822 1059 5867 ut
1090 5814 1266 5867 statim
1309 5813 1615 5867 meridianis
1646 5812 1795 5869 horis

209 5907 598 5965 adveniendum
621 5909 692 5963 sit
717 5910 769 5964 in
802 5907 1082 5964 ecclesiam
1104 5948 1120 5973 ,
1145 5906 1373 5963 canendi
1404 5905 1586 5977 hymni
1606 5945 1623 5972 ,
1651 5904 1819 5981 cele-‘

1816 1862 1863 1921 Β

1828 4658 1880 4718 D

1881 562 1972 627 tis,
2002 561 2198 630 quibus
2228 562 2282 616 in
2326 561 2555 616 ecclesia
2603 560 2983 616 Mediolanensi
3034 561 3295 617 relaxatio
3322 576 3350 615 a
3383 562 3469 631 je-

1876 653 2028 725 junio
2076 662 2219 721 erat,
2269 662 2326 707 ut
2372 668 2564 724 nempe
2610 667 2761 708 ctena
2802 653 3035 707 serotina
3084 653 3137 707 In
3186 652 3465 721 prandium

1883 755 2201 802 verteretur.
2240 764 2258 797 t
2288 746 2437 801 Tunc
2467 744 2648 816 utique
2678 756 2894 815 paratus
2922 744 3133 807 assiste,
3168 754 3227 798 ut
3262 743 3334 799 ibi
3374 756 3466 798 ac-

1882 838 2050 909 cipias
2077 840 2468 894 munimentum
2488 884 2501 907 ,
2530 846 2590 892 ttt
2614 853 2807 908 corpus
2832 837 2961 892 edas
2992 837 3199 891 Domini
3227 836 3383 902 Jesu,
3416 836 3471 891 in

1883 947 1989 1002 quo
2020 932 2266 987 remissio
2298 940 2381 987 est
2428 940 2801 1001 peccatorum;
2833 931 3118 1002 postulatio
3153 929 3346 985 divinas
3387 944 3475 985 re-

1887 1023 2277 1077 conciliationis
2328 1030 2384 1077 et
2435 1022 2782 1092 protectionis
2844 1030 3151 1076 eterna...
3207 1022 3475 1077 Admonet

1886 1114 2047 1169 etiam
2098 1114 2416 1169 sacrificium
2458 1115 2857 1184 veSpertinum,
2899 1122 2958 1168 ut
3005 1128 3272 1184 nunquam
3321 1114 3474 1170 Chri-

1886 1216 2028 1264 stum
2070 1208 2420 1263 obliviscaris.
2459 1208 2575 1263 Non
2618 1218 2768 1278 potes
2796 1207 3068 1274 oblivisci,
3111 1222 3229 1263 cum
3279 1206 3472 1263 lectuut

1886 1299 2156 1363 ascendis,
2180 1299 2296 1368 ejus
2328 1299 2566 1364 Domini,
2593 1299 2675 1354 cui
2706 1301 2756 1352 in
2788 1311 2980 1353 occasu
3008 1298 3111 1351 dtei
3142 1311 3351 1366 precem
3388 1294 3472 1351 fu-

1892 1392 2063 1459 deris,
2093 1394 2185 1462 qui
2215 1392 2537 1447 esurientem
2588 1401 2642 1446 te
2665 1390 2746 1445 sui
2795 1390 3034 1459 corporis
3073 1389 3245 1458 epulis
3292 1386 3477 1454 exple-

1893 1484 2051 1539 verit.
2074 1501 2094 1535 ι
2124 1482 2325 1538 Eadem
2357 1481 2617 1537 sacrificia
2646 1481 2947 1548 vesttertina
2976 1481 3133 1535 etiam
3159 1480 3211 1533 itt
3236 1477 3477 1534 ecclesiis

1891 1573 2179 1629 Gallicanis
2222 1574 2480 1628 celebrari
2531 1583 2657 1628 tunc
2706 1586 2822 1628 mos
2862 1580 3011 1639 erat,
3046 1580 3103 1626 ut
3145 1587 3210 1626 ex
3236 1570 3477 1626 conciliis

1887 1663 2146 1729 Vasensi,
2194 1664 2561 1719 Aurelianeusi
2606 1680 2695 1731 ttt,
2723 1674 2778 1718 et
2806 1679 2872 1719 ex
2903 1662 3276 1718 Matisconeusi
3305 1664 3478 1733 primo

1886 1756 2233 1826 probavimus
2263 1757 2314 1810 in
2349 1758 2441 1811 lib.
2468 1772 2485 1810 ι
2513 1771 2630 1827 cap.
2660 1755 2712 1809 5.

2065 1866 2304 1940 [ΧΧΧΙΙ.
2336 1885 2575 1925 ιεθεκω
2613 1885 2663 1924 ιιι
2702 1884 2952 1925 norttmca
2991 1884 3295 1925 PALIARUI.

2290 1958 2459 2009 Lectio
2481 1960 2734 2011 Hierimita
2762 1963 3048 2025 prepttetteJ

1888 2139 1944 2187 et
1970 2133 2053 2186 vir
2080 2130 2301 2188 fratrem
2344 2149 2498 2189 suum
2547 2135 2772 2192 dicens:
2808 2136 3129 2207 Cognuscite
3175 2139 3479 2198 Dominum.

1888 2222 2076 2278 Omnis
2116 2225 2256 2279 enim
2288 2239 2615 2295 cognuscent
2652 2242 2739 2282 me
2767 2242 2799 2283 a
2843 2227 3065 2282 minimo
3094 2243 3278 2284 eorum
3312 2246 3483 2301 usque

1895 2316 1962 2369 ad
1993 2318 2284 2371 maximum
2304 2359 2319 2382 ,
2349 2319 2425 2372 ait
2456 2318 2731 2373 Dominus.
2760 2318 2896 2387 Quia
2928 2320 3254 2390 propitiabor
3292 2322 3482 2392 iniqui-

1897 2410 1991 2463 tati
2037 2424 2256 2478 eorum,
2288 2421 2338 2466 et
2374 2412 2574 2480 peccati
2618 2427 2803 2467 eorum
2842 2427 2949 2467 non
2990 2426 3083 2468 ero
3131 2428 3337 2471 memor
3366 2427 3480 2470 am-

1897 2500 2055 2571 plius.
2089 2500 2306 2572 (Jerem.
2335 2518 2493 2567 xm,
2524 2501 2637 2571 56.)

2202 2594 2415 2656 Epistola
2446 2593 2581 2645 Pauli
2602 2595 2807 2659 apostoli
2830 2596 2889 2646 ad
2911 2595 3168 2648 Hebraeos.

1940 2676 2197 2745 Fratres,
2224 2678 2327 2732 fide
2356 2680 2728 2750 intellegemus
2749 2690 2923 2749 aptata
2946 2696 3067 2736 esse
3095 2680 3288 2736 saecula
3316 2681 3481 2737 verbo

1892 2767 2023 2835 Dei,
2059 2779 2192 2835 etc.,
2220 2786 2378 2838 usque
2409 2769 2598 2826 Fortes
2630 2770 2755 2827 facti
2782 2781 2906 2826 sunt
2932 2771 2986 2827 in
3015 2772 3172 2827 bello.
3202 2770 3388 2839 (Hebr.
3417 2787 3483 2842 tt,

1890 2860 2074 2932 5.34.)

2078 2952 2252 3004 Lectio
2270 2956 2425 3006 sancti
2440 2955 2700 3020 Evangelii
2722 2957 2986 3007 secundum
3006 2957 3298 3009 Iohannem.

1966 3035 2168 3091 Diebus
2196 3038 2303 3092 illis
2332 3048 2457 3093 ante
2480 3054 2577 3095 sex
2610 3039 2724 3094 dies
2768 3040 3007 3106 Paschae,
3040 3042 3182 3096 venit
3232 3041 3486 3099 Dominus

1892 3129 2048 3184 .Iesus
2085 3131 2427 3198 Bethaniam,
2463 3131 2550 3189 ubi
2594 3132 2766 3188 fuerat
2808 3133 3038 3189 Lazarus
3064 3144 3325 3199 mortuus,
3357 3146 3485 3203 etc.,

1894 3239 2054 3292 usque
2096 3222 2209 3277 Nisi
2238 3239 2459 3293 granum
2509 3224 2760 3280 frumenti
2791 3226 2985 3281 cadens
3029 3230 3079 3280 in
3122 3239 3315 3282 terram
3347 3242 3485 3283 mors

1897 3325 2041 3370 tuum
2074 3316 2258 3382 fuerit,
2293 3317 2463 3387 ipsum
2491 3319 2663 3373 solum
2695 3330 2902 3385 manet;
2932 3321 2973 3373 si
3003 3330 3181 3376 autem
3212 3332 3480 3381 mortuum

1893 3409 2087 3477 fuerit,
2116 3412 2339 3467 multum
2372 3413 2600 3467 fructum
2625 3411 2799 3466 affert.
2825 3410 3006 3481 (Joan,
3032 3429 3138 3480 xit,
3171 3413 3344 3483 1-24.)

2326 3518 2474 3557 NOT£
2518 3519 2581 3557 LT
2621 3518 3064 3558 υιιειῖιιιλτιοκεε.

1972 3598 2125 3668 127
2176 3594 2232 3651 In
2276 3596 2475 3651 Missali
2515 3595 2739 3650 Gothico
2790 3596 3015 3665 septima
3053 3594 3486 3667 Quadragesimat

1895 3688 2058 3743 missa
2099 3688 2446 3743 inscribitur:
2480 3688 2642 3744 Missa
2678 3689 2730 3741 in
2757 3687 2989 3757 Symbuli
3030 3690 3324 3743 traditione.
3355 3688 3488 3746 Tra-

1894 3780 2120 3836 debatur
2148 3789 2324 3835 autem
2348 3782 2659 3852 Symbolum
2687 3782 3114 3851 competentibus
3140 3782 3190 3836 in
3219 3782 3488 3836 Dominica

1894 3872 2222 3938 Paltnarum,
2258 3881 2395 3927 to-ste
2425 3872 2630 3928 Isidoro
2669 3874 2722 3928 in
2767 3874 2858 3927 lib.
2908 3872 2975 3927 de
3004 3872 3209 3929 Ofﬁciis
3236 3873 3489 3928 ecclesia-

1896 3965 2045 4021 sticis
2072 3979 2191 4034 cap.
2224 3964 2291 4019 27
2320 3982 2333 4019 :
2386 3983 2405 4016 ι
2440 3965 2552 4020 Hoc
2582 3965 2667 4020 die
2699 3964 3012 4034 Symbolum
3065 3964 3490 4031 competentibus

1896 4062 2123 4115 traditur
2174 4070 2390 4129 propter
2437 4060 2701 4114 confinem
2753 4059 3043 4114 Dominica:
3072 4057 3298 4113 Pascha:
3350 4058 3490 4113 sole«

1896 4152 2172 4206 mnitatem
2196 4169 2207 4203 :
2233 4160 2290 4205 ut
2317 4151 2437 4220 quia
2465 4150 2577 4221 jam
2608 4154 2675 4204 ad
2709 4151 2799 4204 Dei
2836 4150 3062 4221 gratiam
3092 4148 3487 4218 percipiendam

1895 4241 2169 4311 festinant,
2225 4241 2383 4297 fidem
2414 4257 2571 4310 quam
2622 4242 2977 4295 confiteantur
3022 4249 3331 4311 agnoscant.
3386 4238 3490 4292 Eo-

1894 4339 2015 4394 dem
2047 4346 2252 4407 spectat
2274 4350 2443 4391 canon
2471 4335 2536 4388 15
2563 4335 2774 4391 concilii
2806 4335 3126 4405 Agathensis
3145 4352 3157 4387 :
3178 4333 3246 4388 Ut
3268 4332 3484 4404 Symbo-

1896 4430 2009 4484 lum
2040 4439 2159 4482 ante
2188 4438 2301 4483 octo
2334 4428 2442 4482 dies
2473 4424 2692 4481 Pascha:
2729 4428 3124 4495 competentibus
3165 4426 3487 4497 prtedicetur.

1914 4512 1980 4577 Et
2023 4522 2225 4592 optime
2269 4519 2481 4591 quidem
2512 4519 2833 4575 Lectionarii
2866 4520 3031 4574 nostri
3062 4519 3161 4572 hac
3191 4518 3277 4573 die
3304 4517 3491 4573 lectio»

1908 4632 2001 4671 nes
2028 4614 2269 4688 Symboli
2298 4614 2569 4669 traditioni
2620 4615 2967 4669 conveniunt.
3006 4613 3290 4683 Pr0phetia
3329 4612 3483 4669 Jere-

1904 4710 2065 4764 mite:
2100 4707 2247 4762 Dabo
2288 4706 2447 4780 legem
2490 4723 2654 4761 meam
2700 4708 2753 4760 in
2794 4706 3068 4760 visceribus
3117 4723 3324 4774 eorum,
3363 4715 3410 4759 et
3440 4706 3491 4759 in

1900 4801 2054 4855 corde
2076 4816 2251 4855 eorum
2280 4800 2499 4853 scribam
2519 4815 2745 4853 σακία...
2777 4795 2964 4850 Omnes
2994 4806 3295 4867 cognoscent
3333 4812 3412 4849 me
3455 4813 3487 4849 a

1901 4893 2110 4946 minimo
2134 4907 2305 4944 eorum
2337 4906 2493 4960 usque
2515 4890 2583 4941 ad
2612 4889 2911 4942 maximum.
2961 4888 3144 4942 Lemio
3170 4904 3234 4941 ex
3263 4888 3488 4956 epistola

1901 4984 2051 5040 Pauli
2076 4983 2142 5038 ad
2170 4981 2441 5047 Hebraeos,
2472 4981 2559 5037 ubi
2588 4982 2753 5036 multa
2784 4982 3038 5050 praeclare
3067 4980 3133 5037 de
3164 4981 3286 5037 fide.
3319 4981 3491 5036 Evan-

1902 5077 2097 5148 gelium
2143 5074 2423 5140 Johannis,
2481 5075 2533 5127 in
2587 5089 2694 5143 quo
2740 5072 2913 5143 agitur
2964 5073 3032 5128 de
3058 5073 3370 5144 gentilibus,
3399 5071 3491 5143 qui

1904 5175 2247 5224 accesserunt
2291 5168 2356 5221 ad
2387 5166 2713 5235 Philippum,
2764 5167 3041 5235 cupientes
3071 5166 3253 5221 Jesum
3286 5166 3488 5221 videre.

1903 5259 2165 5315 Eumdem
2196 5258 2337 5313 diem
2367 5256 2740 5326 Capitilavium
2778 5272 2809 5311 a
2848 5257 3007 5327 vulgo
3037 5255 3295 5327 appellari
3330 5254 3492 5310 tradit
3522 5314 3529 5319 κ

1902 5353 2157 5417 Isidorus,
2216 5368 2235 5403 ι
2275 5351 2397 5421 quia
2428 5362 2553 5405 tunc
2580 5348 2745 5405 moris
2776 5360 2922 5405 esset
2948 5351 3122 5417 capita
3151 5347 3367 5403 lavandi
3401 5351 3486 5403 In-

1904 5444 2126 5499 fantiam
2155 5442 2245 5512 qui
2290 5443 2520 5512 ungendi
2552 5450 2697 5497 sunt.
2736 5460 2753 5492 ι
2808 5442 2865 5494 In
2899 5440 3095 5495 Missali
3129 5439 3485 5497 Ambrosiano

1900 5536 2212 5610 Symbolum
2266 5535 2694 5604 competentibus
2748 5533 3056 5588 tradebatur
3081 5532 3313 5589 Sabbato
3341 5550 3478 5605 prte-

1900 5631 2141 5686 cedente.
2194 5628 2350 5683 Nulla
2394 5627 2497 5683 hoc
2545 5628 2632 5685 die
2663 5627 2839 5699 passio
2888 5626 2940 5680 in
2967 5625 3335 5694 Lcctionario,
3393 5642 3460 5680 Ιιι·

1900 5722 2031 5778 feria
2082 5722 2236 5777 tertia
2284 5721 2368 5776 vel
2414 5731 2602 5792 quarta
2650 5728 2929 5789 sequente.
2961 5719 3057 5774 sed
3098 5731 3299 5776 tantum
3354 5719 3487 5775 feria

1899 5825 2073 5871 sexta.
2103 5815 2157 5870 In
2187 5815 2385 5871 Ordine
2410 5814 2640 5884 quodam
2673 5812 3059 5884 vetustissimo,
3090 5832 3249 5888 quem
3280 5816 3332 5871 in
3352 5814 3485 5871 Ger-

1902 5910 2078 5965 mania
2105 5911 2425 5979 reperimus,
2453 5908 2520 5963 ad
2549 5908 2687 5962 hanc
2711 5907 3043 5965 Dominicam
3072 5912 3252 5982 passio
3289 5923 3483 5967 secun-
