4048 6350
604 422 703 481 Idi

1302 424 1655 490 APPENDI'X
1692 424 1786 487 ΑΙ)
1823 424 2052 485 OPERA
2096 421 2340 483 SANCTI
2387 420 2691 491 GERMANI
2731 422 3173 484 PARISIENSIS.

3806 425 3904 482 I88

598 541 725 597 dum
762 542 1067 599 Mattlieum
1116 543 1500 613 praseribitur,
1553 559 1738 601 rursus
1786 544 1839 600 in
1888 543 2189 603 Parusceve
2219 543 2263 601 Α
2291 541 2467 599 carnis
2509 551 2825 610 assumpta.
2857 542 2996 601 sicut
3025 551 3262 601 aeternus
3299 549 3355 601 et
3396 542 3684 617 piissimus
3716 542 3898 605 Pater,

598 636 856 703 repetita;
887 642 1077 705 quarta
1107 651 1238 691 vero
1263 635 1392 693 leria
1422 638 1601 707 passio
1626 638 1922 697 secundum
1954 638 2174 697 Lucam.

598 727 735 783 Ulini
766 726 816 782 in
846 726 1116 783 Duminica
1145 726 1446 785 Palmarum
1476 730 1653 799 passio
1678 728 1957 800 legebatur
1988 730 2039 787 in
2073 744 2189 787 ma-

600 822 699 890 jori
731 829 935 877 tantum
959 836 1133 889 sacro,
1169 838 1273 878 non
1303 822 1358 879 in
1391 825 1611 892 privatis
1642 824 1842 882 missis.

602 931 837 988 XXXIII.
883 950 1117 990 LEGBNDA
1145 949 1526 991 m'AUTEVTICA
1563 950 1903 1001 EBBDOIADA,
1937 951 2091 991 ntus
2125 951 2183 1001 ιι.

1194 1043 1261 1082 AD
1299 1042 1613 1083 IATUTINOS.

1048 1118 1223 1169 Lectio
1247 1118 1457 1169 Danihel
1481 1118 1753 1182 prophetae.

672 1202 939 1272 Tempore
979 1203 1088 1270 illo,
1124 1219 1222 1275 ego
1254 1203 1509 1268 Danihel,
1546 1218 1667 1257 cum
1696 1216 1907 1257 orarem
1939 1214 1992 1256 et
2021 1204 2188 1256 conli-

599 1308 737 1352 terer
770 1308 984 1366 peccata
1020 1314 1155 1362 mea,
1209 1310 1263 1354 et
1310 1309 1524 1369 peccata
1572 1299 1748 1367 populi
1803 1299 1907 1353 ntei
1962 1298 2188 1363 Israhel,

599 1404 723 1453 etc.,
758 1406 919 1461 usque
949 1392 1013 1446 Et
1043 1408 1209 1461 usque
1260 1393 1322 1446 ad
1374 1392 1892 1446 consummatioiiem
1944 1402 1999 1446 et
2030 1392 2188 1446 linem

595 1485 955 1552 perseveravit
982 1483 1282 1539 dissolatio.
1314 1484 1548 1555 (Daniel.
1580 1499 1655 1546 ix,
1686 1482 1913 1550 20-27.)

651 1592 912 1643 LEGENBA,
958 1592 1115 1632 FERIA
1159 1592 1233 1641 lll,
1280 1593 1347 1630 AD
1387 1591 1703 1642 ΜΛἸῚΓΙἹΝΟΒν
1749 1590 1799 1629 IN
1841 1589 2144 1630 AU‘I'EN'I'ICL

1215 1663 1549 1703 IlBBl:OIAIM.

1034 1738 1203 1788 Lectio
1223 1738 1473 1791 Hierimiaa
1493 1741 1764 1801 prophetae.

671 1823 828 1895 128
850 1821 975 1879 litec
999 1821 1127 1876 dicit
1151 1822 1405 1879 Dominus
1434 1840 1445 1877 :
1474 1822 1794 1879 Revertatur
1819 1836 2188 1893 unusquisque

2294 632 2489 693 creatis
2528 648 2558 691 a
2601 647 2661 693 se
2705 634 3102 702 redemptisque
3145 634 3269 693 liliis
3316 649 3469 703 spem
3499 634 3735 693 indultae
3776 634 3904 690 ado-

2297 724 2494 792 ptionis
2540 726 2826 795 aperiens,
2898 726 3361 798 substantiamque
3407 728 3566 785 nobis
3613 729 3903 789 ecclesiam

2294 827 2416 875 ante
2457 815 2597 873 diem
2626 832 2743 875 sum
2773 819 2960 873 mortis
2990 821 3292 893 assignans.
3327 828 3723 879 testamentum
3754 819 3899 888 fecit,

2292 922 2399 977 quo
2442 924 2540 965 nos
2588 910 2830 967 heredes
2873 910 2943 967 ab
2993 912 3075 969 bis
3114 927 3237 981 qua:
3282 912 3612 982 largiebatur
3638 913 3902 976 instituit,

2296 996 2524 1053 humana
2554 1000 2768 1066 quidem
2798 1002 3232 1069 comparatione,
3263 1004 3356 1060 sed
3392 1018 3496 1059 non
3524 1004 3776 1057 humana
3816 1019 3904 1057 ne-

2292 1092 2543 1151 cessitate
2572 1107 2587 1153 ;
2618 1107 2727 1155 non
2765 1095 3062 1151 amissurus
3091 1094 3232 1167 quod
3280 1094 3403 1157 ﬁliis
3439 1096 3774 1165 deputabat,
3811 1094 3901 1151 sed

2296 1180 2575 1239 habiturus
2607 1188 2776 1256 magis
2806 1183 2944 1243 (ilius
2970 1200 3093 1247 ctttu
3122 1186 3435 1245 haereditate
3461 1202 3629 1257 quam
3656 1188 3901 1255 scripse-

2292 1284 2392 1330 rat.
2445 1277 2848 1339 Testamentum
2912 1278 3014 1341 hoc
3087 1280 3424 1351 appellamus
3479 1281 3900 1337 Testamentum

2292 1368 2537 1422 Novum:
2586 1369 2636 1422 in
2676 1385 2781 1438 quo
2825 1370 3183 1425 ethredatis
3223 1372 3493 1440 omnibus,
3534 1375 3694 1429 solus
3728 1376 3900 1431 haeres

2293 1460 2591 1515 instituitur
2641 1463 2865 1533 populus
2912 1462 3271 1518 Christianus.
3343 1464 3457 1519 Non
3516 1476 3709 1521 autem
3757 1467 3904 1537 juxta

2293 1564 2564 1608 terrenum
2610 1570 2815 1610 murem
2846 1555 3137 1613 haireditas
3185 1557 3283 1611 ista
3315 1557 3593 1623 dividitur,
3644 1574 3760 1615 nec
3790 1574 3905 1613 cor-

2296 1646 2534 1714 ruptibili
2568 1646 2942 1703 distributione
2999 1650 3049 1703 in
3103 1650 3282 1723 plures
3331 1650 3576 1719 dispersa
3625 1661 3903 1706 tenuatur.

2293 1738 2489 1792 Omnes
2531 1739 2735 1811 recipit,
2768 1756 2954 1794 omnes
3002 1741 3227 1811 invitat;
3264 1755 3363 1801 nec
3410 1742 3477 1795 de
3523 1743 3790 1817 portione
3836 1754 3905 1799 te-

2296 1842 2515 1887 nentum
2560 1834 2786 1898 tollitur,
2815 1834 2956 1902 quod
2988 1836 3107 1888 aliis
3145 1837 3488 1891 nascentibus
3520 1836 3847 1907 deputetur.
3884 1859 3901 1891 ι

595 1929 624 1967 a
668 1914 754 1968 via
802 1929 892 1969 sua
945 1917 1101 1978 mala,
1155 1926 1282 1983 etc.,
1334 1933 1489 1990 usque
1535 1918 1778 1973 Animam
1824 1916 2075 1986 pauperis
2119 1916 2188 1971 de
2222 1940 2266 1999 Β
2298 1922 2364 1976 Et
2392 1925 2556 1993 infra.
2604 1944 2622 1976 ι
2661 1932 3025 1996 Agnoscamus
3054 1942 3193 1982 nunc
3234 1927 3461 1983 iideliter
3484 1945 3767 1984 summam
3800 1931 3902 1986 hae-

596 2022 754 2062 manu
805 2010 1106 2073 malorum,
1158 2011 1228 2063 ait
1268 2010 1523 2065 Dominus
1552 2012 1711 2064 Deus.
1765 2008 1977 2079 (larem.
2036 2026 2184 2076 xvnt,

595 2100 655 2156 li
697 2098 815 2171 25.)
848 2100 1041 2157 Deinde
1070 2113 1464 2176 consequenter:
1495 2104 1774 2161 Sedusisti
1803 2119 1908 2169 me.
1940 2104 2182 2172 Domine,

592 2201 648 2253 βι
672 2194 923 2251 seductus
948 2208 1088 2262 sum,
1118 2208 1223 2257 etc.
1268 2197 1485 2268 (larem.
1523 2212 1638 2265 IIS.
1674 2194 1851 2267 7-I3.)

706 2304 944 2347 LBIENDA
983 2306 1141 2349 ΙιἘΙΙΑ
1182 2306 1256 2355 ιν,
1297 2306 1348 2346 ΙΝ
1390 2306 1686 2348 ΑυΤΕΝῙῚϐᾹ
1728 2303 2072 2359 ΗΕΒΒΟΙΑυΔ,

1181 2379 1248 2415 AD
1289 2377 1607 2415 HATIiTlNOS.

1027 2450 1197 2501 Lectio
1220 2452 1474 2500 Hierimia:
1497 2451 1770 2513 prophetae.

666 2529 806 2585 Dixit
861 2530 1203 2591 Hierimius:
1272 2533 1381 2604 Ego
1443 2535 1522 2587 vir
1586 2533 1770 2587 videns
1823 2540 2187 2603 paupertatem

593 2637 765 2678 meam
814 2625 865 2683 in
914 2624 1058 2697 virga
1104 2626 1482 2697 indignationis
1538 2637 1822 2697 tnte,etc.,
1856 2643 2013 2701 usque
2058 2627 2182 2683 Ideo

593 2716 819 2787 sperabo
869 2718 1253 2775 misericordiae
1302 2720 1529 2791 Domini,
1584 2720 1657 2777 ait
1706 2720 1960 2774 Dominus
2014 2719 2176 2777 Deus.

592 2804 807 2876 (Nirea.
843 2823 923 2873 Ill,
959 2809 1145 2880 l-22.)

628 2897 869 2954 XXXIV.
914 2918 1156 2959 LIGENIJA
1206 2919 1259 2957 ια
1298 2920 1434 2960 οειυ
1478 2921 1680 2981 unum,
1724 2921 1789 2960 AD
1829 2918 2149 2963 IA‘I’U‘I'INOS.

1150 2993 1323 3045 Lectio
1359 2996 1465 3046 Iihri
1495 2996 1668 3048 Exodi.

661 3074 927 3147 Tempore
959 3078 1069 3143 illo,
1102 3094 1289 3135 mense
1329 3080 1487 3135 tertio
1516 3078 1843 3157 egressionis
1883 3079 2083 3137 Israhel
2115 3079 2186 3135 de

591 3173 733 3220 terra
776 3166 1019 3241 Egypti,
1068 3168 1121 3222 in
1162 3170 1248 3227 die
1288 3172 1386 3227 hac
1420 3180 1683 3228 venerunt
1725 3172 1789 3225 ad
1842 3170 2185 3227 solitudinem

592 3255 761 3329 Sinal,
793 3268 922 3322 etc.,
965 3276 1126 3335 usque
1161 3260 1222 3314 Et
1249 3273 1304 3314 ut
1333 3270 1508 3317 terror
1552 3263 1695 3316 illius
1723 3271 1869 3321 esset
1918 3261 1972 3316 in
2010 3262 2183 3330 vobis,

590 3361 644 3406 et
673 3367 780 3407 non
821 3357 1113 3427 peccaretis
1162 3356 1412 3425 amplius.
1448 3356 1643 3428 (Exod.
1678 3372 1789 3425 xix,
1823 3357 1875 3424 l,
1903 3371 2064 3426 usque
2094 3370 2184 3425 xx,

593 3442 707 3513 20.)

762 3536 928 3588 Lectio
952 3542 1106 3589 sancti
1132 3540 1389 3602 Evangelii
1417 3538 1685 3591 secundum
1710 3538 2011 3588 Matthenm.

666 3641 862 3698 Diebus
907 3644 1032 3717 illis,
1062 3644 1197 3701 dixit
1223 3645 1476 3699 Dominus
1503 3644 1661 3701 Iesus
1707 3640 1984 3711 discipulis
2030 3638 2181 3692 suis:

589 3734 752 3790 Scitis
781 3739 901 3805 quia
937 3749 1054 3806 post
1087 3738 1305 3793 biduum
1330 3738 1531 3797 Pascha
1563 3737 1770 3793 liet.....
1804 3732 2061 3792 tumultus
2094 3733 2186 3788 lie-

592 3836 673 3881 ret
704 3828 753 3882 in
778 3831 1094 3903 populo.....
1132 3830 1350 3899 (Matth.
1385 3848 1533 3901 xxvi,
1563 3832 1647 3907 2.)

952 3939 1137 3985 NOTAE
1168 3941 1248 3983 ΕΤ
1279 3941 1818 3987 οΒεΕΒνΑΤΙοΝιςς.

659 4014 923 4075 Numerus
973 4021 1284 4093 marginalis
1324 4022 1476 4081 deest
1519 4022 1569 4081 in
1608 4022 1777 4079 tribus
1830 4022 2017 4092 primis
2055 4025 2185 4087 heb-

591 4105 832 4166 domadas
879 4119 1083 4167 sancta:
1120 4110 1286 4177 feriis,
1342 4113 1396 4168 in
1432 4112 1624 4182 quibus
1682 4116 1833 4173 union
1892 4116 2075 4175 Lectio
2116 4119 2183 4181 ad

590 4198 897 4266 Matutinus,
925 4202 1083 4261 nulla:
1111 4204 1176 4259 ad
1205 4205 1421 4261 missam
1455 4207 1812 4280 assignantur.
1845 4209 1993 4267 Nulla
2022 4212 2184 4269 etiam

591 4294 748 4348 inissa
770 4293 851 4347 his
878 4294 1066 4352 diebus
1091 4304 1266 4353 exstat
1291 4296 1343 4355 in
1367 4296 1722 4369 Muzuruhico,
1741 4315 1915 4373 neque
1940 4303 2098 4365 etiam
2132 4304 2183 4361 iu

591 4384 886 4441 Gallicana.
923 4386 1264 4447 ilebdomada
1289 4398 1507 4449 Vocatur
1536 4393 1862 4459 authentico.
1898 4401 1953 4450 ut
1986 4393 2183 4467 passim

589 4479 728 4548 apud
763 4478 1113 4549 Amalarium,
1162 4482 1401 4551 aliosque
1458 4500 1633 4543 rerum
1686 4486 2178 4549 ecclesiasticarum

588 4572 893 4640 scriptorcs.
950 4572 1289 4644 Evangeliutn
1324 4574 1481 4651 129
1523 4576 1668 4639 ferite
1697 4577 1897 4644 quinta:
1928 4578 2180 4633 mutilum

588 4671 670 4723 est
697 4663 747 4717 in
777 4664 968 4721 Codice
998 4678 1200 4731 nostro,
1232 4670 1483 4737 quoniam
1517 4669 1741 4729 avulsus
1773 4680 1851 4729 est
1887 4683 2023 4729 unus
2050 4684 2180 4739 qua-

588 4758 797 4829 ternio,
851 4760 902 4815 in
951 4776 1058 4831 quo
1100 4761 1433 4823 habebantur
1488 4762 1769 4820 Lectiones
1841 4763 1905 4821 ad
1953 4765 2171 4825 missam

586 4848 764 4906 Cinna:
794 4851 1022 4921 Domini,
1053 4862 1105 4908 et
1145 4853 1210 4911 ad
1234 4854 1519 4913 Matutinus
1549 4854 1693 4913 ierim
1723 4865 1906 4923 sextte,
1942 4867 1998 4917 tit
2027 4856 2181 4915 colli-

584 4944 758 5013 gimus
801 4959 863 5001 ex
894 4960 1061 5001 vacuo
1099 4945 1297 5011 duplici
1342 4961 1587 5019 numero,
1619 4955 1673 5000 et
1703 4961 1767 5005 ex
1794 4951 2037 5017 sequenti
2072 4968 2170 5008 uu-

586 5050 735 5089 tnero
756 5030 846 5101 '57,
875 5038 961 5104 qui
997 5037 1047 5089 in
1073 5035 1250 5093 ol'llcio
1292 5037 1543 5095 secunda:
1575 5037 1719 5095 horae
1748 5040 1812 5095 ad
1843 5055 1991 5105 oram
2023 5045 2178 5101 Codi—

588 5124 665 5183 cis
694 5126 997 5193 apponitur.
1060 5126 1115 5185 In
1166 5127 1342 5187 triduo
1388 5139 1512 5189 ante
1539 5127 1741 5189 Pascha
1792 5132 1856 5191 ad
1885 5133 2178 5197 Matutinus

586 5230 693 5275 non
744 5217 1080 5287 legebantur,
1133 5228 1189 5275 ut
1231 5218 1412 5285 modo,
1443 5220 1686 5279 Jeremiae
1720 5222 2171 5293 Lamentationes,

584 5307 677 5369 sed
730 5323 828 5369 una
862 5310 1017 5367 lectio
1043 5324 1106 5367 ex
1141 5310 1461 5382 praemissis;
1506 5329 1607 5371 nec
1634 5316 1811 5384 passio
1840 5316 2039 5378 Christi
2066 5319 2172 5374 Do—

585 5402 715 5461 tniui
742 5413 865 5461 ante
904 5404 1089 5459 {etiam
1119 5416 1345 5465 sextam.

660 5494 942 5553 Dominicis:
982 5497 1148 5559 Coena
1186 5501 1315 5571 festo
1345 5510 1499 5563 vocat
1528 5502 1816 5574 Gregorius
1846 5504 1896 5573 in
1931 5504 2021 5561 lib.
2056 5520 2172 5568 vttt,

586 5604 704 5659 cap.
738 5589 825 5647 45.
867 5592 968 5649 Alii
1004 5591 1190 5649 Natale
1217 5595 1410 5657 colicis.
1455 5612 1559 5663 quo
1610 5596 1762 5659 titulo
1792 5597 1983 5655 Avitus
2014 5596 2176 5657 Vien-

587 5680 769 5737 nensis
802 5683 1026 5749 pomifer
1069 5700 1368 5745 sermonem
1404 5687 1605 5748 habuit.
1639 5685 1791 5754 cujus
1833 5684 2042 5754 aliquot
2070 5686 2175 5747 ira-

586 5782 802 5847 gtneuta
848 5776 926 5833 vir
975 5776 1043 5833 cl.
1075 5776 1305 5837 Jacohus
1327 5778 1648 5837 Sirtttundus
1676 5776 1928 5845 vulgavit,
1963 5776 2174 5851 insigne

589 5875 674 5931 est
715 5881 824 5939 prae
870 5870 1080 5929 caeteris
1130 5870 1485 5933 l'ragumntum
1534 5870 1771 5933 tertium.
1822 5868 1874 5929 iu
1922 5885 2030 5945 quo
2060 5870 2174 5931 haec

590 5959 782 6015 verba:
815 5978 833 6011 ι
864 5960 1184 6030 [inpleturus
1204 5959 1532 6027 Redemptor
1563 5970 1745 6015 noster
1772 5974 2171 6021 sacramentum

2294 2016 2533 2071 reditatis
2566 2018 2815 2087 indeptae.
2869 2017 3004 2072 Illud
3041 2028 3122 2074 est
3154 2020 3424 2085 videlicet,
3454 2020 3598 2091 quod
3631 2026 3901 2077 cinnami-

2292 2109 2390 2164 bus
2420 2111 2678 2177 apostolis
2710 2113 2899 2166 mtcrni
2932 2113 3201 2167 libaminis
3234 2114 3476 2168 ordinem
3525 2117 3898 2171 consecravit.

2290 2201 2470 2271 Itaque
2498 2202 2760 2267 videmus,
2800 2202 2939 2272 quod
2974 2203 3101 2256 nihil
3131 2202 3284 2258 nobis
3315 2203 3384 2259 de
3412 2203 3737 2259 substantia
3792 2206 3898 2275 plc-

2294 2292 2535 2347 nitudine
2582 2291 2791 2361 minuit,
2837 2296 2925 2363 qui
2959 2294 3100 2363 quod
3134 2309 3227 2363 pro
3260 2293 3417 2349 nobis
3464 2297 3787 2365 assumpsit,
3824 2308 3901 2350 to-

2292 2396 2403 2440 tum
2437 2386 2590 2440 nobis
2619 2386 2855 2456 reliquit.
2889 2387 2992 2441 Alii
3026 2387 3329 2442 haeredibus
3353 2388 3466 2442 suis
3496 2403 3590 2441 sua
3622 2386 3901 2455 tribuunt;

2292 2477 2381 2531 ille
2429 2478 2811 2547 semetipsum,
2861 2478 2909 2531 id
2946 2488 3029 2533 est
3058 2494 3275 2533 carnem
3310 2478 3391 2531 vel
3422 2478 3747 2548 sanguinem
3787 2496 3903 2535 cur-

2293 2568 2437 2638 poris
2466 2569 2569 2623 sui.
2608 2588 2627 2620 ι
2670 2572 2843 2624 Aurea
2903 2572 3086 2642 verba,
3120 2586 3215 2625 nec
3242 2571 3417 2625 minus
3443 2570 3548 2626 llde
3574 2587 3744 2644 quam
3778 2589 3902 2629 con-

2292 2662 2555 2717 solatione
2585 2662 2760 2731 plena.

2349 2751 2614 2828 [XXXVL
2655 2769 2894 2811 LIGBNDA
2939 2769 3004 2807 ιιι)
3045 2767 3351 2807 ιιΑσι-οτικοε
3388 2767 3441 2808 ut
3480 2760 3851 2810 transactum.

2781 2842 3100 2907 Evangelium
3135 2842 3415 2906 Johannis.)

2365 2962 3893 2984 Olooesoeeoaoo-e-Oeoeeoo~00

2384 3019 2674 3074 hominem.
2703 3018 2906 3073 Deinde
2926 3017 3054 3073 dicit
3082 3021 3133 3073 ei
3162 3032 3301 3072 unus
3327 3032 3393 3072 ex
3423 3018 3596 3074 servis
3620 3017 3894 3087 pontiﬁcis

2290 3119 2550 3181 cognatus
2610 3110 2755 3179 eius,
2822 3109 2977 3180 cujus
3039 3108 3267 3165 abscidit
3317 3109 3504 3163 Petrus
3569 3111 3890 3164 auriculam.

2290 3202 2476 3258 Nonne
2518 3219 2620 3272 ego
2667 3213 2720 3258 te
2747 3203 2857 3257 vidi
2903 3206 2956 3257 in
2986 3212 3104 3256 ortu
3150 3216 3272 3257 cum
3320 3202 3454 3258 lllo?
3487 3202 3556 3256 Et
3584 3213 3706 3271 post
3737 3203 3894 3273 pusil.

2214 3323 2261 3387 ο
2294 3298 2403 3352 lum
2431 3296 2698 3367 (Μαιιιι.),
2754 3305 3096 3350 accesserunt
3124 3294 3212 3361 qui
3243 3296 3477 3358 stabant.
3526 3305 3582 3350 et
3628 3297 3889 3351 dixerunt

2236 3435 2248 3443 .
2300 3391 2459 3461 13o
2491 3389 2647 3442 Petro
2676 3405 2689 3443 :
2723 3390 2859 3444 Vere
2883 3399 2939 3443 et
2965 3398 3021 3443 tu
3051 3405 3113 3444 ex
3150 3389 3252 3443 illis
3292 3405 3383 3455 es,
3414 3406 3537 3445 nam
3583 3398 3639 3444 et
3679 3392 3895 3461 loquilla

2294 3490 2378 3534 tua
2425 3482 2763 3533 manifestum
2813 3490 2865 3536 te
2891 3481 3035 3536 facit.
3067 3480 3218 3535 Tunc
3243 3484 3407 3551 empit
3444 3482 3628 3553 jurare
3656 3491 3713 3537 et
3744 3485 3895 3539 dete-

2291 3581 2467 3637 atare,
2496 3572 2621 3640 quia
2656 3586 2759 3625 non
2793 3572 3030 3627 novisset
3061 3572 3356 3628 hominem.
3393 3574 3455 3632 Et
3487 3574 3752 3628 continuo
3778 3576 3891 3644 gai-

2293 3666 2377 3721 lus
2404 3667 2662 3721 cantavit.
2700 3666 2767 3719 Et
2795 3680 3091 3720 conversus
3119 3667 3378 3721 Dominus
3407 3665 3602 3721 Ihesus
3656 3668 3894 3734 respexit

2293 3760 2455 3816 Petro
2480 3760 2683 3829 (Lua).
2728 3760 2795 3813 Et
2823 3760 3136 3814 recordatus
3165 3770 3248 3815 est
3278 3759 3467 3816 Petrus
3496 3761 3647 3816 verbi
3684 3760 3893 3819 Domini

2293 3854 2418 3909 Iesu
2446 3856 2586 3925 quod
2620 3854 2835 3908 dixerat
2862 3872 2874 3906 :
2907 3853 3221 3924 Priusquam
3265 3854 3434 3924 gallus
3459 3864 3661 3917 cantet.
3692 3864 3777 3909 ter
3808 3869 3889 3909 me

2292 3949 2534 4019 negabis.
2577 3948 2641 4001 Et
2668 3962 2921 4018 egressus
2950 3948 3096 4003 foras
3124 3948 3270 4002 llevit
3302 3963 3484 4002 amare
3513 3948 3785 4018 (Matth).

2382 4038 2649 4096 XXXVII.
2701 4053 2943 4096 nosnos
2986 4056 3051 4093 AD
3089 4055 3325 4095 SECUNDA
3365 4056 3415 4095 ut
3455 4055 3818 4097 ranascnven.

2854 4131 3010 4180 Esaite
3036 4133 3325 4195 praphetue.

2361 4214 2500 4270 Ecce
2533 4214 2796 4284 intellegit
2822 4229 3011 4270 servus
3039 4230 3211 4279 meus,
3242 4226 3297 4269 et
3326 4216 3668 4279 exaltabitur,
3695 4225 3747 4269 et
3775 4217 3881 4268 ele-

2290 4309 2523 4374 vabitur,
2574 4316 2626 4362 et
2668 4307 2918 4361 sublimia
2958 4306 3083 4370 erit,
3106 4316 3235 4372 etc.,
3268 4323 3427 4377 usque
3460 4307 3562 4361 Pro
3593 4316 3877 4377 tran~gres

2287 4403 2500 4457 auribus
2522 4402 2714 4456 oravit.
2742 4400 2878 4471 (ita.
2903 4416 2999 4468 LII,
3022 4401 3109 4467 13,
3143 4417 3300 4472 usque
3322 4416 3439 4468 un,
3457 4401 3553 4489 β,
3584 4402 3883 4471 quibusdem

2291 4491 2541 4562 omissis.)

2531 4599 2774 4643 LEGBNDA
2815 4600 2883 4645 AD
2921 4599 3159 4641 ςιαυιιω
3196 4600 3249 4641 IN
3286 4595 3653 4647 PABASC‘V‘J.

2802 4676 3126 4743 Evangeliutu
3152 4678 3267 4733 Matt
3280 4680 3395 4731 ἢεί.

2362 4759 2519 4821 Mane
2548 4769 2724 4817 autem
2753 4761 2914 4826 iactu,
2945 4763 3227 4819 consilium
3261 4764 3496 4821 inierunt
3524 4778 3717 4818 omnes
3744 4762 3879 4835 prin-

2297 4851 2445 4923 cipes
2485 4854 2822 4910 sacerdotum
2854 4865 2909 4915 et
2934 4856 3174 4912 seniores
3201 4856 3380 4928 populi
3417 4854 3673 4912 adversus
3709 4854 3880 4913 Durni-

2290 4961 2414 5003 uum
2451 4945 2655 5014 lusum,
2711 4958 2765 5005 ut
2792 4963 2930 5005 eum
2957 4950 3116 5004 morti
3164 4949 3481 5009 traderent;
3513 4960 3565 5003 et
3597 4949 3829 5004 vinctum
3854 4961 3880 5002 a

2288 5038 2487 5113 Caiplta
2516 5040 2853 5103 adduxerunt
2873 5055 3019 5107 eum,
3044 5051 3095 5096 et
3121 5041 3453 5101 tradiderunt
3482 5040 3672 5096 Pontio
3696 5040 3878 5119 Pylato

2288 5130 2523 5201 praesidi.
2558 5131 2708 5188 Tunc
2755 5130 2938 5186 videns
2967 5130 3133 5189 Judas
3182 5132 3272 5201 qui
3306 5147 3427 5186 eum
3480 5129 3699 5184 tradidit
3743 5129 3875 5205 quod

2281 5217 2567 5275 damnatus
2606 5231 2769 5288 esset,
2806 5222 3115 5293 pmnitentia
3155 5225 3349 5283 ductus
3408 5222 3613 5278 rettulit
3656 5222 3874 5294 treginta

2280 5321 2563 5379 argenteos
2621 5314 2955 5387 principibus
3022 5317 3364 5377 sacerdotum
3414 5324 3471 5377 et
3537 5314 3875 5379 senioribuS.

2280 5401 2503 5461 dicens:
2548 5405 2767 5462 Peccavi
2821 5417 3035 5467 tradens
3082 5411 3393 5479 sanguinem
3437 5411 3667 5482 justum.
3714 5412 3781 5465 At
3807 5407 3873 5461 illi

2279 5496 2528 5561 dixerunt
2577 5518 2589 5553 :
2638 5500 2778 5567 Quid
2826 5502 2890 5555 ad
2941 5502 3072 5561 nos?
3125 5512 3180 5561 tu
3232 5504 3451 5563 videris.
3515 5502 3582 5558 Et
3628 5500 3875 5573 proiectis

2278 5590 2548 5667 argenteis
2594 5590 2646 5651 in
2694 5593 2915 5661 templo,
2965 5595 3218 5663 recessit;
3268 5608 3320 5650 et
3369 5594 3556 5649 abiens
3600 5595 3796 5665 laqueo
3821 5607 3873 5646 se

2281 5683 2582 5752 suspendit.
2648 5684 2924 5753 Principes
2986 5698 3165 5741 autem
3234 5685 3575 5749 sacerdotum
3646 5682 3873 5753 acceptis

2276 5777 2542 5851 argenteis
2565 5776 2815 5844 dixerunt
2863 5792 2875 5831 :
2924 5777 3040 5841 Non
3076 5779 3197 5837 licet
3226 5794 3317 5837 eos
3350 5780 3562 5839 mittere
3605 5779 3659 5841 in
3688 5777 3869 5833 curita-

2279 5885 2415 5933 nan.
2447 5870 2567 5941 quia
2617 5868 2872 5945 precium
2936 5871 3211 5945 sanguinis
3251 5879 3354 5924 est.
3406 5870 3643 5926 Consilio
3696 5878 3867 5923 autent

2234 5965 2450 6032 'inito,
2495 5974 2740 6018 emerunt
2790 5980 2853 6017 ex
2905 5965 3008 6018 illis
3058 5980 3242 6035 agrum
3295 5963 3435 6034 tiguli
3502 5963 3556 6017 in
3597 5962 3864 6034 sepultura
