4048 6350
225 403 367 506 ἰεθ
1293 439 1387 499 nn
1429 438 1758 518 munem
1798 435 2191 496 excusans
2229 434 2434 494 uasa
2475 431 2574 490 tt.
3427 417 3536 482 490

251 563 662 636 peregrinorum
704 575 718 612 :
767 565 985 631 promer
1033 555 1133 616 hoc
1185 567 1404 610 vocatus
1447 553 1531 610 est
1575 569 1700 628 ager
1748 552 1838 608 ille
1867 553 2253 612 Aaccusantes
2288 565 2410 606 eum
2477 545 2706 617 Spraevit
2732 551 2906 599 autem
2954 541 3104 597 illum
3133 536 3375 595 Herodes
3403 550 3524 591 cum

255 630 678 718 Acheldemach,
723 630 864 720 quod
911 658 1010 714 est,
1064 663 1192 724 ager
1238 645 1534 718 sanguinis,
1583 659 1751 719 usque
1789 640 1842 700 in
1945 645 2182 704 exercito
2211 661 2328 711 suo,
2358 653 2411 698 et
2443 642 2647 706 inlusit,
2679 648 2732 695 et
2757 637 2939 694 induta
2964 644 3114 691 veste
3146 633 3286 699 alba,
3328 630 3539 686 remisit

215 745 574 824 .hodierttum
621 743 783 802 diem.
835 742 984 797 Tunc
1024 722 1298 813 impletum
1347 746 1432 793 est
1457 736 1598 807 quod
1643 735 1843 790 dictum
1945 740 2010 793 ad
2040 739 2305 818 Pylatum.
2355 739 2419 791 Et
2441 735 2562 800 facti
2604 742 2730 789 sunt
2757 730 2916 786 amici
2948 727 3185 784 Herodes
3235 732 3288 780 et
3319 722 3538 795 Pylatus

221 821 344 915 gest
383 852 482 916 per
507 833 834 902 Hieremiam
883 832 1200 902 Prophelam
1247 831 1552 888 dicentem:
1586 827 1650 883 Ει
1692 842 1844 884 8608-
1947 835 1997 889 in
2045 817 2155 910 ipsa
2201 832 2308 902 die,
2341 847 2461 886 nam
2516 839 2668 884 antea
2722 824 2920 882 inimici
2969 830 3122 878 erant
3169 819 3235 874 ad
3281 817 3533 872 invicem.

215 907 454 1016 :peru'nt
523 927 751 1003 treginta
817 919 1122 1002 argenteas,
1196 924 1440 996 praetium
1511 919 1843 989 adpraeciati,

1952 907 2162 1000 Pylatus
2208 933 2383 979 autem
2429 920 2737 978 convocatis
2781 916 3115 988 principibus
3172 907 3535 968 sacerdotum,

227 1011 417 1098 _quem
457 1020 922 1094 adpmciaverunt
963 1032 990 1072 a
1040 1016 1164 1071 ﬁliis
1213 1012 1433 1080 Israhel,
1480 1021 1532 1068 et
1580 1011 1846 1066 dederunt

251 1129 354 1176 eos
391 1112 444 1172 in
472 1128 658 1190 agrum
695 1110 860 1188 figuli,
893 1108 1032 1165 sicut
1079 1107 1208 1168 mihi
1239 1105 1493 1161 Dominus
1545 1103 1840 1158 constituit.

251 1207 413 1278 Jesus
462 1215 639 1260 autem
683 1205 832 1262 stetit
875 1212 1000 1262 ante
1042 1200 1358 1269 praesidem,
1404 1205 1459 1251 et
1500 1194 1847 1266 interrogavit

249 1314 379 1356 eum
424 1312 620 1368 praeses
647 1294 832 1350 dicens
863 1311 876 1346 :
911 1293 990 1347 Tu
1035 1307 1094 1346 es
1123 1305 1214 1345 rex
1238 1289 1545 1369 Judzeoriim
1569 1287 1592 1340 ’ἒ
1617 1279 1770 1341 Dicit
1794 1285 1844 1339 ei

250 1391 514 1448 Dominus
559 1389 715 1446 Jesus
763 1405 779 1444 :
823 1385 904 1442 Tu
953 1385 1106 1441 dicis.
1148 1383 1216 1438 Et
1258 1398 1378 1440 cum
1426 1390 1773 1436 accusaretur
1814 1392 1843 1431 a

251 1483 582 1560 principibus
626 1481 961 1536 sacerdotum
1006 1489 1057 1536 et
1101 1475 1428 1539 senioribus,
1456 1471 1585 1526 nihil
1630 1484 1846 1539 respon-

251 1576 354 1633 dit.
404 1576 552 1634 Tunc
588 1573 717 1631 dicit
762 1573 841 1627 illi
871 1571 1087 1642 Pylatus
1122 1588 1134 1624 :
1167 1568 1284 1623 Non
1324 1563 1474 1620 audis
1513 1573 1709 1636 quanta
1751 1561 1846 1618 ad-

254 1684 471 1730 versum
520 1677 569 1722 te
608 1666 793 1726 dicunt
837 1661 1180 1724 testimonia?
1217 1660 1280 1715 Et
1327 1675 1431 1728 non
1474 1656 1749 1724 respondit
1794 1654 1842 1709 ei

253 1761 324 1817 ad
372 1761 516 1831 illum
564 1759 827 1826 verbum,
885 1757 953 1812 ita
1001 1763 1060 1810 ut
1105 1754 1389 1812 miraretur
1439 1761 1641 1824 praeses
1682 1747 1847 1810 vehe-

249 1869 376 1908 men
386 1862 482 1907 ter.

332 1967 489 2042 l3],
542 1964 821 2034 Principes
862 1971 1043 2022 autem
1096 1958 1435 2022 sacerdotum
1473 1953 1685 2028 (δοαη.)
1737 1933 2258 2006 ttouBseditionem
2309 1941 2579 2015 quandam
2629 1941 2818 1994 factam
2873 1936 2926 1990 in
2973 1931 3188 1989 civitate

237 2058 577 2124 introierunt
623 2056 677 2112 in
722 2053 1016 2130 praetorio,
1067 2059 1124 2110 ut
1165 2064 1272 2106 nou
1326 2046 1841 2108 contaminarentur,

235 2153 347 2217 sed
395 2151 777 2214 manducamus
827 2149 1046 2223 pascha.
1091 2146 1280 2206 Exivit
1325 2157 1456 2216 ergo
1504 2142 1719 2218 Pylatos
1775 2140 1842 2200 ad

239 2262 346 2310 eos
369 2248 533 2317 (om,
560 2253 620 2312 et
655 2244 798 2302 dixit
823 2258 843 2300 δ
871 2243 1039 2312 Quam
1072 2241 1468 2308 accusationem
1518 2238 1721 2304 alienis
1745 2236 1841 2296 ad-

243 2355 439 2404 versus
461 2339 732 2399 hominem
762 2338 935 2400 hunc?
960 2335 1374 2406 Responderunt
1399 2342 1453 2390 et
1479 2333 1731 2390 dixerunt
1756 2331 1837 2388 ei:

227 2433 309 2494 δι
337 2446 442 2492 non
475 2440 616 2494 esset
658 2430 746 2488 hic
775 2428 1104 2494 malefactor,
1155 2442 1259 2496 non
1307 2425 1402 2484 tibi
1426 2425 1841 2488 tradidissemos

245 2538 397 2584 eum.
445 2523 587 2590 Dixit
630 2535 756 2596 ergo
797 2521 878 2582 eis
902 2519 1119 2594 Pylatus
1149 2535 1164 2574 :
1195 2517 1438 2586 Accipite
1487 2532 1608 2570 eum
1640 2531 1754 2578 vos.
1789 2523 1842 2572 et

241 2617 546 2682 secundum
603 2614 773 2686 legem
822 2622 1054 2676 vestram
1107 2610 1342 2684 iudicate
1391 2624 1534 2665 eum.
1586 2608 1847 2666 Dixerunt

245 2725 382 2780 ergo
427 2708 476 2770 ei
518 2706 689 2772 Judaei
733 2724 746 2761 :
792 2705 953 2764 Nobis
995 2719 1104 2764 non
1155 2703 1280 2763 licet
1335 2701 1636 2760 interficere
1680 2715 1849 2770 quen-

247 2817 434 2872 quam.
470 2800 535 2860 Ut
563 2814 744 2860 sermo
771 2796 976 2862 Domini
1003 2796 1167 2854 chsu
1213 2797 1524 2864 impleretur
1551 2809 1711 2865 quem,
1766 2792 1845 2850 di-

249 2895 357 2963 xit,
391 2891 702 2964 significans
729 2906 830 2960 qua
863 2901 1035 2954 morte
1062 2899 1203 2948 esset
1235 2889 1547 2952 moriturus.
1603 2885 1848 2944 Introibit

245 3000 382 3058 ergo
425 2982 616 3048 itermn
667 2983 974 3053 praetorium
1025 2981 1278 3054 Pylatus,
1311 2987 1366 3036 ct
1416 2980 1627 3038 vocavit
1673 2977 1737 3042 ad
1787 2991 1847 3032 se

247 3075 536 3134 Dominum
563 3075 806 3138 Jhe>um,
831 3084 883 3130 et
913 3073 1046 3130 dixit
1068 3072 1119 3130 ei
1143 3091 1156 3124 :
1185 3071 1264 3126 Tu
1285 3086 1344 3130 es
1370 3070 1480 3126 Rex
1503 3069 1848 3130 Judzcornm?

248 3167 323 3224 Et
353 3165 626 3238 rtsppndit
651 3168 696 3224 ei
721 3165 976 3224 Dominus
1001 3164 1283 3224 .lhesus:A
1315 3161 1594 3230 tetnetipso
1627 3161 1729 3216 hoc
1758 3162 1844 3218 di.-
1909 3223 1911 3225 _

249 3260 356 3324 cis,
388 3273 453 3311 an
485 3257 570 3312 alii
605 3256 696 3314 tibi
726 3255 977 3316 dixerunt
1003 3255 1071 3310 de
1103 3256 1221 3310 me?
1268 3251 1562 3321 Respondit
1594 3249 1839 3324 Pylattts:

1946 999 2004 1074 et
2030 1017 2428 1088 magistratibus
2451 1015 2608 1088 132
2633 1023 2688 1069 et
2714 1010 2888 1082 plebe,
2914 1007 3049 1062 dixit
3079 1004 3146 1059 ad
3174 1003 3295 1058 illos
3325 1019 3339 1053 :
3370 999 3539 1056 Obtu-

1946 1109 2082 1165 listis
2113 1109 2237 1163 mihi
2263 1110 2404 1169 hunc
2426 1107 2698 1162 hominem
2723 1105 2870 1174 quasi
2902 1107 3233 1155 avertentem
3259 1094 3510 1163 populum

1947 1213 2000 1259 et
2027 1218 2150 1260 ecce
2180 1217 2279 1273 ego
2307 1215 2490 1255 coram
2515 1199 2666 1253 vobis
2702 1198 3041 1264 interrogans
3088 1190 3290 1261 nullam
3319 1198 3534 1238 causam

1946 1296 2156 1352 invenio
2185 1295 2238 1350 in
2283 1293 2499 1349 homine
2535 1294 2636 1347 isto
2674 1306 2738 1346 ex
2778 1290 2883 1355 his,
2915 1290 2966 1341 in
2992 1284 3185 1356 quibus
3215 1296 3336 1337 eum
3375 1292 3538 1333 accu-

1947 1390 2124 1442 sastis.
2152 1387 2259 1443 Sed
2288 1400 2460 1455 neque
2481 1383 2740 1438 Herodes.
2763 1381 2895 1436 Nam
2922 1377 3128 1435 remisit
3155 1389 3277 1430 eum
3311 1370 3376 1425 ad
3409 1382 3534 1424 nos:

1946 1489 1995 1532 et
2029 1493 2153 1532 ecce
2174 1477 2390 1546 dignum
2422 1474 2577 1529 morti
2612 1472 2740 1532 nihil
2772 1481 2950 1538 aptum
2983 1476 3064 1522 est
3085 1465 3154 1522 ei.
3181 1460 3537 1518 Emendatum

1945 1585 2074 1642 ergo
2122 1571 2267 1626 illum
2316 1567 2604 1628 dimittam.
2677 1565 2778 1620 Per
2820 1563 2960 1618 diem
3009 1566 3185 1614 autem
3236 1555 3532 1610 solemnem

1950 1660 2190 1738 (Matt/1.)
2220 1668 2572 1716 consueverat
2613 1671 2816 1731 przcses
2842 1654 3112 1710 dimittere
3141 1650 3338 1719 popqu
3367 1657 3536 1699 unum

1946 1737 2178 1812 vinctum
2202 1771 2359 1824 quem
2389 1755 2703 1808 voluissent.
2741 1749 3018 1805 ilabehant
3045 1752 3223 1799 autem
3263 1752 3391 1793 tunc
3416 1737 3536 1791 vin-

1947 1859 2090 1906 ctum
2119 1850 2402 1922 insignem,
2436 1849 2523 1922 qui
2558 1847 2837 1902 dicebatur
2870 1840 3156 1898 Barabbas.
3188 1835 3286 1902 Qui
3317 1837 3538 1904 propter

3237 1926 3440 2000 (Lua),
3483 1928 3540 1978 et

1949 2034 2318 2100 homicidium,
2353 2035 2548 2090 missus
2577 2031 2750 2088 fuerat
2790 2031 2843 2085 in
2869 2039 3163 2083 carcerem.
3190 2015 3540 2091 Congregatis

1949 2143 2074 2198 ergo
2099 2126 2202 2182 illis
2232 2126 2497 2198 (Malum),
2521 2125 2650 2179 dicit
2674 2124 2890 2195 Pylatus
2917 2139 2930 2174 :
2959 2120 3129 2188 Quem
3161 2113 3323 2168 vultis
3353 2108 3537 2165 dimit-

1948 2227 2056 2279 tam
2100 2218 2271 2283 vobis,
2317 2217 2614 2282 Barabban,
2657 2231 2722 2270 an
2759 2216 2981 2271 Jhesum
3024 2210 3111 2280 qui
3152 2207 3349 2262 dicitur
3384 2201 3540 2255 Chri-

1939 2311 2096 2367 ’διιιεῖ
2121 2311 2333 2374 Sciebat
2380 2310 2520 2366 enim
2566 2308 2706 2378 quod
2753 2323 2844 2377 per
2892 2304 3142 2359 invidiam
3190 2295 3538 2353 tradidissent

1947 2417 2090 2456 eum.
2134 2403 2368 2457 Sa-dente
2400 2409 2576 2460 autem
2607 2401 2701 2454 illo
2735 2414 2831 2468 pro
2865 2394 3134 2458 tribunali,
3165 2391 3308 2445 misit
3349 2387 3416 2441 ad
3468 2383 3534 2438 il-

1948 2496 2057 2548 lunt
2091 2511 2221 2549 uxor
2245 2494 2360 2568 ejus
2402 2494 2586 2548 dicens
2619 2508 2632 2544 :
2661 2491 2803 2546 Nihil
2834 2488 2926 2544 tibi
2953 2495 3007 2543 et
3032 2487 3174 2556 justo
3221 2481 3318 2548 illi,
3363 2477 3530 2534 multa

1949 2587 2089 2642 enim
2117 2602 2275 2660 passa
2305 2600 2422 2640 sum
2455 2584 2613 2639 hodie
2643 2598 2735 2654 per
2764 2584 2932 2638 visum
2965 2590 3182 2651 promer
3212 2591 3356 2630 eum.
3389 2570 3538 2632 l.’rln-

1948 2675 2094 2745 cipes
2142 2685 2318 2735 autem
2371 2677 2708 2732 sacerdotum
2757 2683 2812 2729 et
2857 2673 3099 2729 seniores
3152 2672 3536 2740 persuaserunt

1951 2771 2144 2838 pupuio
2189 2779 2244 2823 ut
2283 2778 2526 2842 peterent
2566 2767 2862 2832 Barabban,
2903 2765 3121 2819 Jhesum
3163 2774 3291 2816 vero
3336 2755 3528 2828 perde-

1950 2871 2090 2920 rent.
2122 2863 2472 2932 Respondeas
2495 2872 2670 2918 autem
2701 2859 2885 2931 praesis
2916 2858 2990 2912 ait
3019 2856 3126 2910 illis
3157 2871 3170 2907 :
3212 2853 3379 2920 Quem
3415 2849 3538 2904 vul-

1952 2961 2017 3014 tis
2048 2961 2197 3014 vobis
2216 2959 2283 3014 de
2308 2957 2511 3012 duobus
2539 2953 2774 3010 dimitti?
2805 2953 2870 3010 At
2899 2950 2977 3006 illi
3004 2947 3293 3004 dixerunt!
3323 2941 3526 2997 Barab-

1953 3054 2076 3106 han.
2111 3052 2247 3106 Dicit
2278 3051 2384 3108 illis
2408 3051 2622 3122 Pylatus
2653 3045 2826 3116 :Quid
2855 3045 3013 3115 igitur
3044 3040 3231 3096 faciam
3261 3038 3328 3092 de
3384 3035 3538 3100 hesu,

1951 3145 2038 3224 qui
2087 3146 2278 3220 dicitur
2303 3143 2594 3202 Christus?
2653 3141 2843 3196 Dicunt
2890 3150 3078 3194 omnes
3121 3127 3538 3197 :Cruciiigatur.

1954 3215 2041 3290 Ᾱὶι
2073 3217 2176 3290 illis
2209 3234 2370 3292 tertio
2397 3234 2586 3304 praesis
2618 3230 2795 3304 (Lua)
2824 3249 2834 3281 :
2869 3227 3004 3300 Quid
3036 3224 3178 3281 enim
3213 3221 3349 3275 male
3377 3215 3539 3273 fecit?

249 3309 520 3423 Numquid
563 3363 662 3421 ego
706 3348 920 3406 intimus
958 3309 1122 3402 sum?
1154 3309 1296 3404 Ceus
1344 3309 1430 3404 tua
1463 3351 1517 3400 et
1565 3309 1843 3411 pojtliiices
1872 3309 1919 3384 C
1952 3331 2146 3382 nullam
2194 3343 2410 3382 causam
2461 3325 2648 3379 mortis
2695 3323 2907 3377 invenio
2951 3320 3002 3376 in
3040 3332 3182 3372 eum.
3238 3311 3537 3381 Corripiam

249 3445 588 3504 tradiderunt
615 3453 668 3499 te
692 3444 840 3504 mihi.
866 3441 1003 3511 Quid
1034 3439 1238 3497 iecisti?
1269 3437 1564 3512 Respondit
1591 3433 1846 3492 Dominus

243 3534 450 3598 Jhesus
491 3552 504 3588 :
533 3534 774 3604 Regnum
816 3546 993 3590 meum
1027 3546 1131 3586 non
1163 3537 1244 3586 est
1284 3529 1349 3588 de
1380 3529 1480 3584 hoc
1515 3521 1738 3584 mundo.
1796 3521 1853 3580 Si

245 3628 325 3694 de
349 3627 450 3688 hoc
475 3626 676 3690 mundo
706 3634 847 3688 esset
871 3639 1091 3690 regnum
1126 3637 1325 3687 meum,
1357 3617 1586 3678 ministri
1613 3614 1721 3676 mei
1746 3613 1853 3670 titi-

242 3736 362 3796 ,que
389 3719 745 3784 decertarent,
779 3725 835 3778 ot
866 3731 971 3774 non
1023 3714 1261 3770 traderer
1283 3711 1486 3770 Judaais
1527 3728 1537 3762 :
1583 3722 1722 3762 nunc
1751 3722 1845 3764 an-

251 3821 366 3874 tem
391 3825 613 3884 regnum
643 3823 817 3868 meum
856 3823 961 3864 non
1007 3815 1090 3863 est
1119 3805 1261 3860 hinc.
1295 3803 1436 3858 Dixit
1467 3802 1643 3870 itaque
1674 3802 1720 3852 ei
1747 3798 1850 3872 Py-

252 3904 397 3964 lattts
425 3920 438 3956 :
472 3903 609 3972 Ergo
639 3915 732 3960 rex
783 3915 843 3956 es
876 3899 968 3956 tu?
1002 3896 1297 3968 Respondit
1329 3894 1586 3948 Dominus
1617 3891 1846 3946 Jhesus:

253 3995 337 4050 Tn
377 3994 531 4059 dicis,
560 3994 681 4063 quia
727 4007 817 4047 rex
849 4007 968 4046 sum
997 4005 1119 4069 ego.
1152 3990 1260 4058 Ego
1289 3990 1339 4048 in
1385 3987 1484 4046 hoc
1517 3993 1672 4041 natus
1703 3997 1844 4047 sum,

251 4099 311 4148 et
339 4089 405 4146 ad
443 4089 544 4145 hoc
581 4090 703 4145 veni
748 4089 800 4144 in
833 4088 1110 4156 mundum,
1145 4096 1202 4140 ut
1248 4083 1606 4141 testimonium
1662 4080 1847 4150 perhi-

251 4180 410 4237 beam
440 4178 672 4236 veritati.
701 4178 889 4234 Omnis
919 4178 1006 4248 qui
1044 4185 1128 4233 est
1166 4191 1233 4232 ex
1279 4177 1529 4242 veritate,
1574 4173 1723 4228 audit
1754 4189 1846 4227 vo-

250 4287 375 4336 cem
404 4287 599 4328 meam.
632 4272 771 4327 Dicit
814 4273 860 4326 ei
890 4270 1146 4344 Pylatus:
1197 4267 1335 4337 Quid
1383 4278 1466 4328 est
1504 4267 1737 4322 veritas?
1781 4266 1848 4320 Et

249 4364 378 4422 haec
402 4378 522 4420 cum
553 4363 793 4430 dixisset,
823 4363 1015 4418 iterum
1051 4361 1214 4416 exivit
1240 4361 1457 4433 Pylatus
1489 4358 1629 4414 foras
1657 4358 1722 4412 ad
1751 4356 1848 4412 Ju-

249 4453 428 4521 daaos,
460 4460 518 4508 et
555 4451 690 4506 dixit
722 4452 800 4508 eis
835 4467 850 4505 :
902 4451 1011 4521 Ego
1044 4451 1242 4505 nullam
1288 4463 1501 4505 causam
1535 4447 1752 4504 invenio
1798 4447 1850 4502 in

253 4546 477 4603 homine
506 4547 628 4602 isto.

323 4660 394 4714 At
427 4659 501 4715 illi
541 4658 925 4715 iuvaliscebant
951 4657 1190 4712 dicentes
1214 4656 1430 4729 (Luc.):
1465 4653 1617 4710 llunc
1646 4653 1851 4710 inveni-
1871 4688 1888 4729 ι

251 4763 376 4808 mus
405 4749 804 4805 subvertentem
830 4755 1043 4822 gentem
1077 4756 1315 4803 nostram
1337 4789 1352 4813 ,
1383 4757 1439 4801 et
1467 4746 1841 4818 prohibentem

250 4839 454 4900 tributa
484 4839 611 4895 dare
637 4839 860 4906 Caesari,
891 4849 946 4895 et
973 4841 1238 4898 dicentem
1271 4855 1330 4898 se
1360 4837 1632 4902 Christum
1666 4856 1846 4914 regem

250 4948 399 4989 esse.
447 4932 748 4987 Commovit
793 4933 1045 5008 populum
1072 4974 1088 4998 ,
1151 4932 1353 4988 docens
1400 4948 1492 5004 per
1538 4932 1847 4989 universam

250 5027 517 5095 Iudaeam,
561 5034 614 5081 et
644 5027 903 5096 incipiens
951 5043 980 5082 a
1011 5026 1226 5082 Galilzea
1277 5041 1443 5100 usque
1471 5027 1596 5083 huc.
1630 5025 1848 5098 Pylatus

251 5127 435 5173 autem
479 5118 704 5173 audiens
736 5117 1032 5194 Galilrram,
1068 5120 1412 5190 interrogavit
1442 5120 1488 5174 si
1516 5121 1674 5173 homo
1705 5118 1847 5190 Gali-

247 5209 389 5267 imus
427 5218 594 5265 esset.
646 5212 705 5264 Et
751 5221 809 5266 ut
849 5213 1104 5282 Cognovit
1138 5212 1280 5282 quod
1317 5215 1384 5268 de
1424 5197 1662 5270 Herodes
1693 5225 1844 5285 pote-

251 5300 606 5376 state'esset,
652 5309 857 5362 remisit
909 5324 1030 5362 eum
1072 5308 1138 5363 ad
1183 5309 1464 5377 Herodem,
1497 5312 1584 5381 qui
1636 5320 1691 5364 et
1731 5291 1846 5377 ipse

245 5397 644 5469 Hierosolymis
691 5409 808 5454 erat
853 5401 905 5454 in
951 5399 1056 5454 illis
1105 5400 1315 5464 diebus.
1383 5385 1624 5458 Herodes
1667 5411 1844 5456 autem

249 5493 373 5547 viso
403 5489 631 5545 Domino
660 5488 849 5557 Jhesu,
897 5492 1110 5563 gavisus
1165 5501 1245 5546 est
1303 5493 1478 5547 valde.
1527 5493 1651 5547 Erat
1701 5491 1851 5546 enim

250 5585 478 5653 cupiens
527 5601 594 5641 ex
636 5587 806 5642 multo
857 5595 1099 5658 tempore
1141 5587 1311 5642 vidire
1364 5602 1526 5650 eum,
1579 5603 1643 5641 eo
1699 5587 1841 5656 quod

249 5675 464 5730 audiret
501 5677 672 5750 multa
711 5677 778 5731 de
823 5678 938 5741 illo,
981 5689 1033 5732 et
1075 5679 1324 5748 spt'rabat
1369 5679 1578 5748 signum
1626 5677 1841 5745 aliquod

243 5769 428 5824 ‘vidire
471 5763 539 5844 ab
585 5763 829 5826 collari.
869 5772 1222 5843 lnterrogmit
1259 5761 1436 5826 autem
1473 5771 1619 5826 illmu
1662 5752 1843 5828 multis

253 5861 642 5920 sermonibus:
672 5873 728 5919 at
775 5865 888 5935 ipse
914 5864 1041 5919 nihil
1087 5865 1445 5946 respondebat
1493 5863 1589 5918 illi.
1620 5865 1845 5920 Stabant

253 5962 438 6012 autem
487 5955 754 6028 principes
803 5956 1140 6014 sacerdotum
1179 5955 1238 6012 et
1285 5957 1476 6012 scribae
1533 5961 1844 6013 constanter

1958 3439 2084 3496 ergo
2107 3424 2249 3476 illutn
2275 3432 2326 3477 et
2352 3421 2634 3478 dimittam.
2653 3418 2718 3470 At
2746 3416 2821 3469 illi
2854 3413 3019 3486 magis
3040 3410 3341 3466 clamabant
3363 3406 3541 3460 dicem

1962 3526 2080 3570 les:
2127 3513 2477 3590 Cruciligatur
2507 3508 2772 3588 (Matt/1.).
2841 3507 2905 3560 Et
2951 3502 3542 3590 iuvaliscebantuvoces

1959 3621 2144 3660 eorum
2169 3588 2370 3678 (Lua).
2406 3603 2601 3658 Videtis
2633 3611 2807 3660 autem
2836 3597 3049 3672 l’ylatus
3081 3591 3223 3664 quod
3256 3588 3383 3644 nihil
3416 3602 3540 3660 pro-

1960 3698 2136 3753 liceret
2162 3696 2426 3768 (Matt/1.),
2451 3695 2543 3749 sed
2575 3692 2740 3768 magis
2772 3689 3028 3744 tumultus
3057 3685 3209 3742 ﬁeret
3235 3682 3286 3736 in
3317 3679 3534 3750 populo,

1960 3803 2175 3866 accepta
2226 3805 2356 3868 aqua
2409 3787 2535 3847 lavit.
2567 3800 2778 3848 manus,
2812 3797 2994 3842 coram
3052 3777 3269 3849 populo,
3316 3775 3541 3828 dicens:

1959 3885 2220 3940 lnnocens
2251 3898 2348 3956 ego
2373 3897 2488 3937 sum
2538 3896 2566 3935 a
2613 3880 2871 3948 sanguine
2895 3874 3023 3950 justi
3057 3872 3229 3949 hujus.
3265 3869 3371 3924 Vos
3398 3868 3543 3922 vide<

1958 3979 2093 4034 ritis.
2117 3978 2192 4032 “Et
2221 3975 2548 4046 respondens
2580 3975 2858 4038 universus
2888 3970 3116 4045 populus
3143 3967 3301 4024 dixit:
3321 3963 3544 4036 Sanguis

1959 4070 2073 4146 tjus
2099 4085 2258 4138 super
2287 4085 2408 4136 nos,
2442 4078 2496 4130 et
2525 4083 2686 4137 super
2712 4066 2850 4123 illius
2892 4074 3125 4120 nostros.
3157 4061 3308 4119 Tunc
3337 4056 3544 4114 dimisit

1956 4163 2061 4219 illis
2104 4162 2412 4227 Barabban,
2447 4161 2665 4214 Jhesum
2715 4168 2892 4222 autem
2944 4155 3270 4230 ﬂagellatum
3321 4148 3516 4207 tradidi

1956 4259 2054 4327 eis,
2103 4263 2160 4310 ut
2186 4255 2609 4328 cruciﬁgeretur.

2140 4369 2428 4442 XXXVIII.
2479 4384 2722 4430 Laesum
2759 4382 2874 4428 IPSA
2914 4380 3002 4430 put
3042 4381 3108 4418 an
3146 4376 3339 4420 rasam

2389 4483 2558 4538 Lectio
2583 4485 2834 4536 Hierith
2858 4481 3128 4546 prophetae.

2025 4571 2164 4641 Quid
2193 4582 2276 4630 est
2323 4571 2463 4639 quod
2491 4569 2719 4625 dilectus
2767 4581 2918 4622 meus
2965 4567 3017 4619 in
3064 4565 3227 4619 domo
3271 4575 3390 4616 mea
3418 4559 3543 4616 fecit

1955 4664 2156 4724 scelera
2207 4662 2405 4720 multa?
2449 4672 2579 4724 etc.,
2624 4676 2782 4730 mque
2826 4657 3116 4725 Properate
3157 4655 3220 4710 ad
3269 4653 3541 4710 devoran-

1947 4756 2103 4814 dum.
2139 4753 2360 4827 (larem.
2390 4768 2466 4816 si,
2501 4751 2704 4814 lii-20;
2749 4765 2844 4814 xu,
2877 4747 3023 4815 7-9.)

2499 4859 2629 4900 ΙτΕΙ
2667 4859 2734 4898 ΑΙ)
2773 4854 2988 4896 τειιςιΑ.

2441 4935 2722 4998 Secundum
2746 4933 3041 4990 latthteut‘n.

2026 5025 2184 5098 133
2211 5022 2404 5084 Milites
2446 5019 2687 5090 [umidis
2718 5017 3071 5084 suscipientes
3101 5014 3378 5080 Dominum
3410 5012 3536 5077 διιε-

1950 5136 2068 5174 sum
2119 5120 2168 5172 iu
2203 5116 2532 5184 ριιηιιιινίιιιη,
2577 5119 3034 5187 congregaverant
3076 5107 3142 5170 ad
3176 5122 3300 5172 eum
3328 5108 3542 5166 universe

1958 5228 2072 5268 sam
2101 5211 2396 5280 cohortem,
2421 5219 2471 5263 et
2503 5217 2757 5272 exuentes
2785 5220 2907 5270 eum
2939 5201 3269 5280 vestimentis
3293 5200 3428 5266 spis,
3458 5199 3537 5252 in-

1957 5306 2187 5360 duerunt
2213 5318 2332 5356 cum
2358 5303 2575 5354 loricam
2603 5313 2943 5372 purpuream,
2970 5279 3021 5350 et
3052 5295 3331 5349 elauiidem
3362 5294 3536 5347 cocci-

1959 5413 2111 5454 ncam
2160 5391 2628 5450 circuuulederuut
2676 5392 2722 5447 ei
2774 5407 2788 5444 ε
2838 5400 2888 5444 ct
2943 5390 3230 5457 plectentos
3279 5402 3534 5440 coronant

1955 5492 2024 5546 de
2074 5491 2263 5560 spinis,
2294 5494 2585 5557 posuerunt
2607 5500 2764 5551 super
2788 5488 2944 5546 caput
2971 5481 3107 5546 eius,
3140 5481 3194 5532 et
3222 5479 3535 5535 arundinem

1920 5565 1927 5570 V
1957 5585 2010 5638 in
2038 5584 2254 5637 dextera
2285 5579 2420 5646 eius,
2457 5587 2509 5631 ct
2537 5592 2672 5647 genu
2698 5577 2836 5628 nexu
2885 5581 3008 5626 ante
3053 5588 3175 5626 eum
3226 5571 3538 5628 inludebant

1952 5679 1998 5732 ei
2028 5679 2266 5732 dicentes
2297 5693 2307 5726 :
2340 5673 2506 5737 Have,
2535 5687 2628 5724 rex
2663 5667 2990 5730 iudtcoruui,
3017 5677 3069 5722 et
3099 5669 3299 5722 dabant
3343 5667 3392 5723 ei
3423 5669 3534 5738 pal-

1953 5785 2067 5826 mas
2099 5787 2112 5824 :
2143 5783 2190 5823 et
2221 5779 2514 5836 etpueutes
2540 5765 2591 5815 in
2624 5779 2767 5824 etuu,
2795 5761 3122 5830 accipiebant
3154 5761 3531 5826 harundinem,

1953 5873 2006 5919 et
2056 5858 2430 5933 percucit-bant
2473 5866 2630 5924 caput
2674 5855 2808 5924 ejus.
2865 5859 3044 5911 Exivit
3096 5866 3274 5934 autem
3319 5853 3534 5929 Pylatus

1939 5953 2095 6010 foras
2125 5951 2354 6024 (leam),
2388 5961 2436 6007 et
2483 5949 2614 6004 dixit
2658 5944 2857 6003 Judaeis
2907 5967 2920 6004 :
2970 5951 3112 6004 Ecce
3152 5948 3359 6004 adduco
3409 5963 3531 6006 eum
