4048 6350
519 419 537 455 ι,
574 369 675 425 nu

1249 366 1594 426 APPENDIX
1632 366 1723 423 AD
1759 362 1993 424 OPERA
2028 356 2276 419 SANCTI
2315 361 2623 422 GERMANI
2661 361 3111 421 P-ARISIENSIS.
3766 364 3864 422 i9!

575 493 751 558 foras,
781 497 840 545 ut
867 486 1234 559 cognuscatis,
1267 486 1392 555 quia
1421 499 1525 541 non
1556 484 1771 540 invenio
1807 483 1861 537 in
1894 497 1959 538 eo
1988 480 2151 535 ullam
2176 476 2234 537 Δ
2256 487 2437 534 autem
2468 480 2679 535 titulum
2706 479 2924 551 Pylatus
2955 473 3187 548 (leam),
3212 484 3270 532 et
3316 474 3495 547 posuit
3536 488 3713 547 super
3738 490 3859 532 eru-

575 597 812 640 causam.
867 581 1011 636 Exiit
1052 595 1182 651 ergo
1207 579 1465 634 Dominus
1487 578 1680 633 Jhesus
1728 575 1905 646 foras,
1952 574 2160 630 habens

575 679 812 745 spineam
856 690 1131 738 coronam,
1174 680 1229 728 et
1277 685 1597 743 purporeum
1645 669 2044 737 vestimentum.
2091 667 2161 723 Et

576 774 702 828 dicit
728 773 806 826 eis
826 772 1080 843 Pylatus:
1132 769 1267 825 Ecce
1316 768 1495 823 homo.
1543 764 1676 821 Cum
1720 780 1850 835 ergo
1896 764 2161 819 vidissent

575 881 698 921 eum
748 864 1022 934 pontiﬁces
1071 873 1125 918 et
1176 860 1447 922 ministri.
1519 858 1827 915 clamabant
1878 856 2156 912 dit-entes:

574 955 854 1025 Crucitige,
882 956 1153 1027 erucilige.
1205 955 1347 1009 Dicit
1376 956 1453 1009 eis
1478 952 1697 1024 Pylatus
1722 968 1738 1006 :
1769 949 2010 1019 Accipite
2034 963 2157 1005 eum

574 1065 692 1115 vos,
734 1059 789 1105 et
832 1050 1123 1120 crueiligite
1164 1064 1180 1103 :
1226 1063 1325 1117 ego
1372 1047 1514 1103 enim
1568 1060 1674 1101 non
1723 1045 1945 1100 invenio
1994 1043 2048 1098 in
2091 1057 2160 1099 eo

575 1154 809 1195 causam.
855 1140 1267 1208 Responderunt
1318 1140 1365 1194 ei
1407 1137 1579 1194 Judzei
1612 1155 1626 1192 :
1656 1136 1763 1192 Nos
1791 1136 1964 1206 legem
1996 1134 2159 1190 hahe-

574 1247 717 1300 tnus,
764 1241 818 1288 et
867 1232 1161 1288 secundum
1215 1232 1385 1303 legem
1427 1231 1589 1289 debet
1638 1230 1798 1296 mori,
1830 1229 1955 1300 quia
1988 1227 2155 1282 lilium

576 1321 668 1377 Dei
698 1335 757 1376 se
785 1320 929 1378 fecit.
962 1320 1096 1377 Cum
1138 1336 1269 1393 ergo
1312 1320 1550 1377 audisset
1582 1319 1802 1390 Pylatus
1854 1322 1995 1372 hunc
2042 1332 2159 1372 ser-

574 1428 809 1479 monem,
843 1414 1007 1483 magis
1050 1415 1253 1478 timuit,
1304 1422 1359 1468 et
1404 1414 1677 1481 ingressus
1697 1418 1781 1467 est
1822 1410 2153 1479 prmturium.

572 1501 768 1558 lterum
817 1503 948 1560 dicit
988 1504 1055 1557 ad
1105 1504 1387 1558 Dominum
1435 1501 1659 1557 Jhesum
1694 1518 1709 1555 :
1744 1498 1898 1556 Unde
1951 1514 2010 1554 es
2060 1497 2159 1552 tu?

571 1594 766 1652 Jhesus
808 1608 987 1653 autem
1039 1609 1354 1665 responsum
1401 1609 1506 1649 non
1554 1593 1702 1649 dedit
1729 1592 1803 1647 ei.
1846 1591 1984 1646 Dicit
2027 1604 2159 1659 ergo

571 1689 619 1743 ei
644 1688 859 1760 Pylatus
891 1707 905 1743 :
939 1688 1067 1745 Mihi
1095 1703 1199 1742 non
1229 1685 1496 1755 loqueris?
1529 1685 1706 1741 nescis
1753 1683 1878 1753 quia
1925 1692 2158 1747 potesta-

571 1788 679 1835 tem
710 1781 883 1836 habeo
930 1779 1243 1850 cruciﬁgere
1281 1786 1367 1845 te;
1411 1788 1464 1832 et
1501 1786 1822 1847 potestatem
1862 1774 2035 1830 habeo
2073 1772 2158 1828 di-

572 1979 660 2018 res
705 1972 1017 2033 potestatem
1060 1965 1317 2021 adversus
1360 1978 1446 2019 me
1494 1962 1680 2027 ullam,
1713 1961 1816 2017 nisi
1867 1960 1962 2015 tibi
2008 1968 2155 2014 esset

572 2055 752 2111 datum
783 2056 1032 2125 desuper.
1066 2055 1350 2124 Propterea
1384 2052 1472 2124 qui
1512 2051 1675 2107 tradit
1714 2066 1800 2106 me
1830 2051 1947 2116 tibi,
1975 2050 2147 2119 majus

572 2160 842 2219 peccatum
871 2150 1047 2206 habet.
1100 2149 1166 2203 Et
1194 2147 1386 2203 exinde
1428 2147 1703 2218 qumrebat
1732 2146 1950 2218 Pylatus
1976 2144 2158 2199 dimit-

570 2249 684 2297 tere
728 2257 871 2297 eum.
923 2241 1093 2297 Judzri
1142 2252 1319 2295 autem
1364 2240 1689 2308 clamabant,
1738 2239 1978 2294 dicentes
2021 2253 2037 2291 :
2094 2236 2151 2292 Si

567 2333 707 2388 hunc
735 2333 978 2399 dimittis,
1010 2349 1115 2387 non
1143 2348 1201 2387 es
1240 2348 1445 2388 anncus
1475 2333 1725 2387 Caesaris.
1756 2331 1945 2385 Omnis
1975 2330 2067 2398 qui
2096 2344 2157 2386 se

563 2442 745 2497 regem
785 2425 932 2491 facit,
975 2426 1293 2481 contradicit
1322 2425 1547 2481 Caesari.
1595 2427 1812 2497 Pylatus
1853 2441 1983 2492 ergo
2032 2441 2156 2481 cum

565 2517 799 2571 audisset
824 2516 921 2571 hos
955 2530 1255 2579 sermones,
1301 2516 1495 2570 iterum
1536 2515 1755 2569 adduxit
1799 2514 1941 2570 foras
1979 2516 2159 2570 Domi-

565 2623 691 2662 num
724 2608 964 2673 Jhesum,
994 2616 1045 2663 et
1074 2608 1212 2663 sedit
1240 2622 1335 2676 pro
1362 2607 1639 2677 tribunali,
1686 2616 1743 2663 et
1769 2608 1900 2663 dicit
1926 2606 2154 2662 Iudaeis:

565 2700 703 2756 Ecce
730 2717 821 2757 rex
851 2711 1044 2757 vester.
1096 2702 1175 2757 llli
1201 2711 1380 2757 autem
1416 2703 1720 2758 clamabant
1756 2721 1769 2755 :
1802 2702 1974 2767 Tolle,
2006 2703 2154 2769 tolle,

565 2792 813 2861 cruciﬁge
860 2808 1003 2848 eum.
1059 2793 1198 2847 Dixit
1242 2795 1319 2847 eis
1364 2793 1582 2863 Pylalus
1616 2812 1628 2847 :
1664 2794 1864 2865 Regem
1916 2803 2154 2850 vestrum

565 2885 912 2953 cruciﬁgam?
942 2884 1359 2954 Restionderuut
1390 2886 1667 2954 pontiﬁces
1695 2904 1710 2942 :
1744 2887 1858 2942 Non
1898 2887 2157 2942 habemus

565 2991 744 3046 regem
786 2977 883 3032 nisi
929 2977 1212 3034 Caesarem.
1245 2980 1397 3034 Tunc
1428 2995 1556 3052 ergo
1604 2981 1820 3035 tradidit
1868 2982 1950 3037 eis
1975 2981 2157 3035 Domi-

563 3083 690 3123 num
730 3068 953 3124 .lhesum
996 3080 1052 3147 ut
1081 3072 1509 3141 cruciﬁgeretur.
1558 3072 1927 3143 Suscipienles
1975 3086 2153 3130 autem

566 3158 847 3215 Dominum
870 3160 1090 3216 .lhesum
1116 3162 1376 3235 (Matth),
1407 3156 1818 3220 exuerunt'eum
1842 3165 2150 3231 clamidem,

2263 584 2403 626 cem.
2458 570 2589 625 Erat
2636 578 2815 624 autem
2860 568 3120 623 scrihtum
3154 582 3171 624 :
3209 566 3367 622 Jesus
3411 564 3734 622 Nazarch
3774 582 3867 625 rex

2262 661 2594 718 Judeorum.
2649 662 2799 717 Hunc
2846 675 2976 731 ergo
3022 659 3234 714 titulum
3284 658 3434 715 multi
3483 659 3746 727 legerunt
3771 659 3869 715 Ju-

2263 756 2527 823 dmorum,
2557 756 2680 828 quia
2710 770 2877 825 prope
2901 752 3172 808 civitatem
3202 759 3319 808 erat
3359 765 3505 807 locus
3566 753 3663 807 ubi
3694 753 3871 810 crud-

2266 849 2410 904 iixus
2458 859 2537 904 est
2583 848 2840 901 Dominus
2888 844 3104 901 .lhesus.
3166 842 3234 898 Et
3280 854 3397 900 erat
3442 845 3724 915 scriptum
3772 845 3871 901 lle-

2263 938 2464 1003 braice.
2496 938 2687 1005 Grece,
2719 948 2774 995 et
2803 937 3014 994 Latine.
3048 936 3307 992 Dicebant
3333 951 3465 1009 ergo
3494 937 3700 1009 Pylato
3739 954 3872 1009 pon-

2266 1031 2438 1088 tilices
2483 1029 2845 1087 Judzeorum:
2887 1030 3005 1086 Noli
3053 1029 3315 1095 scribere,
3348 1028 3460 1084 Rex
3506 1029 3869 1098 Iudaeorum;

2261 1124 2356 1180 sed
2383 1126 2507 1196 quia
2538 1125 2653 1195 ipse
2695 1124 2852 1191 dixit,
2894 1123 3008 1178 Rex
3054 1137 3171 1179 sum
3196 1122 3524 1179 Iudaeorum.
3558 1121 3873 1195 Respondit

2264 1218 2481 1289 Pylatus
2523 1236 2538 1273 :
2590 1218 2743 1287 Quod
2792 1218 3007 1285 scribsi,
3056 1217 3266 1273 scribsi.
3310 1215 3507 1272 Milites
3558 1232 3705 1289 ergo
3750 1233 3871 1275 eum

2263 1310 2664 1367 crucilixissent
2714 1312 2999 1366 Dominum
3049 1309 3265 1375 Jesum.
3332 1320 3665 1380 acceperunt
3720 1313 3873 1369 vesti-

2262 1410 2441 1457 menta
2481 1401 2629 1472 ejus,
2668 1412 2722 1458 et
2769 1402 3017 1459 fecerunt
3055 1412 3285 1472 quatuor
3321 1413 3525 1471 partes,
3572 1402 3873 1474 unicuique

2262 1493 2418 1548 militi
2448 1506 2676 1563 partem,
2704 1501 2760 1549 et
2790 1494 2990 1550 tonica.
3023 1493 3157 1550 Erat
3189 1504 3369 1551 autem
3401 1496 3581 1550 tonica
3612 1498 3868 1552 inconsu-

2262 1583 2409 1648 tiles,
2453 1584 2684 1655 desuper
2731 1595 2982 1641 contexta
3032 1600 3127 1656 per
3178 1595 3369 1642 totum.
3421 1588 3697 1644 Dixerunt
3732 1604 3865 1661 ergo

2262 1680 2331 1735 ad
2360 1679 2587 1735 invicem
2618 1678 2774 1735 :Nou
2806 1681 3117 1737 scindamus
3143 1696 3285 1747 eam,
3317 1682 3411 1738 sed
3455 1685 3773 1740 sorciamur
3807 1686 3871 1741 de

2263 1772 2351 1827 illa
2384 1773 2539 1843 cujus
2564 1774 2658 1842 sit,
2691 1782 2748 1829 ut
2776 1773 3042 1829 scribtura
3070 1775 3379 1845 impleretur
3404 1775 3591 1831 dicens
3625 1794 3638 1830 :
3678 1775 3870 1834 Partiti

458 1884 471 1893 '
571 1873 781 1927 mittere
821 1871 907 1926 te?
943 1871 1235 1941 Respondit
1266 1871 1522 1925 Dominus
1548 1870 1743 1924 lhesus
1777 1885 1791 1922 :
1833 1866 1949 1921 Non
1991 1865 2157 1921 habe-
2188 1858 2239 1921 B
2264 1874 2391 1921 sunt
2418 1865 2738 1922 vestimenta
2770 1881 2888 1921 mea
2915 1866 3041 1931 sibi,
3071 1874 3127 1922 et
3167 1866 3222 1923 in
3249 1877 3451 1923 vestem
3478 1882 3655 1923 meam
3704 1868 3870 1925 mise-

2264 1970 2390 2016 runt
2420 1969 2644 2017 sortem.
2694 1959 2763 2015 Et
2796 1959 3057 2015 sedentes
3106 1960 3397 2016 servabant
3442 1976 3565 2017 eum
3593 1958 3868 2031 (Matth).

2263 2052 2492 2109 Stabant
2537 2062 2715 2107 autem
2758 2052 2911 2123 juxta
2954 2067 3171 2109 crucem
3214 2052 3428 2108 Domini
3470 2053 3641 2133 Jhesu
3692 2063 3869 2111 mater

2263 2144 2381 2216 ejus
2401 2144 2630 2218 (10am),
2661 2154 2714 2203 et
2740 2160 2897 2201 soror
2926 2147 3114 2201 matris
3141 2146 3279 2215 ejus,
3315 2146 3471 2218 135
3503 2146 3670 2201 Maria
3703 2146 3866 2203 Cleo-

2262 2253 2345 2308 pae
2373 2247 2431 2294 et
2457 2238 2619 2293 Maria
2646 2239 2993 2309 Magdalente.
3024 2238 3157 2294 Cum
3185 2254 3317 2311 ergo
3348 2240 3573 2295 vidisset
3603 2239 3867 2295 Dominus

2260 2329 2459 2385 Jhesus
2487 2340 2738 2395 matrem,
2766 2339 2821 2386 et
2848 2331 3169 2401 discipulum
3209 2340 3441 2386 stantem
3473 2346 3637 2402 quem
3667 2331 3868 2401 dilige-

2261 2421 2372 2491 bat,
2403 2421 2535 2477 dicit
2562 2423 2719 2477 matri
2748 2437 2861 2477 sua:
2890 2440 2903 2475 ε
2938 2423 3126 2479 Mulier
3145 2438 3273 2479 ecce
3312 2422 3457 2478 illius
3486 2432 3631 2478 tuus.
3658 2422 3867 2479 Deinde

2260 2516 2391 2572 dicit
2424 2516 2688 2587 discipulo
2734 2534 2746 2571 :
2796 2517 2935 2573 Ecce
2984 2528 3158 2573 mater
3201 2529 3312 2574 tua.
3363 2516 3432 2572 Et
3476 2531 3542 2573 ex
3584 2516 3680 2571 illa
3734 2516 3867 2573 hora

2261 2611 2469 2683 accepit
2516 2626 2635 2668 eam
2686 2611 2980 2680 discipulus
3029 2610 3083 2665 in
3134 2624 3249 2666 sua.
3280 2610 3432 2665 Tunc
3459 2608 3861 2666 cruciﬁxernnt

2259 2720 2382 2761 cunt
2424 2719 2491 2761 eo
2532 2705 2668 2759 duos
2717 2705 2952 2759 latrones
2996 2701 3257 2773 (Matth),
3304 2718 3443 2757 unus
3481 2717 3511 2756 a
3552 2702 3772 2758 dextris
3798 2711 3853 2758 et

2260 2811 2400 2852 unus
2443 2812 2475 2852 a
2516 2796 2749 2851 sinistris
2802 2814 2814 2847 :
2869 2794 3077 2851 Medius
3126 2804 3307 2849 autem
3355 2793 3614 2847 Dominus
3657 2792 3859 2849 .lhesus

2258 2887 2488 2957 (Joan.).
2533 2888 2601 2943 Et
2643 2887 2931 2955 adimpleta
2979 2896 3065 2943 est
3112 2887 3376 2942 scrihtura
3416 2901 3538 2957 quae
3580 2886 3764 2941 dicit:
3800 2888 3862 2943 Et

2257 2998 2383 3039 cum
2434 2982 2633 3050 iniquis
2682 2991 2959 3049 reputatus
3003 2990 3085 3035 est
3128 2978 3379 3052 (Marc).
3429 2977 3629 3034 Jhesus
3680 2990 3859 3035 autem

2258 3074 2469 3129 dicebat
2510 3090 2524 3127 :
2560 3074 2718 3128 Pater
2764 3073 2976 3127 dimitte
3022 3072 3150 3135 illis,
3182 3086 3287 3126 non
3314 3071 3459 3126 enim
3513 3072 3697 3126 sciunt
3724 3072 3856 3142 quid

2258 3160 2672 3237 faciuut(Luc.).
2725 3164 3118 3220 Prtetereuntes
3176 3171 3355 3218 autem
3410 3163 3862 3232 blasphemame

565 3258 618 3303 et
669 3250 953 3308 induerunt
998 3266 1121 3307 eum
1175 3254 1511 3310 vestimentis
1555 3256 1685 3311 suis.
1736 3256 1804 3312 Et
1846 3257 2147 3313 eduxerunt
2178 3249 2227 3316 C
2255 3270 2377 3309 eum
2404 3253 2668 3327 (Matth),
2688 3265 2967 3310 moventes
2994 3258 3168 3325 capita
3190 3269 3284 3308 sua
3312 3265 3362 3309 et
3389 3254 3677 3310 dicentes:
3711 3255 3855 3310 Vah!

565 3354 687 3393 eum
732 3340 1052 3408 hajolantem
1095 3344 1195 3398 sibi
1239 3360 1479 3412 crucem,
1526 3354 1587 3401 ut
1625 3348 1999 3420 cruciﬁgerent
2030 3367 2152 3407 emn

563 3430 790 3500 (leam).
823 3433 945 3487 Erat
992 3445 1169 3490 autem
1214 3436 1345 3492 hora
1396 3439 1562 3493 tercia
1592 3440 1838 3509 (Μαῖα).
1885 3442 2155 3499 Exeuntes

563 3532 739 3579 autem
806 3525 824 3595 (
844 3524 1070 3598 Matth.)
1134 3528 1443 3585 invenirunt
1508 3530 1780 3587 hominem
1848 3531 2153 3604 Cyreneum

568 3616 724 3689 13E.
769 3620 1074 3676 venientem
1121 3621 1333 3677 obviam
1382 3623 1513 3690 sibi,
1569 3626 1788 3680 nomine
1836 3624 2151 3695 Symonem.

564 3708 715 3764 Hunc
735 3712 1145 3780 angariaverunt
1174 3722 1231 3767 ut
1260 3714 1474 3770 tolleret
1503 3730 1718 3771 crucem
1757 3716 1913 3786 ejus:
1948 3730 2001 3773 et
2027 3733 2155 3788 por-

562 3810 700 3855 taret
746 3811 863 3871 post
901 3805 1178 3860 Dominum
1204 3805 1426 3864 .lhesum
1457 3808 1661 3879 (Luci).
1690 3810 2027 3883 Sequebatur
2055 3829 2154 3871 au-

564 3899 669 3945 tem
722 3891 867 3947 illum
928 3894 1093 3948 multa
1154 3895 1305 3949 turba
1362 3899 1545 3968 populi
1596 3908 1651 3953 et
1698 3904 1983 3957 mulierum
2034 3920 2154 3973 quae

564 3982 900 4050 plangebant,
947 3985 1376 4041 lamentabantur
1421 4003 1567 4042 eum.
1618 3987 1923 4047 Conversus
1968 4002 2153 4050 autem

564 4074 627 4127 ad
674 4074 791 4129 illas
836 4074 1094 4131 Dominus
1133 4077 1328 4133 Jhesus
1380 4079 1561 4136 dixit:
1596 4080 1747 4137 Filiae
1787 4083 2148 4155 Hierusalem,

564 4166 726 4221 nolite
765 4166 894 4224 llere
932 4186 1091 4239 super
1130 4186 1237 4238 me,
1283 4172 1376 4228 sed
1420 4188 1582 4245 super
1627 4192 1722 4231 vos
1764 4177 1909 4248 ipsas
1945 4180 2068 4236 ll'ete
2100 4190 2156 4237 et

562 4270 725 4325 super
756 4259 892 4314 ﬁlios
924 4270 1131 4317 vestros
1166 4280 1181 4318 :
1219 4266 1473 4332 quoniam
1513 4281 1642 4324 ecce
1682 4271 1900 4326 venient
1928 4272 2068 4341 dies,
2102 4275 2154 4330 in

564 4350 757 4421 quibus
802 4352 978 4409 dicent
1022 4369 1037 4409 :
1091 4355 1268 4411 Beatm
1314 4360 1515 4415 sterilis
1562 4370 1617 4416 et
1658 4366 1862 4418 ventris
1907 4366 1996 4435 qui
2045 4382 2155 4424 non

563 4454 883 4511 genuerunt,
927 4456 979 4501 et
1025 4447 1184 4502 ubera
1214 4465 1332 4519 quae
1362 4466 1466 4506 non
1501 4452 1853 4512 Iactaverunt.
1884 4456 2037 4513 Tunc
2074 4459 2156 4515 in-

564 4536 764 4605 cipient
788 4537 964 4593 dicere
993 4543 1315 4599 moutehus:
1347 4543 1549 4600 Cadete
1575 4561 1737 4615 super
1767 4564 1884 4615 nos,
1917 4560 1972 4604 et
2000 4552 2155 4606 colli-

2258 3347 2347 3415 qui
2371 3347 2607 3401 destruis
2648 3347 2900 3415 templum
2936 3347 3051 3414 Dei,
3094 3354 3147 3400 et
3193 3346 3247 3399 in
3275 3344 3452 3399 triduo
3484 3345 3638 3400 illum
3672 3347 3859 3401 reaedi-

2262 3436 2411 3507 licas,
2444 3438 2592 3492 salva
2637 3437 3005 3507 temetipsum.
3056 3436 3114 3493 Si
3146 3437 3288 3492 illius
3325 3437 3418 3492 Dei
3446 3451 3528 3503 es,
3583 3437 3853 3494 descende

2259 3528 2327 3583 de
2346 3543 2527 3583 cruce.
2557 3526 2815 3585 Similiter
2839 3538 2893 3585 et
2924 3531 3190 3599 principes
3218 3530 3563 3586 sacerdotum
3597 3531 3848 3587 inluden-

2260 3629 2341 3675 tes
2366 3634 2489 3675 cum
2517 3620 2708 3675 scribis
2739 3631 2793 3676 et
2821 3622 3125 3678 senioribus
3156 3622 3407 3678 dicebant
3434 3640 3449 3677 :
3476 3622 3627 3678 Alius
3674 3626 3851 3678 salvos

2260 3711 2413 3778 fecit,
2459 3729 2518 3769 se
2564 3714 2741 3784 ipsum
2793 3730 2898 3770 non
2944 3724 3121 3785 potest
3165 3716 3372 3769 salvum
3422 3714 3623 3771 facere.
3666 3715 3726 3771 Si
3761 3731 3855 3772 rex

2258 3806 2458 3861 Israhel
2500 3816 2601 3871 est,
2642 3806 2937 3863 descendat
2984 3822 3126 3861 nunc
3153 3809 3221 3862 de
3266 3823 3448 3871 cruce,
3481 3815 3535 3862 et
3581 3809 3850 3864 credimus

2258 3902 2331 3956 ei.
2363 3900 2599 3956 Conlidit
2637 3903 2687 3956 in
2724 3902 2852 3968 Deo,
2885 3902 3076 3957 liberet
3106 3914 3248 3958 nunc
3286 3886 3413 3958 eum
3453 3903 3500 3958 si
3530 3902 3690 3959 vult:
3724 3904 3853 3959 dixit

2260 3998 2428 4065 enim,
2461 3997 2586 4067 quia
2614 3995 2708 4050 Dei
2740 3994 2909 4051 Filius
2937 4011 3077 4051 sum.
3182 4022 3195 4033 -

2330 4109 2563 4178 ldipsum
2612 4120 2791 4163 autem
2821 4108 3005 4178 (Luc.)
3053 4126 3188 4164 unus
3214 4110 3281 4165 de
3310 4111 3395 4166 his
3427 4111 3520 4181 qui
3549 4112 3852 4181 pendebant

2260 4204 2557 4260 latronibus
2585 4203 2988 4273 blasphemabat
3014 4220 3134 4260 eum
3166 4206 3351 4261 dicens
3381 4223 3394 4259 :
3425 4206 3481 4263 Si
3518 4218 3571 4261 tu
3606 4223 3665 4263 es
3699 4209 3852 4263 Chrio

2258 4306 2395 4361 stus,
2426 4298 2630 4351 salvum
2674 4295 2758 4350 fac
2803 4306 2966 4352 temet
3013 4298 3184 4362 ipsum
3235 4306 3290 4351 et
3336 4312 3452 4352 nos.
3502 4298 3853 4370 Respondent

2257 4400 2437 4447 autem
2485 4390 2621 4445 alter
2654 4390 2965 4459 increpabat
3012 4391 3159 4445 illum
3196 4390 3383 4447 dicens
3414 4406 3429 4444 :
3462 4390 3645 4458 Hiser,
3685 4408 3852 4461 neque

2258 4494 2315 4540 tu
2366 4486 2521 4540 times
2565 4486 2730 4540 Deum
2761 4526 2777 4552 ,
2828 4485 2970 4555 quod
3024 4486 3076 4541 in
3126 4487 3313 4541 eadem
3362 4487 3712 4543 damnatione
3756 4489 3848 4543 es?

2261 4579 2328 4635 Et
2372 4594 2472 4634 nos
2511 4577 2724 4647 quidem
2766 4578 2933 4647 juste,
2963 4595 3085 4633 nam
3116 4579 3271 4648 digna
3322 4577 3477 4634 lactis
3529 4582 3850 4649 recipimus:

565 4628 1235 4741 ξέξιῖε,‹9ρετίξεε,ιτε›εν,‹ιρεε
1338 4638 1389 4693 in
1421 4638 1590 4695 viride
1617 4641 1761 4712 ιεςηο
1782 4643 1898 4741 ne
2176 4639 2235 4703 υ
2262 4628 2349 4725 ag.
2372 4628 3085 4741 asinariae;sic:
3114 4628 3852 4729 gizlgcglgr...‘nalis};

564 4722 618 4778 in
646 4723 798 4779 arido
829 4728 954 4796 quid
987 4729 1116 4785 liet?
1147 4729 1487 4787 Ducebantur
1510 4743 1691 4790 autem
1721 4745 1781 4790 et
1803 4737 1893 4792 alii
1923 4738 2031 4792 duo
2061 4755 2154 4795 ue-

563 4831 721 4882 quam
772 4832 895 4873 cum
943 4836 1029 4884 eo,
1063 4831 1119 4876 ut
1168 4821 1619 4881 interﬁcerentur.
1674 4827 1739 4882 Et
1782 4840 2046 4885 venerunt
2099 4838 2152 4889 in

563 4909 737 4966 locum
776 4914 864 4981 qui
893 4912 1085 4970 dicitur
1115 4914 1375 4987 Golgotha
1406 4918 1673 4990 (Matt/nl,
1718 4922 1859 4993 quod
1889 4933 1992 4990 est,
2033 4923 2153 4980 Cal-

563 5003 724 5057 variac
755 5003 923 5060 locus.
970 5006 1036 5060 Et
1061 5007 1329 5063 dederunt
1351 5011 1399 5065 ei
1441 5012 1625 5067 vinum
1656 5014 1841 5071 bibere
1869 5032 1993 5073 cum
2024 5017 2153 5077 felle

562 5096 791 5153 mixtum
824 5110 839 5151 :
868 5107 924 5151 et
950 5111 1071 5151 cum
1101 5109 1392 5169 gustasset,
1420 5103 1593 5160 noluit
1620 5105 1825 5163 bibere.

689 5208 934 5266 XXXIX.
976 5225 1222 5268 LBGINDA
1261 5228 1328 5269 AD
1365 5228 1533 5274 sexu
1571 5235 1624 5275 IN
1664 5237 2023 5282 canescens.

1136 5324 1286 5375 Amos
1308 5329 1578 5393 propheta).

634 5422 830 5479 Audite
870 5426 973 5482 hoc
1014 5427 1105 5499 qui
1149 5433 1444 5489 conteretis
1486 5450 1796 5509 pauperem,
1835 5450 1890 5497 et
1917 5441 2152 5504 deiicere

564 5516 739 5573 tacitis
779 5533 998 5589 egenos,
1040 5531 1171 5591 etc.,
1213 5541 1371 5597 usque
1414 5526 1596 5597 Neque
1643 5532 1789 5587 sitim
1839 5548 2011 5604 aquae,
2055 5536 2149 5593 sed

564 5608 816 5666 audiendi
841 5612 1059 5670 verbum
1089 5615 1203 5672 Dei.
1237 5618 1418 5689 (Amos
1444 5637 1559 5689 vui,
1592 5622 1780 5694 4-H.)

1053 5704 1339 5759 Secundum
1363 5709 1661 5764 Hattheum.

637 5784 923 5855 Postquam
950 5790 1334 5850 cruciﬂxerunt
1361 5795 1645 5853 Dominum
1676 5798 1922 5868 .lhesum,
1954 5801 2153 5861 divise-

562 5886 683 5933 runt
725 5878 825 5961 sibi
872 5883 1191 5941 vestimenta
1234 5885 1351 5955 ejus
1384 5896 1532 5944 sorte
1581 5892 1874 5950 mittentes.
1922 5895 2154 5954 Scribslt

2259 4762 2481 4843 Jltesum
2524 4780 2541 4819 :
2601 4764 2853 4829 Domine,
2883 4778 3154 4821 memento
3200 4770 3327 4831 mei,
3375 4782 3497 4823 cum
3545 4769 3760 4823 veneris
3803 4769 3855 4823 in

2261 4874 2429 4929 regno
2457 4846 2568 4915 tuo.
2600 4859 2669 4915 Et
2697 4860 2833 4915 dixit
2874 4860 2950 4915 illi
2986 4861 3241 4917 Dominus
3270 4861 3467 4919 Jhesus
3493 4880 3508 4919 :
3536 4865 3710 4921 Amen
3738 4864 3857 4921 dico

2259 4951 2380 5020 tibi,
2407 4952 2532 5022 quia
2560 4951 2722 5008 hodie
2751 4968 2960 5007 mecmn
2990 4952 3097 5007 eris
3126 4955 3177 5008 in
3211 4956 3496 5028 paradyso.

2610 5062 2793 5105 NOTB
2838 5062 2918 5106 ET
2962 5064 3159 5107 OBSER
3172 5066 3201 5105 ν
3215 5066 3502 5109 ATIONES.

2333 5147 2432 5203 Dic
2460 5157 2637 5203 sancto
2668 5147 2969 5204 Parasccvcs
3006 5150 3076 5204 ad
3106 5166 3278 5205 omnes
3316 5150 3472 5205 horas
3508 5163 3854 5222 prwscrunlttr

2257 5257 2379 5313 pars
2419 5241 2595 5311 aliqua
2640 5243 2893 5312 passionis
2940 5240 3130 5298 Christi
3162 5244 3407 5309 Domini,
3457 5245 3680 5317 singulis
3718 5249 3854 5305 horis

2259 5335 2583 5401 conveniens,
2616 5337 2880 5403 promissa
2918 5337 2988 5391 ad
3014 5337 3249 5409 singulas
3289 5338 3407 5391 item
3436 5338 3591 5395 horas
3619 5338 3853 5397 Lectione

2258 5444 2325 5484 ea:
2363 5430 2518 5484 veteri
2552 5429 2896 5485 Testamento.
2945 5428 3161 5486 Excidit
3206 5448 3234 5486 e
3273 5430 3462 5488 Codice
3510 5444 3689 5491 nostro
3738 5450 3852 5505 pars

2259 5523 2411 5593 o/jicii
2438 5524 2506 5577 ad
2536 5522 2854 5589 Matutinus,
2884 5524 2940 5579 id
2976 5536 3049 5579 est
3075 5526 3242 5596 prima
3271 5527 3418 5582 lectio
3456 5543 3521 5582 ex
3560 5527 3728 5583 Veteri
3759 5528 3852 5583 Te-

2256 5626 2532 5682 stamento,
2567 5634 2683 5672 cum
2715 5618 2862 5672 initio
2900 5622 3138 5675 secundm
3158 5619 3418 5676 Lectionis
3454 5637 3520 5676 ea:
3550 5614 3847 5696 Emingeliu.

2260 5705 2410 5765 Deest
2442 5711 2598 5765 etiam
2635 5710 2706 5765 ad
2732 5708 2943 5765 Nonum
2984 5728 3175 5783 magna
3216 5729 3339 5786 pars
3384 5713 3621 5771 lectionis
3656 5731 3724 5772 es
3751 5714 3849 5771 Za-

2257 5801 2469 5868 charia,
2509 5812 2558 5857 et
2594 5812 2698 5857 tota
2740 5803 2887 5858 lectio
2935 5820 2997 5859 ea:
3031 5787 3335 5882 Evangelia.
3375 5805 3646 5864 Passionis
3684 5819 3847 5863 nam

2258 5897 2417 5951 series
2446 5912 2548 5951 non
2578 5896 2764 5968 legitur
2802 5899 3041 5955 continue
3068 5916 3133 5955 ex
3161 5917 3268 5957 uno
3306 5901 3481 5973 aliqua
3520 5900 3834 5975 euangelista.
