4048 6350
242 327 352 386 193

1251 338 1339 396 DE
1378 338 1707 400 LITURGIA
1745 344 2138 404 GALLICANA
2178 346 2384 409 LIBER
2422 352 2487 409 ιι.

3409 367 3518 426 191»

234 446 332 503 sed
374 461 441 501 ea:
474 446 704 502 omnibus
750 448 905 502 simul
951 449 1006 504 in
1052 461 1244 508 catena:
1291 456 1501 511 modum
1545 458 1823 531 dispositis.
1852 470 1907 529 Α
1937 462 2090 535 137
2118 463 2225 519 Hic
2250 467 2379 522 ritus
2400 469 2549 523 etiam
2577 472 2903 543 prtescriptus
2931 484 3004 531 est
3029 478 3083 531 in
3106 477 3518 539 Sacramentario

235 538 409 609 Quam
439 541 502 594 ob
538 556 646 595 rem
681 542 928 613 integram
955 544 1057 597 huc
1085 551 1276 609 referre
1310 549 1474 604 visum
1504 560 1578 607 est
1616 552 1686 606 ad
1712 554 1825 608 sin-

237 633 392 703 gulas
421 633 596 688 horas.
628 632 749 688 Non
782 637 998 691 multum
1027 639 1253 696 diversus
1284 652 1358 697 est
1388 644 1547 711 ritus,
1577 647 1669 716 qui
1690 663 1826 718 prte-

229 725 478 780 scribitur
519 727 573 782 in
613 730 922 785 uetustisimo
960 731 1153 786 Ordine
1195 730 1527 802 Germanico,
1561 749 1697 793 tomo
1739 737 1824 794 IV

230 818 599 874 Analectorum
636 837 758 893 pag.
785 821 894 878 495
921 840 933 878 :
977 824 1033 879 In
1063 836 1213 883 sexta
1243 825 1376 884 feria
1407 828 1714 887 Parasceces
1754 833 1823 888 ad

232 910 474 969 Tertiam
515 914 700 985 legunt
748 917 1051 985 passionem
1096 920 1641 982 Domini'secundum
1683 929 1822 984 Mat-

227 1010 471 1074 thaaum;
517 1009 583 1065 ad
614 1010 831 1067 Sextam
877 1013 1171 1070 secundum
1203 1015 1457 1074 Marcum.
1504 1019 1641 1075 liora
1689 1036 1823 1077 vero

227 1114 376 1157 nona
422 1101 606 1173 legunt
635 1103 920 1163 lectionem
962 1107 1031 1163 de
1068 1107 1208 1165 Osee
1241 1111 1503 1180 propheta
1535 1131 1550 1167 :
1579 1112 1822 1182 sequitur

231 1195 396 1268 136
433 1195 675 1267 gradalis
714 1211 837 1253 cum
868 1198 1104 1272 quinque
1130 1203 1428 1271 versiculis,
1455 1204 1695 1275 Domine,
1724 1226 1820 1263 au-

224 1287 352 1340 divi.
400 1286 601 1344 Deinde
630 1287 812 1345 Lectio
840 1289 910 1346 de
941 1291 1150 1361 Exodo,
1178 1302 1233 1350 et
1255 1294 1503 1363 Tractus,
1540 1297 1641 1364 Qui
1670 1299 1818 1353 habi-

223 1389 301 1435 tat
343 1382 396 1435 in
425 1383 712 1454 adjutorio.
746 1383 874 1440 Post
904 1384 1021 1442 haec
1049 1388 1229 1458 passio
1265 1388 1478 1445 Domini
1519 1392 1815 1449 secundum

221 1470 524 1531 Iohannem
553 1486 828 1547 sequatur.

298 1564 500 1637 Duplex
519 1568 597 1634 (ut
614 1571 731 1641 jam
751 1572 944 1641 notavi)
973 1574 1277 1644 marginalis
1308 1591 1553 1632 numerus
1575 1578 1717 1633 deest
1748 1579 1814 1632 ab

223 1658 388 1728 oﬂicio
417 1657 785 1715 Matutinarum
812 1679 906 1730 pro
927 1661 1081 1718 Carna
1108 1663 1319 1720 Domini
1348 1666 1419 1720 ad
1449 1669 1665 1738 oﬁieium
1686 1670 1817 1724 Ter-

223 1750 315 1803 tia:
342 1768 434 1820 pro
462 1749 763 1808 Parascere.
798 1753 951 1809 Prior
988 1773 1053 1812 ea:
1074 1758 1154 1812 Itis
1189 1762 1451 1831 aptandus
1475 1762 1675 1818 videtur
1697 1766 1808 1834 oﬂi-

1928 553 2266 627 Gregoriano,
2302 560 2357 613 in
2387 559 2539 615 Coena
2584 562 2787 631 quidem
2815 563 3025 620 Domini
3068 578 3116 623 et
3159 570 3211 624 in
3234 570 3519 629 Parasceve

1926 646 2180 712 omnibus,
2214 649 2268 702 in
2306 650 2480 720 uigilia
2510 650 2725 708 Pascha:
2746 672 2919 711 recens
2946 658 3236 729 baptizatis.
3284 662 3364 717 An
3392 681 3507 719 vero

1925 734 2009 790 hic
2034 755 2142 794 mos
2189 741 2243 794 in
2266 740 2450 797 Galliis
2475 754 2593 799 ante
2620 744 2854 817 Gregorii
2876 746 3059 822 Magni
3083 762 3310 823 tempora
3338 771 3509 809 serva-

1924 840 2082 896 retur,
2128 848 2229 887 non
2272 835 2344 890 ita
2390 836 2568 907 liquet.
2621 836 2688 894 Id
2727 850 2893 896 tamen
2941 843 3203 916 colligitur
3238 863 3302 902 ea:
3327 848 3509 920 regula

1926 917 2165 990 Magistri
2188 925 2243 978 in
2270 942 2385 996 cap.
2415 926 2503 995 55,
2536 930 2620 983 ubi
2646 932 2708 985 de
2733 931 2866 1000 feria
2903 946 3048 989 sexta
3071 936 3351 994 Dominica:
3377 917 3511 996 ῥαι-

1921 1014 2103 1081 sionis,
2145 1034 2299 1084 quam
2334 1021 2444 1075 sine
2474 1026 2747 1093 refectione
2772 1028 2990 1099 transigi
3017 1032 3267 1102 prtecipit.
3303 1031 3394 1087 Sic
3420 1051 3514 1088 au-

1921 1112 2025 1161 tem
2076 1110 2293 1166 subdit:
2328 1130 2347 1163 (
2393 1114 2741 1173 Sacramenta
2792 1134 2921 1176 vero
2973 1122 3158 1178 altaris
3214 1123 3266 1179 in
3324 1135 3512 1194 patena

1923 1196 2127 1269 majore
2149 1201 2316 1256 vitrea
2345 1203 2598 1261 liniantur
2628 1225 2641 1262 :
2674 1218 2732 1263 ut
2760 1225 2882 1265 cum
2910 1222 3059 1267 sexta
3084 1212 3212 1269 leris
3234 1214 3406 1271 Judmi
3444 1216 3510 1272 ad

1922 1289 2227 1355 passionem
2254 1290 2525 1348 Christum
2550 1297 2883 1367 quasierint,
2914 1301 2986 1355 sit
3011 1301 3125 1371 ipso
3151 1303 3240 1359 die
3281 1304 3334 1358 in
3359 1316 3509 1361 men-

1921 1377 2065 1433 tibus
2102 1382 2299 1436 nostris
2340 1385 2601 1453 reélusus,
2638 1395 2696 1441 ut
2724 1388 2961 1445 Sabbato
3006 1392 3161 1448 nobis
3202 1409 3298 1465 per
3327 1411 3507 1452 resur-

1920 1470 2209 1528 rectionem
2255 1474 2308 1529 in
2360 1491 2501 1532 novo
2542 1494 2879 1538 sacramento
2932 1496 3207 1554 appareat.
3251 1486 3370 1543 Jam
3410 1488 3507 1559 qui

1917 1572 2070 1618 sexta
2115 1566 2244 1621 feria
2292 1566 2547 1625 refecturi
2587 1581 2732 1637 sunt,
2785 1575 2904 1630 sine
2955 1580 3332 1635 communione
3378 1582 3504 1636 reii-

1916 1656 2106 1710 ciant:
2139 1668 2196 1712 ut
2238 1674 2560 1732 agnoscatur
2603 1663 2803 1733 injuste
2851 1666 2997 1722 reﬁci
3048 1668 3166 1725 sine
3203 1668 3438 1726 Christo.
3480 1690 3501 1725 ι

1916 1744 2003 1800 Ita
2033 1745 2208 1802 Codex
2231 1747 2568 1809 Corbeiensis.
2615 1753 2744 1810 Cum
2782 1774 2905 1827 ergo
2945 1760 2999 1813 in
3042 1776 3240 1830 pinnam
3282 1766 3504 1834 percepti

212 1844 298 1896 cio
345 1844 512 1899 missa:
555 1846 605 1899 in
638 1844 792 1900 Coena
830 1847 1080 1913 Domini;
1125 1853 1377 1921 posterior
1419 1856 1489 1907 ad
1526 1854 1804 1912 Matutinos

1915 1840 2014 1894 cibi
2038 1842 2285 1913 Magister
2311 1848 2563 1903 abstinere
2600 1866 2631 1902 a
2673 1854 3029 1907 communione
3055 1854 3152 1907 hac
3177 1857 3261 1911 die
3297 1858 3503 1927 iubeat;

210 1933 322 1988 diei
349 1936 621 2005 sequentis.
657 1938 859 2008 Quippe
887 1938 1244 2014 Evangelium,
1286 1947 1424 2013 quod
1471 1963 1533 2001 ea:
1562 1946 1808 2005 Mattha’o

208 2026 402 2100 legitur
445 2034 514 2085 ad
553 2031 759 2087 Coenam
786 2033 1014 2103 Domini,
1045 2040 1284 2095 existimo
1314 2043 1566 2111 pertinere
1594 2045 1660 2099 ad
1693 2045 1809 2100 Μα-

207 2124 426 2190 tutinos,
471 2133 645 2195 utpote
678 2130 814 2198 quod
862 2132 968 2199 agit
1020 2132 1084 2184 de
1126 2133 1313 2188 Christi
1361 2139 1810 2207 comprehensione

206 2215 355 2282 lucta
401 2233 492 2287 per
516 2215 748 2274 Judteos.
790 2219 948 2274 Aliud
983 2220 1323 2295 Euangelium
1372 2228 1444 2281 ad
1493 2230 1700 2284 missam
1743 2248 1809 2286 ex

208 2304 495 2379 Evangelia
521 2308 742 2366 Joannis
773 2312 836 2367 de
865 2311 1021 2369 Cinna
1052 2333 1212 2387 magis
1239 2322 1480 2385 quadrat.
1536 2321 1733 2378 Deinde
1761 2324 1807 2377 si

202 2398 352 2469 quod
379 2400 525 2454 aliud
551 2402 771 2471 oﬂicium
799 2421 951 2460 nume
982 2424 1011 2460 ο
1058 2410 1334 2479 marginali
1364 2424 1492 2467 esset
1521 2415 1806 2471 notandum

200 2505 307 2560 pro
332 2491 413 2545 die
436 2490 738 2549 Paresceves
764 2506 875 2565 past
903 2496 1205 2567 Matutinos,
1242 2519 1344 2556 non
1388 2506 1533 2560 aliud
1583 2512 1805 2564 occurrit

199 2597 364 2655 quam
406 2586 623 2655 ofﬁcium
659 2586 871 2655 Prima',
901 2591 1041 2660 quod
1089 2593 1144 2648 in
1187 2592 1285 2649 hoc
1309 2597 1633 2653 Lectionario
1681 2618 1805 2657 nus-

198 2689 365 2744 quam
399 2688 658 2749 comparet
707 2697 726 2735 :
772 2684 980 2737 tametsi
1028 2686 1300 2755 aptissima
1341 2691 1453 2760 ejus
1501 2693 1805 2765 assignandi

199 2771 409 2825 occasio
437 2780 568 2839 erat,
598 2775 883 2845 prtesertim
913 2777 966 2829 in
996 2778 1166 2832 triduo
1195 2778 1560 2851 Rogationum,
1591 2785 1643 2838 in
1683 2786 1800 2856 qui—

198 2863 300 2917 bus
327 2874 439 2934 post
464 2865 681 2935 ofﬁciunt
707 2866 775 2922 ad
802 2868 1087 2924 Matutinos
1112 2872 1282 2924 statim
1324 2873 1558 2929 subditur
1586 2876 1803 2946 oﬁicium

195 2956 271 3010 ad
302 2956 562 3015 Tertiam.
609 2957 793 3030 Itaque
826 2961 1041 3031 ofﬁcium
1087 2958 1464 3021 Matutinarum
1508 2970 1803 3041 assignatur

194 3063 299 3118 pro
320 3048 450 3102 liora
475 3047 687 3118 Prinne,
728 3068 846 3105 cum
869 3054 952 3108 hic
971 3054 1310 3127 subsequatur
1350 3059 1571 3128 officiunt
1599 3063 1665 3117 ad
1698 3062 1801 3120 Se-

192 3141 436 3197 cundum

1916 1949 2225 2004 consequens
2253 1948 2326 1993 est
2355 1945 2765 1999 communionem
2806 1947 2868 2000 iis
2895 1949 2985 2014 qui
3014 1958 3175 2003 totum
3205 1954 3339 2006 diem
3370 1955 3504 2023 jeju-

1915 2028 2105 2081 nabant
2171 2030 2477 2099 impertitum
2525 2036 2701 2107 fuisse.
2751 2036 2818 2091 In
2866 2038 3127 2111 Hispania
3175 2051 3338 2097 tamen
3393 2045 3502 2099 lucc

1913 2122 2201 2176 communio
2250 2125 2302 2178 in
2330 2126 2412 2179 die
2446 2124 2746 2184 Parasceves
2774 2140 2821 2184 et
2846 2132 3069 2187 Sabbato
3118 2136 3347 2204 sequenti
3390 2154 3493 2192 non

1911 2211 2108 2264 videtur
2141 2214 2298 2279 fuisse
2335 2219 2388 2269 in
2416 2233 2512 2271 usu
2544 2229 2768 2289 tempore
2807 2222 3012 2277 concilii
3048 2240 3098 2278 tv
3122 2223 3375 2293 To'etani,
3402 2226 3507 2287 hoc.

1912 2313 1984 2358 est
2022 2306 2211 2361 steculo
2248 2324 2341 2373 vn,
2374 2320 2429 2363 ut
2468 2313 2725 2384 colligitur
2750 2331 2812 2369 ex
2840 2318 3000 2369 verbis
3030 2321 3242 2373 canonis
3271 2322 3497 2388 septimi,

1910 2410 2024 2466 qua!
2070 2401 2335 2468 prwmissa
2376 2405 2766 2476 subsequuntur.
2816 2406 2968 2478 Ideo,
3017 2411 3250 2481 inquiunt
3292 2411 3495 2481 Patres,

1911 2502 2105 2556 Oportet
2135 2496 2311 2548 eodem
2351 2497 2436 2551 die
2458 2497 2770 2556 Parasceves
2810 2505 3106 2573 mysterium
3144 2509 3332 2573 crucis,
3364 2511 3505 2573 quod

1907 2582 2016 2654 ipse
2051 2582 2304 2641 Dominus
2351 2592 2548 2646 cunctis
2597 2596 2938 2650 nuntiandum
2978 2599 3160 2666 voluit,
3206 2602 3498 2671 praedicari,

1907 2684 2060 2747 atque
2089 2679 2463 2751 indulgentiam
2501 2687 2775 2743 criminum
2813 2690 2955 2744 clara
2996 2709 3114 2747 voce
3162 2710 3360 2750 omnem
3408 2714 3500 2767 po-

1908 2770 2087 2837 pulum
2128 2775 2393 2843 postulare
2426 2793 2444 2830 :
2480 2789 2534 2832 ut
2580 2782 2886 2846 paenitentia:
2915 2788 3304 2857 compunctione
3346 2805 3500 2845 mun-

1908 2859 2039 2930 dati,
2090 2867 2423 2922 venerabilem
2464 2871 2601 2926 diem
2643 2874 2913 2930 dominica:
2956 2881 3374 2947 resurrectionis,
3416 2897 3499 2939 re-

1905 2957 2077 3012 missis
2115 2960 2468 3031 iniquitatibus
2485 3006 2500 3033 ,
2532 2969 2791 3039 suscipere
2819 2987 3142 3040 mereamur;
3170 2976 3499 3046 corporisque

1905 3053 2018 3121 ejus
2046 3058 2092 3104 et
2118 3055 2383 3125 sanguinis
2414 3071 2791 3115 sacramentum
2832 3064 3011 3118 mundi
3062 3083 3094 3119 a
3137 3069 3356 3136 peccatis
3409 3085 3498 3123 su-

1904 3156 2125 3197 mamus.
2163 3142 2333 3201 Iidem
2378 3163 2576 3205 canone
2621 3155 2849 3221 sequenti
2894 3168 3117 3229 arguunt
3153 3176 3268 3228 eos,
3300 3161 3390 3232 qui
3427 3161 3498 3216 ad

275 3245 344 3299 In
366 3244 693 3303 Mosarabico
719 3251 773 3305 in
795 3252 879 3307 die
900 3249 1067 3308 Cana:
1088 3256 1441 3323 praescribitur
1464 3255 1796 3330 Evangelium

1908 3230 2083 3285 horam
2129 3251 2320 3290 nonam
2381 3240 2495 3308 ipsa
2535 3242 2621 3297 die
2657 3247 2933 3317 jejunium
2963 3251 3195 3321 solvunt,
3246 3230 3425 3325 eosque
3463 3271 3499 3311 α

192 3354 266 3393 επ
288 3336 442 3394 Luca:
464 3357 580 3412 cap.
617 3359 750 3412 χχιι,
790 3345 1081 3411 incipiendo
1121 3366 1154 3402 a
1193 3350 1527 3408 celebratione
1545 3369 1721 3423 canta,
1752 3364 1802 3411 et
1904 3324 2519 3423 Ρ⁰³⁰¹³⁰¹³ξῨῘ⁷³Ῐη²⁴η²⁰ηε
2543 3348 2822 3394 "merent

195 3430 483 3488 desinentia
506 3435 557 3488 in
586 3435 844 3508 lacrymas
872 3437 1020 3494 Petri
1048 3456 1066 3495 :
1093 3443 1147 3496 in
1178 3443 1361 3513 quibus
1392 3447 1634 3518 lacrymis
1658 3449 1802 3504 desi-

196 3527 277 3577 nit
318 3524 624 3583 Lectionarii
666 3531 826 3585 nostri
874 3533 1094 3603 ofﬁcium
1137 3537 1203 3589 ad
1237 3537 1527 3605 Matutinos
1571 3542 1675 3598 diei
1718 3560 1801 3599 se-

195 3615 419 3683 quentis.
468 3615 618 3672 Idem
655 3617 1041 3677 Mazarabicum
1085 3625 1168 3679 die
1211 3624 1521 3686 Parasceves
1566 3634 1799 3703 assignat

197 3702 541 3779 Evangelium
569 3726 632 3764 ea:
658 3709 893 3767 Matt/imi
939 3731 1056 3785 cap.
1086 3732 1243 3773 xxvu
1291 3736 1325 3773 a
1372 3722 1569 3777 versui
1600 3740 1613 3776 :
1639 3702 1796 3781 Mane

195 3807 373 3853 autem
422 3803 581 3871 facta,
623 3804 830 3859 insertis
877 3808 1186 3877 quibusdam
1229 3811 1389 3866 verbis
1419 3814 1489 3867 ad
1524 3816 1601 3869 rei
1643 3826 1800 3888 gestia

193 3892 433 3947 ordinem
461 3894 813 3965 signandum:
839 3894 995 3951 Mane
1020 3902 1178 3968 facto,
1211 3916 1355 3955 ctena
1386 3917 1514 3971 pura
1541 3904 1683 3973 quod
1712 3915 1799 3963 est

192 3993 327 4039 ante
356 3984 647 4041 Sabbatum
693 3987 833 4060 (quae
854 3989 1004 4044 verba
1031 3991 1206 4061 utique
1248 4010 1282 4046 a
1314 3992 1541 4067 Vulgata
1581 3997 1793 4069 absunt)

193 4077 487 4133 concilium
533 4076 779 4136 fecenint
827 4082 1021 4138 summi
1084 4083 1393 4141 sacerdotes
1445 4097 1500 4143 et
1554 4090 1799 4147 seniores

194 4168 383 4238 pOpuIi
414 4171 481 4224 de
508 4170 657 4238 Jesu,
689 4178 749 4226 ut
796 4171 1162 4229 interﬁcerent
1202 4190 1350 4242 eum,
1381 4184 1515 4246 etc.,
1544 4197 1700 4250 usque
1727 4181 1799 4236 ad

193 4261 355 4329 ﬁnem
384 4264 589 4334 capitis,
618 4266 875 4335 signantes
905 4265 1130 4335 lapidem
1161 4284 1278 4323 cum
1306 4272 1623 4329 custodibus.
1673 4274 1795 4331 Non

193 4353 305 4409 alia
330 4356 503 4415 passio
526 4358 623 4411 hac
646 4356 729 4412 die
756 4358 810 4412 in
836 4356 1184 4415 Masarabico.

270 4472 341 4527 In
363 4473 540 4543 Africa
584 4482 811 4544 tempore
845 4477 1009 4532 sancti
1034 4478 1313 4549 Augustini
1340 4480 1494 4535 unica
1529 4480 1792 4553 legebatur

195 4567 397 4637 passio,
426 4579 474 4623 et
498 4570 702 4638 quidem
727 4586 791 4624 ea:
815 4569 1081 4626 Mattiaco.
1128 4571 1219 4629 Sic
1240 4574 1384 4628 enim
1422 4574 1573 4630 habet
1622 4576 1712 4631 ille
1738 4577 1793 4631 in

195 4674 435 4714 sermone
472 4659 580 4715 232
623 4676 764 4715 nam
805 4662 1042 4717 editionis
1086 4679 1107 4719 :
1133 4682 1153 4715 ι
1183 4665 1369 4720 Passio
1415 4675 1616 4735 autem,
1665 4671 1789 4738 quia
1817 4640 1869 4701 θ

194 4766 311 4808 uno
346 4752 435 4809 die
478 4754 687 4825 legitur,
734 4771 843 4812 non
874 4758 1011 4815 solet
1038 4759 1161 4830 legi,
1197 4761 1297 4816 nisi
1329 4764 1621 4820 secundum
1653 4765 1792 4822 Mat-

199 4843 427 4901 thieum.
455 4846 746 4905 Volueram
790 4850 1082 4921 aliquando
1126 4865 1185 4909 ut
1215 4870 1310 4924 per
1338 4856 1792 4927 singulos'annos

195 4938 495 4995 secundum
538 4953 726 4994 omnes
756 4940 1122 5014 Evangelistas
1168 4945 1329 5002 etiam
1360 4950 1539 5018 passio
1587 4952 1792 5024 legere-

196 5038 311 5086 tur.
334 5030 554 5088 Factum
579 5042 681 5089 est.
725 5032 841 5091 Non
888 5036 1175 5095 audierunt
1200 5042 1445 5098 homines
1485 5043 1628 5114 quod
1659 5061 1788 5103 con-

194 5132 512 5191 sueverant,
542 5132 599 5179 et
625 5127 923 5195 perturbati
950 5138 1094 5185 sunt.
1126 5149 1148 5185 ι
1193 5130 1382 5188 Patres
1407 5136 1614 5191 concilii
1634 5135 1787 5195 Tole-

195 5214 308 5268 tani
352 5229 423 5281 Iv,
461 5231 658 5274 canone
695 5220 751 5285 6,
779 5222 1054 5277 nonnullas
1081 5222 1342 5282 Ecclesias
1384 5231 1779 5302 reprehendunt,

192 5306 285 5360 ubi
311 5306 367 5360 in
392 5307 478 5363 die
502 5319 658 5367 settle
685 5314 831 5383 ferite
853 5313 1120 5370 Passionis
1144 5316 1369 5386 Domini,
1400 5322 1589 5377 clausis
1611 5324 1786 5381 basili-

192 5413 379 5452 carum
407 5401 627 5469 foribus',
659 5419 751 5459 nec
778 5406 1061 5461 celebratur
1088 5408 1325 5478 oﬁicium,
1354 5428 1445 5467 nec
1474 5415 1645 5484 passio
1669 5416 1786 5473 Do-

192 5491 328 5545 mini
362 5494 566 5564 populis
598 5498 930 5564 prtedicatur.

266 5600 336 5656 In
376 5603 471 5659 hoc
516 5604 690 5663 triduo
729 5608 1010 5678 aliquando
1037 5615 1179 5682 facta
1216 5620 1289 5668 est
1325 5619 1636 5687 communio,
1684 5636 1786 5676 non

192 5694 365 5749 solum
407 5697 462 5749 in
505 5701 828 5756 monasteriis
870 5702 1030 5775 (quod
1056 5720 1120 5759 ea:
1156 5703 1570 5762 Cluniacensium
1607 5710 1791 5768 ritibus

193 5787 416 5860 aliisque
444 5791 665 5863 constat)
693 5794 785 5848 sed
812 5795 964 5850 etiam
989 5813 1043 5851 tn
1063 5798 1180 5853 aliis
1207 5796 1451 5867 ecclesiis,
1475 5808 1597 5856 teste
1626 5801 1789 5860 Theo-

195 5878 348 5951 o'ulfo
369 5880 604 5955 episcopo
631 5884 983 5943 Aurelianensi
1022 5888 1074 5944 in
1096 5889 1425 5964 Capitularis,
1449 5892 1666 5951 articulo
1696 5894 1784 5952 εΗ.

2153 3419 2311 3493 [XLL
2350 3440 2592 3483 LEGENDA
2634 3444 2684 3484 IN
2723 3447 2958 3488 suosuo
2994 3436 3241 3510 ssucro.]

1902 3600 2304 3664 inundaverunt
2360 3620 2555 3668 terram
2583 3631 2725 3672 anno
2760 3620 3153 3679 sexcentesimo
3182 3626 3303 3683 vitta
3332 3641 3443 3684 suae
3465 3672 3485 3699 ,

1899 3704 2027 3761 etc.,
2062 3714 2221 3772 usque
2240 3700 2609 3775 Odoratusque
2640 3718 2723 3763 est
2756 3710 3012 3769 Dominus
3055 3716 3278 3774 odorem
3309 3722 3489 3777 suavi-

1905 3787 2051 3842 tatis.
2070 3786 2391 3862 (Genes.vn,
2423 3797 2509 3864 10,
2543 3815 2701 3870 usque
2734 3818 2843 3870 νιη,
2876 3805 2991 3878 2L)

2385 3888 2429 3937 ιι.
2467 3888 2637 3941 Lectio
2658 3892 2769 3944 libri
2793 3895 3019 3949 Genesis.

1972 3961 2236 4036 Tempore
2272 3969 2394 4037 illo,
2441 3975 2717 4044 temptavit
2764 3979 2900 4035 Deus
2939 3981 3240 4051 Abraham,
3274 3995 3326 4041 ct
3357 3986 3489 4045 dixit

1898 4057 1965 4113 ad
1987 4073 2107 4114 eum
2137 4078 2150 4115 :
2184 4062 2480 4131 Abraham,
2502 4077 2629 4133 etc.,
2658 4081 2813 4141 usque
2834 4074 3199 4146 Abieruntque
3220 4077 3489 4137 Bersabee

1899 4150 2084 4220 simul,
2116 4162 2171 4209 et
2207 4153 2465 4213 habitavit
2492 4158 2584 4213 ibi.
2621 4160 2827 4232 (Genes.
2854 4171 2986 4232 tun,
3020 4168 3203 4230 1-19.)

2365 4248 2414 4300 5.
2433 4247 2603 4301 Lectio
2628 4251 2736 4302 libri
2758 4253 2984 4308 Genesis.

1974 4327 2131 4400 138
2156 4329 2425 4401 Tempore
2467 4336 2593 4404 illo,
2626 4342 2803 4396 senuit
2833 4343 3008 4409 Isaac,
3044 4357 3097 4401 et
3121 4348 3483 4418 Caligaverunt

1895 4419 2032 4473 oculi
2057 4418 2193 4491 ejus.
2224 4432 2356 4493 etc.,
2389 4442 2545 4499 usque
2570 4430 2783 4487 Solvam
2810 4432 2997 4506 jugum
3028 4438 3144 4507 ejus
3169 4442 3235 4498 de
3256 4444 3479 4501 cervici-

1897 4507 1995 4566 bus
2017 4512 2143 4568 tuis.
2162 4514 2370 4581 (Genes.
2395 4522 2765 4595 XXVII,1-40.)

2406 4614 2454 4664 6.
2486 4612 2653 4665 Lectio
2679 4616 2789 4667 libri
2820 4618 2975 4671 Exodi

1964 4691 2227 4763 Tempore
2254 4696 2367 4765 illo,
2392 4697 2528 4755 dixit
2555 4718 2765 4773 quoque
2796 4704 3056 4763 Dominus
3085 4712 3149 4765 ad
3176 4712 3391 4785 Moysen
3424 4723 3480 4770 et

1891 4785 2070 4841 Aaron
2102 4789 2155 4843 in
2190 4800 2330 4845 terra
2355 4791 2575 4864 Egypti
2603 4812 2615 4847 :
2645 4795 2843 4851 Mensis
2864 4798 2963 4853 iste
2988 4802 3136 4855 vobis
3161 4806 3477 4874 principium

1892 4881 2178 4949 mensium,
2213 4891 2346 4949 etc.,
2376 4900 2535 4956 usque
2566 4885 2831 4944 Fecerunt
2876 4906 3065 4949 omnes
3113 4895 3202 4950 lilii
3236 4896 3474 4969 Israhel,

1892 4970 2032 5026 sicut
2087 4986 2417 5045 praeceperat
2463 4976 2720 5035 Dominus
2744 4980 2910 5055 Moysi
2951 4994 3006 5040 et
3048 4989 3247 5045 Aaron.
3277 4990 3474 5065 (Exod.

1893 5078 1989 5132 xu,
2013 5062 2186 5136 1-50.)

2051 5152 2066 5172 -
2403 5140 2452 5191 7.
2482 5139 2650 5195 Lectio
2672 5143 2787 5197 libri
2806 5145 2981 5199 Exodi.
3408 5204 3421 5215 ,

1963 5240 2226 5313 Tempore
2253 5244 2377 5314 illo,
2420 5250 2612 5305 armati
2635 5251 2995 5308 ascenderunt
3037 5252 3132 5309 lilii
3182 5252 3379 5310 israhel
3408 5254 3476 5311 de

1892 5342 2036 5391 terra
2063 5334 2279 5408 Egypti
2300 5379 2316 5405 ,
2362 5340 2483 5396 tulit
2513 5357 2726 5415 quoque
2756 5345 2969 5427 Moyses
2999 5362 3119 5402 ossa
3148 5347 3347 5419 Joseph
3387 5363 3474 5406 sc-

1890 5443 2012 5486 cum
2031 5469 2050 5497 ,
2077 5439 2209 5499 etc.,
2235 5448 2395 5500 usque
2422 5434 2479 5490 In
2505 5439 2696 5496 castris
2723 5454 2889 5510 super
2932 5455 3082 5497 mare
3118 5457 3468 5502 omnes.......

1892 5521 2093 5593 (Exod.
2124 5540 2238 5591 xm,
2271 5526 2360 5596 18,
2392 5545 2552 5601 usque
2578 5547 2686 5599 nr,
2714 5533 2796 5604 9.)

1966 5619 2253 5676 Exortatns
2280 5638 2337 5678 es
2368 5623 2421 5677 in
2453 5625 2648 5681 virtute
2675 5635 2785 5691 tua,
2815 5635 2869 5683 et
2897 5627 2950 5682 iu
2980 5628 3260 5702 refrigerio
3282 5641 3471 5690 sancto

1894 5718 2004 5767 tuo.
2033 5714 2331 5769 Audierant
2355 5728 2570 5787 gentes,
2604 5725 2659 5772 et
2688 5718 2836 5775 irata:
2871 5728 3035 5778 sunt:
3071 5723 3272 5780 doloris
3322 5741 3471 5781 eom-

1891 5806 2312 5875 praahenderunt
2358 5808 2719 5866 inhabitantes
2747 5810 3053 5885 Pltitistym.
3080 5815 3230 5873 Tunc
3258 5816 3471 5874 festina-

1868 5986 1875 5989 Η
1890 5911 2084 5959 verunt
2109 5901 2260 5959 ducis
2291 5902 2461 5963 Edoni
2484 5914 2539 5964 et
2561 5905 2832 5979 principes
2852 5908 3224 5973 Moabitarum.
3246 5913 3467 5985 Δόντας
