4048 6350
636 256 734 320 195

1324 260 1669 329 APPENDIX
1708 272 1802 329 AD
1842 268 2066 329 orsus
2108 268 2352 328 SANCTI
2392 270 2707 329 GERMANI
2752 268 3191 347 PARlSlENSlS.
3804 279 3871 359 196

634 377 819 436 hendit
848 396 941 438 eos
972 390 1150 448 timor,
1179 385 1443 441 ﬂuxerunt
1474 402 1662 443 omnes
1693 387 2052 442 inhabitantes
2074 385 2208 441 Cha—
2242 388 2289 449 Α
2323 404 2467 441 num.
2498 387 2803 442 Benediciie
2832 386 3128 443 Israhelitas
3149 386 3475 442 Dominum.
3498 388 3787 445 Benedicite
3807 394 3873 450 lilii

635 490 792 530 naau.
822 476 1043 532 Decidat
1059 494 1217 549 super
1239 494 1332 534 eos
1354 484 1514 537 timor
1536 492 1592 538 et
1618 484 1806 538 trimor
1827 480 2215 552 magnitudinis

635 564 837 620 brachii
867 570 961 622 tui.
998 570 1150 625 Fiant
1182 582 1449 642 tamquam
1481 575 1638 644 lapis,
1669 576 1841 630 donec
1870 574 2093 630 transiat
2124 589 2216 644 po-

637 658 795 724 pultis
826 666 945 714 tuus
977 660 1201 718 Domine
1224 704 1239 729 ,
1280 667 1573 736 usquedum
1623 675 1958 736 pertranseat
1989 667 2217 737 populus

638 756 757 804 tuus
809 751 891 805 hic
931 768 1092 822 quem
1148 755 1407 813 tiberasti.
1456 759 1712 814 Inducens
1765 760 1974 829 plantas
2016 771 2111 815 eos
2160 758 2217 814 in

639 853 875 896 montem
904 842 1217 899 hereditatis
1257 859 1392 911 tum,
1427 851 1478 905 in
1525 862 1820 920 praeparata
1870 853 2217 909 habitationis

637 943 760 995 tute,
792 952 949 1004 quam
984 942 1290 1009 praeparasti
1324 943 1548 999 Domine
1573 988 1585 1009 ,
1615 947 2031 1001 sanctim0niutu
2064 956 2216 1003 tuum

637 1026 860 1082 Domine
883 1030 1025 1099 quod
1056 1045 1491 1103 praeparaverunt
1516 1051 1704 1093 manus
1744 1047 1867 1095 tuae.
1900 1040 2129 1096 Domine
2161 1048 2219 1097 tu

639 1135 833 1191 regnas
866 1125 915 1176 in
948 1134 1205 1180 aeternum
1236 1137 1287 1181 et
1318 1128 1369 1183 in
1396 1132 1653 1185 sacculum
1680 1130 1887 1199 smculi,
1920 1140 1973 1187 et
2001 1132 2174 1188 adhuc
2200 1148 2215 1189 ε

637 1216 889 1281 quoniam
923 1220 1141 1275 intravit
1181 1223 1448 1292 equitatus
1499 1225 1790 1280 Pharaonis
1820 1242 1940 1282 cum
1970 1226 2220 1283 curribus

637 1313 692 1358 et
721 1309 1095 1364 ascensoribus
1119 1310 1170 1365 iu
1196 1326 1362 1380 mare,
1410 1322 1465 1368 et
1507 1313 2019 1391 indux‘:t_.Dominus
2058 1330 2221 1385 super

636 1410 732 1451 eos
776 1414 941 1469 aquas
972 1404 1174 1457 maris:
1208 1403 1301 1459 ﬁlii
1346 1416 1522 1460 autem
1578 1404 1781 1461 lsrabel
1836 1408 2080 1463 abierunt
2126 1422 2221 1478 per

641 1490 844 1545 siccum
874 1507 969 1561 per
994 1495 1174 1550 tut-dio
1204 1511 1373 1551 mare.
1416 1498 1655 1567 Sutnpsit
1693 1506 1868 1554 autem
1900 1501 2062 1555 Maria
2092 1499 2222 1555 Pro-

639 1581 838 1650 pbetis,
868 1598 1025 1640 soror
1046 1588 1249 1654 Aaron,
1277 1590 1621 1659 lymphanum
1648 1592 1701 1647 in
1733 1608 1891 1648 manu
1917 1609 1932 1649 :
1959 1609 2219 1663 egressae-

635 1685 742 1742 que
790 1686 914 1729 sunt
962 1690 1151 1734 omnes
1179 1681 1431 1736 mulieres
1464 1695 1584 1752 post
1612 1698 1729 1739 eam
1762 1701 1883 1740 cum
1914 1687 2219 1757 tymphanis

632 1770 687 1817 et
714 1764 926 1834 choris,
955 1769 1146 1836 quibus
1173 1773 1497 1840 praecinebat
1528 1775 1713 1832 dicens
1740 1794 1755 1831 :
1787 1776 2079 1834 Cantemus
2114 1780 2219 1835 Do-
2252 1766 2301 1827 Β

634 1856 821 1927 mino,
870 1861 1103 1931 gloriose
1152 1865 1297 1920 enim
1350 1867 1716 1937 magniﬁcatus
1771 1881 1889 1935 est,
1940 1887 2134 1943 equum
2168 1883 2222 1929 et

631 1962 970 2009 ascensorem
1000 1955 1117 2026 ejus
1142 1956 1337 2028 dejecit
1369 1962 1418 2015 in
1452 1974 1620 2018 mare.
1653 1956 1848 2035 (Exod.
1875 1981 1963 2031 xv,
2000 1966 2220 2040 ιιι-ει.)

1039 2070 1087 2121 8.
1122 2069 1289 2123 Lectio
1314 2074 1573 2126 Ezechibel
1600 2080 1873 2141 prOphette.

698 2165 967 2237 Tempore
997 2170 1113 2241 illo,
1148 2175 1282 2231 facta
1316 2190 1399 2233 εει
1428 2196 1591 2249 super
1623 2198 1709 2239 me
1747 2200 1937 2240 manus
1964 2186 2218 2256 Domini,

627 2264 682 2314 et
708 2261 888 2316 eduxit
916 2280 1000 2320 me
1035 2267 1191 2340 139
1218 2270 1271 2325 in
1304 2273 1492 2344 spiritu
1527 2275 1778 2341 Domini,
1813 2289 1868 2333 et
1894 2278 2101 2335 dimisit
2136 2296 2222 2338 me

628 2349 681 2404 in
713 2352 892 2408 medio
937 2357 1109 2425 campi
1136 2400 1151 2424 ,
1182 2372 1314 2429 etc.,
1338 2380 1497 2434 usque
1524 2365 1585 2419 Et
1615 2370 1800 2423 scietis
1828 2370 1951 2437 quia
1977 2385 2076 2441 ego
2109 2372 2220 2426 Do-

627 2441 804 2497 minus
860 2446 1111 2517 loquutus
1156 2465 1272 2506 sum
1322 2465 1376 2508 et
1426 2454 1564 2523 feci,
1615 2461 1689 2514 ait
1740 2460 1999 2521 Dominus
2050 2464 2220 2526 Deus.

627 2529 840 2602 (Ezech.
876 2548 1079 2604 xxxvu,
1112 2537 1293 2611 1-14.)

1089 2628 1136 2679 9.
1166 2630 1333 2681 Lectio
1353 2630 1505 2683 Esaiae
1533 2636 1802 2699 prepbetae.

700 2707 846 2763 Visio
878 2709 1051 2767 Esaias
1074 2713 1165 2767 {illi
1196 2719 1378 2783 Amos,
1414 2734 1571 2788 quam
1598 2722 1730 2777 vidit
1751 2740 1912 2793 super
1944 2724 2135 2783 Judatn
2162 2738 2217 2785 et

628 2800 960 2859 Hierusalem
983 2804 1036 2860 in
1059 2806 1245 2862 diebus
1275 2810 1446 2876 Ozias,
1481 2821 1612 2880 etc.,
1646 2833 1801 2887 usque
1826 2815 1893 2874 Ut
1922 2818 2096 2888 pulvis
2124 2837 2216 2877 as-

627 2895 838 2964 cendet,
869 2898 943 2951 ait
975 2898 1226 2956 Dominus
1251 2902 1411 2960 Deus.
1450 2904 1582 2976 (Ιδα.
1609 2922 1647 2971 t,
1678 2909 1756 2977 l.)

1030 2990 1107 3039 10.
1136 2990 1303 3043 Lectio
1328 2994 1438 3044 libri
1467 2995 1667 3046 Hiesum
1692 2997 1847 3049 Nave.

696 3069 962 3140 Tempore
992 3074 1112 3139 illo,
1157 3075 1317 3130 Josue
1358 3078 1425 3133 de
1456 3090 1613 3135 nocte
1657 3095 2018 3153 consurgens,
2050 3086 2219 3143 movit

628 3172 830 3231 castra,
870 3166 1314 3239 egredientesque
1365 3172 1432 3227 de
1472 3172 1638 3229 Setim
1666 3216 1681 3235 .
1714 3186 1978 3233 venerunt
2003 3180 2069 3235 ad
2100 3180 2219 3237 Jor-

629 3253 855 3325 donem,
904 3270 1033 3327 etc.,
1084 3277 1243 3331 usque
1289 3261 1357 3319 Ut
1408 3274 1461 3320 ct
1508 3282 1602 3322 vos
1646 3268 1881 3327 timeatis
1926 3271 2213 3332 Dominum

630 3346 799 3405 Deum
831 3361 1063 3409 vestrum
1093 3357 1237 3411 omni
1269 3365 1531 3429 tempore.
1566 3359 1746 3433 (Iosue
1777 3377 1854 3430 Ill,
1891 3365 1993 3436 tv.)

1070 3468 1143 3520 11.
1170 3468 1343 3524 Lectio
1367 3472 1497 3524 Iona
1524 3477 1791 3540 pmpbette.

697 3568 963 3640 Tempore
994 3571 1087 3629 illo
1111 3615 1125 3639 ,
1160 3578 1355 3631 factum
1388 3588 1474 3634 est
1515 3580 1739 3637 verbum
1771 3582 1981 3638 Domini
2017 3583 2083 3638 ad
2117 3584 2214 3641 Jo-

627 3678 749 3718 nam
772 3707 788 3733 ,
826 3664 990 3721 lilium
1036 3668 1248 3724 Amatbi
1271 3711 1286 3737 ,
1316 3670 1540 3729 dicens:
1573 3675 1764 3746 Surge,
1806 3677 1942 3733 vade
1967 3678 2021 3732 in
2055 3680 2219 3736 Neni-

628 3770 727 3811 ven
759 3756 931 3829 (Ιοηω
960 3760 1022 3828 ι),
1051 3772 1181 3826 etc.,
1210 3780 1366 3832 usque
1390 3764 1458 3819 Et
1480 3767 1653 3821 oravit
1678 3767 1811 3823 Jona
1845 3770 1910 3824 ad
1936 3770 2217 3830 Dominum

628 3845 793 3901 Deum
834 3862 988 3904 suum
1037 3851 1104 3905 de
1150 3862 1305 3907 utero
1351 3855 1541 3923 piscis,
1589 3867 1641 3909 et
1679 3859 1834 3913 dixit.
1867 3860 2105 3917 Clamavi
2140 3866 2207 3919 ad

626 3940 908 3997 Dominum
940 3944 1106 3999 Deum
1135 3962 1335 4012 meum,
1363 3958 1467 4002 etc.
1502 3949 1567 4003 Et
1590 3950 1723 4005 dixit
1754 3953 2005 4009 Dominus
2035 3957 2167 4025 pit-ci
2198 4000 2213 4024 ,

626 4040 754 4102 etc.,
778 4050 938 4104 usque
964 4035 1235 4106 Loquutus
1267 4038 1440 4093 fuerat
1465 4046 1521 4094 ut
1552 4037 1757 4098 faceret
1785 4044 1889 4111 eis,
1923 4056 1977 4102 et
2007 4061 2109 4103 non
2140 4048 2220 4105 fe-

627 4124 723 4192 cit,
754 4125 828 4182 ait
858 4126 1112 4186 Dominus
1144 4132 1300 4188 Deus.

1039 4222 1113 4272 l2.
1140 4221 1309 4274 Lectio
1327 4222 1541 4277 Danihel
1566 4228 1842 4290 propheta.

700 4300 855 4356 Anno
901 4304 1092 4359 octabo
1135 4305 1347 4362 decimo
1392 4308 1891 4368 Nabuchodonosor
1940 4330 2033 4371 rex
2084 4315 2218 4372 fecit

626 4404 880 4464 statuam,
909 4408 1040 4467 etc.,
1065 4416 1224 4471 usque
1255 4400 1313 4457 In
1352 4412 1643 4472 conspectu
1690 4413 1785 4463 tuo
1816 4405 1978 4464 hodie
2006 4418 2069 4464 ut
2098 4411 2216 4477 pla-

627 4492 2212 4555 ccattibi.......................

627 4584 931 4641 Benedicite
961 4586 1130 4643 imber
1156 4596 1211 4643 et
1239 4603 1328 4641 ros
1350 4588 1659 4645 Dominum.
1686 4590 1993 4647 Benedicite
2023 4608 2212 4648 omnes

626 4676 845 4747 spiritus
876 4676 1175 4734 Dominum.
1225 4680 1536 4737 Benedicite
1587 4681 1725 4752 ignis
1768 4692 1822 4737 et
1852 4683 2002 4740 calor
2034 4683 2217 4739 Domi-

630 4784 778 4835 num,
817 4770 1069 4841 hymnum
1101 4773 1282 4828 dicite.
1317 4774 1631 4831 Benedicite
1658 4785 1847 4832 noctes
1876 4786 1933 4831 et
1962 4778 2077 4834 dies
2110 4779 2216 4834 Do-

628 4864 853 4921 minum.
885 4865 1185 4923 Beuedicite
1214 4869 1448 4923 tenebrae
1472 4877 1528 4926 et
1554 4870 1735 4924 lumen
1762 4869 2011 4925 Domino.
2040 4872 2216 4928 Bene-

626 4954 787 5011 dicite
831 4957 997 5026 frigus
1045 4967 1099 5012 et
1146 4969 1307 5014 mstus
1358 4960 1666 5027 Dominum,
1718 4960 1976 5031 hymnum
2024 4962 2205 5019 dicite.

629 5047 933 5102 Benedicite
960 5050 1147 5116 pruina
1170 5057 1224 5104 et
1253 5050 1391 5104 nivis
1434 5052 1734 5105 Dominum.
1766 5052 2074 5110 Benedicite
2104 5055 2211 5111 ful-

628 5153 756 5207 gura
786 5146 837 5191 et
866 5139 1019 5193 nubis
1050 5138 1357 5194 Dominum.
1382 5140 1692 5196 Benedicite
1725 5151 1863 5197 terra
1892 5143 2212 5211 Dominum,

627 5232 883 5303 hymnum
923 5232 1103 5288 dicite.
1140 5232 1445 5293 Benedicite
1472 5245 1683 5292 montes
1728 5244 1781 5292 et
1818 5237 1987 5293 colles
2019 5239 2216 5294 Domi-

626 5338 776 5378 num.
812 5323 1119 5379 Benedicite
1155 5324 1335 5379 omnia
1384 5327 1655 5383 nascentia
1700 5337 1860 5383 terra)
1902 5329 2218 5387 Dominum.

627 5414 937 5472 Benedicite
963 5417 1129 5472 maria
1149 5428 1205 5473 et
1228 5417 1445 5475 ﬂumina
1471 5420 1751 5475 Dominum
1774 5462 1789 5485 ,
1834 5422 2091 5493 hymnum
2126 5423 2215 5476 di-

625 5508 753 5564 cite.
787 5509 945 5580 140
966 5510 1267 5565 Benedicile
1294 5510 1467 5567 fontes
1492 5528 1748 5583 aquarum
1779 5513 2083 5569 Dominum.
2114 5514 2214 5569 Be-

626 5600 1059 5673 nedicite‘byluaa
1074 5612 1138 5659 et
1166 5603 1342 5659 omnia
1374 5619 1497 5675 quas
1525 5616 1806 5661 morantur
1835 5608 1888 5661 in
1920 5605 2074 5676 aquis
2104 5607 2213 5662 ΒΑ)-

627 5694 851 5751 minum.
879 5695 1187 5752 Beuedicite
1234 5710 1421 5752 omnes
1452 5697 1689 5754 volucris
1736 5698 1853 5753 caeli
1893 5697 2175 5754 Dominum
2196 5737 2213 5765 ,

629 5786 885 5863 hymnum
914 5790 1095 5847 dicite.
1128 5789 1436 5848 Benedicite
1459 5790 1645 5849 bestias
1669 5798 1727 5848 et
1746 5792 1994 5863 iumenta
2028 5790 2216 5848 Domi-

2321 478 2596 533 hominum
2625 480 2929 541 Duntinttm,
2967 482 3222 550 hymnum
3252 476 3446 533 dicite.
3481 477 3778 537 Benedicite
3801 483 3867 539 Sa-

2319 572 2561 627 cerdotes
2611 571 2815 625 honuni
2869 571 3112 626 Domino.
3145 569 3467 625 Beuediclte
3518 572 3661 626 servi
3698 570 3864 631 Domini

2323 664 2566 718 Domino.
2596 664 2902 718 Benedicite
2931 663 3146 731 spiritus
3175 672 3227 717 et
3263 663 3473 718 anima:
3501 663 3759 732 justorutn
3786 666 3858 724 Do-

2321 755 2486 820 mino,
2518 758 2770 824 hymnum
2802 756 2985 811 dicite.
3024 754 3329 809 Benediclte
3363 751 3551 810 sancti
3590 763 3647 811 et
3685 755 3863 815 humiles

2320 848 2482 901 corde
2511 848 2810 901 Dominum.
2850 846 3155 900 ltenedicite
3194 846 3517 911 Annanias,
3550 847 3782 915 Azarias,
3803 848 3871 904 lli.

2321 940 2464 993 saliet
2494 937 2795 992 Dominum.
2824 936 3211 991 Beuedleatnus
3236 922 3491 1003 (Patrem,
3529 946 3587 993 et
3614 930 3813 1007 Filium,
3837 951 3873 996 et

2320 1030 2578 1096 Spiritum
2604 1037 2847 1082 sanctum
2883 1027 3191 1096 Dominum,
3224 1030 3497 1099 hymnum
3540 1031 3801 1097 dicamus,
3830 1040 3868 1087 et

2321 1124 2778 1191 superessitetuus
2798 1136 2920 1178 eum
2944 1124 2998 1177 in
3020 1126 3401 1193 sarcula.Quia
3422 1126 3633 1194 eripuit
3662 1140 3749 1182 nes
3770 1128 3871 1186 Deut

2322 1216 2375 1269 in
2403 1216 2630 1281 inferno,
2662 1226 2793 1281 etc.,
2825 1231 2983 1284 usque
3012 1218 3256 1273 Potestas
3287 1220 3414 1287 eius
3446 1220 3503 1274 iu
3527 1222 3869 1290 generatione-

2322 1317 2377 1364 et
2398 1312 2819 1379 generationem.
2855 1309 3016 1381 (Dan.
3042 1312 3170 1381 ιιι).

2629 1401 2841 1465 Epistula
2862 1401 3001 1453 Pauli
3021 1404 3227 1467 apostoli
3252 1405 3309 1454 ad
3335 1403 3612 1457 Romanos.

2395 1486 2632 1554 Fratres,
2653 1504 2719 1542 an
2744 1489 3023 1557 ignoratis,
3049 1493 3175 1560 quia
3201 1492 3540 1563 quicumque
3571 1494 3871 1563 baptizatum

2324 1592 2443 1633 mus
2467 1621 2482 1645 ,
2513 1591 2649 1645 etc.,
2673 1596 2832 1649 usque
2852 1581 3103 1638 Viventes
3125 1593 3303 1640 autem
3330 1586 3451 1641 Deo
3480 1588 3537 1641 iu
3562 1587 3765 1643 Christo
3786 1587 3872 1643 test

2324 1672 2551 1727 Domino
2584 1685 2789 1728 nostro.
2818 1672 2993 1745 (Rom.
3026 1690 3099 1740 vn,
3130 1677 3317 1745 δοες.)

2514 1787 2681 1839 Lectio
2703 1791 2856 1839 sancti
2881 1788 3141 1853 Evangelii
3161 1794 3444 1842 secundum
3478 1792 3766 1844 Mattbmum.

2401 1892 2633 1963 Vespere
2685 1906 2865 1950 autem
2922 1895 3171 1959 Sabbati,
3225 1913 3342 1968 quae
3392 1898 3609 1954 luciscit
3657 1899 3705 1952 in
3750 1899 3868 1969 prim

2325 1985 2542 2043 Sabbati
2568 2029 2582 2053 ,
2615 1998 2747 2055 etc.,
2778 2005 2939 2058 usque
2968 1991 3226 2045 Omnibus
3259 1991 3462 2048 diebus
3508 2007 3676 2065 usque
3701 1990 3759 2047 ad
3782 2006 3867 2047 con-

2325 2080 2735 2134 summationem
2768 2082 2971 2135 szecnli.
3005 2079 3221 2149 (Matth.
3258 2080 3487 2150 xxviii.)

2670 2190 2854 2233 NOTAE
2905 2193 2981 2233 ET
3024 2192 3583 2235 OBSERVATIONES.

2400 2270 2479 2325 Ab
2506 2272 2607 2327 hoc
2639 2272 2819 2327 oi'iicio
2847 2274 3066 2329 Sabbati
3094 2277 3266 2331 sancti
3313 2276 3583 2332 inseritur
3621 2282 3769 2331 altera
3794 2290 3863 2326 nu-

2328 2375 2596 2417 merorum
2628 2363 2998 2435 marginalium
3028 2365 3079 2419 in
3099 2364 3449 2421 Lectionario
3474 2368 3644 2423 series
3666 2368 3737 2436 (ut
3757 2378 3865 2433 supra

2330 2455 2654 2524 notavimus)
2689 2457 2752 2510 ad
2782 2458 3142 2527 designandas
3173 2458 3492 2515 Lectiones.
3537 2460 3611 2513 Ex
3643 2456 3863 2515 duodecim

2331 2546 2647 2601 lectionibus
2674 2566 2792 2616 qua:
2827 2550 3140 2621 legebantur
3170 2561 3295 2605 ante
3335 2553 3562 2608 missam
3605 2552 3657 2606 in
3693 2550 3863 2622 gratiam

2329 2638 2799 2710 baptizandorum,
2836 2654 2944 2699 tres
2993 2646 3177 2713 prima:
3222 2644 3445 2709 desunt.
3498 2641 3703 2699 Eaedem
3746 2645 3861 2695 lenne

2328 2743 2453 2789 sunt
2498 2735 2549 2789 in
2599 2735 2961 2800 Moznrahico,
2996 2752 3094 2791 nec
3126 2738 3351 2793 multum
3397 2737 3654 2793 diﬁcrunt
3693 2752 3717 2789 a
3753 2734 3863 2789 modo

2327 2828 2534 2883 usitatis
2564 2828 2616 2883 in
2647 2829 2842 2884 Missali
2876 2829 3117 2884 Romano
3139 2829 3428 2886 hodierno.
3456 2831 3583 2885 Tria
3607 2830 3784 2886 cantica
3803 2826 3855 2877 in-

2329 2924 2598 2986 seruntur,
2631 2935 2823 2989 nempe
2866 2920 3024 2976 Mosis
3074 2932 3193 2990 post
3238 2922 3533 2991 septimam
3562 2964 3577 2986 ,
3624 2922 3756 2978 Jonas
3780 2922 3861 2985 post

2329 3010 2693 3077 undecimam,
2726 3013 2880 3066 trium
2916 3028 3205 3082 puerorum
3248 3024 3374 3083 post
3425 3014 3798 3073 duodecimam,
3822 3014 3857 3061 ut

2328 3097 2437 3155 fere
2465 3104 2515 3155 in
2550 3100 2887 3158 Mnsarabico
2912 3122 2924 3132 ·
2962 3104 3061 3158 nisi
3093 3108 3238 3174 quod
3265 3105 3389 3161 loco
3424 3103 3614 3161 cantici
3652 3103 3777 3157 Jonas
3800 3107 3854 3153 est

2324 3194 2592 3246 canticum
2642 3193 2891 3249 Habacuc
2944 3204 3063 3263 post
3103 3196 3417 3253 Lectionem
3466 3213 3534 3253 ex
3573 3196 3743 3251 eodem
3769 3204 3855 3261 pro-

2324 3282 2483 3354 pheta

2398 3380 2452 3433 In
2482 3379 2815 3436 Mozarabico
2846 3380 3196 3439 Lectionibus
3242 3384 3362 3440 istis
3395 3384 3724 3456 pra-mittitur
3752 3372 3854 3432 cerei

2322 3472 2644 3536 benedictio,
2674 3473 2828 3543 cujus
2854 3474 3080 3530 formula
3106 3476 3320 3531 diversa
3344 3484 3431 3531 est
3460 3493 3486 3530 a
3512 3475 3751 3535 Romana,
3774 3480 3856 3537 qua

2323 3563 2509 3619 eadem
2542 3573 2623 3618 est
2650 3580 2769 3620 cum
2804 3578 2988 3623 vetere
3024 3567 3317 3625 Gallicana.
3354 3571 3541 3627 Primo
3583 3571 3636 3624 lit
3677 3561 3846 3622 benedi-

2323 3656 2430 3711 ctio
2457 3656 2689 3712 lucerna:
2720 3676 2731 3710 :
2766 3674 2883 3729 quae
2908 3659 3213 3716 benedictio
3244 3673 3523 3720 auctorem
3557 3662 3704 3717 habet
3728 3654 3849 3711 lsido«

2324 3767 2440 3806 rum
2468 3796 2482 3819 ,
2516 3760 2652 3809 teste
2697 3752 2957 3825 Elipando
3003 3756 3258 3829 episcopo
3299 3759 3595 3824 Toletano,
3626 3758 3704 3825 qui
3730 3767 3781 3806 ex
3801 3760 3846 3802 οο

2325 3843 2438 3897 haec
2480 3845 2639 3899 verba
2689 3845 2853 3901 refert
2909 3849 2961 3900 in
3016 3846 3167 3921 141
3226 3852 3451 3921 epistula
3497 3852 3562 3906 ad
3611 3846 3848 3902 Alcuinum.

2329 3954 2349 3986 ‹
2381 3935 2512 3990 Nam
2544 3946 2597 3992 et
2628 3938 2725 4008 ipsi
2756 3940 2996 3994 canimus
3041 3943 3091 3994 in
3135 3942 3310 4011 vigilia
3338 3943 3597 4009 Paschte,
3627 3940 3761 3994 beato
3781 3930 3830 3986 lsi

2322 4028 2454 4083 doro
2486 4030 2696 4084 dicente
2728 4049 2738 4081 :
2771 4032 2947 4086 Induit
2973 4047 3211 4102 carnetn,
3244 4034 3335 4089 sed
3360 4052 3467 4090 non
3492 4035 3634 4090 eruit
3660 4028 3842 4097 majestt

2325 4130 2461 4187 tem;
2494 4132 2730 4176 nostrain
2773 4123 3130 4179 substantiam
3161 4138 3423 4193 echtcns
3449 4170 3464 4192 ,
3498 4124 3587 4181 sed
3628 4116 3840 4193 propriam

2325 4225 2427 4267 non
2463 4210 2789 4282 relinquens.
2822 4233 2841 4266 ι
2877 4213 3007 4284 Quae
3037 4215 3257 4272 totidem
3287 4217 3467 4273 verbis
3492 4220 3542 4271 in
3574 4205 3842 4270 Μολπαδίεο

2323 4304 2569 4373 leguntur
2599 4306 2665 4358 ad
2701 4304 3124 4362 benedicnonem
3160 4309 3416 4365 lucernae.
3443 4308 3560 4365 Alia
3593 4295 3839 4361 testimonia

2321 4396 2517 4452 ibidem
2543 4413 2609 4451 ex
2638 4399 2833 4452 Missali
2876 4400 3141 4455 Toletano
3173 4401 3377 4470 profert
3423 4402 3562 4457 idem
3604 4390 3835 4463 Elipandus

2318 4488 2383 4540 ad
2418 4488 2665 4543 haeresim
2695 4503 2845 4543 sitam
2872 4489 3332 4557 conﬁrmandam,
3367 4507 3589 4562 quorum
3629 4486 3776 4551 alii!ua
3800 4476 3837 4528 in

2326 4578 2656 4635 Mozarahico
2702 4598 2809 4637 non
2856 4592 3095 4648 exstant,
3154 4597 3345 4653 nempe
3381 4598 3503 4655 quas
3530 4598 3593 4637 ex
3640 4581 3775 4632 missa
3802 4567 3841 4622 in

2325 4672 2489 4727 Cmna
2522 4671 2755 4736 Domini,
2788 4682 2844 4726 et
2873 4686 2995 4740 qua:
3022 4687 3085 4727 ex
3118 4671 3249 4727 feria
3277 4674 3433 4728 tertia
3469 4671 3701 4730 Fascius.
3723 4665 3836 4716 iicm‘

2325 4778 2429 4833 que
2451 4778 2515 4818 ex
2543 4764 2705 4819 missa
2735 4765 2909 4818 Sancti
2938 4766 3170 4833 Sperati,
3199 4777 3257 4821 et
3279 4783 3399 4836 quae
3424 4784 3487 4823 es
3521 4766 3677 4821 missa
3700 4754 3850 4811 deice“

2327 4860 2559 4911 ctorunt.
2593 4858 2707 4911 Alia
2736 4856 2951 4925 quidem
2979 4858 3047 4910 ab
3077 4858 3194 4926 ipso
3231 4860 3435 4927 prolata
3479 4854 3779 4926 reperiuntur
3797 4841 3837 4894 ia

2327 4950 2428 5004 isto
2460 4950 2681 5017 Missali,
2714 4951 2938 5019 utquod
2971 4950 3131 5005 habet
3156 4965 3224 5006 ex
3247 4949 3381 5006 feria
3418 4952 3595 5023 quinta

2326 5056 2384 5101 at
2411 5047 2463 5101 in
2506 5044 2746 5100 lllatione
2774 5042 3018 5113 ejusdem
3052 5043 3201 5099 feria
3232 5046 3351 5100 loco
3371 5021 3628 5115 adoptivi,
3658 5037 3702 5089 in
3724 5021 3839 5084 editi!

2327 5140 2520 5211 legitur
2547 5137 2831 5206 assumpti;
2856 5137 3092 5206 itemque
3116 5137 3170 5191 in
3195 5138 3355 5192 missa
3376 5138 3448 5193 de
3469 5129 3760 5191 Asoensione
3778 5129 3837 5167 ϐε·

2328 5232 2688 5298 sumptiottem,
2722 5243 2825 5282 non
2855 5228 2938 5294 (ut
2961 5229 3074 5297 ipse
3106 5229 3251 5300 legit)
3282 5230 3615 5299 adoptionem.
3640 5218 3733 5273 Has
3754 5218 3836 5261 om.

2333 5324 2458 5375 uino
2481 5322 2891 5376 emendationes
2919 5332 3297 5391 suggesserunt
3322 5324 3374 5377 iu
3405 5321 3536 5377 libro
3562 5331 3599 5370 tt
3632 5306 3833 5367 adversus

2330 5416 2648 5484 Etipaudum
2682 5414 3002 5481 Leidradus,
3035 5414 3332 5479 Neiridius,
3364 5408 3622 5482 episcdpi.
3642 5409 3692 5457 ει

2322 5482 2497 5563 dictus
2529 5508 2711 5573 abbas,
2740 5522 2833 5562 seu
2864 5509 3041 5575 ponus
3069 5507 3327 5562 Alcuinus
3351 5504 3570 5575 duplicis
3592 5495 3724 5553 istius
3740 5482 3829 5538 Ub”

2320 5602 2570 5671 scriptor.

2390 5694 2538 5750 Post
2566 5692 2991 5748 benedictionem
3027 5692 3259 5748 lucernae
3287 5693 3524 5749 seouitur
3548 5678 3675 5777 οθτθξ

2321 5789 2483 5846 dictio
2516 5798 2633 5858 post
2674 5788 2877 5855 aliquas
2907 5787 3208 5853 orationes,
3240 5785 3345 5842 hoc
3390 5781 3542 5840 modo
3583 5768 3823 5836 incili“:
