4048 6350
156 332 275 387 197

1182 323 1272 381 DE
1311 321 1641 382 LITURGIA
1683 319 2073 378 GALLICANA
2112 315 2323 377 LIBER
2350 317 2421 376 il.

3348 316 3452 381 198

148 445 322 509 Vere,
356 442 593 508 Domine,
626 443 747 496 satis
774 440 991 513 dignum
1012 450 1058 494 et
1085 439 1358 509 pulchrum
1381 449 1478 505 est,
1506 441 1561 492 in
1585 455 1748 507 quan-
1774 444 1830 500 Α
1849 439 2093 505 gustinus
2125 436 2238 505 ipse
2271 438 2321 489 in
2354 436 2444 490 lib.
2483 450 2548 488 xv
2569 435 2638 489 de
2660 434 2890 490 Civitate
2912 435 3007 489 Dei
3038 448 3156 502 cap.
3181 436 3250 490 52
3274 450 3427 505 quos-

143 543 267 588 turn
295 550 393 587 nos
422 549 627 586 munere
648 543 733 586 tuo
762 533 1014 597 illustras,
1038 530 1126 585 tibi
1149 547 1347 600 semper
1368 531 1558 601 gratias
1579 547 1749 599 agerc,

142 629 303 694 apud
338 640 490 694 quem
519 631 591 676 est
618 626 736 691 fons
766 623 907 687 vita,
953 623 1007 677 in
1051 624 1203 693 cujus
1247 624 1437 675 lumine
1466 621 1745 675 videbimus

143 717 355 779 lumen,
387 726 493 769 etc.
526 712 602 767 De
630 713 1001 767 benedictione
1032 714 1266 768 lucerna:
1304 724 1360 767 et
1389 714 1538 767 cerei
1569 718 1753 767 exstat

141 822 336 863 canon
368 822 539 861 nonus
568 806 783 861 concilii
826 822 879 860 tv
904 806 1145 863 Toletani
1174 825 1186 861 :
1221 806 1460 861 Lucerna
1495 816 1544 861 et
1575 821 1751 860 cereus

142 905 202 956 in
229 899 536 971 prmoigiliis
560 897 783 953 Pasclue
805 900 943 970 apud
975 900 1224 968 quasdam
1257 898 1511 953 Ecclesias
1532 914 1634 953 non
1672 896 1757 953 be-

144 994 500 1055 nedicuntur;
544 1001 593 1045 et
641 1006 733 1044 cur
774 1007 805 1044 a
853 990 996 1045 nobis
1047 992 1412 1045 benedicuntur
1465 989 1753 1056 inquirunt.

150 1081 384 1152 Propter
414 1082 699 1153 gloriosum
731 1083 866 1135 enim
886 1082 1049 1136 noctis
1073 1082 1234 1149 ipsius
1265 1090 1645 1135 sacramentum
1673 1096 1758 1135 so-

148 1176 399 1229 lemniter
431 1175 538 1228 lucc
564 1172 933 1239 benedicimus,
950 1184 1004 1227 ut
1020 1190 1182 1229 sacra:
1198 1173 1591 1228 resurrectionis
1606 1172 1759 1227 Chri-

147 1269 221 1324 sti
248 1267 571 1337 mysterium,
599 1264 737 1334 quod
765 1274 991 1335 tempore
1023 1268 1177 1335 huius
1204 1266 1379 1319 votivce
1406 1266 1567 1319 noctis
1591 1265 1749 1319 adve-

147 1340 253 1423 nit,
285 1360 340 1414 in
367 1356 713 1421 benedictione
738 1357 1043 1428 sanctiﬁcati
1076 1356 1283 1412 luminis
1321 1355 1657 1425 accipiamus.
1686 1352 1759 1408 Et

147 1452 282 1520 quia
305 1449 413 1504 lucc
443 1445 721 1503 observatio
747 1464 836 1517 per
857 1447 1133 1502 multarum
1161 1447 1274 1502 loca
1306 1458 1556 1501 terrarum
1586 1446 1757 1516 regio-

150 1559 352 1613 nesque
378 1536 641 1612 Hispania:
666 1541 721 1594 in
749 1538 989 1594 Ecclesiis
1010 1539 1418 1601 commendatur,
1444 1538 1658 1607 dignum
1678 1542 1755 1590 est

154 1645 224 1687 ut
261 1643 470 1704 promer
498 1631 743 1686 unitatem
776 1632 917 1702 pacis
942 1630 997 1685 in
1028 1628 1311 1684 Gallicanis
1359 1628 1598 1684 Ecclesiis
1627 1641 1753 1681 con-

160 1736 420 1779 servetur.
440 1722 533 1779 Ubi
554 1721 767 1793 quidam
784 1722 919 1777 male
934 1720 1220 1778 Gallicanis
1238 1721 1518 1793 legendum
1541 1728 1746 1787 putant.

1856 527 1978 582 dam
2010 542 2197 582 versus
2227 526 2425 592 refert,
2467 541 2600 597 quos
2633 544 2652 580 ι
2690 526 2743 581 in
2776 523 2933 581 laude
2968 522 3196 597 quadam
3239 526 3381 581 cerei
3415 544 3437 579 ο
3488 540 3489 543 ‘

1856 616 2089 688 scripsit,
2122 628 2176 673 ut
2209 628 2351 688 patet
2380 635 2445 673 ex
2472 634 2606 673 nova
2634 614 2871 673 editione
2892 659 2907 685 ,
2938 616 3025 671 ubi
3064 617 3211 671 locus
3239 616 3341 672 iste
3367 630 3434 672 ex

1859 710 1987 767 Mss.
2018 710 2295 765 reatitutus
2327 718 2410 764 est
2448 724 2477 763 a
2504 708 2719 765 nostris.
2754 706 2807 763 lu
2841 718 3066 781 utraque
3107 708 3247 764 cerei
3279 702 3443 765 bene-

1859 798 2094 859 dictione
2124 799 2396 858 Ennodius
2439 806 2686 867 testatur,
2721 816 2787 856 ex
2825 796 3306 879 cereobenedicto
3352 801 3443 855 de-

1858 907 2073 964 cerptus
2102 910 2133 949 a
2162 886 2404 948 fidelibus
2438 894 2598 948 luisse
2628 891 2914 962 particulas
2935 904 3124 947 contra
3155 891 3439 961 procellas.

1862 988 1991 1043 lnde
2017 986 2289 1057 Agnorum
2318 986 2410 1041 Dei
2438 1000 2718 1040 cereoruni
2754 988 2924 1055 origo.

1942 1076 2135 1135 Postea
2168 1079 2221 1133 in
2250 1079 2507 1147 praedicto
2547 1076 2747 1133 Missali
2789 1076 3020 1133 Gothico
3058 1076 3459 1146 subsequuntur

1878 1172 2042 1225 variae
2069 1168 2427 1225 Collectiones
2463 1186 2558 1224 seu
2598 1169 2868 1225 orationes
2900 1168 3122 1225 omnino
3164 1168 3449 1225 duodecim

1863 1276 1982 1316 cum
2035 1260 2253 1315 totidem
2310 1257 2739 1330 praefationibus,
2782 1275 3008 1331 quarum
3060 1259 3282 1331 singulae
3331 1268 3452 1330 post

1863 1353 2104 1423 singulas
2134 1350 2392 1408 lectiones
2421 1351 2720 1422 praemissas
2749 1353 2961 1409 recitari
2990 1353 3208 1410 debent.
3232 1351 3349 1410 Una
3374 1360 3458 1411 est

1871 1463 1969 1518 pro
1998 1448 2273 1517 spiritibus
2307 1450 2642 1516 pausantium
2675 1463 2771 1503 seu
2811 1447 3213 1502 defunctorum.
3252 1447 3456 1504 Deinde

1864 1520 2157 1594 succedunt
2184 1536 2465 1594 Orationes
2494 1536 2560 1593 ad
2589 1537 2954 1594 Christianum
3007 1534 3318 1596 faciendum
3346 1579 3362 1605 ,
3393 1539 3459 1597 ad

1866 1633 2040 1689 fontes
2070 1633 2486 1702 benedicendos,
2516 1643 2675 1701 atque
2702 1634 2767 1687 ad
2798 1634 3348 1705 baptizandum,quas
3373 1650 3459 1692 se‘

1867 1723 2048 1794 quitur
2076 1722 2238 1780 missa
2271 1722 2327 1779 in
2360 1722 2565 1795 Vigiliis
2596 1726 2835 1790 Paschae,
2862 1726 3016 1796 cujus
3042 1728 3221 1782 missa:
3242 1725 3459 1796 Episto-

151 1816 219 1872 Ῑη
248 1816 517 1884 Hispaniis
540 1816 818 1886 alliiQuum
841 1831 962 1871 esse
986 1814 1335 1873 benedicendi
1355 1815 1495 1871 cerei
1526 1830 1753 1880 morem,
1788 1824 1839 1884 Β
1865 1822 1970 1877 iam
1993 1829 2047 1875 et
2073 1818 2417 1891 Evangelium
2443 1820 2689 1889 superius
2722 1837 2786 1875 ex
2818 1819 3160 1876 Lectionario
3190 1822 3456 1877 indicavi-

151 1922 224 1963 ex
259 1909 553 1963 Prudentia
578 1908 816 1964 nonnulli
845 1908 1140 1979 eolligunt,
1186 1906 1341 1978 cujus
1382 1907 1639 1979 hymnum
1672 1907 1752 1962 Ad

150 2000 424 2053 incensum
444 1997 572 2052 cerei
594 1998 850 2069 paschalis
872 2001 1229 2069 compositum
1261 1999 1496 2055 laudant.
1526 1998 1592 2053 Et
1614 1997 1757 2055 hunc

152 2088 378 2159 quidem
424 2092 678 2162 hymnum
715 2090 782 2146 ad
823 2088 1252 2148 benedictionem
1298 2092 1446 2147 cerei
1487 2091 1756 2161 paschalis

149 2181 380 2237 exhibet
418 2190 570 2237 vetus
598 2179 743 2237 Ordo
784 2176 1057 2238 Romanus
1080 2228 1095 2251 ,
1129 2188 1184 2239 et
1212 2180 1562 2256 Iiymnarium
1606 2184 1748 2237 anti-

148 2288 324 2342 quum
351 2315 367 2340 ,
414 2273 598 2328 Romae
641 2287 786 2329 anno
827 2277 1108 2343 superiore
1155 2275 1497 2345 impressum.
1531 2275 1597 2329 At
1627 2275 1754 2345 quia

153 2363 393 2434 hymnus
424 2364 543 2431 iste,
574 2368 661 2436 qui
695 2367 746 2420 in
778 2362 1157 2421 Cathemerino
1187 2368 1402 2437 quintus
1425 2376 1531 2435 cst,
1559 2366 1751 2422 inscri-

150 2456 301 2512 bitur
333 2476 385 2512 tn
427 2459 782 2515 membraneis
838 2458 1026 2527 libris,
1079 2459 1319 2533 Hymnus
1370 2463 1437 2515 ad
1483 2462 1749 2515 incensum

152 2550 401 2611 lucernae.
434 2566 538 2605 non
566 2550 694 2605 cerei
721 2550 1013 2622 paschalis;
1037 2551 1163 2607 hinc
1186 2550 1508 2607 Sirmundus
1531 2551 1583 2606 in
1610 2552 1753 2606 notis

152 2642 224 2695 ad
259 2641 589 2705 Ennodium,
640 2650 695 2697 et
742 2642 1024 2697 Mettardus
1058 2644 1108 2697 in
1137 2643 1491 2699 Concordiam
1532 2645 1746 2714 regula-

153 2746 279 2786 rum
313 2731 576 2797 inferunt,
611 2735 859 2789 eumdem
899 2735 1154 2804 hymnum
1187 2736 1252 2789 ad
1290 2736 1662 2791 accendendas
1690 2737 1744 2792 in

155 2821 486 2877 Lucernario
524 2840 620 2879 seu
648 2824 898 2894 Vesperis
932 2826 1259 2894 quotidianis
1308 2830 1555 2882 lucernas
1589 2845 1744 2882 com-

155 2912 390 2980 positum
420 2910 602 2968 fuisse.
630 2913 683 2967 In
717 2915 902 2970 eadem
922 2915 1186 2970 sententia
1211 2926 1295 2972 est
1316 2916 1565 2972 Nicolaus
1592 2919 1750 2972 licin-

157 3004 274 3058 sius
304 3004 358 3058 in
390 3020 526 3060 nova
552 3004 823 3061 Prudentii
851 3007 1117 3072 editione,
1174 3006 1331 3081 142
1378 3008 1465 3064 ubi
1493 3010 1631 3064 cerei
1661 3025 1751 3081 pa-

159 3096 363 3151 schalis
402 3098 561 3152 ritum
612 3099 885 3155 Prudentii
926 3116 1042 3155 aevo
1083 3101 1320 3171 ignotum
1360 3101 1523 3157 fuisse
1555 3111 1741 3156 censet

1865 1927 2004 1967 mus.
2026 1912 2279 1981 Baptismi
2300 1912 2541 1969 solemne
2561 1924 2772 1983 tempus
2798 1923 2913 1968 erat
2931 1913 2984 1968 in
3014 1910 3220 1979 Vigiliis
3238 1914 3457 1971 Pascha;

1865 2014 1922 2060 et
1973 2006 2351 2073 Pentecostes,
2383 2004 2673 2077 aliquando
2717 2007 2880 2063 etiam
2931 2009 2981 2062 in
3024 2005 3214 2076 Vigilia
3247 2008 3453 2064 Natalis

1869 2099 2121 2162 Domini,
2153 2107 2206 2153 et
2234 2098 2286 2153 in
2327 2098 2491 2153 natali
2534 2098 2707 2154 sancti
2752 2097 2995 2154 Joannis.
3031 2098 3165 2153 Huic
3196 2102 3276 2155 rei
3322 2115 3451 2170 pro-

1869 2190 2059 2245 bandae
2088 2205 2225 2244 unus
2266 2189 2376 2245 fere
2404 2190 2602 2246 sufficit
2644 2189 2885 2259 Gregorii
2923 2190 3074 2245 locus
3101 2206 3168 2245 ex
3191 2190 3288 2245 lib.
3322 2207 3443 2257 vni,

1869 2298 1988 2353 cap.
2031 2284 2086 2348 9,
2118 2282 2206 2337 ubi
2238 2281 2672 2338 Guntchramnus
2704 2298 2799 2338 rex
2831 2282 2901 2336 ita
2936 2280 3212 2352 loquitur:
3251 2301 3268 2333 ι
3309 2282 3448 2338 Ger-

1868 2390 2057 2429 manus
2089 2389 2240 2429 meus
2263 2374 2596 2444 Chilpericus
2618 2373 2853 2430 moriens
2881 2373 3074 2430 dicitur
3109 2370 3263 2448 143
3286 2374 3450 2432 lilium

1867 2467 2182 2535 reliquisse,
2229 2467 2386 2537 cujus
2433 2469 2723 2523 nutritores
2762 2478 2934 2523 matre
2981 2463 3303 2539 deprecante
3346 2485 3442 2539 pe-

1869 2560 2085 2623 tierunt,
2116 2567 2175 2612 ut
2200 2573 2323 2614 eum
2356 2557 2423 2613 de
2452 2566 2638 2613 sancto
2668 2559 2880 2614 lavacro
2912 2561 2964 2614 in
2993 2558 3258 2616 Dominici
3284 2560 3446 2617 Nata-

1866 2651 1933 2707 lis
1961 2652 2294 2707 solemnitate
2323 2652 2573 2706 deberem
2619 2650 2906 2719 excipere:
2939 2661 2995 2708 et
3025 2669 3129 2707 non
3166 2662 3449 2709 venerunt.

1865 2743 2207 2813 Rogaverunt
2236 2745 2488 2813 deinceps
2521 2754 2576 2798 ut
2605 2744 2675 2798 ad
2701 2754 2945 2799 sanctum
2981 2732 3184 2801 Pascha
3209 2744 3452 2815 baptiza-

1866 2844 2046 2901 retur;
2077 2836 2168 2890 sed
2199 2850 2296 2890 nec
2320 2844 2446 2890 tunc
2473 2836 2668 2890 allatus
2688 2846 2771 2891 est
2798 2836 2990 2891 infans.
3017 2837 3300 2907 Deprecati
3325 2846 3452 2893 sunt

1866 2939 2043 2983 autem
2079 2931 2257 2995 tertio,
2292 2939 2349 2983 ut
2378 2929 2444 2984 ad
2477 2929 2820 2985 festivitatem
2850 2931 3024 2986 sancti
3055 2930 3277 2987 Joannis
3301 2932 3451 2987 exhi-

1863 3019 2117 3086 beretur;
2162 3021 2256 3076 sed
2307 3037 2409 3077 nec
2457 3032 2582 3078 tunc
2618 3024 2783 3079 venit.
2815 3042 2836 3076 ι
2863 3022 3242 3080 Childebertus
3286 3040 3454 3092 vero,

1864 3112 2130 3183 Sigcbcrti
2178 3113 2337 3180 ﬁlius,
2372 3132 2391 3166 ι
2424 3114 2749 3184 baptismum
2804 3117 2863 3170 in
2910 3118 2996 3171 die
3036 3127 3223 3172 sancto
3258 3118 3452 3174 Pente-

159 3187 343 3257 colligi
364 3203 429 3243 ex
451 3190 853 3259 antiquitatibus
881 3192 1282 3249 ecclesiasticis.
1301 3191 1499 3249 Verum
1525 3194 1750 3248 lucernis
1780 3208 1831 3271 ο
1860 3216 2036 3261 costas
2064 3208 2292 3277 accepit,
2328 3225 2347 3258 ι
2379 3224 2443 3261 ex
2470 3209 2709 3277 ejusdem
2739 3209 2862 3264 libri
2888 3225 3008 3278 cap.
3050 3210 3104 3264 4.
3135 3209 3329 3267 vemm
3361 3209 3455 3266 pa.

162 3281 481 3336 vocabulum
515 3284 566 3336 in
596 3284 748 3337 titulo
793 3284 975 3353 hymni
1007 3301 1117 3340 non
1156 3284 1351 3340 sufficit
1384 3285 1664 3354 probando
1700 3287 1755 3340 id

163 3370 308 3440 quod
351 3369 407 3425 hi
438 3372 536 3427 viri
573 3372 717 3428 docti
759 3374 1079 3429 intendunt:
1109 3374 1546 3445 quandoquidem
1578 3376 1629 3428 iu
1665 3375 1753 3429 Vi-

163 3465 287 3535 gilia
318 3463 535 3519 Pascbae
563 3466 864 3521 benedictio
894 3466 1057 3521 etiam
1087 3466 1320 3523 lucernae
1355 3468 1538 3534 ﬁebat,
1569 3483 1635 3522 ex
1660 3466 1745 3522 di-

164 3554 288 3608 ctis.
320 3553 520 3610 Deinde
542 3556 594 3610 in
622 3556 716 3611 illo
733 3556 934 3628 hymno
954 3559 1014 3611 lit
1042 3559 1242 3613 mentio
1265 3557 1332 3613 de
1358 3558 1552 3614 Christi
1581 3557 1763 3613 Domi-

164 3661 224 3700 m
254 3648 667 3716 resurrectione,
700 3629 841 3719 quod
871 3647 1034 3718 priori
1065 3649 1347 3705 sententiae
1375 3650 1763 3705 conﬁrmanda:

165 3737 435 3808 quoddam
464 3740 626 3795 robur
660 3740 859 3796 addere
892 3749 1090 3810 potest.
1124 3741 1228 3797 Sed
1255 3742 1360 3796 alia
1391 3745 1526 3796 ratio
1553 3784 1567 3807 ,
1600 3758 1763 3809 quam

165 3834 453 3893 Mcnardus
482 3848 664 3894 noster
692 3838 871 3906 aﬂ'ert,
897 3841 1088 3895 melius
1120 3841 1311 3906 probat
1336 3842 1591 3911 hymnum
1618 3841 1761 3898 hunc

165 3928 237 3983 de
285 3929 610 3985 Lucernario
650 3931 962 4000 quotidiana
1006 3930 1509 4002 interpretandum,
1564 3947 1761 4002 nempe

166 4022 283 4088 ipse
310 4020 489 4074 titulus
512 4020 633 4075 libri
661 4020 1085 4088 Cathemerinon,
1120 4038 1225 4093 quo
1260 4022 1630 4095 signiﬁcantur
1685 4037 1746 4076 ea

165 4126 287 4180 qua!
320 4127 413 4180 per
434 4110 574 4167 diem
603 4121 850 4181 aguntur.
873 4114 1014 4169 idem
1044 4113 1235 4170 suadet
1255 4114 1415 4169 etiam
1441 4114 1757 4196 libri-ipsius

166 4204 338 4269 ordo,
386 4205 438 4257 in
490 4220 596 4275 quo
646 4206 849 4276 primus
886 4208 1118 4279 hymnus
1137 4218 1221 4263 est
1243 4208 1325 4263 Ad
1352 4208 1481 4280 galli
1509 4218 1717 4263 cantum
1740 4255 1753 4277 ,

167 4295 437 4351 Secundus
466 4295 769 4363 Matutinus,
798 4300 985 4355 tertius
1008 4299 1138 4355 Ante
1156 4299 1345 4367 cibum,
1375 4312 1595 4369 quartus
1622 4300 1748 4355 Post

168 4387 376 4451 cibum,
404 4389 621 4456 quintus
672 4389 752 4443 Ad
778 4391 1043 4446 incensum
1090 4391 1351 4459 lucerna,
1392 4402 1576 4449 sextus
1625 4393 1757 4447 Ante

170 4493 429 4531 somnum.
464 4477 559 4533 Ubi
589 4479 808 4547 quintus
830 4481 898 4535 de
926 4482 1173 4551 Vesperis
1208 4484 1428 4539 indubie
1454 4485 1751 4554 intelligen-
1786 4532 1789 4533 ν

171 4568 272 4623 dus
300 4578 414 4636 est,
439 4569 491 4624 in
521 4571 719 4639 quibus
746 4571 976 4628 solemni
1012 4590 1161 4630 more
1188 4576 1241 4629 in
1273 4577 1388 4630 dies
1417 4577 1636 4632 accendi
1671 4577 1747 4631 lu-
1792 4589 1847 4650 υ

172 4676 364 4718 cernas
419 4671 545 4717 tunc
596 4680 712 4719 mos
757 4677 903 4730 erat,
950 4678 1009 4722 ut
1054 4679 1202 4724 recte
1229 4668 1515 4725 Menardus
1562 4669 1760 4725 ibidem

176 4753 385 4819 probat,
418 4755 669 4809 nimiunn
698 4756 752 4811 in
783 4766 941 4827 caput
964 4757 1036 4812 ει
1065 4758 1381 4816 Concordiae
1422 4762 1728 4831 regularum
1746 4800 1765 4826 ,

173 4844 201 4915 ᾗ
231 4843 287 4897 2.
322 4844 498 4914 Neque
530 4855 706 4901 tamen
740 4859 1019 4918 propterea
1061 4858 1167 4905 tam
1213 4868 1385 4907 novus
1416 4861 1502 4907 est
1534 4855 1674 4907 cerei
1709 4854 1763 4909 in

178 4937 386 5008 Vigiliis
431 4939 770 5005 paschalibus
804 4941 1156 4999 benedicendi
1199 4947 1369 5012 ritus,
1420 4948 1494 5000 uti
1548 4946 1766 5002 Heinsio

175 5029 351 5084 visum
377 5040 490 5086 est:
517 5046 639 5088 eum
664 5034 960 5104 Ennodius,
978 5037 1275 5093 Ticinensis
1295 5050 1420 5093 ante
1446 5055 1647 5094 annum
1662 5038 1770 5094 520

171 5123 495 5191 episcopus,
540 5125 810 5194 geminam
838 5120 983 5184 cerei
1014 5132 1289 5200 paschalis
1335 5131 1767 5189 benedictionem

176 5214 481 5283 scripserit.

250 5350 303 5405 In
335 5351 533 5407 Missali
559 5354 685 5409 item
703 5353 1202 5425 Gothieogallicano
1220 5359 1459 5413 occurrit
1479 5356 1770 5414 Benedictio

171 5461 305 5497 cera:
343 5443 475 5499 beati
519 5447 791 5518 Augustini
831 5450 1091 5520 episcOpi,
1132 5464 1284 5519 quam
1324 5454 1492 5505 adhuc
1522 5454 1771 5508 diaconus

171 5549 291 5586 cum
317 5545 468 5599 esset,
490 5538 650 5592 edidit
682 5552 729 5593 et
757 5542 958 5610 cecinit,
986 5543 1086 5595 sub
1106 5540 1215 5597 hoc
1236 5543 1457 5597 exordio
1485 5558 1499 5597 :
1534 5543 1768 5599 Exsulta

167 5628 284 5695 iam
315 5628 547 5697 angelica
595 5632 743 5684 turba
791 5631 1071 5697 calorum,
1124 5643 1254 5699 etc.,
1288 5641 1347 5687 ut
1384 5634 1545 5688 modo
1570 5634 1627 5687 in
1667 5648 1767 5689 usu

176 5716 423 5771 habetur.
449 5719 503 5772 ln
538 5718 660 5775 Mss.
686 5724 979 5791 nonnullis,
1005 5733 1128 5793 puta
1155 5727 1205 5780 in
1230 5724 1597 5790 Noviomensi,
1622 5726 1767 5781 aliis-

174 5824 301 5881 que,
333 5808 473 5866 idem
504 5811 661 5868 istius
707 5814 1097 5873 benedictionis
1150 5819 1334 5874 titulus
1384 5818 1607 5887 legitur;
1661 5820 1770 5874 Au-

1868 3307 1980 3353 trcs
2008 3298 2194 3368 synodi
2223 3299 2645 3365 Matisconensis,
2680 3314 2886 3356 canone
2914 3299 2973 3369 5,
3006 3313 3439 3370 conquerantur,

1866 3388 2008 3459 quod
2035 3403 2162 3458 pene
2206 3404 2296 3457 per
2325 3388 2553 3458 singulos
2581 3388 2688 3443 dies
2714 3406 2777 3443 ac
2814 3390 3014 3445 natales
3042 3399 3329 3462 martyrum
3358 3392 3453 3447 btt-

1868 3481 2501 3606 ptismus‘conferretur;
2536 3492 2884 3555 veteremque
2932 3498 3087 3539 usum
3134 3484 3203 3539 ad
3244 3484 3456 3541 Pascha

1871 3567 2104 3606 revocati
2136 3593 2148 3606 .

1871 3567 2148 3608 revocant.

1868 3642 2051 3720 [XLIL
2092 3662 2336 3702 LEGENDA
2376 3662 2427 3701 IN
2466 3662 2555 3701 nte
2596 3661 2795 3703 δωστο
2832 3661 3072 3717 “seu,
3114 3664 3182 3704 sn
3219 3644 3458 3725 mssa.)

2150 3822 2361 3889 Epistola
2387 3826 2526 3877 Pauli
2547 3826 2751 3889 apostoli
2780 3829 2837 3877 ad
2881 3828 3176 3883 Corinthios.

1942 3906 2135 3963 Notum
2182 3918 2365 3964 autem
2413 3911 2564 3965 Vobis
2622 3912 2791 3976 facio,
2838 3912 3053 3980 fratres,
3102 3912 3455 3985 Evangelium

1870 4000 2011 4071 quod
2043 3999 2323 4069 praedicavi
2360 4001 2532 4069 vobis,
2560 4003 2703 4072 quod
2728 4013 2782 4059 et
2809 4006 3114 4075 accepistis,
3147 4019 3273 4073 etc.,
3300 4024 3459 4079 usque

1872 4093 2283 4149 Miserabiliores
2298 4108 2483 4149 sumus
2495 4093 2749 4153 omnibus
2769 4096 3096 4155 hominibus.
3121 4102 3141 4169 (
3153 4097 3175 4154 l
3196 4100 3317 4157 Cor.
3344 4103 3462 4173 xv.)

2099 4208 2267 4262 Lecuo
2286 4222 2438 4262 sancti
2459 4210 2721 4275 Evangelii
2745 4213 3013 4264 secundum
3039 4213 3238 4266 Lucam.

1946 4313 2143 4371 Diebus
2174 4316 2280 4370 illis
2304 4355 2320 4380 ,
2352 4331 2456 4371 una
2488 4318 2707 4373 Sabbati
2737 4318 2891 4374 valde
2922 4320 3162 4383 diluculo
3189 4332 3457 4377 venerunt

1873 4410 2124 4464 mulieres
2171 4409 2237 4464 ad
2282 4419 2780 4468 monumentum...
2816 4413 2990 4481 ipsum
3022 4428 3151 4470 vero
3180 4428 3287 4471 non
3315 4413 3465 4474 vide-

1872 4506 2111 4553 runt.....
2143 4497 2299 4570 (Luc.
2332 4515 2477 4567 μιν,
2512 4500 2589 4571 1.)

2220 4620 2401 4661 NOTB
2444 4620 2529 4662 ΕΤ
2570 4619 3116 4668 ωεικνΑτιοΝκς.

1946 4702 2154 4758 Avulsa
2181 4718 2287 4758 uno
2319 4705 2444 4758 item
2477 4704 2627 4767 folio,
2654 4704 2808 4759 deest
2835 4705 3003 4773 prima
3035 4706 3220 4761 Lectio
3244 4707 3465 4765 adulis-

1877 4807 2015 4860 sam,
2048 4810 2167 4863 qua:
2192 4795 2347 4849 lectio
2377 4794 2592 4850 indubie
2618 4805 2734 4849 erat
2759 4811 2825 4849 ex
2853 4798 3199 4866 Apocalypsi,
3232 4798 3373 4853 sicut
3400 4808 3461 4855 es

1879 4888 1998 4941 aliae
2024 4895 2340 4957 sequentes,
2385 4889 2545 4941 etiam
2596 4889 2647 4941 in
2688 4886 3059 4950 Mosarabico,
3090 4891 3143 4944 in
3175 4905 3277 4959 quo
3304 4891 3467 4949 lectio

1882 4984 2053 5050 prima
2083 4984 2135 5035 in
2166 4982 2253 5036 die
2284 4981 2712 5036 Resurrectionis
2734 4985 2947 5038 Domini
2969 4987 3200 5041 sumitur
3221 5000 3285 5041 ex
3312 4986 3457 5058 prin-

1880 5073 2019 5143 cipio
2048 5073 2397 5144 Apocalypsis
2418 5114 2432 5140 ,
2463 5076 2698 5129 secunda
2726 5090 2789 5131 ex
2820 5079 2995 5145 capite
3014 5093 3052 5132 ll
3080 5080 3310 5134 Actuum
3330 5094 3463 5149 apo-

1880 5165 2167 5230 stolarum;
2196 5166 2537 5235 Evangelium
2572 5181 2639 5222 ex
2677 5168 2901 5223 Joannis
2929 5184 3054 5245 cap.
3078 5186 3176 5225 ax.
3207 5172 3283 5224 Ex
3314 5171 3459 5227 notis

1878 5260 2173 5317 numericis
2198 5270 2423 5331 apparet
2467 5263 2522 5316 in
2552 5258 2893 5318 Lectionario
2932 5270 3118 5318 nostro
3154 5264 3327 5318 nullas
3356 5278 3457 5332 pro

1884 5353 2155 5408 Dominica
2182 5352 2402 5407 Pascha
2427 5353 2683 5408 lectiones
2707 5355 2773 5408 ad
2799 5354 3010 5423 Vigilias
3032 5369 3126 5409 seu
3142 5356 3462 5411 Matutinutn

1878 5448 2173 5517 assignatas
2204 5445 2394 5511 istisce;
2428 5461 2528 5501 nec
2556 5448 2784 5501 fortasse
2833 5456 3040 5513 tempus
3091 5450 3206 5501 istis
3255 5448 3460 5519 Vigiliis

1878 5540 2216 5595 celebrandis
2264 5540 2526 5606 reliquum
2570 5552 2693 5593 esse
2724 5546 2954 5609 poterat,
2984 5553 3104 5592 cum
3128 5542 3311 5596 omnia
3342 5555 3462 5611 quas

1878 5633 2123 5703 superius
2168 5631 2237 5686 de
2282 5630 2516 5686 Sabbato
2564 5638 2756 5684 sancto
2800 5630 3120 5696 retulimus,
3148 5632 3213 5687 in
3236 5633 3463 5688 multam

1880 5733 2094 5786 noctem
2126 5722 2595 5793 pretraherentur.
2644 5719 2759 5773 Alia
2793 5720 2929 5772 ratio
2958 5728 3042 5776 est
3082 5724 3148 5777 dc
3194 5730 3465 5777 ttmnaste-

1879 5814 1998 5885 riis,
2030 5818 2087 5872 in
2115 5814 2308 5885 quibus
2338 5813 2634 5882 baptistuus
2671 5824 2776 5866 non
2813 5808 3213 5869 conferebatur.
3244 5814 3301 5869 In
3333 5813 3468 5869 Mis-
