4048 6350
618 332 719 397 I99

611 456 711 512 sali
745 454 1032 511 Gelasiano
1080 454 1311 511 notanda
1363 465 1449 512 est
1494 458 1705 514 rubrica
1747 460 1813 523 de
1865 459 2146 529 baptizatis
2180 476 2195 515 :
2227 462 2284 522 Α

610 547 799 605 Postea
824 548 871 602 si
892 547 1043 619 fuerit
1070 550 1261 617 oblata,
1294 550 1505 620 agenda:
1531 560 1650 605 sunt
1677 553 1866 619 miasw,
1894 562 1941 606 et
1963 569 2193 607 commu-

610 645 776 711 nicat;
803 645 880 699 ain
909 653 1102 713 autem,
1136 646 1280 699 dabis
1308 647 1353 701 ci
1377 656 1574 701 tantum
1602 646 1942 703 Sacramenta
1962 652 2194 719 corporis

1316 335 1662 398 APPENDIX
1698 341 1793 399 AD
1831 342 2066 401 OPERA
2104 334 2349 401 SANCTI
2386 344 2699 406 GERMANI
2738 350 3184 413 PARISIENSIS.
3800 366 3893 425 200

2592 466 2807 530 Epistola
2842 470 2981 522 Pauli
3002 472 3206 537 apostoli
3229 472 3289 523 ad
3315 473 3609 527 Corinthios.

2376 548 2613 620 Fratres,
2649 552 2855 621 primus
2886 556 3046 610 homo
3074 556 3139 611 de
3168 569 3311 613 terra
3346 569 3614 628 terrenus,
3646 570 3790 626 etc.,
3819 582 3899 620 aa-

2302 657 2399 710 que
2426 643 2600 699 Labor
2628 654 2806 702 vester
2836 662 2943 704 non
2971 658 3055 705 est
3097 650 3271 707 inanis
3311 652 3363 707 in
3393 652 3646 711 Domino.
3680 654 3743 726 (ι
3772 656 3886 713 Car.

606 746 656 793 et
697 738 960 808 sanguinis
1004 736 1231 804 Christi,
1273 738 1487 795 dicens:
1536 738 1735 809 Corpus
1776 740 1989 794 Domini
2037 741 2201 794 nostri
2303 747 2390 797 xv,
2420 734 2633 808 47-58.)

557 898 561 902 θ
610 827 770 902 ιιῆ.
796 827 922 884 Jesu
952 829 1141 885 Christi
1167 831 1231 884 sit
1256 832 1347 884 tibi
1371 832 1424 885 in
1450 833 1601 913 vitam
1623 843 1889 889 aternam.
1919 833 2020 888 Ubi
2049 848 2199 889 com-

603 920 792 976 munio
833 921 933 976 sub
960 938 1065 976 una
1095 923 1275 991 specie
1306 924 1654 980 Sacramenta
1698 926 1940 997 corporis
1971 934 2027 981 et
2065 940 2191 980 sau-

602 1012 778 1084 guinis
806 1012 1005 1069 Christi
1032 1016 1349 1083 appellatur.
1376 1016 1476 1082 Qui
1510 1018 1659 1072 locus
1698 1018 1964 1073 notandus
2002 1029 2084 1072 est
2114 1018 2181 1073 ad

601 1104 930 1174 probandam
960 1104 1059 1160 sub
1081 1122 1181 1159 una
1212 1106 1391 1175 specie
1440 1107 1870 1163 communionem
1890 1151 1906 1176 ,
1937 1118 1990 1163 et
2019 1109 2084 1162 ad
2116 1109 2191 1163 si-

601 1192 757 1250 miles
794 1196 937 1250 locos
966 1196 1335 1265 explicandus,
1368 1198 1457 1251 ubi
1503 1201 1810 1253 communio
1851 1202 2097 1269 corporis
2126 1217 2180 1257 e.

599 1287 874 1357 sanguinis
903 1285 1100 1343 Christi
1129 1303 1236 1343 non
1280 1304 1403 1344 raro
1432 1305 1529 1359 pro
1560 1306 1664 1345 una
1695 1291 1847 1362 panis
1878 1293 2063 1360 specie
2093 1306 2170 1346 su-

598 1378 779 1433 mitur.

665 1471 986 1528 Praeclarum
1014 1482 1199 1530 exstat
1235 1476 1589 1544 fragmentum
1630 1492 1694 1533 ex
1735 1492 1990 1534 sermone
2034 1479 2176 1534 Aviti

593 1566 830 1635 episcOpi
857 1565 1208 1634 Viennensis,
1243 1567 1295 1621 in
1327 1568 1415 1622 die
1448 1569 1695 1636 Paschze,
1743 1571 1833 1624 ubi
1868 1573 1981 1626 haec
2013 1572 2175 1628 verba

593 1652 789 1709 Christi
816 1656 1033 1710 nomine
1055 1656 1119 1710 ad
1145 1658 1418 1725 apostolos
1446 1677 1458 1712 :
1494 1679 1512 1711 ι
1544 1659 1819 1716 Universis
1848 1664 2009 1734 igitur
2041 1668 2180 1720 lcrte

592 1763 710 1818 qua:
728 1749 956 1805 sumitis.
975 1748 1127 1815 Quod
1152 1767 1353 1807 mensae
1380 1754 1622 1823 apposui,
1658 1756 1855 1811 mundo
1885 1758 2180 1812 transmisi.

2465 830 2635 883 Lectio
2660 836 2815 887 sancti
2840 833 3095 899 Evangelii
3119 840 3387 890 secundum
3408 840 3711 896 Iohannem.

2372 913 2569 972 Diebus
2592 917 2717 986 illis,
2747 931 2865 976 erat
2893 932 3071 977 autem
3103 925 3318 995 quidam
3350 928 3611 999 languens
3642 929 3883 985 Lazarus

2298 1021 2329 1059 a
2360 1006 2635 1076 Bethania,
2667 1022 2797 1077 etc.,
2832 1031 2990 1084 usque
3020 1016 3084 1070 Et
3113 1017 3358 1074 viderant
3386 1035 3503 1075 ante
3532 1020 3687 1087 fecit,
3722 1023 3887 1077 creth-

2296 1101 2487 1157 deruut
2522 1104 2574 1159 in
2599 1121 2744 1161 eum.
2772 1105 2956 1176 (Joan.
2995 1125 3071 1177 ιιι,
3100 1109 3284 1183 1-45.)

2655 1218 2837 1261 NOTE
2884 1220 2962 1263 ΕΤ
3006 1220 3540 1270 οιιςιιιινλτιοιιιςε.

2370 1300 2528 1372 146
2567 1302 2623 1358 1η
2656 1305 2987 1361 Mozarabico
3010 1322 3201 1365 omnes
3244 1310 3428 1378 primze
3477 1311 3781 1369 Lectiones
3828 1315 3886 1368 ad

2293 1394 2508 1448 missam
2540 1412 2605 1451 ex
2638 1398 2978 1470 Apocalypsi,
3010 1403 3265 1458 secundae
3284 1420 3349 1458 ex
3374 1403 3599 1459 Actibus
3621 1406 3889 1475 apostolo-

2291 1506 2430 1554 rum,
2466 1508 2492 1544 a
2535 1491 2734 1548 Pascha
2768 1496 2831 1548 ad
2862 1497 3245 1553 Ascensionem
3282 1516 3295 1552 :
3338 1499 3391 1553 in
3423 1498 3777 1555 Lectionario
3805 1516 3889 1555 no-

2289 1594 2403 1641 stro
2434 1588 2501 1641 ita
2524 1590 2743 1656 passim,
2767 1605 2871 1646 non
2890 1600 3069 1647 tamen
3102 1608 3333 1661 semper.
3360 1593 3589 1649 Concilii
3633 1596 3885 1651 Toletani

2289 1695 2342 1734 Iv
2362 1694 2529 1735 canon
2556 1680 2623 1735 16
2652 1683 2750 1736 sub
2780 1684 2927 1751 gravi
2957 1684 3392 1740 interminatione
3423 1684 3612 1741 definit
3651 1694 3717 1740 ut
3758 1686 3885 1742 liber

2290 1774 2634 1844 Apocalypsis
2661 1791 2693 1827 a
2724 1774 2924 1829 Pascha
2954 1786 3114 1846 usque
3141 1778 3211 1830 ad
3236 1776 3570 1833 Pentecosten
3598 1778 3876 1833 missarum

592 1841 763 1904 Calix,
792 1859 950 1912 quem
975 1859 1071 1899 vos
1097 1845 1344 1913 gaudetis
1371 1858 1634 1918 gustasse,
1667 1860 1984 1905 Cunctorum
2008 1861 2112 1906 est.
2155 1870 2173 1903 ι
2214 1843 2261 1904 Β
2287 1841 2591 1936 ιεηιρονξίη
2624 1868 2876 1923 [ccclesiis
2908 1841 3245 1939 ρι-ωξίίοθιυιι,

666 1933 870 2007 [XLIIL
913 1951 1155 1992 LEGENDA
1194 1954 1353 1994 mm
1394 1955 1432 1995 ιι
1471 1957 1709 2008 pascunt,
1753 1959 1821 1997 an
1861 1958 2069 1998 MISSAI.

828 2026 997 2079 Lectio
1028 2031 1337 2095 Apocalypsis
1362 2034 1491 2083 beati
1518 2033 1708 2083 Ioannis
1732 2036 1951 2098 apostoli.

593 2148 2178 2177 ..σοοΟΟΟΑΟοοοοιιοοοοοοισσοις

589 2200 803 2257 candidi
830 2210 1100 2275 tamquam
1126 2206 1244 2261 lana
1272 2207 1416 2273 alba,
1443 2220 1496 2265 et
1528 2220 1782 2279 tanquam
1813 2210 1930 2277 uix,
1954 2220 2008 2265 et
2038 2213 2180 2268 oculi

588 2290 703 2363 ejus
727 2295 867 2349 velut
893 2296 1105 2351 tlamma
1134 2296 1293 2366 ignis.
1324 2308 1457 2364 etc.,
1485 2317 1642 2370 usque
1662 2301 1813 2368 Quod
1837 2310 1921 2356 est
1942 2303 1993 2356 in
2017 2317 2178 2371 para-

589 2382 710 2442 diso
739 2386 834 2442 Dei
858 2390 983 2444 mei.
1014 2390 1201 2460 (Apoc.
1235 2408 1275 2457 ι,
1306 2392 1456 2463 2-7.)

994 2481 1161 2533 Lectio
1182 2484 1394 2533 Actuum
1418 2486 1762 2549 apostolorum.

659 2563 928 2634 Tempore
954 2565 1070 2633 illo,
1101 2577 1254 2624 stans
1281 2579 1460 2624 autem
1489 2572 1682 2628 Petrus
1709 2590 1830 2631 cum
1874 2578 2122 2636 undet-im
2146 2623 2162 2650 ,

588 2655 787 2712 levavit
812 2673 998 2714 vocem
1029 2672 1207 2727 suam,
1238 2672 1367 2728 etc.,
1406 2680 1562 2731 usque
1583 2666 1920 2726 Testilicatus
1950 2681 2047 2728 'est
2070 2715 2088 2743 ,
2119 2682 2175 2730 et

586 2748 976 2803 exhortabatur
1005 2764 1120 2806 eos.
1153 2754 1290 2821 (Act.
1320 2769 1375 2818 ιι,
1415 2754 1626 2828 14-20.)

788 2838 957 2890 Lectio
981 2844 1135 2891 sancti
1153 2842 1412 2907 Evangelii
1433 2850 1702 2899 secundum
1724 2851 1957 2904 Marcum.

655 2922 710 2977 In
735 2922 827 2979 illo
857 2933 1100 2993 tempore
1120 2968 1134 2993 ,
1181 2926 1345 2982 Maria
1372 2939 1548 2985 autem
1588 2933 1894 3006 Magdalene
1925 2948 1981 2993 et
2008 2938 2172 2995 Maria

584 3014 783 3085 Ioseph
813 3018 1147 3087 aspiciebant
1173 3062 1188 3085 ,
1220 3019 1310 3074 ubi
1343 3033 1633 3089 poneretur
1664 3028 1921 3083 Dominus
1973 3028 2166 3098 Jesus,

582 3117 709 3176 etc.,
734 3124 892 3177 usque
916 3108 1031 3165 Non
1060 3112 1408 3170 crediderunt
1432 3117 1504 3171 ei.
1542 3116 1731 3188 (Marc.
1765 3136 1855 3189 xv,
1886 3120 1978 3188 17,
2001 3139 2161 3194 usque

583 3215 694 3257 va.
729 3202 810 3257 11.

729 3203 810 3257 II.

678 3242 723 3269 ”
819 3203 842 3271 )
927 3292 1109 3338 norm
1146 3295 1225 3338 ετ
1268 3296 1803 3345 οιιςηιιιιηιϊιοιιιεεΔ

653 3374 721 3432 Et
752 3377 838 3433 hic
867 3378 1109 3435 avulsum
1159 3389 1243 3436 est
1293 3398 1456 3437 unum
1502 3371 1689 3439 fo'lium
1716 3429 1731 3451 ,
1757 3386 2014 3458 deestque
2046 3388 2170 3443 ﬁnis

582 3467 854 3543 Evangelii
879 3471 1025 3543 quod
1064 3472 1341 3544 legebatur
1369 3475 1425 3530 in
1451 3476 1539 3531 die
1569 3477 1821 3544 Paschze,
1854 3495 1976 3535 cum
2014 3480 2167 3537 initio

581 3561 849 3621 Lectionis
877 3581 943 3621 ex
964 3566 1289 3637 Apocalypsi
1318 3583 1414 3637 pro
1438 3567 1571 3624 feria
1598 3571 1854 3626 secunda.
1882 3572 1937 3625 In
1970 3573 2168 3633 Missali

582 3653 805 3711 Gothico
852 3672 948 3711 seu
970 3656 1248 3713 Gallicano
1298 3664 1413 3714 haec
1453 3661 1613 3715 missa
1670 3660 1743 3716 ita
1800 3662 2166 3720 inscribitur:

578 3744 746 3802 Missa
764 3749 1084 3803 matutinalis
1125 3758 1403 3818 perlatam
1443 3748 1648 3806 Pascha
1678 3769 1772 3823 pro
1808 3756 2037 3826 parvulis
2080 3760 2173 3829 qui

579 3839 741 3892 renati
777 3848 915 3893 sunt.

861 3927 1049 3985 XLIV.
1091 3946 1334 3988 LEGENDA
1364 3948 1524 3991 ranis
1563 3950 1619 3991 ιιι
1648 3952 1885 3996 υκαι.

876 4049 1050 4102 Lectio
1074 4050 1388 4115 Apocalypsis
1406 4052 1640 4107 Iohannis
1657 4058 1879 4120 apostoli.

655 4132 808 4205 155
842 4134 952 4204 Ego
972 4134 1232 4192 Johannis
1262 4136 1336 4191 fui
1365 4138 1419 4193 in
1450 4139 1661 4208 spiritu,
1688 4150 1745 4198 et
1768 4144 1949 4200 audivi
1976 4159 2160 4203 vocem

578 4225 846 4281 dicentem
869 4226 1001 4281 mihi
1026 4243 1040 4281 :
1060 4228 1262 4299 Angelo
1282 4228 1529 4287 Zimirnae
1549 4233 1791 4290 ecclesiae
1809 4236 2005 4303 scribe,
2032 4248 2161 4311 etc.,

576 4335 735 4385 usque
760 4316 1033 4375 Calcolum
1064 4320 1348 4377 candidum
1370 4364 1385 4390 ,
1417 4333 1472 4379 et
1513 4325 1569 4380 in
1600 4327 1808 4383 calcolo
1838 4345 2037 4386 nomen
2068 4348 2164 4387 no-

577 4427 721 4469 vum.
756 4411 943 4479 (Apoc.
969 4428 1027 4479 ιι,
1060 4414 1241 4485 8-17).
1275 4415 1472 4471 Eadem
1497 4418 1549 4472 in
1582 4417 1930 4478 Mazarabico.

1000 4507 1167 4560 Lectio
1192 4509 1400 4560 Actuum
1422 4511 1769 4574 apostolorum.

647 4587 913 4660 Tempore
941 4591 1065 4658 illo,
1097 4608 1389 4665 exsurgens
1418 4593 1610 4652 Petrus
1641 4599 1694 4652 in
1736 4601 1914 4655 medio
1943 4600 2163 4657 fratrum

574 4678 731 4750 dixit,
759 4691 876 4738 erat
897 4694 1075 4740 autem
1106 4687 1257 4741 turba
1292 4690 1588 4757 hominum,
1619 4702 1750 4758 etc.,
1780 4710 1941 4763 usque
1968 4694 2037 4750 Et
2062 4710 2163 4751 an-

573 4786 885 4831 numeratus
906 4787 989 4833 est
1008 4794 1131 4835 cum
1159 4779 1405 4837 undecim
1433 4785 1712 4855 apostulis.
1742 4788 1855 4841 Act.
1888 4804 1925 4855 ι,
1953 4787 2162 4860 15-26).

785 4869 949 4922 Lectio
971 4874 1124 4922 sancti
1156 4873 1408 4938 Evangelii
1431 4878 1699 4927 secundum
1725 4878 1958 4929 Marcum.

643 4949 702 5005 In
735 4949 843 5005 illis
867 4950 1074 5017 diebus,
1102 4951 1312 5008 duobus
1335 4955 1614 5022 discipulis
1648 4957 1854 5013 Domini
1880 4959 2008 5014 Jesu
2040 4975 2161 5016 am-

570 5038 880 5095 balantibus
923 5053 1171 5097 oatensus
1216 5052 1298 5098 est
1336 5044 1390 5099 in
1421 5045 1524 5100 alia
1567 5047 1775 5118 efﬁgie,
1826 5060 1957 5118 etc.,
2000 5069 2157 5123 usque

568 5132 885 5190 Sermonem
922 5133 1278 5190 conlirmante
1326 5138 1672 5206 sequentibus
1719 5142 1908 5213 signis.
1958 5144 2159 5215 (Marc.

568 5240 682 5291 xvr,
720 5223 929 5296 12.20.)
982 5223 1050 5279 In
1099 5224 1428 5283 Mazarabico
1461 5229 1797 5304 Evangelium
1826 5253 1889 5291 ea:
1928 5235 2072 5292 Luca
2097 5238 2162 5294 de

572 5316 775 5371 duobus
800 5315 1069 5387 discipulis
1099 5318 1335 5374 euntibus
1356 5320 1410 5375 in
1438 5319 1767 5383 Emmaunta.

876 5407 1039 5465 XLV.
1079 5425 1321 5467 LEGINDA
1350 5430 1505 5471 FEBIA
1533 5432 1587 5471 tv
1616 5434 1854 5477 pisanis.

851 5499 1027 5550 Lectio
1050 5501 1362 5566 Apocalypsis
1384 5505 1617 5559 Iohannis
1639 5510 1864 5573 apostoli.

642 5580 908 5654 Tempore
949 5584 1042 5641 illo
1069 5600 1169 5655 ego
1210 5586 1470 5646 Johannis
1502 5592 1608 5647 vidi
1655 5593 1708 5648 in
1755 5595 2029 5653 dexteram
2070 5614 2159 5656 se-

568 5673 745 5731 dentis
771 5689 934 5746 supra
963 5676 1226 5743 thronum
1269 5680 1501 5752 librum,
1532 5694 1663 5753 etc.,
1695 5703 1854 5751 usque
1891 5689 2071 5747 Gloria
2100 5702 2158 5749 et

568 5778 808 5840 potestas
836 5771 889 5831 in
917 5772 1116 5833 saecula
1138 5776 1493 5845 saeculorum,
1533 5781 1935 5854 amen.'(Apoc.
1966 5800 2057 5852 xv,
2095 5787 2155 5843 1-

570 5862 681 5934 ιδ).

2197 3234 2247 3297 C

2363 1962 2415 2015 In
2452 1960 2628 2016 Africa
2660 1971 2900 2031 tempore
2927 1966 3097 2018 sancti
3130 1964 3407 2032 Augustini
3436 1974 3667 2034 quatuor
3700 1981 3867 2021 evan-

2288 2057 2491 2125 gelistte
2520 2071 2549 2109 a
2578 2056 2663 2110 die
2697 2056 2969 2112 Paschalis
2992 2058 3322 2129 legebantur,
3349 2072 3486 2113 unus
3514 2068 3637 2127 post
3665 2058 3840 2115 aliuna
3865 2080 3876 2115 :

2292 2162 2312 2197 ι
2350 2144 2526 2199 Prima
2574 2148 2715 2219 enim
2758 2146 2845 2201 die
2888 2148 3018 2202 lecta
3063 2158 3147 2203 est
3193 2149 3517 2205 resurrectio
3570 2152 3870 2206 secundum

2288 2235 2626 2301 Matthaaum;
2658 2237 2759 2291 alio
2784 2236 2871 2292 die
2893 2239 3184 2293 secundum
3214 2239 3443 2306 Lucam;
3476 2242 3637 2295 tertio
3666 2258 3868 2298 secun-

2285 2327 2411 2381 dum
2443 2328 2705 2395 Marcum;
2736 2338 2929 2399 quarto
2950 2373 2965 2397 ,
3000 2330 3050 2384 id
3090 2339 3205 2398 est,
3238 2333 3488 2389 hesterno
3514 2374 3529 2400 ,
3578 2335 3875 2390 secundum

2284 2418 2563 2476 Joannem.
2603 2440 2623 2473 ι
2657 2421 2731 2476 Ita
2759 2423 3089 2495 Augustinus
3111 2425 3162 2479 in
3183 2440 3437 2482 sermone
3463 2428 3567 2483 247
3590 2444 3754 2483 nova
3774 2429 3874 2485 edi-

2284 2511 2467 2581 tionis,
2501 2512 2587 2581 qui
2613 2522 2697 2569 est
2728 2515 2795 2570 18
2822 2515 2874 2569 in
2904 2516 3094 2572 diebus
3122 2518 3486 2587 paschalibus.
3516 2520 3689 2575 Paulo
3713 2521 3871 2577 aliter

2282 2605 2731 2675 evangelistarum
2778 2607 2912 2663 ordo
2950 2624 3011 2664 se
3047 2609 3207 2665 habet
3254 2612 3309 2667 in
3340 2611 3584 2681 ejusdem
3618 2628 3870 2670 sermone

2280 2696 2402 2753 252'
2566 2768 2751 2826 XLVI.
2794 2788 3035 2828 LEGENDA
3074 2790 3233 2831 PERIA
3272 2792 3304 2829 v
3342 2791 3574 2832 Ριεςιιι.

2596 2861 2768 2913 Lectio
2792 2864 3105 2928 Apocalypsis
3129 2866 3321 2917 Ioannis
3344 2869 3568 2929 apostoli.

2351 2944 2617 3013 Tempore
2659 2946 2769 3013 illo,
2801 2962 2901 3018 ego
2930 2948 3191 3004 Johannis
3245 2951 3384 3017 vidi,
3433 2958 3484 3005 et
3515 2965 3647 3005 ecce
3692 2952 3873 3022 Agnus

2282 3037 2458 3091 stabat
2484 3051 2647 3106 super
2692 3047 2929 3093 montem
2973 3040 3102 3095 Sion
3124 3082 3142 3109 ,
3172 3049 3304 3108 etc.,
3336 3058 3495 3112 usque
3537 3041 3607 3097 Et
3643 3058 3799 3101 mare
3822 3054 3871 3100 et

2282 3130 2454 3185 fontes
2484 3145 2762 3200 aquarum.
2797 3130 2983 3202 (Apoc.
3017 3147 3125 3198 xiv,
3161 3133 3300 3203 1-7.)

2684 3222 2857 3275 Lectio
2880 3225 3089 3275 Actuum
3114 3225 3462 3288 apostolorum.

2350 3306 2614 3378 Tempore
2650 3305 2762 3372 illo,
2792 3306 2983 3363 Petrus
3023 3317 3077 3364 et
3116 3307 3377 3365 Johannis
3404 3310 3778 3367 ascendebant
3816 3313 3866 3367 ia

2277 3402 2531 3469 templum
2558 3442 2574 3467 ,
2604 3410 2733 3468 etc.,
2766 3416 2927 3468 usque
2958 3401 3025 3456 Et
3068 3403 3441 3459 convertimini
3482 3414 3540 3461 ut
3576 3405 3866 3463 deleantur

2276 3503 2493 3563 peccata
2521 3504 2716 3551 vestra.
2755 3496 2891 3565 (Act.
2924 3512 3004 3562 Ill,
3036 3496 3218 3569 1-19.)

2437 3586 2611 3638 Lectio
2633 3590 2788 3639 sancti
2811 3588 3066 3651 Evangelii
3092 3590 3362 3644 secundum
3392 3591 3677 3641 Iohannem.

2350 3672 2544 3731 Diebus
2587 3672 2717 3739 illis,
2752 3690 2858 3729 una
2897 3675 3115 3731 Sabbati
3167 3677 3331 3732 Maria
3365 3677 3677 3748 Magdalene
3719 3682 3867 3739 venit

2274 3779 2431 3819 mane
2458 3780 2577 3819 cum
2622 3764 2794 3821 adhuc
2831 3766 3064 3822 tenebras
3108 3778 3328 3835 essent,
3360 3778 3489 3835 etc.,
3521 3788 3684 3840 usque
3722 3774 3859 3840 Quia

2274 3858 2534 3924 oporterit
2562 3872 2683 3913 eum
2721 3873 2751 3913 a
2798 3859 3022 3914 mortuis
3059 3874 3181 3916 eum
3211 3876 3512 3933 resurgere.
3550 3861 3730 3934 (Iona.
3765 3882 3856 3933 xx,

2281 3947 2418 4019 1-9.)

2542 4043 2744 4101 XLVII.
2784 4061 3024 4104 LEGENDA
3066 4062 3224 4103 FERIA
3263 4064 3313 4104 vr
3352 4064 3587 4106 pascas.

2556 4141 2721 4191 Lectio
2747 4141 3057 4204 Apocalypsis
3080 4141 3312 4192 Iohannis
3340 4146 3571 4207 apostoli.

2343 4223 2607 4294 Tempore
2636 4223 2749 4292 illo,
2784 4240 2883 4294 ego
2911 4222 3175 4281 Johannis
3203 4226 3383 4281 audivi
3414 4242 3602 4283 vocem
3632 4228 3705 4283 de
3733 4231 3865 4285 sede

2271 4316 2473 4383 dicens,
2505 4326 2636 4381 etc.,
2667 4332 2825 4386 usque
2855 4316 2913 4370 In
2945 4318 3146 4373 femore
3174 4334 3271 4374 suo
3306 4321 3586 4389 scribtum,
3619 4321 3733 4378 Rex
3760 4339 3851 4378 re~

2272 4421 2414 4477 gum,
2448 4413 2501 4461 et
2529 4407 2781 4462 Dominus
2811 4407 3223 4464 dominantium.
3256 4410 3441 4480 (Apoc.
3477 4428 3604 4469 xtx.
3636 4415 3823 4485 546.)

2678 4498 2847 4549 Lectio
2870 4500 3079 4550 Actnum
3105 4502 3451 4564 apostolorum.

2348 4578 2500 4652 147
2527 4581 2793 4651 Tempore
2819 4584 2937 4652 illo,
2970 4599 3266 4655 exsurgens
3291 4598 3468 4644 autem
3501 4590 3754 4663 princeps
3776 4605 3864 4645 sa-

2270 4671 2544 4735 cerdotum
2565 4712 2579 4736 ,
2610 4682 2663 4725 et
2696 4687 2882 4727 omnes
2919 4675 3010 4744 qui
3052 4690 3171 4731 cum
3202 4677 3291 4731 illo
3317 4687 3507 4749 erant,
3538 4690 3677 4748 etc.,
3706 4697 3867 4748 usque

2268 4763 2374 4819 Pro
2403 4766 2619 4822 nomine
2646 4765 2772 4822 Jesu
2803 4766 2998 4823 Christi
3024 4771 3333 4827 contumilia
3364 4773 3493 4842 pati.
3519 4774 3655 4843 (Act.
3683 4792 3741 4841 v,
3768 4774 3861 4830 17-

2268 4856 2357 4911 41.

2363 4858 2383 4927 )
2458 4952 2628 5003 Lectio
2648 4955 2802 5005 sancti
2826 4954 3077 5018 Evangelii
3102 4958 3371 5008 secundum
3392 4957 3686 5011 Iohannem.

2340 5056 2534 5114 Diebus
2574 5058 2711 5126 illis,
2741 5059 2899 5115 Maria
2946 5062 3119 5117 stabat
3147 5064 3214 5117 ad
3256 5078 3662 5121 monumentum
3715 5064 3848 5121 foris

2268 5146 2507 5217 plorans,
2527 5159 2657 5214 etc.,
2674 5166 2832 5221 usque
2852 5150 2974 5207 Vidi
2991 5152 3294 5222 Dominum,
3319 5163 3374 5209 et
3400 5154 3515 5211 haec
3534 5156 3672 5211 dixit
3698 5154 3851 5210 mihi.

2269 5241 2449 5313 (lacn.
2479 5258 2571 5309 xx,
2606 5242 2819 5315 11-18.)

2467 5336 2698 5392 XLVIII.
2740 5354 2976 5394 Laesum
3018 5355 3108 5395 me
3146 5355 3365 5396 sanam
3403 5358 3645 5401 PASCH£.

2542 5429 2714 5481 Lectio
2744 5430 3057 5495 Apocalypsis
3082 5433 3313 5486 Iebannis
3331 5437 3561 5499 apostoli.

2339 5515 2606 5587 Tempore
2635 5516 2746 5585 illo,
2776 5532 2877 5589 ego
2905 5516 3165 5575 Johannis
3202 5521 3307 5576 vidi
3344 5522 3537 5578 caelum
3577 5540 3778 5580 novum
3806 5531 3855 5577 et

2267 5618 2466 5666 terrain
2515 5623 2744 5677 novam,
2776 5618 2905 5676 etc.,
2938 5627 3095 5682 usque
3125 5613 3348 5670 Ardenti
3382 5617 3489 5687 igni
3517 5627 3573 5673 et
3618 5618 3845 5679 soliorc,

2267 5701 2407 5773 quod
2437 5711 2517 5757 est
2548 5715 2694 5755 mors
2734 5701 2991 5757 secunda.
3026 5703 3210 5775 (Apoc.
3243 5722 3357 5771 xxi,
3397 5707 3539 5777 1-8.)

2547 5792 2762 5856 Epistola
2792 5792 2933 5843 Pauli
2959 5796 3165 5857 apostoli
3187 5798 3248 5846 ad
3267 5796 3560 5849 Corinthios.

2341 5878 2581 5945 Fratres,
2609 5876 2830 5934 cottidie
2849 5877 3051 5936 morior
3073 5894 3166 5950 per
3187 5890 3420 5938 vestram
3447 5883 3691 5955 gloriam,
3726 5892 3844 5948 etc.,
