4048 6350
237 313 342 371 ΞΜ

1259 322 1351 385 DE
1389 323 1718 390 LITURGIA
1760 330 2148 394 CALLICANA
2186 337 2389 397 LIBER
2427 339 2492 398 II.

3413 365 3522 423 ΞυΞ

235 447 402 502 usque
427 428 760 489 Novisslmus
788 431 960 494 Adam
997 436 1051 494 in
1078 439 1325 510 spiritum
1359 446 1740 507 vivificantem.
1769 451 1819 522 (1
1853 458 1910 516 Α
1928 452 2264 513 Mozarabico
2289 473 2383 514 sex
2429 455 2724 521 Dominicte
2754 476 2875 536 post
2901 470 3108 531 Pascha
3146 489 3516 543 recensentur.

230 520 355 579 Cor.
389 539 477 590 xv,
511 523 730 596 5I-45.)

404 613 578 666 Lectio
599 620 756 668 sancti
783 620 1033 686 Evangelii
1055 628 1327 679 secundum
1350 631 1636 684 Iohannem.

305 695 362 750 In
395 696 488 753 illo
531 707 808 771 tempore,
839 708 1200 764 maniiestavit
1235 728 1293 768 se
1340 714 1532 770 iterum
1568 717 1822 775 Dominus

223 786 388 844 Jesus
425 790 702 861 discipulis
747 799 859 853 suis
880 842 896 868 ,
925 811 1056 870 etc.,
1089 821 1245 875 usque
1271 808 1406 865 Cum
1435 815 1822 872 resurrexisset

221 894 257 936 a
287 885 538 940 mortuis.
576 884 753 957 (Joan.
787 906 897 958 xxi,
928 894 1106 966 1-14.)

511 979 696 1037 XLIX.
743 1001 987 1043 LEGENDA
1029 1005 1270 1050 cuusuu
1311 1011 1548 1054 pascuae.

695 1073 865 1127 Lectio
898 1079 1052 1131 Esaiae
1080 1086 1347 1147 prephetae.

294 1150 528 1220 Spiritus
560 1155 767 1212 Domini
807 1161 969 1230 super
999 1179 1085 1220 me
1105 1206 1121 1233 ,
1154 1181 1221 1222 eo
1247 1170 1389 1239 quod
1418 1174 1636 1228 unxerit
1664 1173 1806 1229 Deus

217 1258 337 1312 me,
370 1258 500 1316 etc.,
526 1266 686 1319 usque
715 1239 922 1312 Laetitia
967 1262 1294 1331 sempiterna
1333 1266 1437 1322 erit
1464 1268 1576 1337 eis,
1605 1269 1680 1325 ait
1710 1270 1817 1328 Do-

216 1338 399 1396 minus
427 1341 590 1397 Deus.
623 1342 757 1412 (Isa.
789 1363 898 1415 ut,
929 1351 1069 1421 1-7.)

516 1433 734 1497 Epistola
755 1439 895 1490 Pauli
919 1446 1125 1505 apostoli
1151 1447 1212 1497 ad
1233 1448 1522 1502 Corinthios.

259 1513 530 1595 _Fratres,
557 1518 604 1573 si
635 1529 813 1577 autem
838 1523 1082 1582 Christus
1111 1531 1429 1598 praedicatur
1455 1536 1594 1604 quod
1628 1552 1815 1594 resur-

210 1609 366 1665 rexit
391 1625 422 1665 a
460 1613 722 1682 mortuis,
765 1627 897 1684 etc.,
942 1637 1100 1691 usque
1126 1623 1195 1681 Ut
1235 1626 1304 1680 sit
1345 1627 1487 1683 Deus
1529 1633 1707 1688 omnia
1755 1634 1809 1689 in

216 1705 490 1762 Omnibus.
521 1704 576 1773 (I
608 1705 731 1766 Cor.
755 1727 844 1777 xv,
879 1713 1092 1786 12-28.)

312 1811 514 1847 ωπιιῐιι
544 1813 643 1853 CUI
674 1817 1008 1856 ΒΒἩΙΒΙΟΤΙΟΝΕ
1028 1844 1042 1868 ,
1082 1821 1213 1860 SICUT
1249 1827 1394 1864 IBIMO
1427 1831 1507 1866 ωε
1540 1829 1719 1868 SANCTO

918 1883 1110 1920 ΡΑεειυΕ
1116 1907 1126 1917 .

399 1941 570 1995 Lectio
593 1950 746 1999 sancti
771 1948 1025 2015 Evangelii
1049 1957 1319 2007 secundum
1347 1959 1625 2012 Iohannem.

286 2025 447 2100 148
480 2027 678 2087 Diebus
725 2034 830 2090 illis
857 2077 871 2100 ,
903 2052 1024 2092 cum
1056 2051 1196 2096 esset
1242 2057 1366 2098 sero
1392 2044 1478 2099 die
1528 2046 1619 2100 illo
1645 2091 1658 2114 ,
1696 2063 1798 2103 una

203 2116 676 2180 sabbatorum"...
713 2126 814 2181 nisi
844 2127 1148 2185 videro.....
1182 2132 1364 2204 (Joan.
1402 2153 1494 2203 xx,
1533 2137 1642 2209 19.)

545 2235 728 2280 NOTE
775 2239 853 2281 ET
898 2241 1412 2291 OBSERVATIONES
1425 2274 1439 2289 .

276 2311 572 2372 Concilium
595 2318 989 2379 Matisconense
1016 2341 1051 2380 Il
1083 2328 1268 2382 statuit
1289 2339 1494 2385 canone
1524 2331 1576 2394 2,
1607 2343 1663 2387 ut
1686 2334 1793 2390 illis

197 2407 540 2464 sanctissimis
571 2427 660 2465 sea:
688 2413 890 2481 diebus,
919 2417 1008 2485 qui
1040 2417 1259 2474 Pascha;
1287 2420 1426 2476 diem
1457 2424 1796 2494 subsequun-

196 2501 316 2559 tur,
349 2497 522 2554 nullus
557 2503 736 2558 servile
781 2521 909 2573 opus
936 2509 1124 2562 audeat
1171 2511 1372 2579 facere;
1400 2514 1490 2568 sed
1526 2531 1700 2572 omnes
1726 2519 1789 2572 si-

195 2589 318 2642 mul
346 2592 618 2647 coadunati
634 2637 648 2659 ,
676 2595 877 2666 hymnis
899 2601 1224 2669 paschalibus
1254 2605 1596 2678 indulgentes,
1626 2627 1798 2680 perse-

191 2687 470 2741 verationis
523 2699 710 2744 nostra:
757 2696 1078 2760 prwsentiam
1147 2699 1461 2762 quotidianis
1513 2705 1785 2774 sacriﬁciis

190 2778 545 2846 ostendamus,
581 2783 849 2839 laudantes
877 2797 1157 2844 creatorem
1181 2800 1228 2845 et
1253 2805 1657 2864 regeneratorem
1685 2814 1786 2850 ηο-

190 2875 364 2924 στηιηι
384 2887 600 2941 vespere,
629 2891 777 2930 mane
799 2887 848 2931 et
869 2880 1098 2935 meridie.
1125 2883 1310 2938 Avitus
1345 2885 1658 2943 Viennensis
1681 2890 1797 2959 epi-

188 2972 393 3030 scopus
425 2962 476 3016 in
511 2963 639 3020 feria
678 2975 830 3023 sexta
870 2969 1090 3026 Pascha:
1122 2989 1425 3032 sermonem
1461 2979 1647 3034 habuit
1701 2997 1792 3036 cn-

187 3049 288 3123 ius
313 3052 606 3123 iragmenta
648 3068 881 3114 exstant.
930 3061 1208 3122 Dominica
1263 3084 1494 3138 sequens
1544 3069 1792 3129 Clausum

187 3139 426 3198 Pascha:
455 3145 542 3202 hic
582 3149 898 3218 appellatur,
929 3154 1166 3225 itemque
1213 3161 1263 3214 in
1310 3161 1785 3220 MissaliGothico-

189 3233 480 3323 gallicano.
515 3238 578 3293 Et
617 3241 694 3296 sic
724 3240 950 3299 fortasse
983 3245 1264 3317 legendum
1294 3253 1430 3320 apud
1459 3253 1777 3325 Gregorium
1821 3257 1866 3320 C

194 3325 257 3384 in
287 3313 536 3385 Historiae
566 3331 656 3388 lib.
703 3349 735 3390 x
771 3351 888 3407 cap.
921 3313 1130 3408 ultimo,
1165 3344 1254 3399 ubi
1296 3313 1542 3403 Clausum
1569 3313 1789 3406 "Pascha

191 3416 415 3493 legitur.

234 3513 366 3575 LIII.
410 3536 656 3580 LIGBNDA
696 3540 951 3586 nommca
989 3548 1041 3586 IV
1081 3547 1209 3589 POS'I‘
1245 3549 1491 3594 cuusuu
1520 3555 1756 3599 pascunt.

180 4080 353 4136 usque
373 4067 432 4124 Si
456 4070 577 4140 quis
603 4087 670 4127 ex
701 4077 930 4132 mortuis
959 4082 1314 4137 resurrexerit
1340 4085 1579 4142 credent.
1614 4088 1767 4159 (Luc.

181 4157 333 4230 ιη.)

224 4267 364 4327 LIV.
403 4286 644 4331 near:an
683 4293 934 4337 nommca
970 4297 1003 4337 v
1059 4299 1188 4342 pos'r
1226 4302 1464 4347 cuusuu
1511 4307 1744 4350 pascuis.

596 4390 776 4444 Lectio
793 4395 1005 4447 Actuum
1029 4402 1378 4463 apostolorum.

261 4468 534 4542 Tempore
576 4474 685 4542 illo,
728 4477 1210 4548 adprmhendentes
1251 4489 1428 4558 populi
1465 4489 1688 4548 Paulum
1720 4505 1774 4552 et

179 4561 376 4632 Silam,
407 4575 538 4631 etc.,
565 4583 722 4638 usque
748 4570 913 4642 Igitur
937 4585 1200 4634 exeuntes
1218 4578 1292 4635 ite
1315 4595 1440 4637 cum
1468 4598 1614 4653 pace.
1641 4585 1778 4657 (Act.

180 4669 300 4724 xw,
330 4657 542 4726 19-56.)

397 4749 571 4802 Lectio
589 4756 740 4805 sancti
762 4756 1016 4823 Evangelii
1041 4765 1309 4816 secundum
1337 4768 1569 4822 Marcum.

257 4831 458 4890 Diebus
487 4836 619 4905 illis,
661 4842 930 4899 transiens
972 4845 1228 4904 Dominus
1263 4850 1423 4908 Jesus
1472 4855 1540 4911 de
1583 4856 1778 4916 ﬁnibus

178 4923 349 4997 Tyri,
378 4928 522 4984 venit
544 4945 638 5002 per
663 4932 941 5004 Sidonem,
975 4949 1104 5008 etc.,
1141 4958 1299 5013 usque
1330 4943 1394 4998 Et
1429 4949 1620 5005 surdos
1655 4950 1780 5008 facit

173 5017 392 5088 audire,
421 5029 475 5077 et
496 5033 673 5080 mutos
703 5026 867 5097 loqui.
896 5029 1093 5100 (Marc.
1121 5050 1217 5101 vn,
1245 5034 1470 5109 31-57.)

543 5132 729 5177 NOTIE
768 5138 848 5179 ET
883 5139 1398 5192 OBSERVATIONES
1409 5175 1424 5192 ο

257 5210 488 5285 149111
501 5215 698 5275 Missali
722 5221 950 5280 Gothico
966 5228 1348 5296 postClausum
1367 5234 1606 5304 Pascha»,
1633 5239 1772 5294 nulla

169 5303 345 5361 missa
370 5307 439 5364 de
464 5309 758 5370 Dominicis
777 5322 1233 5389 consequentibus
1256 5335 1474 5383 notatur
1502 5348 1513 5383 :
1542 5331 1619 5385 sic
1644 5346 1772 5388 vero

173 5394 235 5451 in
267 5405 455 5456 nostro
483 5400 844 5472 Lectionario,
875 5409 926 5464 in
955 5425 1059 5480 quo
1085 5411 1377 5472 Dominicae
1407 5422 1643 5491 quinque
1675 5439 1772 5477 nu-

167 5499 458 5546 merantur
478 5505 604 5550 ante
630 5497 1039 5570 Ascensionem,
1074 5505 1149 5559 uti
1180 5507 1452 5577 colligitur
1476 5528 1540 5568 ex
1581 5530 1769 5571 nume-

166 5584 304 5640 ricis
339 5585 520 5654 notis;
555 5593 767 5648 tametsi
810 5597 1008 5653 amisso
1050 5615 1160 5656 uno
1192 5605 1543 5671 quateruione
1575 5592 1765 5665 desunt

168 5676 358 5732 missa!
384 5685 644 5751 trespost
674 5683 923 5742 Clausum
968 5690 1208 5760 Pascha},
1243 5703 1298 5750 et
1339 5698 1509 5752 media
1540 5714 1662 5767 pars
1686 5700 1762 5756 le-

164 5769 409 5826 ctionum
438 5787 536 5842 pro
550 5773 824 5833 Dominica
841 5792 1048 5849 quarta.
1079 5785 1268 5841 Mirum
1296 5797 1380 5844 est
1409 5790 1459 5844 iu
1488 5791 1760 5848 Dominica

165 5860 358 5935 quinta
384 5862 582 5920 nullam
613 5853 874 5939 assignari
888 5872 1183 5933 lectionem
1205 5894 1272 5937 ex
1313 5882 1659 5956 Apocalypsi.
1693 5886 1755 5943 In

459 5958 734 6024 Panos.
782 5964 1044 6030 LXXII.

1966 567 2076 625 LV.
2129 585 2420 628 LECTIONES
2458 591 2575 640 ρυλε
2616 595 2868 639 LEGENDE
2907 600 3028 643 smr
3070 605 3124 645 IN
3161 606 3481 656 ROGATIONIS

2325 662 2484 701 pntuo
2524 665 2642 716 DIE,
2683 672 2749 707 AI)
2789 672 3113 716 uarnrmos.

2362 739 2532 792 Lectio
2555 743 2765 798 Danihel
2787 753 3060 814 prophetae.

1996 834 2264 908 Tempore
2292 841 2404 910 illo,
2435 859 2534 914 ego
2561 847 2783 906 Danihel
2808 852 3048 913 intellexi
3077 860 3130 915 in
3158 862 3307 919 libris
3328 882 3518 924 nume-

1922 943 2042 983 rum
2072 946 2356 1002 annorum,
2401 936 2467 993 de
2510 956 2615 1008 quo
2655 942 2824 1001 factus
2866 959 2948 1003 est
2986 965 3164 1008 sermo
3205 955 3416 1013 Domini
3447 960 3514 1016 ad

1922 1018 2252 1087 Hierimiam,
2287 1035 2415 1090 etc.,
2448 1045 2605 1096 usque
2631 1032 2802 1105 Super
2824 1038 3103 1099 civitatem
3127 1054 3183 1101 et
3225 1062 3386 1119 super
3413 1066 3510 1120 po-

1922 1113 2101 1182 pulum
2135 1125 2300 1173 tuum.
2334 1118 2566 1190 (Daniel.
2603 1142 2676 1193 Ix,
2705 1126 2892 1200 2-19.)

2169 1225 2384 1262 LEGENDA
2406 1229 2551 1265 PRIMA
2575 1232 2652 1268 DIE
2677 1236 2736 1268 AD
2756 1236 2930 1275 'l'IRTIA
2951 1239 3000 1276 IN
3021 1243 3264 1282 ῙιΕΤΔΝΠΒ.

2184 1291 2403 1353 Epistula
2426 1300 2582 1347 sancti
2602 1313 2658 1350 ac
2678 1302 2808 1354 beati
2834 1305 2992 1357 lacobi
3015 1312 3237 1372 apostoli.

1990 1370 2220 1426 Iacobus
2250 1374 2344 1429 Dei
2368 1385 2420 1431 et
2450 1378 2657 1436 Domini
2688 1386 2860 1440 nostri
2889 1388 3015 1444 Jesu
3045 1370 3258 1450 Christi
3293 1412 3508 1474 servus,

1920 1470 2048 1530 etc.,
2081 1481 2241 1535 usque
2265 1467 2319 1520 in
2346 1469 2521 1540 ﬁnem,
2549 1489 2665 1528 cum
2693 1475 2868 1533 decem
2894 1481 3230 1543 divisionibus
3252 1507 3343 1561 per
3372 1467 3516 1551 (itte;

1916 1569 2030 1607 ram
2059 1555 2293 1612 rubeam.

2208 1651 2378 1703 Lectio
2400 1660 2554 1707 sancti
2575 1670 2632 1708 ac
2652 1660 2786 1713 beati
2810 1663 2972 1715 Iacobi
2998 1671 3216 1731 apostoli.

1987 1732 2251 1805 Tempore
2274 1739 2386 1806 illo,
2416 1756 2536 1797 cum
2561 1746 2831 1816 ingressus
2856 1743 3044 1810 iniisset
3067 1757 3326 1817 Dominus
3350 1762 3511 1820 Iesus

1916 1827 1969 1882 in
1995 1830 2194 1900 templo
2223 1831 2346 1904 [imo
2376 1837 2427 1890 in
2460 1838 2664 1910 monte]
2703 1853 2761 1898 ut
2793 1844 3014 1903 doceret
3040 1851 3254 1912 turbas.
3283 1856 3498 1913 dicebat

1916 1918 2023 1974 illis
2046 1938 2057 1972 :
2079 1921 2252 1978 Nolite
2273 1935 2482 1995 putare,
2506 1933 2757 1999 quoniam
2783 1938 2904 1992 veni
2921 1940 3132 1998 solvere
3157 1945 3352 2014 legem,
3369 1957 3508 2020 etc.,

1911 2027 2071 2084 usque
2096 2016 2275 2074 Donec
2297 2020 2491 2077 reddas
2514 2028 2863 2086 novissimum
2890 2035 3264 2104 quadrantem.
3290 2016 3510 2111 (Matth.

1907 2122 1961 2171 v,
2005 2109 2220 2182 17-26.)

2080 2200 2251 2254 Lectio
2275 2209 2428 2258 sancti
2455 2209 2709 2273 Evangelii
2730 2218 2997 2267 secundum
3024 2221 3330 2275 Matthaeum.

1978 2279 2171 2338 Petrus
2203 2291 2492 2356 Apostolus
2512 2293 2640 2349 Jesu
2665 2295 2862 2353 Christi
2891 2301 3081 2358 electis
3112 2305 3338 2363 advenis
3370 2309 3506 2366 Pon-

1906 2371 1975 2438 ti,
2004 2384 2134 2440 etc.,
2169 2395 2326 2449 usque
2353 2385 2422 2436 ad
2464 2387 2635 2455 ﬁnem,
2669 2393 2891 2462 exceptis
2929 2397 3088 2452 tribus
3115 2401 3316 2456 ultimis
3342 2405 3506 2459 versi-

1906 2464 2017 2533 bus,
2052 2470 2216 2525 divt'sa
2241 2473 2294 2526 in
2323 2477 2561 2532 undecim
2593 2492 2784 2551 partes.

2292 2579 2508 2619 LEGENDA
2546 2586 2708 2624 ωεκ
2748 2589 2826 2627 οιι
2870 2596 2932 2629 ΑΒ
2964 2594 3118 2634 SEXTA

2109 2642 2324 2707 Epistula
2345 2655 2496 2701 sancti
2530 2667 2585 2704 ac
2603 2655 2875 2710 beatissimi
2901 2663 3038 2715 Petri
3069 2667 3294 2729 apostoli.

1980 2724 2140 2797 150
2162 2729 2428 2801 Tempore
2451 2735 2567 2804 illo,
2583 2738 2794 2796 dicebat
2810 2743 3068 2803 Dominus
3088 2724 3247 2806 Iesus
3269 2751 3503 2825 discipu-

1903 2814 1970 2870 lis
1996 2820 2109 2874 suis
2139 2837 2152 2875 :
2177 2821 2353 2880 Nolite
2374 2825 2642 2899 judicare,
2675 2842 2730 2887 ut
2758 2851 2863 2891 non
2889 2839 3236 2911 judicemini,
3269 2814 3502 2916 etc.,-ua-

1898 2923 1994 2970 que
2018 2909 2145 2967 Haec
2171 2924 2251 2969 est
2275 2918 2422 2972 enim
2451 2919 2537 2976 lex
2561 2933 2614 2977 et
2642 2927 2936 2996 prophetae.
2969 2909 3288 3004 (Matth.vu,
3315 2909 3500 3014 1—12.)

2082 3022 2257 3076 Lectio
2279 3031 2433 3081 sancti
2457 3032 2716 3099 Evangelii
2736 3043 3006 3094 secundum
3031 3046 3333 3102 Matthaeum.

1971 3128 2119 3183 Liber
2145 3131 2327 3190 Tobith
2359 3153 2519 3206 usque
2547 3143 2721 3213 ﬁnem,
2751 3159 2924 3216 postea
2952 3149 3313 3224 Evangelium.

2051 3264 2266 3302 LEGINDA
2304 3271 2365 3304 AD
2409 3270 2538 3309 NONA
2580 3275 2738 3313 EODEM
2775 3281 2854 3316 DIE
2893 3282 2942 3316 IN
2980 3283 3339 3326 BOGATIONIBUS.

2062 3350 2234 3404 Lectio
2254 3360 2408 3408 sancti
2433 3360 2688 3426 Evangelii
2715 3371 2986 3423 secundum
3009 3375 3315 3431 Matthmum.

1963 3453 2160 3512 Diebus
2187 3460 2308 3527 illis,
2337 3463 2470 3520 dixit
2499 3467 2759 3528 Dominus
2781 3475 2938 3532 Jesus
2969 3481 3174 3537 turbis:
3199 3487 3492 3548 Adtendite

1893 3561 1961 3603 ne
1979 3547 2238 3618 justitiam
2267 3567 2500 3612 vestram
2530 3559 2736 3619 faciatis
2773 3581 2952 3624 coram
2984 3572 3329 3648 hominibus,
3354 3590 3489 3650 etc.,

1892 3653 2049 3709 usque
2075 3642 2178 3697 Sed
2212 3645 2375 3701 libera
2409 3664 2505 3705 nos
2536 3667 2565 3706 a
2599 3655 2760 3711 malo.
2792 3657 3008 3727 (Matth.
3038 3677 3110 3733 γι,
3149 3642 3327 3741 1-13.)

1891 3730 2025 3787 LVI.
2059 3749 2298 3792 LEGENDA
2339 3756 2425 3794 me
2459 3758 2495 3796 Il
2536 3760 2585 3798 tri
2617 3761 3025 3822 ROGATIONIBUS,
3061 3773 3128 3811 an
3154 3775 3478 3821 nummos.

2358 3853 2525 3907 Lectio
2565 3855 2701 3911 Iohel
2744 3866 3017 3928 prephette.

1965 3950 2086 4006 llaec
2118 3953 2246 4010 dicit
2277 3957 2531 4016 Dominus
2559 3979 2572 4017 :
2600 3965 2875 4038 Accingite
2906 3986 3020 4038 vos,
3049 3984 3103 4029 et
3135 3977 3366 4048 plangite
3394 3997 3482 4036 sa-

1889 4047 2154 4115 cerdotes,
2189 4061 2317 4121 etc.,
2345 4071 2502 4124 usque
2533 4057 2597 4112 Et
2622 4063 2875 4118 terribilis
2897 4067 3073 4134 valde,
3097 4081 3151 4126 et
3171 4047 3294 4141 quis
3320 4075 3479 4131 susti-

1888 4137 2035 4194 nebit
2059 4142 2216 4195 eum?
2245 4142 2404 4217 (laet.
2436 4163 2474 4214 ι,
2516 4151 2604 4216 15,
2636 4170 2794 4223 usque
2820 4172 2874 4223 ιι,
2911 4160 3024 4230 11.)
3063 4183 3071 4192 ·

2288 4278 2502 4316 ιεοεΝοΑ
2526 4280 2685 4319 EODEM
2707 4286 2787 4321 DIB
2810 4290 2871 4324 AD
2894 4289 3078 4326 TERTIA.

2100 4363 2316 4425 Epistula
2337 4373 2491 4420 sancti
2511 4385 2566 4422 ac
2584 4374 2859 4427 beatissimi
2884 4379 3024 4431 Petri
3043 4384 3271 4444 apostoli.

1959 4469 2144 4525 Simon
2173 4472 2364 4529 Petrus
2391 4491 2579 4534 servus
2609 4492 2663 4536 et
2691 4483 2980 4552 Apostolus
3001 4487 3129 4545 Jesu
3158 4489 3356 4549 Christi
3397 4495 3479 4553 his

1887 4562 1981 4633 qui
2007 4569 2330 4635 coaequalem
2368 4571 2522 4628 nobis
2561 4575 2737 4631 sortiti
2764 4588 2894 4635 sunt
2924 4581 3084 4637 iidem
3105 4624 3120 4650 ,
3151 4593 3283 4654 etc.,
3318 4603 3478 4661 usque

1884 4657 1938 4712 in
1965 4660 2117 4729 ﬁnem
2145 4665 2383 4720 secunda:
2415 4666 2575 4726 Petri.

2071 4774 2240 4828 Lectio
2258 4782 2408 4830 sancti
2435 4782 2686 4846 Evangelii
2706 4790 2974 4838 secundum
2993 4791 3289 4845 Matthaeutn.

1959 4877 2153 4934 Diebus
2183 4882 2288 4936 illis
2311 4885 2486 4940 stabat
2531 4886 2789 4946 Dominus
2829 4891 2984 4950 Iesus
3013 4910 3167 4952 secus
3208 4913 3356 4956 mare
3380 4945 3395 4968 ,
3423 4913 3474 4959 et

1885 4981 2224 5042 congregata:
2254 4985 2377 5030 sunt
2423 4977 2491 5033 ad
2527 4993 2648 5035 eum
2681 4984 2850 5039 turba:
2898 4987 3080 5044 multa:
3105 5032 3120 5057 ,
3153 5000 3281 5058 etc.,
3316 5011 3476 5065 usque

1886 5063 1987 5130 Qui
2023 5063 2185 5121 habet
2212 5081 2370 5124 aures
2395 5069 2648 5127 audiendi
2674 5074 2874 5132 audiat.
2903 5078 3120 5150 (Matth.
3147 5099 3262 5150 xm,
3291 5063 3474 5161 2-23.)

2294 5199 2482 5236 BGINDA
2506 5199 2664 5239 EODEM
2685 5205 2762 5241 DIE
2784 5209 2844 5242 AD
2867 5207 3035 5247 εειτι.

2056 5285 2273 5348 Epistula
2295 5297 2448 5343 sancti
2466 5305 2523 5344 ac
2537 5294 2813 5350 beatissimi
2833 5300 3060 5354 Iohannis
3082 5306 3307 5368 apostoli.

1943 5392 2094 5459 Quod
2126 5395 2224 5450 fuit
2246 5397 2510 5467 abinicio,
2534 5406 2675 5475 quod
2704 5409 3037 5477 audivimus,
3057 5414 3200 5484 quod
3229 5415 3465 5473 vidimus

1873 5490 2042 5545 oculis
2068 5494 2285 5562 nostris,
2320 5507 2451 5564 etc.,
2478 5516 2636 5571 usque
2683 5505 2737 5558 in
2763 5507 2920 5574 ﬁnem
2960 5510 3142 5576 prime
3178 5511 3460 5571 Iohannis.

2099 5603 2265 5656 Lectio
2287 5609 2442 5659 sancti
2458 5609 2714 5675 Evangelii
2737 5618 3004 5668 secundum
3031 5619 3226 5675 Lucam.

1948 5708 2098 5778 151
2133 5708 2189 5762 In
2212 5709 2304 5765 “10
2333 5721 2592 5783 tempore,
2623 5718 2832 5775 dicebat
2863 5721 3124 5784 Dominus
3156 5731 3316 5787 Jesus
3347 5743 3458 5787 lur-

1869 5798 1952 5852 bis
1978 5816 1990 5852 :
2021 5800 2204 5857 Videte
2238 5813 2292 5857 et
2337 5815 2521 5860 cavete
2560 5809 2627 5861 ab
2657 5813 2803 5866 omni
2832 5819 3052 5874 avaritia
3080 5863 3095 5887 ,
3139 5832 3268 5889 etc.,
3301 5841 3461 5894 usque

1867 5887 1933 5944 Et
1954 5889 2069 5946 haec
2094 5894 2275 5948 omnia
2298 5897 2599 5955 adicientur
2626 5902 2796 5959 vobis.
2829 5909 2983 5980 (Luc.
3015 5927 3113 5978 xtl,
3147 5887 3366 5979 15-31.)

3050 6005 3093 6067 7
