4048 6350
767 457 980 498 om
1004 459 1064 496 ΑΒ
1083 455 1210 498 ml
1232 457 1392 498 ηοω
1408 459 1485 495 οη
1506 459 1555 496 ll
1575 457 1912 496 ιοαιτιοιαως

665 525 813 588 Liber
840 526 1021 604 ludit}:
1051 544 1206 602 usque
1233 528 1387 596 ﬁnem
1410 569 1426 594 ,
1457 541 1634 594 postea
1662 527 2016 600 Euangelium.

728 615 899 669 Lectio
922 621 1070 672 sancti
1091 619 1341 683 Evangelii
1364 621 1640 672 secundum.
1656 619 1953 672 lattharum.

627 701 825 758 Diebus
853 703 954 759 illis
983 704 1122 772 dixit
1163 704 1420 760 Dominus
1459 704 1614 762 Iesus
1658 703 1830 760 turbis
1857 721 1869 755 :
1895 699 2132 758 Audistis

553 794 675 864 quia
708 794 905 852 dictum
935 805 1038 864 est,
1065 797 1399 868 Quicumque
1423 797 1684 862 dimiserit
1707 810 1930 860 uxorem
1955 808 2128 858 suam.

554 882 647 938 det
686 884 759 939 illi
807 886 1037 942 libellum
1069 887 1304 956 repudii,
1337 897 1466 952 etc.,
1506 905 1662 955 usque
1691 888 1844 942 Sicut
1881 895 1934 940 et
1975 885 2134 939 Pater

552 986 734 1031 vester
759 978 994 1039 caelestis
1027 980 1289 1058 perlectus
1317 990 1415 1034 est.
1451 980 1666 1051 (Matth.
1702 997 1753 1045 v,
1779 979 1992 1046 51-48.)

552 1065 708 1123 LVII.
752 1086 989 1127 LEGENDA
1017 1088 1102 1126 DIE
1125 1088 1179 1126 tu
1208 1087 1258 1126 IN
1298 1087 1678 1129 BOGATIONIBUS
1715 1090 1780 1128 an
1802 1086 2130 1128 ururtscu.

1034 1163 1198 1214 Lectio
1223 1165 1358 1234 Oscae
1384 1165 1653 1228 prophetae.

624 1243 748 1299 Haec
783 1244 910 1302 dicit
957 1246 1248 1302 Dominus:
1277 1248 1475 1316 Audite
1520 1249 1620 1302 hoc
1643 1287 1659 1312 ,
1696 1245 2008 1304 sacerdotes
2031 1287 2047 1312 ,
2081 1255 2132 1299 et

549 1335 852 1406 adtendite,
884 1338 1075 1394 domus
1117 1339 1337 1406 Israhel,
1365 1350 1496 1404 etc.,
1523 1356 1679 1409 usque
1706 1340 1992 1396 Scientiatn
2040 1338 2132 1396 Dei

548 1428 828 1502 plusquam
861 1430 1188 1496 holocausta,
1221 1431 1296 1500 ait
1321 1432 1576 1494 Dominus
1604 1432 1760 1494 Deus.
1795 1429 1968 1504 (Osca:
1995 1446 2045 1495 v,
2078 1431 2126 1494 t,

547 1535 706 1591 usque
724 1535 798 1587 vt,
827 1522 906 1592 6.)

954 1633 1166 1668 LEGENDA
1197 1631 1356 1678 EODEM
1375 1633 1450 1668 DII
1473 1631 1534 1666 AD
1558 1633 1746 1668 TEROIA.

701 1700 922 1764 Epistula
949 1705 1099 1754 sancti
1129 1716 1184 1752 ac
1209 1703 1477 1760 beatissimi
1505 1701 1734 1752 Iohannis
1750 1699 1974 1765 apostoli.

621 1783 812 1839 Senior
838 1785 1030 1838 Electae
1056 1785 1305 1851 dominas,
1338 1795 1390 1840 ct
1423 1786 1558 1839 nalis
1585 1785 1721 1853 ejus,
1753 1799 1888 1853 quos
1913 1799 2016 1854 ego
2042 1783 2126 1840 di-

547 1875 655 1946 ligo
701 1875 751 1926 in
784 1876 1028 1936 veritate.
1082 1886 1213 1941 etc.,
1259 1894 1417 1946 usque
1463 1877 1838 1932 Communicat
1879 1874 2132 1947 operibus

546 1965 689 2023 illius
719 1968 983 2039 malignis.
1013 1968 1208 2024 Deinde
1244 1979 1610 2041 consequenter
1634 1968 1850 2040 epistola
1877 1968 2134 2022 Johannis

549 2057 699 2113 tertia
727 2060 838 2113 sine
881 2061 1027 2114 titulo
1053 2060 1282 2117 :Senior
1308 2062 1441 2115 Gaio
1483 2061 1796 2125 carissimo,
1830 2075 1986 2129 quem
2034 2073 2136 2129 ego

547 2152 712 2222 diligo
740 2155 793 2208 in
826 2154 1072 2217 veritate,
1107 2163 1236 2218 etc.,
1264 2171 1425 2220 usque
1463 2153 1722 2220 Quoniam
1764 2152 2133 2208 testimonium

545 2259 788 2308 nostrum
822 2265 1002 2316 verum
1034 2264 1136 2318 est,
1161 2252 1360 2306 omissis
1389 2251 1612 2306 uersibus
1644 2250 1712 2304 13
1740 2258 1786 2302 et
1818 2247 1906 2303 M.

718 2363 891 2418 Lectio
909 2366 1065 2416 sancti
1087 2363 1340 2426 Evangelii
1363 2361 1633 2414 secundum
1656 2359 1960 2410 multatum.

618 2470 676 2524 ln
708 2469 802 2524 illo
830 2479 1070 2538 tempore
1104 2470 1287 2524 relicta
1320 2467 1573 2520 Dominus
1598 2465 1756 2520 lesus
1786 2463 2002 2519 civitate
2029 2462 2135 2517 Na-

544 2560 753 2624 zaretlt,
777 2558 922 2614 venit
942 2567 994 2612 et
1020 2558 1276 2612 habitavit
1301 2559 1352 2611 in
1377 2556 1752 2624 Capharnaum
1790 2553 2134 2620 maritimam,

545 2664 651 2712 etc.
679 2651 890 2722 (Matth.
918 2666 988 2717 Iv,
1026 2650 1235 2719 15-17.)
1266 2648 1400 2702 Tum
1429 2654 1791 2716 consequenter
1813 2660 1834 2700 :
1862 2644 2047 2699 Venite
2070 2643 2136 2698 ad

546 2752 634 2801 me
646 2758 832 2799 omnes
844 2744 934 2813 qui
956 2740 1231 2809 laboratis,
1262 2749 1367 2795 etc.
1399 2737 1614 2810 (Matth.
1633 2735 1988 2803 ιι,28-50“δει
2003 2752 2138 2792 onus

547 2851 725 2894 meum
751 2835 887 2891 leve.

956 2919 1166 2957 MDL
1193 2915 1347 2954 εουιιι
1369 2916 1447 2952 DIE
1466 2918 1527 2952 AD
1548 2914 1717 2952 II‘TA.

753 3009 968 3072 Epistula
993 3011 1152 3063 sancti
1175 3021 1232 3061 ac
1251 3007 1526 3060 beatissimi
1550 3005 1684 3056 inde
1705 3003 1928 3069 apostoli.

627 3094 970 3175 1521udas
993 3093 1121 3170 iesu
1159 3091 1359 3152 Christi
1390 3104 1577 3152 servus
1602 3132 1616 3155 ,
1646 3090 1812 3146 frater
1837 3098 2016 3154 autem
2047 3087 2136 3158 la-

551 3189 705 3255 cobi,
733 3197 862 3254 etc.,
893 3203 1050 3258 usque
1080 3187 1132 3239 in
1163 3186 1337 3254 ﬁnem.

727 3279 892 3330 Lectio
916 3280 1064 3328 sancti
1089 3275 1346 3338 Evangelii
1372 3274 1639 3325 secundum
1662 3276 1966 3326 Mattbaaum.

621 3365 678 3419 In
725 3364 818 3419 illo
858 3373 1097 3434 tempore
1134 3362 1387 3433 loquutus
1426 3370 1509 3416 est
1557 3359 1815 3415 Dominus
1860 3361 2015 3416 Jesus
2068 3359 2135 3413 ad

551 3459 819 3531 principes
864 3456 1200 3513 sacerdotum
1241 3462 1297 3509 et
1335 3454 1400 3507 ad
1461 3453 1763 3508 Pharisaeus
1805 3451 2115 3522 parabolam

550 3551 690 3606 hanc
713 3569 727 3605 :
753 3550 924 3605 Homo
949 3533 1178 3602 habebat
1211 3544 1348 3600 duos
1379 3544 1518 3598 tilios
1541 3585 1555 3608 ,
1585 3552 1715 3607 etc.,
1745 3558 1900 3612 usque
1931 3542 2126 3596 Postea

550 3653 605 3697 ut
627 3639 918 3702 crederetis
937 3641 1007 3696 ei.
1041 3636 1257 3708 (Matth.
1291 3650 1402 3701 ut,
1431 3634 1652 3703 28-52.)

748 3748 964 3785 ιεαειω
988 3749 1049 3782 Διὶ
1072 3743 1200 3781 ΚΜΔ
1223 3741 1385 3780 ιουιιι
1404 3743 1481 3778 DIE
1503 3739 1548 3776 IN
1574 3737 1927 3776 λοσΑτιοιηιυι.

616 3821 771 3876 Liber
804 3818 984 3873 Hester
1008 3832 1167 3887 usque
1193 3815 1348 3883 ﬁnem
1375 3857 1389 3880 ,
1423 3821 1596 3880 postea
1626 3809 1989 3881 Evnngelium.

725 3910 900 3960 Lectio
931 3911 1084 3957 sancti
1109 3905 1362 3968 Evangelii
1385 3907 1653 3954 secundum
1679 3904 1982 3954 Mattbteum.

625 3994 826 4052 Diebus
872 3991 1017 4056 illis,
1056 3989 1192 4046 dixit
1234 3988 1492 4042 Dominus
1534 3985 1692 4040 Jesus
1742 3982 2138 4052 discipulis:Si

551 4093 692 4146 enim
740 4084 1054 4142 dimiseritis
1100 4083 1404 4138 hominibus
1456 4087 1671 4150 peccata
1725 4095 1952 4146 eorum,
2003 4088 2136 4146 etc.,

551 4197 710 4252 usque
741 4180 808 4235 Et
847 4179 1026 4234 omnia
1068 4176 1185 4230 haec
1229 4173 1524 4228 adicientur
1573 4171 1747 4227 vobis.
1793 4170 2005 4244 (Matth.
2061 4187 2135 4239 vr,

551 4271 770 4342 lii-03.)
889 4357 1076 4402 NOTB
1121 4356 1202 4399 ΕΤ
1245 4353 1794 4400 οιθειινηιοιηο.

586 4500 588 4504 τ
623 4463 780 4533 Quod
803 4464 856 4518 in
885 4476 988 4518 una
1015 4460 1304 4516 Viennensi
1328 4460 1552 4516 ecclesia
1579 4475 1642 4514 ex
1671 4458 1924 4530 singulari
1960 4473 2124 4513 occa-

553 4559 705 4613 sione
742 4554 969 4611 instituit
1016 4554 1304 4609 htamertus
1340 4553 1624 4622 episcopus
1675 4551 1874 4606 saeculo
1903 4566 1954 4618 v,
2007 4550 2093 4620 qui
2119 4591 2142 4619 ,
2167 4593 2221 4655 Β

551 4651 678 4706 dum
735 4649 862 4704 urbs
902 4648 1015 4702 haec
1051 4646 1282 4702 insolitis
1327 4656 1484 4702 terra:
1532 4646 1767 4700 motibus
1803 4653 2134 4715 quateretur,

557 4759 576 4793 α
611 4740 1068 4810 appropinquante
1112 4737 1468 4802 Ascensione,
1504 4734 1692 4790 indixit
1735 4734 1946 4803 populis
1992 4733 2136 4803 jeju-

551 4834 698 4887 nium
725 4872 740 4896 ,
765 4830 992 4886 instituit
1015 4826 1208 4892 orandi
1247 4828 1486 4893 modum,
1513 4825 1707 4882 edendi
1755 4824 1948 4880 seriem
1970 4865 1986 4888 ,
2015 4838 2138 4878 ero-

548 4924 708 4995 gandi
757 4922 1030 4976 liberalem
1074 4918 1526 4988 dispensationem
1552 4958 1568 4983 ,
1605 4935 1623 4969 ι
1658 4915 1824 4986 quod,
1873 4916 2085 4985 inquam
2112 4954 2128 4981 ,

549 5026 766 5072 sanctus
816 5013 1051 5096 pontifex
1093 5029 1159 5072 ex
1218 5012 1316 5068 hac
1389 5010 1647 5082 peculiari
1692 5023 1854 5066 causa
1904 5009 2137 5073 indixit,

557 5130 577 5163 α
607 5108 945 5166 cessantibus
972 5106 1166 5161 exinde
1192 5105 1504 5169 terroribus,
1541 5119 1633 5175 per
1661 5112 1883 5158 cunctas
1925 5104 2146 5172 provin-

550 5205 660 5260 cias
702 5203 941 5271 dispersa
979 5200 1104 5254 facti
1146 5195 1284 5252 fanta
1328 5209 1546 5254 cunctos
1594 5201 1900 5256 sacerdotes
1938 5197 2137 5253 imitari

553 5293 903 5362 commonuit,
936 5290 1080 5366 quod
1124 5291 1374 5348 sacerdOS
1412 5290 1535 5348 fecit
1580 5308 1643 5348 ex
1686 5293 1822 5356 fide,
1857 5312 1874 5344 ›
1905 5293 1980 5346 ait
2005 5291 2138 5346 Gre-

550 5393 737 5462 go'ius
757 5389 813 5445 in
839 5387 1080 5448 Historia
1107 5387 1202 5442 lib.
1232 5402 1270 5440 ιι
1294 5399 1411 5454 cap.
1441 5383 1530 5437 54.
1567 5384 1710 5440 Idem
1735 5386 1785 5439 in
1811 5385 1904 5438 lib.
1932 5399 1982 5438 Ix
2009 5395 2130 5450 cap.

553 5484 585 5536 6
609 5482 825 5538 modum
869 5482 1028 5536 tradit
1069 5494 1178 5550 quo
1211 5477 1532 5548 Rogationes
1562 5477 1666 5532 illae
1694 5476 2139 5532 celebrarentur:

554 5594 751 5649 nempe
771 5588 828 5633 ut
856 5597 880 5638 ί
917 5577 1214 5647 procedens
1235 5572 1472 5643 pontifex
1501 5587 1622 5628 cum
1649 5573 1849 5641 populo
1873 5585 1992 5639 suo,
2019 5569 2134 5623 loca

553 5682 736 5728 sancta
764 5671 1091 5728 circumiret.
1124 5689 1142 5729 ι
1179 5666 1501 5738 Rogationes
1526 5664 1633 5719 illic
1655 5664 1761 5718 alio
1797 5664 2012 5718 nomine
2046 5661 2136 5716 Li-

554 5764 708 5818 tanio:
735 5763 890 5820 dictas
918 5773 1073 5825 sunt,
1103 5773 1209 5828 quo
1247 5755 1507 5810 vocabulo
1550 5755 1870 5812 Fortunatus
1899 5757 2062 5809 utitur
2088 5755 2138 5806 in

557 5851 671 5909 Vita
686 5855 856 5916 sancti
882 5851 1132 5912 Germani
1160 5845 1488 5908 Parisiorum
1510 5848 1750 5922 episcopi
1783 5862 1902 5920 cap.
1932 5847 2022 5912 33,
2052 5845 2148 5902 ubi

1199 325 1552 388 APPENDIX
1593 327 1686 384 AD
1725 322 1959 384 OPIRA
1999 319 2251 383 SANC'I'I
2288 316 2506 380 (ΞΕᾺῶ
2535 317 2600 375 ﬁl
2639 308 3084 374 PARIEIENSIS.

2161 446 2214 504 Α
2239 438 2482 508 quaedam
2511 435 2725 498 ulier,
2755 453 2775 485 ‹
2804 433 2932 488 dum
2957 439 3198 495 tempore
3219 425 3546 484 Litanisrtll
3570 436 3687 494 pra
3709 438 3826 484 ete-

2232 531 2366 586 catis
2393 529 2560 586 oculis
2589 543 2694 582 non
2727 536 2903 596 posset
2934 525 3010 579 ire
3039 537 3159 576 cum
3186 519 3402 590 populo,
3431 517 3664 580 audiens
3689 515 3832 574 eho-

3721 305 3758 359 9.
3769 303 3862 400 ἰδ’

2238 636 2351 710 rum
2382 622 2740 692 psallentium,
2769 634 2890 674 cum
2941 614 3188 687 lacrymis
3217 611 3403 668 damni
3427 609 3688 667 Ger-mni
3720 609 3828 663 im-

2235 707 2406 787 plorat
2435 716 2715 770 auxilium.
2756 733 2773 764 ι
2796 714 2974 768 Tertia
2998 713 3106 775 die,
3139 717 3356 776 recepto
3386 707 3610 770 lumine,
3647 722 3672 756 s
3715 719 3840 758 mu-

2235 813 2335 870 lier
2354 814 2678 868 clarescente
2691 811 2778 866 die
2792 810 2858 864 ad
2883 809 3102 863 missam
3117 819 3238 861 cum
3263 802 3461 874 populo
3482 799 3837 870 progreditur

2238 905 2292 959 in
2337 919 2608 974 processu.
2658 922 2676 954 ι
2727 905 2806 957 An
2852 900 3070 954 Litanire
3107 897 3264 952 dictat
3309 895 3417 950 sit
3458 910 3526 950 ex
3566 907 3634 949 eo
3681 893 3838 964 quod

2235 1005 2541 1050 sanctorum
2591 993 2806 1048 nomina
2845 992 2897 1044 in
2939 990 3018 1044 eis
3049 988 3533 1057 frequentat-eatur,
3583 998 3652 1038 an
3704 997 3841 1039 vero

2238 1085 2540 1155 hujusmodi
2564 1099 2749 1154 preces
2779 1081 2932 1153 153
2957 1096 3021 1138 es
3054 1080 3158 1133 illis
3179 1075 3653 1148 supplicationibus
3690 1075 3841 1128 Lita-

2237 1181 2445 1234 niarum
2492 1193 2682 1233 nomen
2715 1176 3048 1244 acceperint.
3081 1186 3264 1240 parum
3300 1171 3546 1225 interest.
3585 1167 3728 1220 Illud
3767 1181 3832 1220 ex

2239 1270 2480 1340 Gregorii
2511 1269 2602 1324 lib.
2636 1285 2665 1321 ι
2705 1283 2822 1336 cap.
2869 1266 2894 1320 i
2929 1272 3158 1328 constat,
3197 1265 3247 1316 iu
3281 1262 3383 1315 illis
3409 1258 3830 1328 supplicationi-

2239 1364 2360 1429 bus,
2387 1375 2519 1431 quas
2541 1360 2826 1426 Gregorius
2854 1358 2989 1411 alter
3013 1371 3105 1408 seu
3133 1354 3348 1422 Magnus
3374 1351 3560 1405 Roma:
3603 1348 3864 1402 instituit-

2239 1457 2305 1511 ad
2338 1463 2537 1524 pestem
2569 1450 2958 1520 depellendam,
2994 1447 3153 1518 Kyrie
3180 1445 3389 1508 eteison,
3423 1440 3563 1512 quod
3593 1440 3844 1495 Litania-

2237 1561 2356 1604 rum
2383 1558 2682 1601 nostrarum
2716 1543 2919 1597 initiqu
2947 1547 3056 1599 est.
3091 1553 3187 1607 per
3215 1537 3417 1606 plateas
3451 1533 3600 1590 urbis
3637 1541 3830 1586 canta-

2245 1649 2354 1693 lum
2385 1638 2566 1692 fuisse.

2313 1732 2417 1788 Sed
2449 1746 2554 1785 non
2601 1732 2652 1783 in
2699 1729 2826 1783 solis
2879 1724 3124 1794 precibus
3155 1731 3247 1776 aut
3267 1720 3476 1791 jejunio
3503 1716 3844 1773 consistebat

2163 1824 2517 1904 nGallorum
2587 1826 2755 1891 pietas
2807 1823 2858 1874 in
2915 1819 3091 1872 triduo
3142 1816 3537 1886 Rogationem;
3601 1814 3837 1866 multum

2237 1919 2398 1973 etiam
2425 1915 2831 1984 impendebatur
2854 1913 3068 1966 lectioni
3099 1924 3372 1964 sacrarum
3396 1907 3838 1977 Scripturarum;

2236 2010 2447 2066 illarum
2479 2009 2708 2064 maxime
2737 2022 2857 2076 quae
2901 2005 2967 2059 ad
3012 2000 3496 2058 commendandam
3528 2001 3837 2054 orationem

2236 2111 2290 2157 et
2319 2103 2712 2172 elcemosynam
2742 2098 3027 2168 pertinent.
3072 2096 3270 2150 Harum
3311 2103 3492 2149 autem
3525 2093 3826 2148 lectionum

2237 2192 2456 2248 modum
2482 2191 2738 2246 discimus
2768 2205 2832 2246 ex
2867 2196 3052 2244 nostro
3082 2187 3440 2250 Lcctionario,
3474 2184 3530 2238 in
3579 2199 3694 2252 quo
3724 2198 3841 2237 om-

2243 2297 2342 2338 nes
2363 2291 2609 2336 accurate
2635 2280 2953 2345 rel‘eruntur,
2990 2290 3045 2332 ut
3075 2278 3235 2332 modo
3257 2279 3505 2332 vidimus.
3525 2275 3842 2345 Optandum
3933 2326 3948 2342 ,

2241 2385 2389 2431 esset
2416 2385 2469 2430 ut
2505 2376 2620 2446 pius
2655 2375 2740 2428 hic
2769 2374 2902 2427 ritus
2933 2372 3122 2427 saltem
3155 2387 3217 2427 ex
3256 2383 3403 2450 parte
3436 2370 3840 2435 resdtueretur,

2240 2469 2330 2523 ubi
2365 2470 2621 2524 hactenus
2670 2477 2978 2537 perseverat
3019 2468 3070 2521 in
3103 2466 3333 2524 ecclesia
3361 2465 3752 2520 Mediolanensi
3790 2467 3839 2520 in

2241 2564 2415 2618 triduo
2455 2564 2802 2625 Litaniarum,
2835 2577 2954 2632 qute
3001 2571 3120 2630 post
3167 2560 3558 2615 Ascensionem
3619 2559 3838 2616 Domini

2241 2658 2598 2714 celebrantur.
2649 2656 2802 2724 Quod
2836 2656 2957 2725 quia
3003 2669 3109 2710 non
3143 2654 3390 2711 omnibus
3417 2663 3600 2707 notum
3631 2663 3739 2717 est,
3789 2654 3838 2708 id

2241 2755 2425 2822 paucis
2455 2767 2722 2819 exponere
2745 2752 2893 2819 juvat
2917 2765 2983 2806 ex
3016 2749 3196 2805 libello
3237 2748 3512 2817 singulari,
3553 2749 3711 2816 cujus
3744 2748 3830 2802 hic

2243 2845 2425 2902 titulus
2445 2854 2527 2900 est
2553 2863 2564 2897 :
2599 2843 2820 2898 Litaniw
2849 2845 3069 2911 majores
3091 2852 3137 2896 et
3159 2842 3418 2896 triduana:
3445 2842 3699 2894 solemnes
3721 2841 3826 2894 ritu

2239 2935 2616 3000 Ambrosiano;
2661 2952 2693 2988 a
2731 2945 2908 2989 sancto
2959 2933 3142 2988 Carolo
3191 2934 3456 2986 cardinale
3508 2934 3589 2985 tit.
3647 2941 3838 2986 sancte

2240 3024 2498 3082 Praxedis
2525 3025 2910 3094 archiepiscopo
2939 3025 3110 3090 editte,
3160 3040 3293 3077 nunc
3323 3022 3493 3076 denuo
3532 3023 3834 3092 recognittr,

2243 3119 2533 3174 Mediolani
2559 3135 2696 3174 anno
2725 3116 2882 3173 i667.
2927 3118 3000 3172 Ita
3049 3131 3178 3174 vero
3223 3117 3305 3172 hac
3359 3116 3584 3172 Litaniat
3639 3131 3834 3186 proca.

2166 3206 2218 3272 C
2244 3211 2394 3268 dunt.

2313 3305 2493 3364 Primo
2535 3303 2622 3360 die
2669 3305 2856 3358 harum
2903 3302 3233 3358 Litaniarum
3281 3300 3674 3368 triduanarum,
3708 3317 3832 3373 qua:

2238 3399 2500 3470 proximis
2530 3406 2649 3468 post
2679 3397 3061 3452 Ascensionem
3109 3394 3318 3450 Domini
3370 3391 3519 3449 feriis
3571 3395 3836 3458 secunda,

2238 3495 2416 3561 tertia,
2450 3500 2708 3562 etquarta
2735 3489 3098 3554 celebrantur,
3129 3487 3277 3544 clero
3303 3497 3357 3542 et
3402 3488 3600 3558 popqu
3628 3487 3684 3541 in
3724 3503 3836 3548 me-

2239 3585 2613 3655 tropolitanam
2661 3583 2945 3638 ecclesiam
2991 3591 3336 3651 congregato,
3383 3580 3828 3649 archiepiscopus

2241 3678 2323 3731 vel
2357 3676 2780 3746 pmnitentiarius
2800 3676 3036 3732 cinerem
3059 3691 3124 3730 ex
3147 3675 3410 3730 olivarum
3440 3675 3606 3729 ramis
3630 3674 3835 3731 factum

2240 3768 2540 3835 benedicit;
2572 3770 2765 3824 deinde
2805 3769 3132 3838 singulorum
3164 3766 3430 3837 capitibus
3472 3767 3726 3836 imponit,
3753 3763 3860 3822 di-'

2243 3876 2369 3916 cens
2397 3861 2718 3928 :Memento,
2749 3862 2923 3926 homo,
2941 3861 3063 3931 quia
3087 3859 3216 3912 cinis
3243 3875 3313 3922 es,
3342 3868 3391 3912 et
3419 3857 3472 3913 in
3502 3858 3728 3912 cinerem
3756 3875 3834 3913 τε·

2241 3955 2465 4015 verteris.
2501 3953 2810 4024 Respondet
2854 3952 3165 4023 accipiens:
3212 3951 3411 4010 Mentor
3473 3968 3583 4008 ero.
3634 3952 3840 4018 Deinde

2243 4047 2549 4117 proceditur
2567 4047 2635 4102 ad
2663 4046 2938 4104 basilicam
2977 4046 3150 4110 saneti
3177 4045 3533 4114 Simpliciani,
3559 4045 3650 4102 ubi
3680 4047 3852 4103 dictis.

2242 4139 2464 4194 Litaniis
2519 4149 2574 4194 et
2629 4140 2894 4205 oratione,
2941 4137 3190 4192 subditur
3241 4136 3499 4191 Dominus
3549 4137 3832 4200 uobiscum.

2242 4235 2376 4290 Tum
2418 4235 2584 4290 lector
2615 4232 2787 4303 major
2827 4230 3229 4286 secundicerius
3274 4231 3462 4286 recitat
3509 4230 3830 4296 Lectioneut

2242 4341 2307 4382 ex
2338 4323 2487 4381 Joele
2517 4326 2780 4395 pr0pheta
2806 4342 2820 4377 :
2858 4322 2986 4379 Haec
3024 4324 3150 4377 dicit
3200 4321 3455 4377 Dominus
3486 4321 3626 4377 Deus
3649 4339 3668 4376 :
3702 4319 3834 4378 Con-

2241 4419 2496 4474 vertimini
2518 4419 2585 4470 ad
2615 4433 2692 4471 me
2716 4416 2768 4470 in
2801 4424 2911 4470 toto
2939 4414 3094 4470 corde
3117 4424 3303 4481 oestro,
3339 4424 3446 4472 etc.
3477 4415 3538 4468 Et
3566 4426 3693 4484 post
3725 4430 3834 4470 res-

2243 4511 2576 4581 ponsorium,
2607 4508 2748 4579 quod
2802 4507 3005 4578 primus
3045 4507 3284 4562 notarius
3325 4506 3594 4576 praecinit,
3631 4508 3832 4576 primus

2245 4603 2503 4658 diaconus
2555 4599 2879 4667 ordinarius,
2933 4600 3212 4669 praemisso
3265 4596 3518 4653 Dominus
3554 4599 3834 4665 vobiscum,

2240 4696 2429 4750 recitat
2460 4694 2812 4761 Evangelium
2847 4706 2914 4746 ex
2949 4690 3230 4744 Matthteo:
3259 4687 3437 4742 Nolite
3466 4698 3672 4758 putare,
3705 4705 3832 4759 quo-

2239 4787 2380 4841 niam
2410 4786 2520 4840 veni
2540 4784 2733 4840 solvere
2753 4784 2934 4852 legem,
2962 4791 3066 4838 etc.
3092 4782 3234 4836 idem
3261 4781 3318 4836 ﬁt
3347 4796 3444 4852 pro
3467 4783 3720 4851 portione
3746 4799 3836 4854 per

2241 4880 2520 4936 duodecim
2555 4881 2667 4949 ipsa
2695 4878 2784 4933 die
2813 4878 3090 4940 ecclesias,
3125 4877 3176 4931 in
3199 4877 3391 4948 quibus
3420 4876 3616 4932 eodem
3648 4879 3836 4935 ordine

2245 4976 2470 5030 diversae
2496 4989 2559 5030 ex
2588 4971 2863 5044 Scriptura
2893 4972 3150 5028 lectiones
3179 4971 3312 5026 nunt

2321 5088 2565 5143 Secunda
2598 5087 2685 5142 die
2731 5088 2854 5162 item
2905 5087 2962 5140 ﬁt
2989 5087 3264 5156 processio
3296 5101 3389 5153 per
3415 5100 3611 5160 novem
3663 5089 3832 5143 eccle-

2251 5183 2378 5249 sias,
2401 5181 2454 5235 in
2480 5171 2673 5250 quibus
2701 5178 2926 5249 singulis
2940 5178 3162 5248 singulae
3194 5178 3312 5234 duas
3338 5178 3593 5250 leguntur
3625 5180 3833 5246 Lectio-

2249 5290 2365 5342 nes,
2397 5288 2498 5327 una
2547 5274 2742 5338 passim
2791 5286 2856 5325 ex
2907 5269 3084 5325 Veteri
3129 5269 3495 5346 Testamento,
3548 5273 3723 5334 altera
3774 5290 3831 5324 t.\

2248 5368 2553 5440 Evangelia.
2584 5366 2640 5420 ln
2663 5365 2891 5421 ecclesia
2919 5367 3168 5444 septima,
3201 5381 3321 5438 qua:
3351 5376 3435 5422 est
3461 5370 3635 5424 sancti
3673 5368 3836 5426 Νίκη·

2249 5465 2335 5528 rii,
2359 5463 2615 5518 diaconus
2636 5470 2762 5515 ante
2785 5460 3068 5516 lectionem
3100 5459 3372 5532 Evangelii
3404 5461 3541 5520 elata
3575 5477 3707 5518 voce
3729 5461 3832 5520 ait;

2253 5555 2459 5610 Parcite
2487 5553 2695 5624 fabulis.
2725 5551 2918 5607 Custos
2967 5553 3127 5608 etiam
3159 5570 3173 5608 :
3209 5553 3485 5610 Silentium
3513 5555 3712 5614 habete.
3745 5554 3834 5606 Al-

2249 5661 2329 5732 ter
2373 5664 2499 5706 vero
2551 5647 2842 5716 respondet
2871 5663 2882 5698 :
2909 5643 3110 5702 Habete
3153 5647 3431 5702 silentium.
3463 5646 3612 5708 Tum,
3646 5625 3834 5720 legitur

2253 5742 2595 5814 Evangelium
2629 5756 2696 5794 ex
2737 5738 2878 5794 Luca
2907 5759 2921 5792 ι
2949 5739 3173 5795 Accessit
3218 5742 3284 5794 ad
3329 5738 3609 5796 Dominum
3659 5739 3832 5798 Jcsutn

2249 5838 2456 5908 quidam
2493 5831 2649 5917 154
2690 5831 2959 5902 Princeps,
3007 5842 3056 5889 ct
3096 5835 3428 5910 interrogavit
3458 5850 3590 5910 eunt
3615 5836 3786 5888 dicms
