4048 6350
700 319 805 379 ΞΜ

1414 317 1760 377 APPENDIX
1801 317 1890 374 AD
1927 316 2153 374 OPERA
2198 311 2442 372 SANCTI
2482 313 2796 372 GERMANI
2835 314 3287 375 PARISIENSIS.

3822 324 3892 383 208

697 444 822 499 dist.
853 440 921 497 76
940 483 955 506 ,
997 455 1115 511 cap.
1148 441 1199 506 9,
1234 441 1320 498 ubi
1351 451 1536 498 auctor
1565 443 1755 498 festum
1784 441 2124 497 Pentecostes
2169 450 2290 492 cum
2320 433 2374 495 Α
2397 437 2479 490 nis
2506 436 2778 505 Baptistae,
2811 452 2909 492 nec
2938 439 3098 494 etiam
3123 453 3218 508 pro
3249 436 3439 509 Vigilia
3476 437 3595 494 festi
3621 442 3893 508 apostolorum

702 538 961 593 Pascbate
989 537 1373 603 comparando,
1402 538 1476 592 ait
1504 539 1555 591 in
1586 539 1779 608 vigiliis
1806 537 2082 606 utriusque
2122 535 2286 590 fuisse
2393 528 2534 584 Petri
2562 538 2616 583 ει
2645 529 2824 594 Pauli;
2863 545 3036 600 neque
3065 532 3192 586 ilem
3226 533 3276 586 in
3305 533 3540 587 GOllIico
3561 548 3652 588 seu
3679 533 3892 598 Gallicam).

697 627 990 698 jejt‘tuatum
1018 647 1028 680 :
1069 647 1088 680 ι
1129 629 1280 684 Tunc
1306 629 1469 693 enim,
1503 629 1654 700 157
1687 629 1824 683 sicut
1858 627 2018 683 modo
2041 627 2282 689 fecimus,

697 719 1052 790 jejunavimus
1093 720 1350 786 Sabbato,
1383 719 1598 791 Vigilias
1633 720 2044 783 celebravimus,
2079 719 2284 774 oratio-

696 811 854 866 nibus
883 811 1593 880 pernoctantesinstitimus.
1626 829 1645 863 ι
1694 810 1749 866 1η
1801 810 2138 865 Mozarabico
2188 809 2288 864 Le-

695 905 804 960 ctio
833 905 1000 973 prima
1034 920 1131 973 pro
1176 905 1262 958 die
1290 904 1630 959 Pentecostes
1655 919 1722 958 ex
1767 903 2118 973 Apocalypsis
2163 915 2282 971 cap.

698 1010 826 1049 χχιι.
858 994 1043 1050 Lectio
1069 994 1302 1050 secunda
1334 995 1516 1050 eadem
1544 1011 1662 1049 cum
1697 1004 1898 1060 nostra,
1923 996 1997 1048 uti
2027 1006 2077 1048 et
2105 994 2279 1059 tertia,

695 1101 814 1157 qua:
844 1086 896 1140 iu
930 1088 1261 1143 Mozarabico
1303 1087 1518 1142 brevior
1556 1096 1659 1152 est,
1713 1088 2019 1155 desinitque
2073 1088 2124 1140 in
2171 1087 2285 1142 hac

694 1180 861 1235 verba
887 1198 900 1234 :
932 1181 1055 1236 Non
1098 1183 1326 1235 turbetur
1353 1198 1440 1235 cor
1468 1192 1708 1248 vestrum,
1753 1197 1912 1251 neque
1940 1181 2196 1250 formidet.
2228 1180 2284 1234 In

693 1270 1032 1328 Lectionario
1055 1283 1239 1328 nostro
1267 1273 1560 1328 Paraclitus
1589 1274 1802 1329 diverso
1823 1273 1983 1327 modo
2007 1273 2282 1337 scribitur,

693 1366 868 1432 primo
921 1365 1132 1434 quidem
1176 1366 1432 1422 mendose
1467 1367 1794 1437 Paraclytus,
1845 1366 2037 1420 deinde
2086 1365 2286 1420 rectius

693 1455 1013 1513 Paracletus.
1037 1459 1251 1514 Nullum
1283 1460 1517 1514 officium
1543 1461 1906 1528 praescribitur
1931 1475 2027 1529 pro
2058 1473 2288 1528 sequen-

693 1549 833 1604 tibus
857 1551 1068 1615 diebus,
1096 1552 1236 1621 quod
1270 1552 1410 1606 nulla
1436 1561 1561 1606 tunc
1600 1564 1786 1608 octava
1819 1554 2160 1610 Peutecostes
2189 1568 2284 1609 ce-

693 1642 1013 1699 lebraretur.

787 1736 930 1791 LXI.
983 1753 1219 1794 causam
1261 1755 1491 1794 PROXIMA
1531 1754 1781 1795 DOMINICA
1821 1755 1949 1794 rosr
1989 1755 2192 1794 essm-

1371 1825 1573 1864 COSTEN

1032 1900 1242 1962 Epistola
1274 1901 1411 1952 Pauli
1437 1903 1637 1964 apostoli
1662 1903 1718 1951 ad
1741 1903 1950 1954 Galatas.

767 1984 1002 2052 Fratres,
1025 1999 1372 2054 quaecumque
1393 1986 1732 2041 seminaverit
1759 1986 1938 2052 homo,
1957 1985 2068 2041 hazc
2092 1994 2144 2040 et
2169 2001 2284 2040 me-

697 2086 792 2146 tet,
820 2085 950 2141 etc.,
983 2094 1140 2146 usque
1167 2077 1466 2134 Crucifixus
1495 2089 1596 2143 est,
1628 2087 1681 2135 et
1713 2094 1812 2148 ego
1841 2081 2060 2135 mundo.
2086 2079 2283 2150 (Colat.

695 2184 770 2234 vr,
804 2169 988 2238 8-H.)

875 2260 1042 2310 Lectio
1064 2263 1221 2312 sancti
1247 2261 1500 2326 Evangelii
1519 2265 1788 2313 secundum
1813 2263 2113 2315 Matthaeum.

766 2345 820 2397 In
851 2345 946 2398 illo
977 2355 1237 2414 tempore,
1284 2347 1574 2417 assumpsit
1608 2348 1863 2402 Dominus
1892 2349 2049 2403 Jesus
2080 2349 2286 2403 duode-

693 2439 792 2492 cim
826 2437 1116 2505 discipulos
1145 2451 1272 2492 suos
1309 2449 1541 2502 secreto,
1563 2449 1616 2493 et
1646 2438 1719 2492 ait
1747 2439 1855 2492 illis
1889 2458 1900 2492 :
1937 2439 1991 2494 Si
2023 2441 2140 2508 quis
2170 2439 2286 2494 vult

693 2539 813 2599 post
853 2545 937 2585 me
987 2531 1192 2596 venire,
1249 2540 1378 2598 etc.,
1433 2549 1592 2601 usque
1641 2532 1942 2602 Unicuique
1988 2533 2285 2590 secundum

693 2634 854 2691 opera
887 2621 1021 2691 ejus.
1047 2621 1258 2692 (Matth.
1286 2639 1398 2689 xvi,
1426 2623 1643 2694 ιιι-27.)

1029 2731 1212 2774 ΝΟΤΕ
1259 2733 1339 2774 ET
1383 2731 1922 2776 OIISERVATIONES.

763 2813 948 2867 Mirum
978 2821 1060 2868 est
1099 2829 1255 2867 unam
1304 2815 1387 2869 hic
1419 2813 1750 2869 Dominicam
1777 2825 1895 2884 post
1922 2813 2281 2872 Pentecosten

691 2904 866 2961 locum
907 2905 1122 2970 habere,
1177 2920 1296 2960 cum
1355 2907 1586 2976 plurium
1648 2916 1768 2975 post
1823 2905 2177 2977 Epiphaniam
2231 2917 2285 2964 et

690 3007 810 3065 post
853 2995 1051 3052 Pascha
1107 2997 1501 3053 Dominicarum
1558 2999 1734 3054 officia
1788 3000 2147 3069 assignentur.
2199 3003 2282 3056 An

691 3091 796 3144 alio
827 3091 877 3144 in
907 3090 1041 3144 libro
1070 3105 1166 3160 pro
1195 3089 1315 3145 aliis
1357 3090 1649 3146 Dominicis
1681 3093 1992 3163 praescripta
2016 3101 2171 3149 erant
2197 3092 2281 3148 of-

2391 623 2485 680 sed
2509 634 2710 680 tantum
2744 641 2839 695 pro
2866 626 2982 693 ipso
3011 625 3101 680 die
3139 623 3293 679 festo.
3324 625 3382 678 In
3433 624 3631 680 Codice
3657 628 3797 697 regio,
3826 634 3891 699 qui.

2389 731 2454 772 ex
2492 717 2776 774 Gelasiano
2803 727 2858 772 et
2905 715 3232 787 Gregoriauo
3279 720 3548 773 conflatus
3586 728 3682 785 est,
3725 730 3811 775 tres
3841 738 3896 776 ex-

2388 817 2532 863 stant
2557 810 2753 875 missae,
2787 825 2977 881 nempe
3007 811 3167 866 missa
3201 812 3250 865 in
3295 811 3515 882 Vigilia,
3570 812 3689 866 item
3725 813 3846 867 missa
3865 817 3894 868 in

2389 902 2563 956 media
2597 913 2776 968 nocte,
2803 912 2858 958 et
2908 903 3069 958 missa
3117 902 3170 956 in
3215 903 3321 958 die.
3368 903 3610 958 Consule
3647 903 3891 959 Menardum.

2390 993 2448 1048 In
2475 995 2730 1063 praedicto
2767 995 2962 1049 Missali
2995 994 3218 1050 Gothico
3245 1004 3370 1051 ante
3403 996 3599 1052 festum
3627 998 3776 1052 sancti
3798 998 3895 1052 Ioan-

2391 1086 2471 1140 nis
2500 1085 2723 1140 habetur
2753 1087 2913 1140 missa
2958 1089 3008 1139 in
3049 1086 3366 1142 luventioue
3397 1096 3602 1143 sancta:
3637 1089 3803 1154 crucis,
3826 1099 3891 1142 tum

2389 1179 2551 1234 missa
2578 1180 2742 1232 sancti
2774 1177 2994 1233 Joannis
3020 1179 3692 1249 apostolietevangelistte,
3711 1189 3810 1235 ante
3830 1181 3892 1233 tio-

2387 1275 2649 1343 gationes,
2685 1290 2749 1328 ne
2778 1273 2904 1343 quid
2944 1275 3117 1329 dicam
3156 1276 3224 1330 de
3270 1277 3436 1330 missa
3489 1286 3773 1331 sanctorum
3809 1276 3888 1330 Fet-

2387 1366 2520 1420 reoli
2548 1375 2603 1421 et
2626 1364 2989 1432 Ferrucionis,
3018 1347 3146 1432 quae.
3169 1375 3288 1435 post
3311 1369 3690 1423 Pentecosten.

2457 1455 2640 1511 LXIII.
2705 1473 2945 1514 LEGBNDA
2997 1474 3050 1512 IN
3091 1473 3253 1514 resro
3289 1473 3609 1515 SANCTOBUI
3647 1475 3780 1514 errat
3810 1473 3854 1514 rt

3090 1567 3261 1604 PAULL

2568 1642 2734 1692 Passio
2758 1650 3031 1693 sanctorum
3057 1643 3390 1706 apostolorum
3413 1643 3555 1695 Petri
3579 1652 3629 1694 et
3653 1642 3784 1694 Pauli.

2466 1726 2625 1797 159
2663 1726 2927 1795 Tempore
2956 1729 3047 1781 illo
3075 1742 3196 1781 cum
3226 1729 3467 1784 venisset
3492 1729 3680 1784 Paulus
3703 1729 3747 1783 in
3773 1729 3888 1781 urbem

2389 1818 2636 1888 Romam,
2681 1829 3046 1875 convenerunt
3089 1821 3154 1874 ad
3203 1835 3324 1874 eum
3355 1835 3549 1876 omnes
3579 1820 3752 1885 Judaai,
3777 1820 3887 1873 dicen-

2388 1920 2508 1966 tes:
2558 1911 2802 1966 Nostram
2833 1911 3015 1977 fidem,
3063 1913 3115 1966 in
3163 1927 3266 1980 qua
3319 1922 3480 1968 natus
3534 1928 3612 1978 es,
3663 1914 3800 1981 ipsam
3838 1911 3887 1963 de-

2388 2002 2567 2059 fende.
2601 2004 2714 2058 Non
2745 2014 2825 2059 est
2857 2005 2998 2059 enim
3031 2005 3254 2074 justum,
3285 2015 3344 2060 ut
3373 2021 3497 2061 cum
3533 2008 3604 2060 sis
3635 2005 3886 2060 Ilebrzeusu

2387 2092 2628 2148 Hebrtcis
2653 2094 2893 2159 veniens,
2924 2095 3160 2164 gentium
3193 2103 3244 2150 te
3276 2098 3596 2166 magistrum
3626 2095 3812 2164 iudices,
3827 2102 3886 2147 ett.

2392 2185 2632 2240 Desinit:
2665 2187 2731 2240 Et
2779 2187 3297 2255 comprehenderunt
3343 2203 3444 2243 eos
3476 2193 3527 2243 in
3573 2189 3688 2243 loco
3728 2186 3794 2254 qui
3817 2185 3885 2237 dici-

2392 2287 2478 2334 tur
2504 2279 2881 2346 Catacumhas,
2933 2282 3014 2336 via
3062 2283 3250 2351 Appia,
3281 2283 3542 2338 milliario
3585 2282 3754 2344 tertio;
3779 2291 3816 2334 et
3848 2276 3884 2329 ibi

2387 2375 2652 2429 custodita
2681 2385 2806 2429 sunt
2825 2389 3049 2445 corpora
3077 2390 3218 2430 anno
3240 2392 3348 2432 uno
3366 2385 3422 2432 et
3452 2376 3716 2431 mensibus
3733 2381 3882 2441 septem.

2386 2481 2663 2536 quousque
2694 2466 3093 2521 fabrecarentur
3123 2469 3234 2521 loca
3288 2468 3341 2521 iu
3400 2468 3598 2538 quibus
3627 2467 3803 2522 fuerunt
3832 2475 3883 2530 po-

2385 2558 2487 2612 sita
2519 2572 2740 2626 corpora
2774 2573 2992 2622 eorum;
3022 2567 3076 2612 et
3104 2557 3174 2613 ibi
3219 2569 3471 2614 revocata
3502 2567 3624 2613 sunt
3647 2571 3749 2612 cum
3784 2551 3884 2622 glori!

2384 2658 2439 2705 et
2465 2650 2784 2721 hymnorum
2816 2651 3041 2714 cantica,
3071 2659 3126 2705 et
3153 2651 3323 2720 posita
3369 2652 3542 2707 sancti
3579 2650 3707 2706 Petri
3734 2648 3772 2701 in
3796 2642 3883 2694 Vali-

2385 2754 2542 2802 cano,
2571 2741 2649 2795 via
2683 2741 2996 2804 Neumacia;
3037 2751 3093 2796 et
3138 2743 3306 2797 sancti
3352 2742 3508 2797 Pauli
3540 2743 3591 2797 in
3615 2742 3691 2795 via
3727 2731 3881 2796 Ostiensi.

2385 2836 2454 2892 ab
2506 2833 2639 2890 urbe
2682 2834 2850 2890 Roma
2903 2835 3155 2891 milliario
3208 2836 3489 2892 secundo:
3524 2837 3607 2891 ubi
3653 2837 3879 2903 prastantur

2385 2927 2646 2983 beneficia
2673 2926 2868 2984 Christi
2899 2944 2992 2998 per
3021 2930 3318 2986 orationem
3352 2946 3540 2987 eorum
3572 2931 3621 2986 in
3647 2927 3880 2984 saculase

2387 3021 2630 3077 culorum
2644 3064 2652 3075 .

2703 3114 2916 3176 Epistola
2935 3114 3074 3166 Pauli
3099 3119 3302 3180 apostoli
3328 3119 3390 3167 ad
3418 3118 3653 3167 Romanos

690 3182 803 3235 licia
826 3182 850 3235 ?
877 3197 942 3235 an
965 3196 1091 3235 vero
1114 3197 1278 3236 unum
1307 3180 1544 3236 officium
1574 3196 1671 3251 per
1698 3183 1833 3238 alias
1855 3183 2160 3239 Dominicas
2193 3198 2281 3239 rc-
2307 3207 2354 3270 ο
2457 3198 2697 3267 Fratres,
2749 3215 2854 3254 non
2903 3203 3044 3256 enim
3085 3202 3372 3272 accepistis
3422 3203 3660 3272 spiritum
3699 3188 3880 3252 servitutis

688 3275 1006 3343 petebatur?
1035 3275 1105 3328 At
1155 3274 1351 3329 frustra
1407 3275 1711 3346 appositum
1757 3277 1949 3331 fuisset
2005 3277 2060 3332 in
2106 3277 2278 3343 titulo,

688 3367 924 3432 pro.rima
957 3367 1231 3422 Dominica
1257 3377 1372 3434 post
1423 3367 1777 3424 Pentecosten.
1830 3369 1887 3424 In
1921 3369 2123 3424 Missali
2177 3369 2282 3424 Go-

687 3460 1097 3530 thicogallicano
1141 3464 1482 3531 assignantur
1529 3479 1625 3519 sex
1653 3462 1853 3518 'missae
1902 3463 2278 3519 Dominicales.

685 3552 826 3622 Ergo
854 3568 945 3608 eas
973 3554 1143 3623 repeti
1192 3570 1419 3612 necesse
1451 3566 1586 3611 erat.
1639 3555 1784 3609 Idem
1817 3555 1868 3608 in
1921 3555 2279 3620 Mozarabico,

685 3643 738 3697 in
768 3659 874 3713 quo
904 3656 1112 3716 septem
1141 3646 1402 3701 duntaxat
1426 3649 1605 3701 missae
1641 3647 1906 3702 habentur
1938 3658 2056 3716 post
2089 3648 2280 3702 Pente-

684 3746 868 3793 costen
902 3754 1069 3809 usque
1109 3740 1174 3793 ad
1217 3741 1546 3795 Dominicam
1578 3748 1702 3796 ante
1728 3741 1990 3812 jejunium
2015 3741 2278 3797 Kalenda-

684 3845 803 3884 rum
837 3831 1237 3886 Novembrium.
1294 3833 1477 3903 Itaque
1518 3834 1897 3900 repetehantur
1939 3834 2044 3890 illa:
2078 3835 2275 3898 missae,

685 3922 898 3992 quando
939 3923 1072 3978 festa
1114 3934 1419 3979 sanctorum
1462 3925 1515 3979 in
1547 3924 1851 3980 Dominicas
1882 3939 1986 3981 non
2030 3929 2279 3982 incurre-

684 4014 830 4068 bant.

757 4103 914 4161 LXII.
965 4122 1207 4164 uacuum
1247 4125 1298 4163 IN
1349 4122 1700 4164 rssrmrns
1739 4123 1922 4166 SANCTI
1961 4124 2207 4166 romanus

1343 4194 1628 4234 ΒΔΡΤΙΒΤΑΞ.

1153 4291 1325 4343 Lectio
1349 4292 1496 4343 Esaie
1521 4295 1792 4357 prophetae.

758 4395 916 4468 158
955 4395 1080 4451 Haec
1110 4395 1238 4452 dicit
1292 4398 1601 4454 Dominus:
1646 4396 2032 4466 'Consolamini,
2082 4413 2274 4455 conso-

682 4487 883 4554 lamini,
916 4487 1142 4557 populus
1171 4504 1344 4555 meus,
1375 4490 1502 4544 dicit
1546 4491 1685 4546 Deus
1715 4501 1912 4557 vester,
1945 4501 2074 4557 etc.,
2109 4510 2267 4564 usque

2389 3291 2580 3348 iterum
2613 3293 2663 3347 in
2693 3293 2907 3360 timore,
2940 3303 3068 3360 etc.,
3109 3312 3268 3366 usque
3307 3297 3444 3359 Quia
3486 3293 3754 3352 secundum
3779 3288 3878 3342 Deum

2387 3385 2621 3455 postulat
2654 3401 2750 3453 pro
2779 3385 2997 3440 sanctis.
3037 3386 3213 3456 (Rom.
3246 3404 3374 3454 vm,
3407 3387 3623 3452 15-27.)

2556 3477 2726 3529 Lectio
2747 3482 2896 3528 sancti
2922 3481 3177 3542 Evangelii
3202 3485 3475 3533 secundum
3499 3481 3765 3532 Matthmum.

2456 3559 2512 3614 In
2544 3559 2633 3615 illo
2676 3570 2935 3630 tempore,
2995 3563 3180 3620 videns
3235 3565 3496 3622 Dominus
3558 3564 3700 3620 Jesus
3748 3553 3874 3610 turbat.

2381 3652 2623 3708 ascendit
2657 3654 2707 3706 in
2737 3663 3006 3723 montem;
3039 3665 3093 3712 et
3113 3671 3235 3712 cum
3261 3659 3514 3723 sedisset,
3545 3655 3826 3712 accesserunt
3841 3638 3876 3692 ad

2383 3759 2504 3801 cum
2535 3745 2784 3814 discipuli
2829 3748 2966 3817 ejus,
3013 3758 3142 3810 etc.,
3193 3767 3352 3818 usque
3402 3749 3699 3805 Glorificent
3739 3738 3875 3792 Patrem

2380 3848 2615 3893 vestrum
2645 3841 2732 3909 qui
2765 3841 2817 3893 in
2854 3841 2999 3895 caelis
3029 3851 3128 3896 est.
3165 3843 3379 3912 (Matth.
3414 3859 3468 3913 ν,
3503 3839 3669 3905 1-16.)

2746 3949 2924 3992 non:
2973 3950 3051 3993 ΕΤ
3093 3936 3625 3996 οΒειςιινΑτιοΝΕε.

2455 4031 2674 4086 Videtur
2699 4032 2816 4087 loco
2846 4034 3032 4101 primae
3066 4034 3308 4090 lectionis
3340 4037 3564 4092 recitata
3602 4029 3741 4085 fuisse
3763 4013 3871 4089 [135530

2378 4127 2766 4196 apostolorum,
2823 4127 2922 4180 nisi
2972 4127 3178 4182 dicatur
3231 4129 3456 4184 recitata
3511 4127 3574 4180 ad
3627 4115 3868 4176 Matutinum.

2377 4195 2528 4286 Quod
2573 4227 2749 4274 tamen
2787 4219 2840 4273 in
2872 4219 3208 4274 Lectionario
3245 4230 3435 4277 nostro
3465 4217 3597 4274 haud
3627 4217 3810 4268 notatur.
3838 4195 3868 4249 ln

2377 4310 2461 4366 his
2512 4311 2665 4367 Actis
2727 4321 2974 4365 narratur
3020 4313 3298 4369 conflictus
3368 4313 3514 4370 Petri
3574 4321 3683 4365 cum
3723 4301 3866 4356 Simoni

2375 4421 2551 4475 mago,
2576 4405 2911 4476 referturque
2940 4404 3071 4460 falsa
3096 4406 3246 4462 Pilati
3275 4408 3342 4462 de
3365 4409 3577 4464 Christo
3598 4401 3657 4458 ad
3685 4394 3864 4487 Neronia“

2375 4499 2632 4568 epistola;
2665 4501 2963 4568 eodemque
2992 4516 3130 4554 anno
3153 4511 3207 4555 et
3234 4502 3320 4556 die
3347 4502 3489 4557 Petri
3511 4509 3563 4555 et
3582 4492 3708 4552 Pauli
3734 4490 3864 4556 passu-

682 4581 750 4635 Et
771 4595 906 4649 opus
930 4580 1071 4636 illius
1101 4596 1281 4638 coram
1311 4597 1398 4651 eo,
1425 4583 1500 4636 ait
1527 4583 1784 4638 Dominus
1820 4585 1981 4642 Deus.
2016 4585 2148 4658 (lsa.
2179 4601 2267 4653 ιι..
2298 4607 2352 4667 ι)
2375 4589 2557 4644 Altero
2584 4599 2704 4659 post
2736 4589 2950 4645 Petrum
2996 4606 3139 4645 anno
3179 4591 3326 4646 Pauli
3357 4591 3659 4661 martyrium
3691 4570 3865 4667 accidisse

684 4673 862 4744 ί-ἓθο)
1087 4744 1259 4796 Lectio
1283 4745 1493 4798 Actuum
1519 4747 1859 4809 apostolorum.

757 4854 955 4910 Diebus
983 4854 1110 4920 illis,
1155 4869 1380 4926 surgens
1437 4854 1654 4920 Paulus,
1687 4866 1740 4910 et
1796 4871 1954 4910 manu
2001 4855 2270 4912 silentium

681 4945 923 5001 indicens
951 4948 1046 5011 ait,
1085 4955 1216 5012 etc.,
1247 4964 1404 5015 usque
1446 4947 1510 5002 Ut
1539 4947 1613 5002 sis
1645 4947 1697 5002 in
1744 4949 1968 5003 salutem
2009 4964 2176 5018 usque
2206 4950 2270 5004 ad

680 5047 982 5094 extremum
1016 5046 1195 5093 terrae.
1222 5038 1359 5108 (Act.
1390 5053 1511 5102 xui,
1554 5037 1776 5107 16-47.)

914 5125 1086 5178 Lectio
1104 5128 1258 5176 sancti
1278 5127 1528 5190 Evangelii
1553 5130 1821 5180 secundum
1847 5130 2041 5181 Lucam.

750 5215 807 5269 In
837 5214 1026 5269 diebus
1055 5213 1282 5268 Herodis
1320 5215 1462 5284 regis
1489 5215 1688 5271 Judrete
1726 5217 1822 5272 fuit
1865 5219 2118 5274 sacerdos
2153 5217 2274 5287 qui-

675 5306 818 5367 dam,
868 5304 1086 5359 nomine
1115 5303 1422 5372 Zacharias,
1451 5306 1517 5361 de
1542 5307 1658 5362 vice
1696 5308 1852 5375 Abia,
1895 5318 1998 5363 etc.
2032 5308 2182 5379 (Luc.
2217 5324 2265 5372 ι,

679 5391 851 5463 5-25).
886 5394 1086 5449 Deinde
1125 5395 1312 5466 Luat,
1363 5397 1558 5464 59-47;
1610 5411 1716 5452 tum
1768 5401 1892 5454 Luc.
1945 5416 1994 5464 ι,
2055 5399 2263 5465 ῐὲ6-67ς

678 5484 929 5556 Denique,
967 5489 1289 5545 Benedictus
1317 5490 1574 5546 Dominus
1608 5493 1747 5547 Deus
1780 5493 2000 5559 Israhel,
2038 5503 2083 5547 et
2123 5510 2263 5562 mox,

675 5577 820 5636 Puer
873 5593 1049 5635 autem
1100 5583 1396 5648 crescebat,
1446 5591 1573 5650 etc.,
1608 5586 1812 5655 qui'eet
1843 5586 2051 5640 ultimus
2097 5603 2266 5641 versus

781 5708 798 5726 ο
824 5687 862 5727 1.

743 5687 777 5741 ρ
1041 5763 1220 5808 ΝΟΤΕ
1276 5765 1357 5809 ET
1399 5765 1916 5810 OBSERVATIONES

745 5840 902 5901 Nulla
926 5844 1013 5902 hic
1051 5847 1211 5903 missa
1239 5863 1334 5918 pro
1365 5848 1552 5918 Vigilia
1583 5849 1878 5905 nativitatis
1907 5853 2077 5908 sancti
2098 5851 2262 5908 Joan-

2376 4679 2453 4733 ait
2483 4658 2771 4748 Gregorius
2813 4681 2867 4735 in
2900 4681 2989 4736 lib.
3021 4697 3035 4734 ι
3066 4683 3132 4736 de
3161 4681 3337 4736 Gloria
3391 4658 3662 4753 Martyrum
3697 4682 3786 4735 Pall-
3811 4658 3863 4712 θ’

2375 4774 2467 4841 Ψιί
2498 4773 2720 4842 Pl‘Oinde
2757 4773 2874 4827 aliis
2905 4776 3042 4829 actis
3074 4789 3200 4829 usus
3227 4785 3326 4830 est.
3363 4777 3672 4831 Fortunatus
3707 4771 3785 4850 non

2379 4866 2485 4921 lum
2518 4868 2705 4921 eodem
2747 4867 2858 4931 die,
2897 4867 2988 4922 sed
3040 4877 3094 4923 et
3139 4868 3327 4924 eodem
3378 4881 3515 4923 anno
3562 4867 3724 4932 passos
3765 4844 3863 4931 Ῑωεεξ

2379 4960 2587 5015 videtur
2617 4975 2862 5016 asserere
2903 4961 3003 5016 sub
3046 4962 3206 5016 finem
3259 4962 3376 5018 libri
3424 4976 3479 5016 Ill
3504 4958 3568 5012 de
3614 4949 3714 5005 Vita
3755 4935 3860 4992 sant“

2377 5053 2608 5110 Martini.

2567 5147 2671 5212 Ilua
2698 5160 2878 5210 nempe
2901 5149 2981 5197 die.
3003 5162 3128 5210 quos
3157 5152 3322 5212 passio
3343 5156 3505 5198 saneta
3527 5138 3704 5212 beavitr

2565 5209 2618 5258 Et
2644 5187 2779 5260 sacra
2894 5187 3128 5273 geminus
3147 5187 3590 5274 sigiiavit’te‘mpora
3612 5187 3748 5249 consul

2381 5295 2536 5365 160
2556 5293 2748 5349 Nescio
2776 5267 2920 5365 quid"
2932 5295 3030 5350 sibi
3056 5267 3432 5352 velitvCathulfi
3457 5267 3665 5361 epistola
3683 5274 3736 5329 ad

2373 5351 2748 5454 lum'blaguum
2773 5351 3001 5457 petentis
3023 5389 3073 5443 id
3101 5389 3168 5444 ab
3188 5406 3251 5444 co
3273 5383 3535 5448 constitui,
3555 5388 3606 5434 ut
3621 5394 3637 5427 ι
3655 5351 3855 5457 ειηοιίΡέ

2373 5477 2436 5532 tri
2469 5480 2768 5548 passionem
2792 5481 2844 5535 in
2864 5490 2972 5534 toto
2993 5482 3202 5553 (ipsius)
3223 5497 3386 5553 regno
3400 5469 3638 5534 celebrari
3659 5483 3674 5516 ι
3696 5448 3851 5553 ωτιιῇ

2367 5588 2485 5628 cum
2511 5589 2574 5628 ex
2609 5575 2709 5629 hoc
2739 5575 3077 5631 Lectionario
3101 5577 3322 5647 aliisque
3360 5563 3656 5631 testimoniis
3675 5556 3758 5647 I3!“

2366 5667 2698 5724 Meroveadis
2725 5670 2940 5741 regibus
2969 5672 3082 5724 ha‘c
3113 5638 3394 5726 cclebritas
3424 5663 3644 5723 institui3
3667 5638 3848 5741 Videam:
3916 5667 3917 5703 ¹

2366 5761 2552 5816 Exstat
2607 5762 2746 5816 Aviti
2788 5725 3112 5819 Piennensis
3177 5763 3412 5834 episcopi
3467 5725 3847 5834 rrasme"‘“'"_.°j

2365 5853 2584 5912 homilia
2616 5853 2754 5910 dicta
2781 5851 2837 5910 in
2865 5853 3082 5911 basilica
3123 5816 3291 5912 sanrc"
3323 5816 3486 5920 Petri,
3526 5850 3665 5916 quam
3699 5816 3846 5883 εεηεωε
3914 5869 3915 5926 Ν
