4048 6350
218 330 338 390 209

1231 337 1324 395 DE
1363 336 1699 398 LITUBGIA
1737 339 2133 400 GALLICANA
2172 342 2373 403 LIBER
2409 346 2474 404 lI.

3395 357 3506 418 αιο

214 446 509 517 episcopus
553 445 885 506 'I‘arantasia
941 450 1201 507 condidit.
1254 451 1406 520 Quod
1455 453 1810 524 fragmentum
1839 463 1895 517 Α
1919 454 2121 522 laetare,
2149 470 2280 525 etc.,
2305 476 2463 529 usque
2490 461 2608 517 Non
2629 463 2988 522 confundetur
3008 470 3236 538 populus
3257 485 3409 528 meus
3450 473 3507 531 in

214 539 571 608 primumast
590 538 645 594 in
677 540 870 599 Editis.
918 541 974 597 In
1003 543 1241 600 basilicis
1277 543 1566 601 Gallicanis
1595 558 1812 604 sancto-

219 646 344 685 rum
368 630 511 687 Petri
554 641 606 687 et
641 631 789 690 Pauli
845 636 1104 706 imagines
1156 638 1299 708 pingi
1349 640 1613 696 solebant.
1665 642 1814 700 Unde

212 723 509 794 Gregorius
539 725 592 782 in
623 727 717 781 lib.
744 727 812 782 de
839 727 976 784 Vitis
1007 729 1220 785 Patrum
1251 746 1370 801 cap.
1397 733 1464 786 12
1495 733 1675 790 laudat
1705 737 1812 793 ico-

217 819 371 874 nicas
423 819 818 889 apostolorum,
867 823 1202 894 aliorumque
1249 825 1605 895 Sanctorum,
1650 843 1814 901 super

214 925 356 979 quas
380 911 702 982 conscripta
731 924 883 969 erant
911 915 1124 985 littera,
1170 932 1358 974 eorum
1406 921 1622 977 nomina
1671 922 1813 980 indi-

208 1014 408 1061 cantes
431 1007 500 1061 ad
528 1019 683 1061 usum
718 1011 1094 1076 spectantium.

327 1093 516 1153 LXIV.
571 1111 814 1154 LEGENDA
853 1113 906 1153 ιη
945 1114 1194 1156 mssroun
1232 1115 1420 1159 SANC'I‘I
1458 1118 1708 1164 multatus

863 1185 1158 1230 BAPTISTE.

690 1260 860 1313 Lectio
880 1262 1040 1314 Esaia
1064 1265 1338 1328 prOpheta.

289 1341 415 1397 Hac
453 1340 582 1398 dicit
610 1342 868 1408 Dominus
897 1360 1090 1404 creans
1135 1357 1206 1415 te,
1256 1349 1441 1421 Jacob,
1474 1361 1530 1408 et
1579 1353 1814 1414 formans

213 1439 291 1499 te,
331 1433 550 1489 Israhel.
591 1433 710 1490 Noli
743 1437 951 1505 timere,
998 1448 1124 1507 etc.,
1169 1458 1326 1513 usque
1374 1443 1440 1499 Et
1483 1445 1538 1501 in
1589 1448 1812 1506 nomine

211 1524 430 1581 Domini
453 1527 867 1598 adsimilabitur,
896 1531 972 1587 ait
1008 1533 1267 1592 Dominus
1301 1537 1460 1594 Deus.
1489 1539 1630 1610 (Ita.
1655 1558 1809 1611 xuii,

215 1618 403 1686 1-15).
455 1619 603 1688 Tum,
632 1623 832 1678 omissis
861 1633 974 1680 octo
1000 1627 1246 1695 versibus,
1277 1626 1390 1684 Ira.
1428 1647 1558 1688 mn
1578 1677 1591 1703 ,
1622 1633 1695 1688 22
1726 1653 1814 1691 us-

217 1725 326 1780 que
351 1726 492 1778 xuv,
518 1711 568 1764 5.

521 1806 738 1868 Epistola
762 1807 901 1858 Pauli
924 1797 1145 1874 apostoli'
1152 1815 1212 1864 ad
1237 1814 1491 1867 Hebraos.

287 1871 522 1958 Fratres,
572 1906 760 1966 omnes
824 1896 992 1966 sancti
1051 1912 1150 1966 per
1207 1899 1364 1955 fidem
1431 1902 1680 1959 vicerunt
1724 1919 1810 1962 re-

206 1973 343 2026 gna,
364 1968 492 2026 etc.,
526 1978 683 2033 usque
713 1965 770 2018 In
802 1965 1087 2035 disciplina
1120 1983 1483 2038 perseverate.
1527 1975 1690 2046 (Heb.
1722 1991 1805 2044 χι,

200 2049 306 2117 33,
339 2068 496 2122 usque
519 2070 592 2109 xu
611 2097 624 2120 ,
653 2057 735 2128 7.)

395 2143 561 2195 Lectio
582 2148 736 2196 sancti
760 2148 1016 2213 Evangelii
1037 2155 1310 2206 secundum
1334 2157 1628 2208 Matthaum.

284 2228 342 2282 In
371 2227 463 2284 illo
507 2240 752 2301 tempore
792 2237 992 2291 audivit
1029 2238 1271 2296 Herodes
1313 2245 1578 2300 tetrarcha
1609 2246 1806 2304 famam

204 2315 428 2373 Domini
465 2318 613 2389 Jesu,
646 2331 701 2377 et
725 2324 797 2379 ait
828 2327 1007 2394 pueris
1040 2329 1176 2395 suis,
1202 2331 1344 2397 ’etc.,
1375 2350 1533 2401 usque
1557 2335 1624 2392 Et
1646 2352 1805 2395 cura-

205 2410 287 2466 vit
329 2411 605 2483 languidos
633 2429 840 2472 eorum.
872 2417 1092 2488 (Matth.
1133 2439 1244 2493 xw,
1273 2426 1447 2498 1-14.)

549 2525 735 2569 NOTE
781 2529 862 2571 ET
908 2532 1449 2580 OBSERVATIONES.

285 2603 342 2659 In
368 2605 563 2665 Missali
611 2609 888 2666 Gallicana
920 2613 1145 2671 habetur
1173 2619 1337 2674 missa
1393 2621 1445 2675 in
1492 2621 1636 2678 diem
1683 2640 1804 2695 pas.

201 2698 381 2755 sionis
409 2702 576 2757 sancti
615 2702 837 2760 Joannis
866 2706 1117 2776 Baptista
1138 2717 1194 2765 et
1221 2713 1496 2783 martyris,
1538 2729 1695 2784 quam
1717 2730 1805 2773 se-

200 2800 464 2860 quuntur,
497 2809 617 2864 qua
659 2797 963 2863 praecedere
999 2799 1320 2872 debuerant,
1361 2806 1539 2862 missa
1577 2807 1644 2864 de
1682 2824 1806 2865 san-

202 2881 315 2936 ctis
360 2880 533 2948 Sixto,
584 2883 898 2954 Laurentio,
941 2890 1249 2963 Hippolyto,
1282 2903 1336 2949 et
1365 2894 1694 2956 Sinfuriano.
1745 2901 1802 2958 In

202 2972 436 3041 epistola
457 2976 523 3031 ad
540 2977 835 3045 Bibianum,
867 2997 988 3052 qua
1012 2983 1310 3055 Augustino
1342 2990 1614 3060 tribuitur,
1646 2995 1802 3052 Joan-

203 3076 310 3119 nes
332 3065 518 3122 eodem
549 3068 634 3123 die
662 3070 888 3126 traditur
917 3086 1228 3145 conceptus,
1256 3087 1312 3133 et
1341 3080 1569 3138 Herodis
1598 3084 1798 3142 funesti

201 3156 390 3228 gladio
423 3160 735 3230 trucidatus,
762 3179 955 3235 nempe
983 3183 1073 3222 vnt
1120 3168 1237 3226 Kal.
1278 3170 1546 3230 Octobris.
1603 3177 1694 3232 Est
1741 3187 1797 3235 et

1918 556 2200 615 aeternum,
2234 552 2310 606 ait
2336 553 2592 610 Dominus
2623 556 2784 612 Deus.
2819 556 2979 628 (Joel.
3015 576 3074 625 η,
3105 561 3327 631 21-27.)

2208 641 2420 704 Epistula
2447 642 2583 694 Pauli
2603 647 2806 708 apostoli
2830 651 2890 698 ad
2915 647 3206 701 Corinthios.

1989 723 2227 790 Fratres,
2257 727 2376 807 quis
2402 726 2594 783 militat
2618 729 2728 784 suis
2756 732 3059 800 stipendiis,
3087 743 3191 788 etc.
3215 775 3230 799 ,
3259 750 3419 807 usque
3441 735 3512 795 Ut

1917 812 2140 883 gloriam
2168 801 2343 872 meam
2365 820 2488 889 quis
2515 831 2756 877 evacuet.
2783 821 2840 890 (Ι
2868 821 2989 878 Cor.
3014 841 3090 891 ix,
3116 826 3294 897 7-15.)

2074 905 2248 958 Lectio
2269 912 2423 959 sancti
2447 910 2704 974 Evangelii
2728 915 2999 965 secundum
3021 916 3318 970 Matthaum.

1986 988 2046 1045 In
2073 990 2166 1046 illo
2203 1001 2446 1062 tempore
2475 995 2604 1051 abiit
2647 997 2899 1054 Dominus
2938 999 3098 1056 Jesus
3134 1002 3371 1059 Sabbato
3410 1019 3508 1075 per

1916 1092 2050 1151 sata,
2099 1095 2229 1155 etc.,
2271 1103 2430 1160 usque
2474 1091 2552 1145 Ex
2601 1091 2704 1147 hoc
2746 1107 2904 1163 pane,
2965 1095 3108 1151 vivet
3150 1096 3202 1151 in
3249 1106 3510 1155 atomum

1918 1176 2132 1248 (Matth.
2171 1193 2262 1246 sit,
2317 1180 2455 1252 1-8).
2517 1182 2646 1238 Tum
2691 1198 3082 1257 consequenter
3125 1207 3138 1242 :
3192 1191 3382 1246 Nonne
3411 1207 3509 1248 vos

1918 1268 2112 1338 dicitis,
2159 1282 2265 1328 etc.
2316 1271 2494 1343 (Joan.
2530 1292 2601 1341 IV,
2635 1279 2849 1351 35~58).
2881 1281 3032 1350 Tum,
3061 1283 3176 1353 Ego
3211 1298 3327 1340 sum
3357 1288 3508 1355 panis

1915 1365 2062 1432 vita,
2093 1375 2198 1422 etc.
2229 1365 2415 1440 (Joan.
2439 1385 2514 1437 vr,
2545 1369 2759 1442 49-52.)

2261 1479 2444 1523 NOTB
2490 1482 2571 1525 ΕΤ
2614 1483 3130 1534 OBSERVATIONES
3143 1519 3160 1536 .

1996 1563 2149 1634 162
2214 1563 2342 1621 Hac
2393 1567 2558 1623 missa
2618 1572 2871 1628 continue
2921 1576 3140 1632 missam
3197 1583 3264 1634 de
3319 1591 3508 1638 sancto

1914 1651 2121 1710 Joanne
2147 1658 2517 1728 subsequitur.
2540 1661 2813 1733 Evangelii
2843 1667 3003 1722 lectio
3030 1670 3204 1726 innuit
3225 1672 3360 1728 hanc
3386 1689 3508 1730 esse

1916 1745 2353 1807 benedictionem
2376 1767 2635 1810 novarum
2655 1757 2945 1826 spicarum.
2970 1760 3186 1818 Matura
3209 1779 3325 1818 uva
3347 1765 3508 1822 bene-

1839 1849 1887 1910 Β
1913 1837 2074 1896 dictio
2106 1841 2162 1897 in
2203 1841 2638 1903 Sacramentario
2666 1851 2835 1906 sancti
2880 1851 3124 1924 Gregorii
3171 1867 3384 1912 notatur
3414 1873 3508 1914 vni

1916 1931 1993 1987 Id.
2022 1934 2269 2005 Augusti,
2299 1937 2387 1993 die
2411 1941 2574 1996 natali
2607 1945 2779 1997 sancti
2812 1943 2989 2015 Xysti,
3019 1963 3124 2016 quo
3152 1948 3243 2005 die
3263 1949 3324 2005 fit
3347 1952 3506 2007 etiam

1919 2039 2065 2079 nunc
2088 2026 2404 2096 quibusdam
2432 2032 2485 2086 in
2508 2032 2661 2088 locis.
2702 2034 2892 2091 Fiebat
2933 2038 3091 2094 etiam
3129 2055 3227 2096 suo
3269 2051 3507 2113 tempore

1919 2114 2226 2174 benedictio
2248 2136 2508 2178 novarum
2529 2123 2794 2193 fabarum,
2821 2144 3186 2204 novorumque
3202 2149 3506 2203 pomorum.

1913 2205 2218 2266 Udalricum
2245 2212 2424 2283 legere
2451 2233 2557 2272 non
2585 2218 2866 2287 paenitebit
2899 2222 2952 2276 in
2983 2223 3081 2278 lib.
3141 2241 3158 2280 ι
3200 2227 3505 2286 Consuetu-

1910 2298 2093 2356 dinum
2123 2301 2554 2364 Cluniacensium
2582 2324 2700 2382 cap.
2749 2313 2838 2369 '55.
2883 2313 3035 2371 Adde
3066 2316 3304 2375 Menardi
3343 2332 3499 2378 notas

1909 2390 1966 2448 in
1992 2393 2481 2455 Sacramentarium
2511 2416 2632 2473 pag.
2664 2404 2787 2460 175.

2063 2510 2252 2567 LXVI.
2293 2529 2533 2572 LEGENDA
2574 2533 2626 2574 IN
2669 2536 2836 2577 γεετο
2872 2539 3025 2580 UNIUS
3064 2541 3347 2583 mannis.

2388 2604 2558 2657 Lectio
2582 2607 2738 2659 Esaia
2760 2613 3014 2676 propheta

1984 2679 2112 2736 Hac
2140 2683 2272 2739 dicit
2304 2685 2561 2743 Dominus
2595 2707 2608 2744 :
2635 2690 2777 2748 Leva
2807 2694 2858 2748 in
2888 2696 3114 2754 circuitu
3145 2701 3327 2758 oculos
3359 2709 3502 2773 tuos,

1907 2779 1962 2825 et
1986 2773 2127 2839 vide,
2157 2785 2285 2844 etc.,
2333 2781 2843 2855 usquegRedemptor
2866 2796 2988 2845 tuus
3014 2788 3168 2846 fortis
3200 2793 3386 2863 Jacob,
3427 2796 3500 2853 ait

1911 2862 2164 2924 Dominus
2194 2870 2354 2926 Dcus.
2379 2872 2512 2942 (Isa.
2547 2876 2830 2950 Lx,4-16.)

2177 2960 2393 3023 Epistola
2417 2965 2553 3017 Pauli
2580 2971 2785 3032 apostoli
2808 2972 2866 3022 ad
2889 2972 3225 3027 Timotheum.

1976 3041 2283 3111 Carissime,
2337 3047 2516 3104 labora
2561 3052 2700 3109 sicut
2730 3055 2901 3112 bonus
2931 3057 3087 3114 miles
3109 3060 3328 3126 Christi,
3364 3071 3497 3129 etc.,

1905 3147 2062 3201 usque
2086 3133 2519 3196 Persecutionem
2551 3145 2823 3213 patiuntur
2852 3146 2942 3216 (II
2968 3148 3101 3203 Tim.
3138 3167 3197 3221 tt,
3232 3152 3310 3222 5).
3338 3153 3497 3209 Avul-

203 3225 407 3316 prater
429 3225 757 3309 nativitatem
780 3225 1234 3316 alia-solemnitas
1267 3225 1800 3342 JoannisviG—i'B;
1828 3225 1874 3290 Ο
1902 3239 2016 3280 sum
2042 3235 2118 3342 εξ
2783 3240 3112 3342 ΕΡίῆτοίανῙ
3139 3245 3269 3299 Τίνη·
3295 3263 3371 3314 ¹¹¹ν
3403 3249 3496 3307 ην

204 3342 404 3412 ptista,
435 3359 489 3399 tv
516 3346 720 3402 scilicet
753 3347 1016 3406 Kalendas
1055 3352 1410 3424 Septembris,
1457 3361 1670 3430 quando
1723 3364 1793 3421 in-

203 3444 428 3490 ventum
478 3437 669 3508 legitur
696 3449 855 3510 caput
880 3442 1138 3499 dominici
1183 3445 1558 3508 Pracursoris.
1595 3451 1670 3510 De
1697 3454 1798 3511 ba-

200 3522 379 3580 silicis
405 3528 541 3595 apud
571 3527 751 3585 Gallos
777 3532 829 3585 in
867 3531 1125 3590 honorem
1151 3540 1328 3593 sancti
1358 3539 1582 3598 Joannis
1605 3544 1786 3615 Bapti-

201 3626 308 3672 sta
346 3619 537 3676 erectis
568 3621 684 3693 lege
724 3621 918 3679 librum
947 3625 1178 3696 primum
1210 3629 1456 3701 Gregorii
1499 3632 1568 3689 de
1615 3635 1796 3694 Gloria

201 3721 524 3783 martyrum.

278 3804 555 3862 Omittitttr
601 3807 685 3863 hic
724 3808 920 3866 festum
951 3815 1121 3870 sancti
1151 3814 1446 3883 Laurentii,
1480 3831 1533 3874 et
1555 3821 1793 3880 officium

199 3904 515 3954 sanctorum
568 3901 1003 3972 Agaunensium,
1055 3922 1283 3976 quorum
1337 3915 1596 3969 memoria
1650 3916 1794 3985 apud

199 3986 389 4044 Gallos
431 4005 645 4062 semper
684 3995 914 4052 celebris
944 3995 1065 4054 fuit.
1114 3998 1259 4057 Inter
1297 4003 1440 4058 Aviti
1490 4004 1791 4077 fragmenta

197 4080 315 4136 duo
353 4081 635 4151 habentur,
680 4103 871 4157 nempe
916 4092 1132 4147 tertium
1178 4100 1235 4149 et
1287 4105 1521 4166 sextum,
1568 4115 1686 4169 qua
1723 4101 1791 4156 ad

198 4173 478 4231 Itomiliam
504 4179 772 4248 pertinent
792 4181 859 4236 ab
887 4197 953 4238 eo
985 4184 1218 4241 habitam
1248 4187 1302 4242 in
1332 4186 1548 4244 basilica
1577 4203 1789 4250 sancto-

196 4283 324 4322 rum
367 4269 760 4338 Agannensium
788 4275 840 4328 in
872 4277 1216 4336 innovatione
1246 4285 1554 4338 monasterii
1596 4284 1785 4354 ipsius.

199 4359 262 4415 In
293 4360 458 4429 priori
489 4361 786 4433 fragmento
812 4383 824 4420 :
856 4385 875 4418 ‹
907 4368 1181 4425 Ornantur
1221 4372 1414 4442 oppida
1462 4389 1568 4431 non
1612 4379 1787 4435 minus

195 4449 410 4505 adibus
439 4466 596 4520 quam
628 4458 899 4523 patronis;
947 4458 1052 4512 imo
1093 4462 1267 4528 potius
1296 4461 1573 4521 illustrata
1606 4477 1788 4536 patro-

195 4543 360 4598 ciniis
389 4542 520 4600 ﬁunt
549 4547 708 4602 urbes
733 4563 798 4602 ex
828 4550 1059 4619 oppidis.
1091 4571 1111 4604 ι
1156 4553 1212 4607 In
1241 4556 1522 4622 posteriori
1552 4573 1680 4613 vero
1712 4560 1788 4615 ait

196 4646 420 4692 sanctos
439 4636 604 4694 fuisse
635 4657 654 4691 ι
683 4639 996 4708 decimatos,
1022 4644 1194 4699 donec
1214 4646 1372 4702 simul
1399 4650 1782 4719 colligerentur

195 4725 382 4782 electi.
421 4746 438 4779 ι
472 4727 621 4796 Quod
656 4747 674 4781 ‹
705 4745 772 4786 ex
801 4735 1206 4791 consuetudinis
1235 4737 1416 4794 debito
1442 4743 1610 4798 series
1635 4744 1786 4801 lecta

196 4820 468 4889 passionis
510 4823 784 4892 explicuit.
824 4844 841 4876 ι
909 4826 1058 4882 Unde
1102 4831 1356 4898 probatur
1404 4849 1520 4890 mos
1575 4837 1787 4908 legendi

194 4920 508 4967 sanctorum
536 4916 834 4983 passiones.
860 4917 1100 4988 Denique
1121 4923 1407 4991 omittitur,
1435 4927 1576 4994 quod
1600 4929 1780 4985 forsan

193 5003 256 5058 in
298 5002 628 5060 Lectionario
666 5008 893 5074 primum
938 5010 1111 5066 locum
1145 5013 1396 5083 habebat,
1425 5017 1618 5074 festum
1661 5036 1789 5078 san-

192 5093 272 5149 cti
302 5095 535 5162 Martini,
559 5099 701 5168 quod
727 5114 820 5169 per
841 5103 1144 5159 universam
1172 5107 1395 5164 Galliam
1418 5112 1629 5167 celebre
1655 5123 1784 5170 tunc

193 5184 364 5241 fuisse
389 5186 647 5256 diximus,
680 5200 929 5260 patetque
957 5194 1011 5247 in
1044 5195 1227 5262 primis
1252 5215 1316 5254 ex
1349 5201 1613 5258 Venantio
1644 5204 1782 5261 For-

193 5284 388 5331 tunato
426 5278 481 5332 in
527 5280 619 5335 lib.
652 5298 704 5348 x,
748 5285 988 5340 carmine
1033 5287 1120 5353 i0,
1165 5289 1232 5343 ad
1279 5289 1682 5352 Childebertutn
1733 5307 1789 5355 et

191 5368 600 5428 Brunichildem
626 5375 693 5430 de
716 5378 957 5434 natalitio
987 5382 1161 5435 sancti
1187 5383 1424 5440 Martini.

385 5460 513 5530 Ecce
539 5472 824 5527 supervenit
848 5472 1114 5521 venerandi
1139 5475 1186 5521 in
1211 5475 1389 5524 sacula
1413 5479 1535 5530 civis

447 5525 635 5596 Martini
659 5532 854 5596 meritis
877 5532 984 5583 luce
1015 5547 1236 5594 perenne
1267 5537 1396 5596 dies,

383 5586 474 5645 Qui
499 5590 641 5638 modo
661 5592 724 5641 de
753 5593 902 5644 Gallis
927 5586 1082 5647 totum
1105 5600 1226 5648 inire
1251 5586 1458 5662 occupat
1481 5603 1674 5654 orbem.

279 5691 441 5747 LXV.
483 5709 609 5748 ιτειι
650 5713 717 5751 Α»
757 5714 946 5754 MISSMI
986 5719 1052 5756 ne
1092 5719 1254 5759 novos
1294 5721 1531 5762 raucrus
1565 5707 1707 5780 (sic).

668 5786 841 5840 Lectio
863 5789 1002 5842 Iohel
1028 5797 1302 5859 propheta.

2091 3316 2268 3370 Lectio
2289 3326 2442 3373 sancti
2461 3324 2717 3388 Evangelii
2735 3330 3002 3381 secundum
3027 3332 3317 3386 Iohannem.

1976 3403 2175 3463 Diebus
2224 3406 2331 3463 illis
2363 3451 2377 3475 ,
2425 3409 2636 3466 dicebat
2695 3413 2949 3470 Dominus
3005 3416 3162 3473 Jesus
3216 3420 3495 3490 discipulis

1898 3499 2055 3555 suis:
2085 3500 2212 3557 Hac
2250 3505 2446 3559 mando
2473 3504 2650 3576 vobis,
2705 3516 2762 3562 ut
2802 3508 3033 3576 diligatis
3075 3512 3322 3578 invicem,
3355 3525 3487 3583 etc.,

1899 3606 2062 3661 usque
2100 3593 2538 3653 Retniuiscamini
2567 3602 2690 3670 quia
2716 3614 2816 3670 ego
2837 3600 2948 3656 dixi
2983 3601 3156 3660 vobis.
3187 3601 3368 3678 (Joan.
3398 3620 3492 3674 xv,

1901 3680 1990 3750 17,
2020 3699 2181 3753 usque
2207 3702 2317 3753 xvi,
2343 3687 2421 3760 4.)

2032 3775 2236 3834 LXVII.
2279 3796 2518 3838 LEGENDA
2557 3799 2624 3838 DE
2663 3800 2861 3841 PLURES
2899 3802 3178 3843 mnrvnes
3206 3789 3353 3859 (sic).

2376 3871 2547 3923 Lectio
2573 3875 2729 3926 Esaia
2753 3878 3029 3940 prOpbeta.

1971 3951 2094 4008 Hac
2115 3954 2244 4011 dicit
2265 3956 2524 4014 Dominus
2545 3976 2559 4013 :
2581 3960 2719 4017 Ecce
2737 3962 2878 4018 servi
2898 3963 3005 4018 mei
3027 3964 3331 4031 comedent,
3354 3972 3490 4034 etc.,

1898 4061 2057 4116 usque
2099 4047 2168 4103 Et
2211 4057 2525 4108 trementem
2557 4069 2833 4110 sermones
2888 4072 3058 4120 meos,
3108 4060 3182 4113 ait
3233 4057 3490 4116 Dominus

1898 4138 2057 4195 Deus.
2083 4140 2220 4211 (lsa.
2254 4159 2376 4209 ων,
2412 4145 2499 4212 15,
2530 4163 2690 4215 usque
2715 4163 2859 4216 ωινι,
2889 4149 2972 4220 2.)

2177 4234 2348 4286 Lectio
2367 4237 2684 4302 Apocalypsis
2708 4240 2936 4291 Iohannis
2956 4243 3180 4306 apostoli.

1966 4313 2233 4384 Tempore
2263 4318 2378 4385 illo,
2410 4334 2507 4389 ego
2539 4321 2790 4378 Iohannis
2820 4324 2928 4379 vidi
2957 4325 3058 4379 sub
3080 4325 3248 4382 altare
3277 4326 3487 4384 a'nitnas

1896 4406 2320 4476 interfectorum,
2371 4422 2501 4477 etc.,
2534 4431 2691 4484 usque
2718 4415 2902 4471 Honor
2929 4425 2983 4472 et
3010 4417 3179 4473 virtus
3226 4427 3282 4473 et
3333 4417 3488 4473 forti-

1897 4499 2026 4554 tudo
2059 4499 2168 4554 Deo
2199 4512 2385 4558 nostro
2408 4505 2460 4556 in
2489 4507 2683 4561 sacula
2715 4510 3056 4576 saculorum,
3082 4512 3260 4565 amen.
3291 4510 3484 4578 (Apoc.

1899 4606 1973 4657 vr,
1999 4592 2052 4658 9,
2086 4609 2244 4663 usque
2268 4611 2361 4658 vu,
2387 4595 2500 4666 17),
2531 4600 2722 4653 omissa
2745 4602 3124 4655 enumeratione
3150 4603 3394 4659 tribuum.

2119 4685 2292 4737 Lectio
2313 4690 2468 4739 sancti
2492 4689 2749 4753 Evangelii
2782 4692 3050 4742 secundum
3075 4692 3269 4743 Lucam.

1984 4772 2160 4842 183.
2202 4771 2260 4827 In
2290 4773 2396 4828 illis
2421 4774 2630 4841 diebus,
2653 4775 2729 4829 ait
2746 4775 2999 4829 Dominus
3025 4776 3183 4832 Jesus
3210 4779 3484 4848 discipulis

1894 4865 2004 4920 suis
2033 4883 2044 4916 :
2069 4865 2199 4920 Cum
2225 4867 2502 4922 audieritis
2525 4867 2709 4936 pralia
2738 4878 2792 4923 et
2813 4868 3124 4936 seditiones,
3156 4880 3288 4938 etc.,
3325 4888 3483 4944 usque

1896 4954 2256 5012 Possedebitis
2282 4959 2487 5013 animas
2511 4971 2736 5016 vestras.
2769 4959 2920 5033 (Luc.
2955 4979 3075 5029 xxi,
3104 4963 3286 5036 9-19.)

2117 5049 2344 5105 LXVIII.
2387 5067 2624 5107 LEGBNDA
2664 5070 2730 5107 ns
2769 5070 2870 5109 uno
2907 5070 3261 5114 conressonn.

2162 5143 2378 5207 Epistola
2403 5144 2544 5195 Pauli
2565 5147 2770 5208 apostoli
2797 5148 2855 5197 ad
2879 5148 3208 5202 Timotheum.

1963 5225 2254 5286 Carissime
2276 5234 2452 5288 omnis
2479 5235 2740 5291 scrihtura
2761 5236 3014 5293 divinitus
3041 5239 3315 5306 inSpirata,
3347 5247 3480 5306 etc.,

1895 5335 2051 5388 usque
2084 5319 2180 5376 His
2207 5323 2298 5392 qui
2331 5322 2557 5395 diligunt
2582 5326 2869 5382 adventum
2898 5327 3033 5398 ejus.
3082 5324 3172 5396 (Η
3219 5326 3352 5382 Tim.
3397 5341 3479 5396 tu,

1893 5411 1982 5481 16,
2010 5429 2170 5485 usque
2197 5430 2271 5482 tv,
2303 5415 2383 5487 8.)

2060 5526 2229 5579 Lectio
2251 5533 2408 5581 sancti
2430 5530 2667 5593 Evangilii
2693 5532 2960 5581 secundum
2985 5531 3290 5589 Hatthaum.

1964 5611 2162 5669 Diebus
2190 5613 2292 5668 illis
2322 5615 2571 5683 loquutus
2597 5624 2681 5670 est
2711 5615 2968 5670 Dominus
3013 5614 3169 5672 Jesus
3198 5617 3265 5673 ad
3291 5618 3477 5676 turbas

1888 5705 2023 5758 etad
2047 5705 2338 5776 discipulos
2359 5722 2485 5762 suos
2516 5707 2825 5776 parabolam
2855 5708 3014 5778 hanc,
3061 5709 3244 5765 dicens
3278 5728 3292 5765 :
3325 5712 3477 5769 Sicut

1889 5794 2052 5854 homo
2080 5813 2305 5870 peregre
2337 5799 2682 5869 proficiscens
2712 5801 2920 5855 vocavit
2947 5817 3132 5857 servos
3160 5817 3305 5868 suos,
3339 5814 3471 5875 etc.,

264 5865 400 5925 Haec
421 5867 553 5927 dicit
572 5869 829 5930 Dominus
862 5890 876 5929 :
907 5876 1084 5936 Nolite
1109 5879 1298 5940 timere
1328 5889 1494 5952 terra,
1524 5886 1703 5942 exulta
1725 5895 1781 5944 et
1885 5865 2195 5957 usquelntra
2212 5865 2264 5947 in
2276 5865 2524 5961 gaudium
2547 5889 2754 5946 Domini
2776 5892 2872 5951 tui.
2901 5891 3257 5964 (Matthatxv,
3271 5865 3470 5962 1-4-25.)
