4048 6350
573 318 679 390 Ill

754 444 943 503 LXIX.
985 454 1224 503 necnon
1262 459 1329 498 ns
1368 454 1569 496 ηοω
1603 445 1986 495 consensa-es.

1004 542 1175 591 Lectio
1198 538 1454 590 Hierimite
1479 535 1730 605 propheta

651 631 829 687 Bonus
858 636 941 684 est
968 626 1229 681 Dominus
1256 620 1595 691 sperantibus
1642 618 1694 671 in
1733 629 1878 679 eum,
1916 620 2048 676 etc.,
2077 624 2167 664 us-

580 739 680 794 que
707 720 910 778 Idcirco
930 730 985 775 tu
1002 716 1288 774 exorabilis
1308 711 1428 786 (sic)
1459 726 1517 766 es
1531 749 1547 767 .
1564 708 1790 763 Domine
1810 706 1951 761 Deus
1964 708 2167 758 noster.

584 812 802 884 (Titan.
836 827 916 879 tu,
946 808 1166 878 25-42.)

856 901 1068 965 Epistola
1091 898 1230 949 Pauli
1251 892 1459 958 apostoli
1484 894 1543 942 ad
1566 890 1899 942 Timotheum.

660 986 973 1052 Carisslme,
1006 983 1136 1039 nihil
1164 980 1437 1037 intulimus
1467 977 1522 1033 in
1549 975 1689 1031 hunc
1717 972 1999 1036 mundum,
2038 979 2170 1035 etc.,

587 1094 748 1151 usque
786 1078 890 1135 Sed
921 1091 1019 1133 nec
1046 1076 1228 1132 videre
1257 1082 1451 1143 potest,
1483 1069 1569 1127 cui
1598 1070 1772 1123 honor
1803 1075 1857 1122 et
1886 1062 2171 1133 imperium

586 1172 647 1229 in
675 1171 868 1229 saecula
890 1169 1228 1225 saeculorum.
1262 1164 1316 1237 (I
1348 1163 1483 1218 Tim.
1518 1176 1589 1226 vr,
1618 1156 1801 1229 7-16.)

760 1264 932 1316 Lectio
949 1264 1102 1313 sancti
1125 1258 1381 1322 Evangelii
1405 1256 1675 1307 secundum
1699 1251 1985 1302 Iohannem.

666 1349 864 1405 Diebus
894 1348 1018 1413 illis,
1051 1348 1185 1401 dixit
1215 1345 1473 1399 Dominus
1501 1340 1660 1396 Iesus
1682 1336 1961 1407 discipulis
1998 1334 2111 1389 suis
2156 1350 2172 1387 :

594 1441 709 1512 Ego
752 1454 867 1496 sum
909 1440 1033 1494 vitis
1072 1453 1219 1503 vera,
1248 1444 1375 1498 etc.,
1412 1447 1569 1501 usque
1595 1430 1980 1497 Quodcumque
2010 1424 2178 1496 petie-

587 1533 709 1590 ritis
722 1533 929 1589 Patrem
945 1531 998 1586 in
1018 1532 1233 1584 nomine
1250 1539 1391 1591 meo,
1404 1524 1495 1579 det
1507 1522 1676 1579 vobis.
1694 1519 1874 1590 (Ioan.
1890 1534 1976 1584 xv,
2000 1516 2176 1587 1-16.)

934 1641 1125 1687 NOTB
1169 1640 1248 1683 ΕΤ
1293 1632 1837 1681 οιιειῑιιητιοιιιιε.

666 1726 963 1784 Commune
991 1734 1300 1781 sanctorum
1331 1722 1387 1776 in
1416 1717 1610 1774 ofﬁciis
1643 1711 2027 1771 ecclesiasticis
2064 1710 2177 1781 jam

1217 319 1560 381 APPENDIX
1600 318 1694 377 ΔΙ)
1726 313 1957 374 υινιιΑ
1985 305 2191 369 ωιοι

2296 303 2587 365 ὶΕιιιιιιΝι
2626 301 3084 361 ιοΑιιιδιεΝδιε.

2184 425 2244 487 Α
2266 423 2481 482 Domini
2497 421 2883 487 misericordia,
2902 421 3045 491 quod
3068 418 3293 475 haberet
3309 418 3601 476 defunctus
3620 422 3888 489 requiem

2271 518 2326 575 in
2352 518 2462 585 die,
2492 530 2596 587 qua
2622 516 2850 572 Domino
2869 514 3196 570 oblationem
3222 512 3379 586 ιω
3410 527 3510 580 pro
3532 511 3660 581 ejus
3688 514 3885 566 anima

2268 612 2579 669 delibasset.
2611 629 2630 665 ι
2664 609 2808 665 Idem
2836 616 3044 674 auctor,
3076 607 3133 661 in
3156 606 3405 661 Historia
3434 604 3532 659 lib.
3561 618 3617 659 tv
3645 619 3786 674 cap.
3820 605 3890 659 3t

2270 706 2369 771 ait,
2395 701 2691 760 Palladium
2742 700 3052 771 quemdam,
3078 698 3169 768 qui
3198 698 3298 753 sibi
3326 706 3557 753 mortem
3588 699 3895 753 conscive-

2272 806 2377 865 rat,
2439 813 2458 847 ι
2491 809 2598 851 non
2644 793 2800 864 juxta
2847 792 3273 848 Christianorum
3326 790 3592 846 cadavera
3641 790 3887 857 positus-

2273 888 2515 961 (fuisse),
2562 886 2659 944 sed
2706 899 2805 943 nec
2852 886 3138 940 missarum
3195 883 3459 940 solemnia
3515 884 3827 939 meruisse.
3867 903 3884 934 ι

3774 303 3888 358 2ιὲ

2276 981 2445 1037 Porro
2470 982 2618 1037 locus
2646 981 2699 1035 in
2730 994 2836 1049 quo
2862 978 3047 1034 ﬁdeles
3077 978 3497 1042 tumulabantur,
3552 995 3572 1028 ι
3614 981 3885 1032 sacerdo-

2277 1076 2372 1130 tali
2417 1072 2793 1130 benedictione
2831 1072 3025 1126 sacrati
3057 1088 3077 1124 ι
3125 1079 3300 1135 erant,
3338 1084 3407 1125 ex
3444 1070 3540 1125 lib.
3576 1070 3655 1124 tle
3694 1068 3887 1123 Gloria

2277 1167 2644 1223 confessorum
2665 1179 2784 1234 cap.
2810 1162 2932 1218 106.
2964 1160 3045 1216 Ad
3072 1160 3210 1227 haec,
3240 1160 3493 1217 defuncto
3523 1168 3729 1215 sancto
3758 1160 3889 1215 Sal-

2282 1260 2385 1326 vio,
2415 1257 2664 1314 monachi
2696 1275 2717 1309 α
2739 1263 2950 1311 noctem
2972 1254 3026 1309 in
3048 1254 3176 1309 fletu
3197 1258 3250 1308 et
3269 1250 3555 1322 psallentio
3574 1254 3753 1322 exigu
3767 1261 3883 1317 nt,»

2278 1351 2417 1423 apud
2465 1350 2710 1407 eumdem
2751 1350 2805 1403 in
2838 1348 2929 1403 lib.
2964 1360 3037 1402 vn
3070 1354 3189 1415 cap.
3225 1345 3276 1400 l.
3309 1334 3549 1415 Denique
3594 1343 3888 1398 Baudonio

2280 1447 2387 1513 via,
2431 1443 2483 1500 in
2526 1442 2673 1499 Actis
2712 1449 2911 1497 sanctae
2956 1438 3320 1510 Radegundis,
3354 1429 3421 1493 de
3447 1438 3567 1507 ejus
3596 1436 3889 1507 exsequiis

2280 1554 2465 1610 agens,
2513 1540 2588 1593 ait
2617 1534 3050 1592 sanctimoniales
3108 1551 3128 1585 ι
3160 1533 3416 1603 gemitum
3448 1546 3549 1602 pro
3579 1532 3831 1587 Alleluia
3872 1552 3888 1585 ι

2279 1629 2602 1695 reddidisse,
2634 1637 2744 1683 tum
2776 1624 2993 1683 subdit:
3028 1643 3047 1679 ι
3076 1625 3306 1691 Liberze,
3336 1640 3454 1696 qua:
3474 1634 3604 1679 ante
3634 1640 3773 1679 eam
3803 1641 3893 1681 oe-

2283 1736 2406 1777 reos
2451 1728 2816 1790 portaverant,
2876 1728 2999 1791 tota
3042 1718 3095 1771 in
3137 1731 3272 1787 gyro
3321 1714 3554 1785 sepulcri
3606 1716 3892 1771 astabant.

592 1820 797 1876 dudum
835 1820 890 1874 in
930 1832 1031 1872 usu
1080 1815 1199 1878 fuit,
1232 1822 1369 1869 teste
1394 1810 1675 1867 Braulione
1701 1806 2179 1875 Caesaraugustam

2296 1812 2629 1883 Unaquaeque
2661 1810 2714 1866 in
2751 1824 2849 1865 suo
2896 1823 3056 1865 cereo
3100 1823 3252 1863 suum
3296 1822 3491 1863 nomen
3534 1808 3720 1861 dabat
3764 1810 3893 1864 scri-

592 1913 847 1983 episcopo
901 1912 955 1965 in
1000 1909 1219 1979 prologo
1248 1906 1315 1962 de
1340 1903 1459 1960 Vita
1487 1901 1655 1959 sancti
1681 1898 1960 1956 Emiliani
1991 1914 2003 1950 ε
2041 1914 2061 1947 ι
2101 1895 2177 1951 De

587 2008 779 2065 eadem
832 2020 1042 2077 quoque
1078 2002 1415 2058 solemnitate
1453 2000 1693 2068 (nempe.
1710 1988 2173 2056 heatiIEmiliani)
2220 2050 2229 2059 ,

598 2110 659 2157 ιιι
686 2101 849 2157 missa
878 2099 1191 2154 recitaretur
1219 2094 1541 2157 communis,
1581 2088 1791 2162 injunxi
1834 2085 2032 2142 dilecto
2066 2083 2177 2139 ﬁlio

592 2208 717 2249 meo
752 2191 907 2265 164
930 2191 1170 2259 Eugenio
1196 2188 1445 2243 diacono.
1484 2205 1503 2238 ι
1533 2183 1779 2239 Ofﬁcium
1807 2179 1877 2236 de
1892 2175 2175 2249 apostolis,

586 2282 727 2353 quod
776 2281 863 2336 hic
893 2279 1140 2351 praemitti
1196 2276 1476 2343 debuerat,
1500 2272 1920 2344 prietermissum
1951 2276 2056 2332 est,
2081 2265 2178 2322 sed

585 2374 819 2430 occurrit
844 2374 896 2427 in
918 2371 1112 2427 Missali
1133 2369 1427 2426 Gallicano.
1452 2367 1509 2421 In
1529 2365 1757 2421 concilio
1783 2360 2093 2417 Bracarensi
2120 2372 2177 2415 ιιι

586 2470 818 2539 graviter
845 2466 1312 2537 reprehenduntur
1353 2476 1561 2518 canone
1588 2461 1622 2516 5
1652 2458 1865 2529 quidam
1905 2456 2171 2526 episcOpi,

590 2561 679 2631 qui
712 2560 764 2613 in
795 2556 1223 2613 solemnitatibus
1253 2562 1549 2623 martyrum
1577 2550 1646 2604 ad
1669 2550 1933 2605 ecclesiam
1975 2560 2178 2617 proces-

588 2653 721 2723 suri,
748 2651 1001 2722 reliquias
1028 2649 1166 2705 collo
1198 2664 1294 2703 suo
1323 2645 1691 2718 imponebant,
1742 2656 1905 2711 seque
1944 2655 1974 2694 a
2006 2639 2178 2694 levitis

585 2744 788 2818 gestari
818 2742 1089 2805 volebant,
1116 2740 1263 2810 quasi
1300 2738 1399 2809 ipsi
1426 2746 1607 2793 essent
1651 2735 1985 2804 reliquiarum
2031 2749 2173 2787 arca.

592 2839 651 2896 In
683 2839 1017 2895 Lectionario
1043 2844 1245 2899 nostro,
1278 2841 1334 2889 et
1364 2834 1417 2888 in
1447 2829 1684 2899 antiquis
1716 2828 2011 2884 Missalibus
2049 2827 2175 2883 Cal-

592 2932 782 2989 licanis
823 2929 1069 2999 aliisque,
1117 2942 1219 2983 una
1261 2933 1346 2981 est
1368 2925 1558 2981 classis
1605 2920 1995 2987 confessorum,
2045 2933 2179 2989 quos

591 3026 753 3083 modo
798 3024 1133 3093 distinguunt
1183 3022 1240 3076 in
1293 3018 1575 3090 pontiﬁces
1614 3025 1671 3073 et
1718 3031 1823 3071 non
1876 3014 2175 3085 pontiﬁces.

593 3118 749 3187 Quod
800 3116 1093 3187 antiquitus
1132 3115 1184 3169 in
1234 3127 1331 3168 usu
1378 3124 1488 3167 non
1536 3118 1672 3176 erat,
1703 3116 1761 3164 ut
1783 3116 1993 3163 veteres
2017 3107 2176 3161 etiam

2281 1913 2431 1977 ptum
2462 1920 2478 1961 :
2507 1912 2632 1959 tota:
2662 1903 2749 1958 uni
2783 1917 2848 1958 ex
2880 1901 3092 1957 famulis
3116 1915 3303 1956 cereos
3324 1898 3638 1970 ipsosjuxta
3672 1901 3892 1956 ordina-

2279 1998 2479 2055 tionem
2515 1996 2816 2051 tradebant.
2850 1994 2935 2050 Fit
2961 1993 3234 2049 contentio
3256 1993 3309 2047 in
3342 1992 3563 2063 p0pulo.
3596 1991 3720 2047 Alii
3744 1992 3893 2048 dice-

2280 2091 2430 2157 bant,
2469 2106 2658 2147 cereos
2690 2090 2838 2159 ipsos
2867 2088 2920 2143 in
2950 2088 3068 2158 ejus
3098 2097 3341 2143 sanctum
3383 2088 3705 2155 sepulcrum
3751 2088 3890 2141 mitti

2279 2186 2504 2251 debere;
2538 2183 2623 2240 alii
2654 2183 2903 2239 dicebant
2933 2196 3062 2237 non.
3104 2201 3123 2234 ι
3173 2180 3289 2235 Loti
3335 2189 3390 2235 et
3419 2177 3601 2235 vestiti
3640 2180 3888 2248 sepelie-

2278 2278 2495 2347 bantur,
2524 2292 2591 2335 ex
2619 2275 2826 2331 Sidonii
2852 2274 2944 2329 lib.
2978 2289 3037 2329 ιιι
3064 2272 3289 2343 epistola
3309 2269 3363 2326 5.

2528 2369 2713 2424 LXXI.
2758 2384 2997 2424 tricenos
3039 2382 3089 2421 us
3127 2381 3337 2422 manu:
3376 2376 3633 2419 EPISCOPI.

2594 2459 2805 2523 Epistola
2823 2458 2961 2508 Pauli
2986 2455 3190 2519 apostoli
3217 2456 3277 2505 ad
3298 2454 3558 2505 Hebraeos.

2352 2550 2593 2617 Fratres,
2616 2561 2837 2617 regnum
2867 2543 3191 2599 immobilem
3223 2541 3594 2610 suscipientes,
3616 2540 3887 2597 habemus

2279 2645 2523 2714 gratiam,
2544 2654 2807 2719 perquam
2824 2636 3120 2691 serviamus
3134 2636 3406 2705 placentes
3424 2633 3547 2697 Deo,
3566 2642 3675 2688 etc.
3689 2673 3705 2699 ,
3726 2650 3887 2703 usque

2279 2733 2434 2805 Quod
2461 2734 2669 2805 placeat
2694 2745 2873 2787 coram
2887 2744 2947 2783 se
2970 2727 3257 2799 perJesnm
3284 2724 3681 2795 Christum,cui
3715 2725 3886 2798 gloria

2280 2828 2335 2884 in
2362 2827 2556 2882 saecula
2588 2824 2933 2880 saeculorum.
2961 2819 3147 2892 (Hebr.
3182 2835 3280 2883 xu,
3304 2817 3393 2885 98,
3426 2834 3581 2887 usque
3615 2833 3737 2883 xm,
3772 2818 3886 2887 2i.)

2466 2916 2638 2969 Lectio
2661 2918 2812 2965 sancti
2836 2912 3089 2976 Evangelii
3114 2910 3380 2960 secundum
3406 2909 3692 2959 Iohannem.

2354 3004 2553 3060 Diebus
2583 3002 2711 3069 illis,
2752 2999 2889 3055 dixit
2918 2996 3176 3053 Dominus
3218 2996 3373 3053 Iesus
3401 2995 3681 3065 discipulis
3718 2995 3829 3050 suis
3867 3013 3879 3047 :

2288 3100 2484 3163 Amen,
2513 3110 2670 3150 amen
2691 3093 2813 3149 dico
2837 3090 3011 3156 vobis,
3035 3089 3127 3161 qui
3159 3104 3263 3143 non
3296 3087 3461 3142 intrat
3482 3102 3575 3159 per
3602 3087 3807 3142 ostium
3834 3085 3884 3140 in

586 3211 793 3279 (litanias
833 3210 1080 3279 probant.
1130 3206 1188 3263 lu
1244 3204 1409 3261 missa
1463 3204 1619 3259 unius
1659 3200 1986 3257 confessoris
2023 3200 2179 3253 unica
2201 3191 2251 3258 ϐ
2282 3195 2423 3251 ovile
2448 3192 2651 3253 ovium,
2682 3198 2811 3253 etc.,
2868 3200 3030 3265 usque
3052 3182 3227 3239 Unum
3260 3182 3399 3237 ovile
3428 3190 3483 3237 et
3512 3198 3652 3237 unus
3681 3192 3882 3255 pastor.

596 3303 784 3360 Lectio
806 3300 1097 3373 Evangelia
1120 3300 1483 3372 praemittitur.
1513 3297 1657 3353 Idem
1679 3296 1909 3351 vidimus
1930 3293 1982 3349 id
2003 3292 2183 3349 ofﬁcio

596 3399 668 3457 de
699 3400 1002 3455 beatissima
1034 3397 1279 3468 Virgine,
1307 3402 1362 3451 et
1393 3404 1575 3450 sancta
1626 3390 1919 3449 Genovefa.
1968 3384 2183 3443 Nullum

592 3506 883 3551 commune
921 3490 1183 3560 virginum
1211 3489 1371 3544 etiam
1405 3489 1459 3542 in
1491 3484 1689 3540 Missali
1720 3482 2017 3537 Gallicano.

709 3603 875 3661 LXX.
915 3618 1154 3660 LEGENDA
1196 3617 1247 3655 us
1287 3612 1633 3655 DEPOSI'I'IONE
1672 3609 1759 3650 cm
1797 3604 2077 3648 vowents.

897 3716 1113 3780 Epistola
1140 3713 1281 3764 Pauli
1304 3710 1509 3775 apostoli
1534 3708 1594 3758 ad
1620 3706 1910 3758 Corinthios.

676 3826 890 3881 Fratres
910 3838 1035 3879 ecce
1059 3820 1373 3893 mysterium
1396 3816 1549 3873 vobis
1578 3815 1698 3871 dico
1728 3830 1741 3865 :
1768 3826 1957 3868 omnes
1977 3810 2193 3881 quidem

605 3932 966 3990 resurgemus,
997 3926 1129 3981 etc.,
1193 3928 1350 3983 usque
1378 3910 1494 3966 Non
1524 3918 1608 3965 est
1635 3906 1811 3964 inanis
1847 3906 1901 3963 in
1944 3905 2191 3963 Domino.

588 4012 659 4086 ,(I
693 4010 812 4068 Cor.
844 4026 934 4074 xv,
966 4006 1179 4075 51-58.)
1528 4062 1533 4069 ,

767 4102 941 4154 Lectio
962 4103 1115 4152 sancti
1141 4097 1397 4161 Evangelii
1420 4092 1689 4146 secundum
1724 4091 2014 4142 Iohannem.

677 4192 877 4248 Diebus
906 4188 1009 4243 illis
1038 4188 1288 4257 loquutus
1315 4192 1396 4239 est
1427 4179 1684 4237 Dominus
1705 4178 1863 4234 Iesus
1917 4176 2198 4244 discipulis

596 4284 722 4349 suis
742 4283 928 4338 dicens
952 4299 965 4333 :
990 4280 1182 4342 Arnen,
1209 4289 1364 4330 amen
1388 4274 1511 4329 dico
1534 4271 1708 4336 vobis,
1733 4284 1839 4326 non
1864 4279 2038 4339 potest
2065 4267 2202 4323 ﬁlius

608 4390 642 4435 α
689 4390 748 4431 se
801 4373 975 4429 facere
1024 4369 1327 4441 quicquam,
1362 4376 1489 4431 etc.,
1540 4379 1698 4433 usque
1742 4361 2201 4418 Sedvoluntatem

611 4468 728 4538 ejus
759 4466 848 4536 qui
875 4465 1016 4520 misit
1046 4478 1151 4517 me.
1185 4460 1365 4533 (Joan.
1397 4474 1451 4529 v,
1482 4455 1699 4525 i9-50.)

959 4575 1141 4621 NOTE
1187 4575 1266 4617 ET
1309 4568 1854 4617 ORSBBYA'HONES.

686 4660 745 4716 in
772 4658 942 4715 veteri
965 4656 1161 4713 Codice
1191 4656 1281 4711 hic
1312 4659 1465 4711 deest
1493 4651 1709 4707 articuli
1729 4663 2003 4717 numerus,
2043 4662 2200 4715 quem

615 4752 868 4825 supplere
897 4752 1068 4806 visum
1098 4756 1202 4805 est.
1233 4746 1509 4803 Articulus
1531 4745 1605 4799 ⁸15
1637 4750 1722 4798 est
1766 4742 1835 4797 de
1869 4740 2202 4810 depositione

615 4844 873 4916 episcopi.
908 4844 964 4899 In
1000 4839 1334 4898 Mozarabico
1367 4839 1545 4893 missae
1573 4844 1699 4890 sunt
1725 4834 1885 4889 etiam
1916 4832 2202 4903 particula-

620 4954 708 4995 res
738 4953 834 5008 pro
853 4936 1114 4998 diaconis,
1142 4941 1253 4988 tum
1278 4946 1374 5002 pro
1393 4929 1738 4986 subdiaconis
1758 4925 2008 4982 mortuis.
2042 4925 2202 4980 Extra

622 5025 1098 5096 Quadragesimam
1128 5022 1352 5077 Alleluia
1377 5020 1573 5090 saepius
1594 5019 1854 5087 repetitur
1874 5018 1925 5073 in
1958 5014 2203 5085 lntroitu,

623 5133 676 5177 et
716 5130 835 5192 post
864 5118 1235 5188 Evangelium.
1285 5113 1488 5169 Deinde
1532 5113 1599 5168 ad
1646 5112 1969 5167 oblationem
2011 5110 2209 5165 dicitur

623 5215 786 5287 Hyrie
824 5213 1038 5278 eleison,
1085 5208 1285 5264 Christe
1326 5206 1535 5269 eleison,
1581 5204 1743 5276 Kyrie
1768 5207 1983 5273 eleison,
2015 5210 2213 5273 praeter

622 5322 850 5364 rnorem.
884 5304 1195 5374 Gregorius,
1224 5299 1280 5355 in
1312 5299 1559 5355 Historiae
1587 5298 1679 5354 lib.
1703 5313 1755 5353 tv
1776 5314 1897 5367 cap.
1930 5297 2021 5358 51,
2052 5295 2213 5349 Cato-

626 5417 749 5458 nem
799 5398 1168 5467 presbyterum
1222 5394 1520 5450 Arvernum
1575 5392 1777 5456 laudat,
1836 5391 1928 5460 qui
1982 5391 2069 5443 lue
2134 5388 2215 5441 ln-

627 5505 850 5569 gruente
878 5513 900 5547 r
925 5492 1176 5563 populant
1199 5490 1505 5559 sepelierat,
1529 5496 1583 5542 et
1605 5485 1796 5541 missas
1812 5469 2041 5539 viriliter
2062 5480 2213 5536 dixe-

626 5602 730 5651 rat.
768 5609 786 5645 ι
837 5590 1003 5655 Idem,
1038 5589 1091 5642 in
1118 5586 1211 5643 lib.
1242 5585 1312 5642 de
1338 5583 1519 5640 Gloria
1549 5581 1942 5642 confessorum,
1970 5591 2088 5646 cap.
2124 5574 2212 5639 63,

628 5685 742 5758 agit
758 5683 828 5740 tle
856 5682 1104 5749 muliere,
1134 5696 1275 5751 quae,
1306 5685 1517 5732 mortuo
1543 5673 1737 5730 marito
1767 5685 1886 5734 suo,
1943 5687 1962 5721 ι
1999 5682 2093 5737 per
2121 5681 2211 5722 an-

632 5757 761 5837 num
783 5778 1045 5848 integrum
1068 5773 1347 5830 celebrans
1367 5766 1604 5840 quotidie
1625 5766 1907 5820 missarum
1929 5757 2213 5826 solemnia,

631 5869 895 5931 ollerebat
918 5867 1244 5928 oblationem
1271 5878 1370 5939 pro
1390 5860 1649 5919 memoria
1674 5856 1799 5927 viri,
1824 5868 1930 5912 non
1953 5852 2127 5912 dilﬁsa
2150 5851 2220 5909 de

2282 3282 2469 3362 ’(Ioan.
2495 3302 2548 3350 ι,
2578 3281 2755 3351 l-IG.)

2516 3380 2726 3441 LXXII.
2770 3396 2899 3437 ITEI
2939 3395 2989 3435 IN
3028 3395 3239 3436 unane
3280 3391 3661 3447 EPISCOPORUI.

2695 3477 2866 3526 Lectio
2887 3474 3147 3525 Ezechihel
3172 3473 3427 3538 prOphete

2363 3562 2631 3643 Tempore
2657 3571 2770 3639 illo,
2801 3570 3001 3626 factum
3030 3578 3113 3629 est
3141 3568 3363 3624 verbum
3394 3564 3605 3621 Domini
3652 3562 3722 3620 ad
3764 3562 3882 3619 Bie-

2294 3666 2499 3724 zcchiel
2523 3665 2729 3730 dicens,
2775 3663 2876 3718 Fili
2908 3662 3163 3729 hominis,
3199 3659 3457 3730 propheta
3484 3658 3551 3712 de
3579 3656 3881 3727 pastoribus

2295 3761 2522 3839 Israhel,
2554 3769 2685 3828 etc.,
2736 3772 2896 3831 usque
2920 3756 3141 3813 Pascuae
3168 3769 3303 3811 mea:
3332 3751 3578 3808 homines
3599 3751 3761 3814 estis,
3794 3764 3885 3817 ego

2298 3853 2558 3910 Dominus
2602 3851 2743 3906 Deus
2796 3856 3008 3918 vester,
3042 3847 3171 3903 dicit
3225 3844 3483 3900 Dominus
3529 3843 3880 3898 exercituum.

2302 3947 2516 4017 (Ezech.
2548 3960 2733 4009 xxxiv,
2757 3942 2938 4012 I-5l.)

2558 4034 2776 4102 Epistola
2799 4037 2933 4099 beati
2956 4033 3098 4091 Petri
3133 4029 3340 4094 apostoli
3360 4029 3418 4078 ad
3444 4036 3645 4091 gentes.

2390 4122 2563 4197 166.
2608 4118 2929 4175 Benedictus
2981 4114 3122 4193 Deus
3162 4125 3216 4170 et
3257 4113 3417 4169 Pater
3464 4111 3674 4166 Domini
3727 4109 3882 4164 nostri

2308 4213 2435 4270 Iesu
2464 4210 2682 4276 Christi,
2720 4208 2813 4281 qui
2847 4205 3142 4283 secundum
3179 4220 3424 4276 magnam
3472 4200 3884 4273 misericordiam

2307 4324 2457 4367 suam
2486 4305 2823 4378 regeneravit
2851 4317 2948 4357 nos
2979 4302 3031 4355 in
3061 4315 3209 4371 Spem
3242 4300 3385 4362 vitte,
3414 4307 3546 4364 etc.,
3580 4312 3743 4368 usque
3774 4294 3885 4350 Per-

2306 4400 2517 4479 cipietis
2578 4391 3062 4451 immarciscibilem
3088 4389 3271 4463 gloriae
3291 4404 3544 4444 coronam
3579 4404 3674 4458 per
3716 4386 3885 4443 Iesum

2309 4474 2581 4550 Christum
2616 4489 2897 4544 Dominum
2921 4494 3185 4541 nostrum.
3211 4480 3265 4552 (ι
3295 4479 3434 4535 Petr.
3469 4478 3678 4548 1,3-20.
3710 4477 3834 4534 Tum
3862 4474 3884 4528 ι

2224 4571 2281 4634 Ῑ)
2308 4584 2452 4641 Petr.
2488 4600 2544 4654 v,
2572 4581 2713 4653 1-4.)

2470 4699 2641 4750 Lectio
2662 4695 2817 4747 sancti
2836 4690 3095 4756 Evangelii
3117 4687 3387 4742 secundum
3412 4685 3712 4735 Matuireum.

2379 4808 2576 4864 Diebus
2598 4804 2726 4869 illis,
2753 4800 2830 4855 ait
2857 4796 3115 4853 Dominus
3139 4794 3295 4850 Iesus
3322 4788 3601 4858 discipulis
3623 4787 3738 4843 suis
3761 4784 3887 4839 :Vos

2308 4903 2442 4959 estis
2468 4898 2549 4954 sal
2580 4907 2760 4959 terrae,
2794 4901 2901 4948 etc.
2923 4930 2939 4956 ,
2978 4904 3135 4958 usque
3165 4886 3263 4941 llic
3292 4898 3517 4955 magnus
3549 4880 3816 4936 vocabitur
3839 4877 3885 4931 in

2296 5011 2477 5069 regno
2502 4992 2781 5048 eatlorum.
2812 4983 3032 5057 (Matth.
3055 4998 3108 5047 v,
3138 4977 3347 5049 I349.)

2658 5100 2841 5145 NOTB
2887 5097 2966 5139 ET
3008 5088 3548 5137 OBSERVATIONES.

2388 5188 2574 5247 Natale
2600 5182 2837 5253 episcopi
2863 5190 2947 5235 est
2966 5174 3365 5232 anniversarias
3393 5171 3514 5240 ejus
3542 5164 3887 5223 consecratio-

2316 5288 2402 5343 nis
2449 5283 2585 5337 dies.
2619 5275 2909 5346 Gregorius
2947 5269 3277 5328 Turonensis
3303 5265 3589 5333 episcopus
3618 5261 3719 5314 hoc
3744 5273 3886 5313 sensu

2320 5378 2549 5435 natalem
2591 5373 2932 5442 episcopatus
2961 5363 3131 5418 sancti
3169 5358 3377 5415 Martini
3419 5352 3656 5423 appellat
3682 5351 3734 5405 in
3761 5350 3843 5405 lib.
3874 5362 3887 5401 ι

2320 5474 2388 5530 de
2410 5467 2680 5528 Miraculis
2706 5462 2873 5519 sancti
2898 5458 3107 5515 Martini
3133 5470 3253 5525 cap.
3278 5453 3312 5508 6
3336 5469 3349 5505 :
3379 5470 3397 5501 ι
3428 5447 3621 5504 Sciatis
3645 5448 3765 5516 quia
3784 5450 3886 5514 post

2322 5568 2421 5622 hoc
2452 5562 2685 5620 triduum
2732 5554 2922 5613 natalis
2960 5551 3302 5621 episcopatus
3326 5542 3443 5616 ejus
3467 5555 3589 5597 esse
3610 5549 3883 5595 consueve-

2322 5668 2423 5715 rat.
2456 5676 2476 5709 ι
2507 5654 2587 5712 Ad
2616 5667 2737 5709 eum
2769 5647 2985 5705 modum
3017 5642 3208 5699 natalis
3231 5636 3523 5701 cathedrae,
3558 5631 3750 5687 natalis
3775 5627 3883 5683 cali-

2324 5753 2402 5808 cis
2453 5751 2505 5806 in
2566 5743 2790 5802 vetustis
2847 5735 3182 5794 Kalendariis
3236 5729 3555 5802 appellatur.
3626 5724 3715 5781 Sic
3768 5717 3881 5774 infra

2326 5844 2511 5904 natale
2539 5836 2789 5897 ecclesiae
2814 5846 2913 5911 pro
2941 5824 3311 5887 anniversario
3338 5814 3714 5878 dedicationis.
3739 5807 3877 5879 Quili-
