4048 6350
322 331 433 388 215

1326 321 1416 380 DE
1455 316 1795 378 LITURGM
1833 308 2232 373 οΔιιιεΑΝΑ
2270 314 2477 373 LIBER
2513 315 2579 372 ll.

3490 313 3600 373 214

284 470 289 471 ί
321 450 420 504 bet
463 446 697 518 episeopi
746 434 1171 501 anniversarium
1214 436 1567 496 ordinationis
1602 444 1720 490 sum
1763 431 1909 486 diem
1934 425 1989 485 Δ
2017 427 2400 501 Hierosolymis
2420 466 2438 494 ,
2466 436 2523 483 et
2547 426 2718 518 hiems
2746 435 2901 493 erat,
2928 435 3037 484 etc.
3071 426 3253 499 (Joan.
3296 446 3350 497 κ,
3374 426 3599 503 22-28).

323 540 621 610 quotannis
667 538 996 603 recolebam,
1042 543 1097 591 et
1140 536 1441 589 sermonem
1474 527 1603 598 ipsis
1629 525 1821 581 diebus
1844 523 1914 578 ad

319 633 581 703 populum
626 630 912 685 habebant.
955 629 1146 684 Exstat
1198 622 1427 679 Ennodii
1455 620 1618 677 dictio
1658 619 1712 673 in
1751 615 1915 672 natali

325 725 602 781 Laurentii
644 718 1056 778 Mediolanensis
1098 716 1357 787 episcopi,
1390 713 1478 767 ubi
1510 708 1767 781 praeclara
1799 708 1915 762 haec

276 892 279 893 γ
321 820 489 871 verba
526 834 538 868 :
578 834 596 867 ι
625 813 746 869 Tibi
784 828 913 883 ergo
955 808 1178 867 debetur
1230 804 1615 863 venerabilium
1667 799 1915 856 custodia

320 923 619 971 canonum,
649 922 667 957 ι
701 914 786 960 etc

483 994 716 1055 LXXIII.
759 1010 1089 1065 LEGENDAJN
1129 1004 1470 1047 aerosmons
1510 999 1762 1043 EPISCOPI.

801 1088 965 1137 Lectio
988 1086 1145 1136 Esaiae
1165 1082 1436 1145 praphetaa.

407 1173 533 1228 Haec
552 1171 682 1228 dicit
708 1170 967 1226 Dominus
994 1187 1006 1223 :
1033 1169 1251 1238 Aperite
1273 1175 1472 1237 portas,
1505 1171 1562 1220 et
1587 1160 1918 1232 ingrediatur

321 1279 465 1335 gens
489 1265 655 1334 justa,
684 1272 813 1328 etc.,
837 1278 995 1333 usque
1016 1262 1193 1316 Donec
1238 1262 1577 1329 pertranseat
1600 1251 1916 1323 indignatio,

324 1360 408 1414 ait
433 1359 688 1414 Dominus
718 1359 873 1412 Deus.
910 1353 1046 1427 (Isa.
1076 1369 1225 1421 xxvi,
1252 1350 1436 1421 2-20.)

608 1447 828 1512 Epistola
852 1446 996 1498 Pauli
1018 1443 1222 1509 apostoli
1248 1444 1305 1493 ad
1328 1440 1619 1493 Corinthios.

403 1534 596 1591 Notum
626 1544 802 1588 autem
836 1532 988 1587 vobis
1018 1530 1262 1595 facimus,
1296 1528 1510 1593 fratres,
1542 1520 1915 1593 Evangelium,

329 1629 478 1698 quod
518 1627 800 1697 prmdicavi
828 1626 1003 1694 vobis,
1049 1634 1177 1689 etc.,
1226 1636 1385 1691 usque
1430 1619 1510 1673 Ita
1539 1626 1594 1675 et
1621 1617 1675 1671 in
1705 1614 1920 1672 Christo

332 1735 524 1777 omnes
554 1720 980 1775 vivificabuntur.
1014 1717 1065 1787 (Ι
1093 1714 1212 1770 Cor.
1241 1730 1332 1777 xv,
1363 1711 1536 1783 1—22.)

518 1812 685 1863 Lectio
700 1813 854 1861 sancti
876 1809 1131 1870 Evangelii
1159 1807 1425 1857 secundum
1448 1803 1729 1852 Iohannem.

411 1899 561 1971 167
606 1897 799 1952 Diebus
825 1898 965 1964 illis,
995 1895 1131 1950 dixit
1172 1892 1427 1947 Dominus
1455 1887 1610 1943 Jesus
1640 1884 1922 1955 discipulis

324 1990 476 2046 suis:
502 1989 617 2058 Ego
665 2005 780 2043 sum
812 1989 964 2059 panis
1009 1988 1150 2054 vitae,
1183 1994 1320 2053 etc.,
1347 1998 1506 2052 usque
1534 1977 1920 2035 iIonoriiicabit

324 2101 455 2143 eum
486 2085 642 2141 Pater
668 2100 817 2140 meus
846 2084 936 2154 qui
982 2092 1066 2138 est
1094 2082 1149 2136 in
1174 2077 1339 2135 ctelis.
1365 2075 1547 2146 (Joan.
1576 2089 1666 2142 v1,
1696 2071 1913 2144 49-59.)

926 2197 1335 2245 OBSERVATIO.

410 2312 467 2367 In
513 2308 848 2380 depositione
893 2320 990 2361 seu
1032 2304 1178 2360 obitu
1209 2302 1583 2372 episcoporum
1624 2296 1747 2368 quid
1779 2295 1918 2366 apud

324 2404 517 2461 Gallos
540 2403 712 2468 ﬁeret,
744 2401 901 2455 docet
926 2412 1027 2453 nos
1047 2396 1336 2465 Gregorius
1359 2394 1410 2448 in
1441 2392 1535 2447 lib.
1567 2390 1635 2447 de
1657 2390 1789 2444 Vitis
1818 2390 1919 2444 Pa-

325 2505 475 2550 trum
505 2510 623 2565 cap.
657 2492 709 2558 6,
736 2492 826 2547 ubi
864 2491 931 2546 de
968 2489 1123 2546 Gallo
1145 2488 1398 2556 episcopo
1441 2482 1804 2539 Arvernensi:
1827 2482 1919 2551 qui

325 2597 595 2653 mortuus,
633 2605 651 2638 ι
679 2585 892 2640 ablutus
919 2591 1077 2651 atque
1101 2579 1325 2635 vestitus
1350 2577 1402 2631 in
1431 2576 1712 2631 ecclesiam
1741 2572 1921 2629 defer-

326 2690 442 2757 tur,
473 2679 640 2733 donec
666 2674 1143 2747 comprovinciales
1164 2671 1231 2727 ad
1252 2686 1380 2725 eum
1402 2667 1764 2737 sepeliendum
1792 2681 1919 2722 con-

321 2772 641 2828 venirent...
682 2771 857 2825 Jacuit
884 2778 1061 2823 autem
1093 2768 1145 2821 in
1186 2764 1407 2821 ecclesia
1458 2763 1656 2828 triduo,
1703 2761 1919 2815 assiduo

322 2868 565 2924 instante
590 2864 888 2934 psallentio,
912 2878 1033 2917 cum
1060 2874 1247 2928 magna
1274 2856 1565 2925 irequentia
1592 2855 1788 2924 populi.
1805 2854 1920 2923 Epi-

323 2961 510 3028 sc0pis
553 2967 727 3013 autem
774 2963 962 3027 quat-ta
992 2953 1079 3009 die
1125 2950 1550 3013 advenientibus,
1582 2962 1704 3003 eum
1733 2947 1798 3001 de
1826 2961 1915 3000 ec-

321 3050 491 3107 clesia
540 3049 881 3112 levaverunt;
926 3054 978 3099 et
1022 3050 1297 3114 portantes
1338 3039 1389 3093 in
1436 3038 1605 3092 sancti
1650 3036 1920 3091 Laurentii

2022 521 2156 576 Tum
2186 528 2543 589 consequenter
2566 517 2692 573 Luc.
2715 534 2829 585 xu,
2855 521 2940 575 l-I
2952 520 3006 575 0.

2228 612 2439 668 LXXV.
2479 627 2721 669 LEGENDA
2760 627 2813 665 ιη
2848 626 3060 668 manus
3099 623 3385 669 ECGLBIIB.

2494 705 2666 757 Lectio
2687 704 2829 756 Isaiae
2851 704 3127 767 praphetae.
3330 740 3333 741 ν
3538 740 3545 757 ε

2089 789 2290 857 Lauda,
2317 790 2538 856 sterilis,
2568 803 2691 860 qua:
2734 801 2839 843 non
2883 788 3047 856 paris.
3095 786 3210 843 Ista
3228 789 3342 859 jam
3369 788 3605 859 superius

2018 884 2074 938 in
2101 885 2285 955 vigiliis
2307 884 2516 939 Natalis
2537 882 2749 937 Domini
2775 882 2964 943 scribta
2983 890 3076 945 est.
3094 880 3205 951 (Ita
3224 891 3365 939 vetus
3383 881 3604 949 Codex.)

2324 975 2543 1039 Epistoia
2565 973 2703 1025 Pauli
2724 972 2931 1035 apostoli
2956 973 3015 1023 ad
3036 973 3292 1036 Ephesios.

2090 1079 2309 1136 Fratres
2332 1120 2347 1146 ,
2375 1082 2544 1150 gratia
2573 1079 2715 1134 enim
2756 1078 2889 1134 estis
2918 1076 3109 1132 slvati
3140 1091 3233 1147 per
3261 1077 3443 1144 iidem,
3467 1089 3603 1145 etc.,

2019 1189 2180 1244 usque
2221 1170 2645 1226 Coaediiicamini
2695 1170 2750 1224 in
2794 1167 3153 1224 habitaculum
3196 1168 3294 1224 Dei
3323 1169 3375 1222 in
3404 1166 3607 1237 Spiritu

2022 1275 2229 1323 sancto.
2261 1264 2478 1337 (Ephes.
2507 1279 2566 1330 η,
2599 1262 2778 1333 8-22.)

2194 1357 2366 1409 Lectio
2383 1357 2538 1406 sancti
2562 1354 2815 1417 Evangelii
2835 1355 3103 1406 secundum
3126 1354 3427 1405 Matthzeum.

2096 1441 2294 1497 Diebus
2320 1440 2422 1496 illis
2447 1454 2569 1494 cum
2600 1438 2875 1494 introisset
2893 1439 3148 1493 Dominus
3174 1439 3333 1493 .lesus
3357 1436 3609 1493 Hieroso-

2027 1539 2248 1610 lymam,
2278 1542 2544 1590 commota
2575 1540 2656 1589 est
2693 1533 2936 1587 universa
2973 1531 3181 1598 civitas,
3206 1539 3335 1599 etc.,
3359 1546 3521 1600 usque
3548 1528 3609 1585 In

2026 1628 2361 1695 Bethaniam,
2387 1625 2563 1696 ibique
2595 1624 2810 1679 mansit.
2842 1622 3058 1695 (Matth.
3086 1636 3197 1687 xxi,
3230 1623 3444 1693 10-17.)

2190 1741 2426 1800 LXXVI.
2468 1755 2709 1797 LEGENDA
2750 1752 2802 1792 IN
2841 1752 3137 1791 venenosa
3177 1751 3447 1792 VIRGINUI.

2507 1853 2672 1905 Lectio
2695 1851 2833 1901 Isaiae
2854 1850 3127 1913 praphetae.
3478 1842 3481 1843 ⁷

2098 1975 2351 2033 Gaudeas
2394 1971 2637 2043 gaudebo
2666 1970 2717 2025 in
2746 1968 2995 2032 Domino,
3039 1974 3093 2021 et
3132 1965 3391 2022 exultabit
3432 1964 3610 2020 anima

2024 2085 2143 2127 mea
2165 2071 2219 2124 in
2248 2069 2360 2124 Deo
2381 2080 2522 2130 meo,
2542 2075 2673 2129 etc.,
2690 2078 2850 2132 usque
2871 2060 3051 2115 Donec
3079 2067 3243 2128 ponat
3274 2057 3609 2113 Hierusalem

2022 2161 2232 2217 laudem
2281 2160 2335 2214 in
2380 2167 2520 2213 terra
2545 2197 2560 2223 ,
2593 2154 2666 2209 ait
2708 2152 2967 2208 Dominus
3008 2152 3169 2207 Deus.
3209 2148 3360 2221 (Isa.
3406 2166 3515 2219 ut,
3541 2149 3610 2205 i0

2021 2267 2182 2323 usque
2208 2266 2340 2317 an,
2365 2250 2446 2318 7.)

2092 2342 2356 2397 Lectiones
2372 2340 2435 2393 de
2446 2335 2695 2406 Apostulo
2708 2344 2755 2390 et
2770 2335 2834 2389 de
2853 2331 3135 2404 Evangelia
3162 2332 3363 2403 require
3374 2333 3609 2403 superius

2021 2435 2090 2490 ad
2111 2434 2431 2505 festivitatem
2460 2438 2650 2485 sancta:
2667 2426 2851 2483 Maria:
2876 2428 2955 2482 vel
2982 2437 3173 2482 sancire
3191 2424 3472 2482 Genovevae
3503 2427 3609 2481 vir-

2021 2529 2173 2597 ginis.
2208 2525 2320 2585 (Ita
2349 2535 2486 2579 vetus
2516 2522 2735 2594 Codex.)

2020 2642 2277 2701 LXXVII.
2345 2657 2459 2696 nec
2515 2653 2705 2695 LECTIO
2771 2652 3007 2694 LEGENDA
3037 2677 3052 2703 ,
3108 2651 3320 2699 quam
3373 2650 3609 2695 enecari

2101 2753 2410 2794 PBEDICABE
2448 2748 2675 2797 DEBENT,
2715 2746 2787 2786 UT
2824 2738 2985 2785 PL!”
3021 2742 3245 2784 DECIHAB
3284 2742 3518 2785 BEDDAT.

2449 2824 2615 2874 Lectio
2645 2822 2894 2872 Malachiaa
2917 2821 3187 2883 prophetis.

2100 2931 2256 3003 169
2284 2927 2408 2984 Hmc
2436 2927 2568 2981 dicit
2603 2924 2860 2979 Dominus
2884 2939 2899 2977 :
2924 2922 3088 2977 Filius
3117 2922 3345 2978 honorat
3373 2932 3603 2992 patrem,

2022 3030 2078 3077 et
2116 3036 2303 3076 servus
2347 3018 2631 3073 Dominum
2678 3030 2856 3079 suum,
2881 3023 3013 3080 etc.,
3044 3030 3203 3085 usque
3228 3014 3471 3083 Magnum
3515 3029 3611 3069 nos

323 3141 627 3206 basilicam,
662 3138 731 3191 ibi
761 3137 1044 3205 sepeliunt.
1100 3133 1214 3187 Jam
1245 3146 1375 3185 vero
1403 3130 1456 3184 in
1486 3128 1757 3196 exsequiis
1802 3127 1919 3195 ejus
2024 3131 2146 3169 men
2189 3129 2368 3168 meum
2390 3112 2443 3165 in
2475 3108 2745 3183 gentibus,
2776 3102 2905 3165 diei!
2949 3108 3209 3164 Dominus
3249 3110 3605 3164 exercituum.

254 3224 259 3227 ⁴
323 3242 557 3304 quantus
584 3203 846 3300 planctus,
878 3226 1061 3296 quanti
1090 3223 1268 3294 populi
1290 3221 1532 3285 adfuere,
1562 3219 1798 3275 enarrari
1831 3218 1915 3272 vix
1940 3203 1991 3270 C
2022 3208 2275 3277 (Malae/1.
2308 3223 2349 3275 ι,
2379 3206 2555 3266 6-11.)

322 3336 527 3396 potest.
545 3324 789 3379 Mulieres
812 3337 930 3375 cum
958 3319 1267 3389 lugubribus
1291 3316 1637 3380 indumentis,
1665 3324 1915 3381 tanquam

323 3421 376 3475 si
404 3420 545 3474 viros
575 3418 955 3486 perdidissent;
1004 3412 1248 3469 similiter
1276 3420 1330 3468 et
1357 3410 1455 3464 viri
1476 3411 1690 3463 obtecto
1719 3409 1915 3475 capite,

325 3522 391 3566 ut
418 3511 471 3565 in
496 3509 760 3578 exsequiis
789 3522 1012 3561 uxorum
1056 3519 1171 3559 mos
1214 3512 1329 3568 est;
1362 3501 1462 3571 ipsi
1506 3514 1718 3571 quoque
1746 3498 1919 3555 Judaei

324 3602 570 3675 accensis
601 3598 934 3669 lampadibus
968 3594 1266 3666 plangendo
1296 3592 1822 3663 prosequebantur...
1852 3589 1919 3644 Et

220 3765 229 3769 -
325 3702 477 3773 quia,
510 3707 566 3753 ut
611 3697 876 3760 diximus,
910 3692 1262 3764 provinciales
1310 3691 1466 3758 longe
1497 3687 1784 3754 distabant,
1820 3700 1920 3742 nec

330 3796 564 3852 celerius
592 3791 773 3846 venire
796 3795 1077 3859 poterant;
1104 3794 1163 3838 ut
1190 3795 1306 3837 mos
1334 3779 1651 3836 rusticorum
1672 3778 1915 3844 habetur,

327 3888 543 3960 glebam
572 3899 735 3954 super
762 3885 977 3938 beatum
1006 3890 1201 3947 corpus
1228 3888 1454 3946 posuere
1487 3871 1689 3937 ﬁdeles,
1724 3884 1829 3937 qua
1853 3870 1920 3925 ab

328 3990 468 4037 aestu
512 3994 618 4034 non
658 3978 1059 4031 intumesceret.
1087 3989 1107 4022 ι
1143 3968 1287 4023 Idem
1335 3965 1529 4021 factum
1580 3964 1632 4018 in
1678 3973 1919 4018 sanctam

327 4072 736 4143 Badegundem.
768 4068 923 4135 Quod
952 4065 1026 4120 ait
1058 4061 1371 4131 Gregorius,
1405 4063 1546 4114 viros
1577 4064 1718 4112 tecto
1745 4054 1921 4125 capite

326 4167 389 4220 in
412 4163 551 4220 Galli
582 4161 857 4230 exsequiis
886 4155 1212 4227 processisse
1237 4198 1250 4221 ,
1276 4152 1330 4207 id
1378 4152 1541 4207 etiam
1573 4164 1716 4205 nunc
1737 4149 1922 4204 obser-

328 4266 490 4313 vatur
519 4259 571 4313 in
603 4256 790 4312 funere
839 4268 1023 4322 regum
1072 4259 1377 4306 nostrorum
1421 4260 1484 4302 ac
1526 4245 1822 4315 principum
1868 4243 1920 4298 in

326 4350 560 4409 ecclesia
584 4349 928 4421 Dionysiana.
954 4347 1213 4402 Caeterum
1234 4341 1471 4412 episcopi
1493 4355 1596 4395 non
1627 4340 1732 4394 alio
1761 4338 1922 4393 modo

331 4462 497 4518 quam
540 4445 659 4499 laici
690 4443 741 4497 in
770 4440 978 4497 tumulo
1020 4437 1495 4507 componebantur,
1539 4434 1591 4489 id
1622 4444 1705 4489 est
1734 4446 1923 4488 omnes

330 4539 559 4610 pedibus
583 4537 650 4591 ad
679 4537 954 4592 Orientem
983 4533 1277 4596 conversis,
1309 4531 1557 4598 exemplo
1586 4528 1787 4583 Christi
1815 4528 1921 4583 Do-

2312 3328 2529 3393 Epistola
2553 3326 2689 3377 Pauli
2713 3325 2922 3389 apostoli
2945 3326 3003 3374 ad
3028 3324 3316 3378 Corinthios.

2095 3434 2331 3500 Fratres,
2358 3432 2478 3502 quis
2506 3430 2703 3488 militat
2730 3431 2843 3485 suis
2867 3428 3149 3499 stipendiis
3175 3429 3451 3498 unquam?
3476 3437 3607 3495 etc.,

2024 3546 2179 3599 usque
2207 3527 2285 3584 Ne
2311 3526 2454 3597 quod
2479 3523 2858 3585 oil‘endiculum
2905 3522 3098 3577 demus
3136 3522 3429 3591 Evangelia
3454 3520 3610 3576 Chri-

2023 3624 2113 3680 sti.
2146 3622 2201 3694 (Ι
2230 3621 2348 3679 Cor.
2378 3638 2455 3687 rx,
2485 3619 2639 3676 7-12.

2239 3733 2412 3784 Lectio
2442 3732 2598 3781 sancti
2617 3728 2872 3792 Evangelii
2903 3729 3172 3779 secundum
3197 3726 3374 3776 Lucam

2096 3826 2361 3907 Tempore
2387 3834 2506 3901 illo,
2538 3833 2788 3889 audiente
2812 3833 3037 3888 Domino
3065 3832 3195 3889 Jesu
3220 3826 3365 3886 omni
3390 3830 3611 3900 populo,

2023 3930 2156 3987 dixit
2187 3928 2463 4000 discipulis
2491 3929 2603 3982 suis
2630 3944 2641 3979 :
2665 3925 2950 3981 Adtendite
2976 3925 3039 3979 ad
3058 3921 3280 3991 Scribis,
3307 3922 3397 3992 qui
3429 3923 3613 3977 volunt

2025 4022 2299 4079 ambulare
2342 4023 2394 4076 in
2434 4019 2595 4075 scolis
2644 4018 2763 4089 (sic)
2792 4061 2806 4085 ,
2839 4026 2942 4072 etc.
2977 4015 3129 4087 (Luc.
3163 4032 3229 4070 xx
3252 4056 3268 4083 ,
3311 4013 3404 4084 45,
3448 4030 3612 4085 usque

2024 4132 2139 4185 nt,
2170 4115 2252 4183 4).
2286 4112 2415 4168 Tum
2446 4118 2805 4181 consequenter
2831 4107 3018 4164 Matth.
3045 4124 3117 4174 vt,
3147 4108 3264 4164 2-4.

2372 4258 2555 4300 NOTB
2601 4257 2681 4299 ET
2725 4254 3259 4300 OBSERVATIONES.

2096 4353 2483 4410 Observatione
2508 4352 2667 4421 digna
2689 4360 2774 4406 est
2801 4350 2918 4405 haec
2947 4348 3355 4419 missa,quando
3378 4348 3615 4419 episcopi

2027 4449 2323 4521 praedicare
2366 4447 2599 4512 debent,
2643 4452 2702 4500 ut
2743 4444 2896 4513 plebs
2943 4443 3180 4501 decimas
3227 4443 3435 4499 reddat.
3483 4442 3615 4511 Ejus

2026 4543 2241 4614 generis
2283 4548 2368 4597 est
2393 4554 2572 4595 sermo
2598 4538 2703 4593 277
2730 4537 2783 4592 in
2816 4551 2952 4593 nova
2986 4535 3282 4605 appendice
3307 4549 3615 4592 sermonum

252 4690 261 4695 ,
330 4631 660 4701 mini,cujus
688 4644 880 4696 corpus
898 4629 947 4683 in
976 4626 1224 4695 sepulcro
1246 4626 1347 4680 hoc
1374 4624 1535 4679 modo
1562 4622 1918 4694 compositum

2027 4638 2195 4693 sancti
2252 4634 2578 4705 Augustini,
2628 4631 2864 4688 Caesario
2908 4602 3193 4699 ascriptus.
3262 4629 3487 4685 Habitus
3530 4636 3616 4685 est

333 4726 456 4789 fuit,
482 4732 538 4778 ut
560 4722 746 4793 prohat
768 4720 1042 4775 Haimonis
1067 4718 1283 4774 homilia
1316 4718 1367 4772 in
1401 4716 1579 4787 vigilia
1608 4713 1924 4781 Paschaa,et

332 4815 596 4873 Baronius
628 4813 691 4868 ad
723 4828 919 4867 annum
951 4810 1038 4864 54.

621 4947 852 5003 LXXIV.
895 4956 1134 4999 LEGENDA
1173 4952 1224 4996 ni
1266 4953 1633 4995 DEDICATIONE.

853 5037 1024 5089 Lectio
1046 5036 1158 5085 libri
1183 5034 1411 5085 Genesis.

409 5127 672 5195 Tempore
696 5125 806 5188 illo,
825 5136 1072 5193 egressus
1096 5121 1262 5176 Jacob
1283 5121 1349 5175 de
1378 5119 1644 5177 Bersabee
1664 5119 1921 5191 pergebat

336 5221 538 5285 Haran,
558 5226 687 5285 etc.,
703 5232 859 5285 usque
883 5215 1124 5270 Decimas
1154 5212 1374 5267 oil'eram
1399 5211 1513 5268 tibi.
1546 5209 1702 5281 (Gen.
1723 5227 1916 5279 xxvm,

334 5311 559 5381 41-22.)

624 5402 836 5464 Epistola
860 5398 999 5449 Pauli
1023 5395 1229 5459 apostoli
1252 5396 1311 5445 ad
1334 5394 1624 5447 Corinthios.

409 5495 646 5559 Fratres,
681 5494 775 5550 Dei
806 5492 945 5548 enim
991 5504 1173 5546 sumus
1217 5488 1490 5557 adjutores
1512 5531 1527 5555 ,
1568 5502 1665 5543 vos
1695 5489 1921 5558 agricul-

334 5600 456 5645 tura
485 5588 635 5655 estis,
665 5596 792 5653 etc.,
824 5601 983 5655 usque
1024 5582 1303 5651 Templum
1349 5582 1493 5635 enim
1539 5581 1630 5636 Dei
1677 5589 1919 5637 sanctum

336 5691 443 5748 est,
470 5683 607 5751 quod
636 5681 765 5737 estis
794 5694 909 5733 vos.
935 5677 984 5748 (1
1019 5678 1141 5732 Cor.
1172 5690 1250 5741 III,
1273 5672 1457 5743 9-17.)

528 5775 692 5825 Lectio
713 5774 866 5831 sancti
900 5770 1150 5833 Evangelii
1173 5766 1442 5818 secundum
1481 5764 1766 5815 Iohannem.

423 5860 581 5933 168
625 5858 824 5916 Diebus
865 5856 970 5914 illis
1016 5856 1149 5911 facta
1194 5861 1320 5909 sunt
1364 5859 1543 5906 autem
1589 5846 1825 5906 encaenia
1870 5849 1923 5905 in

2029 4729 2185 4800 paulo
2212 4737 2336 4783 ante
2383 4726 2713 4783 nativitatem
2766 4723 2936 4779 sancti
2977 4721 3198 4777 Joannis
3246 4721 3519 4791 Baptistae,
3549 4736 3613 4777 ex

2025 4835 2176 4876 num.
2211 4818 2266 4872 ι.
2296 4817 2497 4885 Quibus
2546 4831 2613 4871 ex
2664 4815 2823 4871 rebus
2864 4813 3119 4868 darentur
3156 4812 3381 4868 decima
3404 4851 3421 4877 ,
3475 4821 3616 4879 patet

2023 4929 2095 4971 ex
2124 4927 2274 4968 num.
2301 4913 2324 4964 l
2357 4929 2370 4963 :
2404 4929 2423 4961 ι
2461 4909 2692 4963 Decima:
2724 4907 2917 4963 tributa
2959 4916 3083 4961 sunt
3108 4905 3378 4975 egentium
3407 4905 3615 4961 anima-

2028 5018 2169 5060 rum.
2208 4999 2391 5057 Redde
2424 5014 2555 5068 ergo
2585 4998 2778 5053 tributa
2825 4996 3166 5069 pauperibus,
3198 4996 3330 5053 oil‘er
3358 4997 3611 5055 libamina

2029 5093 2418 5152 sacerdotibus.
2444 5091 2597 5160 Quod
2626 5092 2669 5146 si
2701 5091 2941 5149 decimas
2978 5105 3083 5146 non
3128 5088 3295 5147 habes
3342 5090 3611 5145 fructuum

2026 5198 2401 5252 terrenarum,
2451 5185 2592 5254 quod
2636 5184 2800 5240 habet
2843 5184 3098 5257 agricola,
3141 5183 3511 5255 quodcumque
3565 5193 3616 5241 te

2027 5282 2212 5354 pascit,
2250 5280 2517 5351 ingenium
2565 5278 2659 5332 Dei
2706 5286 2787 5333 est
2814 5285 2905 5333 :et
2930 5276 3056 5331 inde
3106 5276 3342 5330 decimas
3388 5276 3611 5345 expetit,

2024 5375 2169 5431 unde
2195 5371 2351 5428 vivis.
2384 5372 2458 5426 De
2487 5370 2692 5436 militia,
2723 5369 2791 5424 de
2819 5368 3068 5439 negotio,
3098 5367 3166 5422 de
3190 5366 3417 5423 artiﬁcio
3446 5367 3613 5423 redde

2023 5473 2280 5528 decimas.
2309 5489 2328 5522 ι
2364 5468 2477 5523 lIuc
2524 5475 2765 5537 spectant
2805 5464 3031 5536 epistola
3068 5464 3442 5535 episcoporum
3487 5480 3614 5535 pro-

2028 5568 2216 5621 vinciae
2245 5562 2523 5618 Turonicai
2551 5560 2618 5616 ad
2664 5559 2895 5629 plebem,
2926 5558 3123 5627 scripta
3157 5558 3209 5614 in
3239 5560 3468 5614 concilio
3506 5556 3614 5614 Tn-

2030 5659 2240 5716 ronensi
2267 5673 2325 5720 n,
2359 5665 2413 5713 et
2441 5642 2611 5709 canon
2639 5653 2857 5723 quintus
2885 5649 3073 5721 synodi
3109 5667 3147 5707 ll
3188 5648 3615 5707 Matisconensis.

2031 5755 2222 5811 Confer
2250 5748 2496 5820 Cypriani
2527 5744 2721 5801 librum
2756 5743 2824 5801 de
2853 5741 3044 5814 Lapsis
3069 5742 3327 5801 editionis
3344 5740 3614 5799 Oxonien-

2032 5849 2129 5915 sis,
2156 5844 2256 5900 sub
2284 5841 2445 5898 linem
2471 5838 2595 5895 libri
