4048 6350
583 298 692 356 215

655 415 936 473 LXoXVIII.
979 436 1214 475 LEGENDA
1239 438 1446 484 onmno
1477 438 1734 479 DlACONUI
1771 438 2093 478 OBDINATIIB.

988 509 1154 560 Lectio
1196 511 1456 563 Ezechihel
1495 515 1763 576 prOphetae.

661 594 818 662 17o
847 592 970 648 Hinc
995 594 1127 649 dicit
1157 596 1416 650 Dominus
1463 598 1657 652 Levitis
1687 597 1810 652 ﬁliis
1836 597 2043 662 Sadoc,
2074 598 2167 666 qui

583 683 951 739 custodierunt
979 689 1329 742 casremonias
1379 688 1663 743 sanctuarii
1700 689 1825 753 mei,
1854 698 1981 755 etc.,
2012 703 2171 759 usque

584 772 655 828 Et
677 776 982 831 custodiant
1003 781 1350 833 caeremonias
1374 794 1544 845 meas,
1561 779 1690 834 dicit
1712 779 1968 835 Dominus
1996 779 2170 836 omni-

583 878 798 938 potens.
831 867 1046 939 (Ezech.
1081 887 1224 936 xuv,
1260 872 1346 938 I5,
1380 872 1491 943 16.)

851 959 1068 1022 Epistola
1093 962 1231 1011 Pauli
1266 964 1464 1025 apostoli
1489 964 1545 1011 ad
1571 963 1900 1014 Timotheum.

651 1034 962 1120 Carissime,
996 1045 1251 1100 diaconos
1281 1061 1401 1101 esse
1430 1056 1642 1116 oportet
1673 1046 1912 1115 pudicos,
1945 1061 2050 1100 non
2081 1046 2166 1101 bi-

579 1132 811 1205 lingues,
844 1145 972 1201 etc.,
1006 1151 1165 1205 usque
1195 1135 1260 1190 Et
1285 1137 1506 1191 multam
1540 1138 1784 1192 ﬁduciam
1813 1137 1863 1190 in
1894 1137 2016 1200 ﬁde,
2049 1153 2168 1207 quas

578 1232 666 1280 est
693 1224 748 1279 in
777 1225 993 1282 Christo
1015 1226 1142 1282 Jesu
1169 1228 1394 1282 Domino
1420 1239 1626 1283 nostro.
1657 1228 1710 1297 (Ι
1734 1228 1867 1282 Tim.
1887 1245 1962 1294 ιιι,
1989 1228 2165 1298 8-15.)

842 1315 1010 1366 Lectio
1035 1316 1288 1379 Evangelii
1311 1320 1580 1368 secundum
1605 1319 1904 1368 Matthaeum.

647 1397 708 1452 In
734 1397 829 1453 illo
849 1401 1430 1468 tempore,ambulante
1458 1401 1683 1457 Domino
1710 1403 1836 1458 Jesu
1865 1418 1986 1459 cum
2008 1404 2168 1459 disci-

573 1488 717 1557 pulis
747 1490 858 1544 suis
889 1490 942 1544 in
975 1492 1079 1557 via,
1109 1492 1239 1546 dixit
1280 1493 1493 1562 quidam
1539 1495 1603 1548 ad
1654 1495 1800 1549 illum
1835 1513 1846 1548 :
1884 1497 2087 1562 Sequar
2114 1505 2166 1552 te

576 1592 910 1651 quocumque
939 1583 1084 1647 ieris,
1113 1594 1246 1647 etc.,
1275 1601 1431 1655 usque
1459 1585 1771 1655 Respiciens
1815 1597 1976 1651 retro,
2008 1598 2162 1658 aptus

573 1681 659 1725 est
686 1687 851 1741 regno
878 1673 993 1730 Dei.
1025 1675 1142 1729 Hoc
1173 1676 1512 1747 Evangelium
1539 1689 1612 1732 est
1642 1681 1805 1734 sancti
1835 1680 2009 1748 Luca,
2042 1697 2158 1751 cap.

574 1775 648 1829 Ix,
682 1765 872 1820 57-62.
907 1766 1116 1824 Similia
1142 1771 1196 1823 in
1230 1770 1418 1827 Matth.
1447 1789 1559 1842 cap.
1595 1787 1706 1842 vut,
1731 1774 1819 1829 20.

927 1879 1110 1921 ΝΟΤᾸΕ
1155 1881 1234 1922 ΒΤ
1278 1881 1812 1926 οΒεειινΑτιοΝΕδ.

649 1960 786 2024 Quid
818 1977 847 2014 a
878 1961 1120 2018 diacouis
1141 1964 1453 2019 ordinandis
1474 1969 1717 2034 exigeret
1738 1965 2003 2022 Caesarius
2034 1969 2163 2024 Are-

573 2047 800 2106 latensis
831 2051 1087 2120 pontifex,
1114 2055 1274 2109 tradit
1303 2056 1355 2109 in
1390 2057 1481 2111 lib.
1510 2073 1525 2110 ι
1554 2057 1619 2112 de
1649 2057 1765 2111 Vita
1797 2055 1913 2128 ejus
1941 2059 2162 2130 Cypria-

576 2155 676 2194 nus
708 2157 856 2196 num.
880 2143 950 2197 ’52
979 2160 992 2195 :
1022 2161 1041 2195 ι
1075 2145 1287 2215 Adiecit
1331 2148 1492 2202 etiam
1543 2148 1667 2214 hoc,
1701 2160 1757 2203 ut
1792 2166 2064 2220 nunquam
2108 2152 2163 2208 in

573 2234 804 2290 ecclesia
850 2249 943 2291 sua
995 2238 1274 2295 diaconem
1334 2242 1610 2298 ordinaret
1661 2253 1784 2298 ante
1834 2246 2160 2300 tricesimum

573 2326 747 2380 aetatis
788 2341 896 2382 suae
925 2343 1144 2384 annum.
1198 2330 1390 2385 Verum
1436 2332 1595 2386 etiam
1628 2343 1682 2387 et
1711 2335 1812 2388 hoc
1837 2335 2074 2403 addidit,
2105 2346 2164 2392 ut

575 2431 676 2473 nec
705 2419 757 2473 in
788 2420 1025 2488 qualibet
1067 2422 1274 2491 majore
1313 2433 1471 2479 {etate
1501 2426 1869 2491 ordinaretur,
1902 2428 2003 2482 nisi
2032 2444 2162 2497 qua-

571 2517 697 2564 tuor
726 2511 928 2566 vicibus
969 2513 1023 2566 in
1055 2513 1245 2570 ordine
1275 2514 1440 2569 libros
1472 2515 1680 2570 Veteris
1729 2517 2054 2574 Testamenti
2084 2520 2162 2576 Ie-

571 2601 710 2668 gerit
757 2609 919 2668 ante,
971 2612 1023 2657 ct
1065 2614 1297 2673 quatuor
1350 2605 1576 2661 Novum.
1604 2626 1622 2659 ›
1659 2607 1904 2664 Canones
1961 2625 2159 2667 annum

573 2693 753 2746 aetatis
781 2694 1096 2761 vigesimum
1126 2696 1370 2765 quintum
1400 2699 1638 2768 exigunt.
1672 2699 2043 2770 Dispensatum
2076 2705 2156 2757 ni-

575 2780 690 2834 hilo
711 2783 886 2837 minus
915 2785 966 2838 in
996 2786 1177 2840 multis
1201 2805 1212 2839 :
1238 2803 1373 2857 quos
1394 2787 1535 2844 inter
1552 2791 1879 2858 Epiphanius
1905 2793 2150 2849 Ticinen-

569 2870 648 2924 sis
677 2886 815 2926 anno
841 2876 1013 2929 astatis
1044 2883 1233 2932 octavo
1261 2877 1472 2933 decimo
1493 2880 1875 2949 subdiaconus,
1901 2883 2157 2954 vigesimo

573 2962 833 3019 diaconus
864 2967 1141 3023 ordinatus
1180 2978 1280 3038 est,
1325 2980 1460 3028 teste
1493 2973 1736 3030 Ennodio
1775 2977 1826 3030 in
1863 2978 1978 3046 ejus
2012 2979 2150 3035 Vita.

570 3053 831 3112 Nimirum
870 3079 888 3111 ‹
927 3060 1213 3117 festinabat
1238 3064 1305 3117 ad
1335 3065 1630 3122 Leviticam
1677 3068 1988 3137 dignitatem
2020 3087 2152 3127 eon-

835 300 1176 359 APPENDIX
1216 305 1307 359 AD
1344 304 1571 360 OPERA
1609 303 1854 362 SANC’I’I
1892 301 2202 360 GERMANI
2239 300 2683 360 PARISIENSIS.
2716 300 2808 357 DE
2844 297 3123 360 LITURG.
3163 297 3322 357 GAL.
3362 299 3494 358 LIB.
3529 302 3598 360 It.

2198 425 2248 485 Α
2273 423 2380 476 suis
2395 439 2409 476 :
2423 421 2554 488 Quis
2574 430 2726 490 putas
2739 427 2820 473 est
2843 417 3013 472 ﬁdelis
3023 417 3361 486 dispensator
3375 425 3431 474 et
3449 419 3706 486 prudens,
3720 431 3858 491 etc.,

3747 304 3857 361 216

2276 529 2431 581 usque
2476 513 2646 581 Supra
2693 513 2869 566 omnia
2894 525 3011 580 qua:
3054 511 3308 580 possidet,
3340 513 3638 570 constituet
3679 514 3856 573 illum.

2273 605 2422 677 (Luc.
2457 620 2548 669 xtl,
2573 604 2784 674 42-44.)

2422 695 2631 752 LXXX.
2673 712 2913 751 LEGENDA
2954 711 3003 749 IN
3042 711 3408 753 paorscrtoss
3447 714 3707 756 trtnsats.

2539 789 2747 852 Epistola
2772 787 2915 839 Pauli
2934 788 3136 850 apostoli
3159 789 3218 837 ad
3252 790 3580 842 Timotheum.

2338 873 2648 941 Carissime,
2681 875 2794 930 haec
2842 876 2994 931 vobis
3031 877 3228 942 scribo,
3275 891 3494 945 Sperans
3536 891 3625 932 me
3673 871 3859 934 venire

2267 966 2336 1022 ad
2377 982 2474 1022 vos
2513 969 2640 1033 cito,
2673 977 2804 1034 etc.,
2836 983 2991 1037 usque
3033 967 3383 1038 Adsumptum
3427 977 3511 1023 est
3554 967 3608 1023 in
3656 969 3853 1038 gloria.

2269 1055 2325 1128 (Ι
2352 1057 2486 1112 Tim.
2517 1073 2596 1124 ιιι,
2633 1057 2840 1127 ιιι-16.)

2485 1148 2656 1199 Lectio
2689 1151 2842 1199 sancti
2872 1148 3127 1210 Evangelii
3151 1151 3415 1201 secundum
3437 1151 3632 1203 Lucam.

2342 1231 2534 1287 Diebus
2580 1233 2684 1286 illis
2710 1277 2725 1301 ,
2760 1233 2954 1286 factum
2997 1243 3080 1287 est
3125 1233 3252 1288 dum
3301 1236 3705 1304 complerentur
3748 1237 3860 1295 dies

2195 1329 2198 1332 '
2274 1323 2658 1390 adsumptionis
2689 1323 2821 1393 ejus,
2849 1333 2953 1378 etc.
2988 1323 3136 1393 (Luc.
3169 1342 3243 1392 ιχ,
3275 1326 3489 1394 51-56).
3519 1328 3655 1382 Tum
3678 1345 3860 1384 canae-

2265 1422 2508 1482 quenter:
2531 1413 2597 1467 Et
2619 1413 2753 1467 dixit
2780 1415 2908 1469 illis:
2927 1416 3042 1470 Sitit
3070 1416 3232 1472 lumbi
3257 1418 3414 1473 vestri
3435 1419 3740 1488 praecincti,
3756 1431 3859 1476 etc.

2265 1505 2419 1578 (Luc.
2453 1524 2546 1572 νιι,
2578 1509 2788 1580 53-57.)

2440 1621 2676 1677 LXXXI.
2707 1639 2948 1679 LEGENDA
2986 1640 3052 1678 ne
3090 1640 3366 1680 unauana
3406 1643 3660 1685 ιτειιειιε.

2570 1734 2788 1798 Epistula
2814 1736 2952 1787 Pauli
2976 1739 3182 1800 apostoli
3201 1741 3258 1789 ad
3281 1740 3534 1794 Romanos.

2188 1802 2238 1863 Β
2343 1840 2495 1909 172
2526 1838 2776 1907 Fratres,
2831 1841 3004 1896 habeo
3049 1843 3270 1911 gloriam
3301 1845 3352 1899 in
3381 1847 3598 1906 Christo
3623 1851 3765 1908 .Iesu
3794 1855 3857 1913 ad

2265 1926 2451 1984 Deum.
2480 1929 2594 1986 Non
2638 1933 2778 1986 enim
2803 1936 2976 1989 audeo
3021 1935 3219 2004 aliquid
3251 1937 3414 2007 loqui,
3445 1951 3574 2008 etc.,
3603 1960 3776 2014 usque
3804 1946 3860 2004 In

2263 2022 2588 2077 abundantia
2627 2023 3019 2081 benedictionis
3051 2026 3249 2083 Christi
3284 2031 3513 2088 veniam.
3551 2033 3748 2104 (Rom.
3768 2053 3858 2106 xv,

2266 2114 2470 2186 17-29.)

2449 2206 2616 2259 Lectio
2638 2213 2793 2260 sancti
2816 2207 3069 2273 Evangelii
3092 2212 3361 2263 secundum
3377 2214 3644 2268 Iohannem

2333 2289 2601 2359 Tempore
2628 2291 2740 2356 illo,
2776 2307 2899 2346 cum
2929 2294 3165 2349 venisset
3197 2294 3452 2352 Dominus
3476 2299 3635 2355 Jesus
3664 2302 3718 2357 in
3753 2304 3853 2360 Ga-

2261 2379 2452 2436 lilaaam
2473 2421 2488 2446 ,
2517 2393 2840 2451 exceperunt
2889 2384 3036 2438 illum
3083 2385 3285 2441 Galilaei
3311 2428 3326 2453 ,
3359 2398 3488 2456 etc.,
3522 2407 3682 2461 usque
3714 2395 3853 2452 Cum

2263 2478 2474 2533 veniret
2504 2492 2533 2530 a
2557 2476 2741 2532 Judaea
2771 2478 2824 2532 in
2851 2478 3141 2534 Galilazatn.
3170 2479 3350 2551 (Joan.
3380 2498 3451 2551 tv,
3483 2483 3707 2556 45-54.)

2366 2589 2623 2646 LXXXII.
2657 2605 2915 2646 INCIPIUNT
2948 2609 3231 2652 LECTIONES
3250 2610 3559 2655 COTIDIANAS
3590 2599 3738 2672 (sic).

2730 2703 2898 2755 Lectio
2915 2706 3072 2758 Esaia:
3101 2710 3371 2772 prephette.

2331 2807 2454 2864 Haec
2474 2809 2600 2864 dicit
2630 2809 2886 2864 Dominus
2908 2829 2918 2864 :
2939 2813 3336 2870 Miserationum
3362 2817 3567 2874 Domini
3595 2824 3852 2880 recorda-

2260 2899 2390 2963 bor,
2424 2910 2553 2965 etc.,
2586 2918 2741 2964 usque
2784 2902 2912 2967 Quae
2959 2909 3267 2974 praeparasti
3317 2913 3726 2978 expectantibus
3779 2929 3850 2986 te,

2258 2991 2331 3044 ait
2359 2989 2612 3045 Dominus
2644 2993 2799 3047 Deus.
2831 2996 2965 3064 (lsa.
2995 3012 3146 3062 LXIII,
3180 3000 3229 3065 7,
3255 3017 3413 3072 usque
3438 3021 3583 3072 LXIV,
3615 3010 3700 3078 a.)

2567 3083 2781 3148 Epistula
2808 3087 2942 3137 l’auli
2965 3091 3168 3148 apostoli
3184 3095 3243 3141 ad
3269 3093 3524 3156 Ephesios.

569 3147 814 3209 scientia,
850 3164 1010 3216 quam
1059 3167 1328 3222 nunquam
1359 3166 1478 3210 vota
1530 3171 1979 3228 praesumpserant
2005 3181 2015 3214 :
2043 3164 2154 3218 exi-
2182 3176 2229 3241 ρ
2331 3168 2563 3234 Fratres,
2591 3172 2810 3225 audiens
2833 3173 2988 3227 [idem
3018 3185 3270 3243 vestram,
3299 3195 3415 3248 qua:
3438 3191 3519 3238 est
3543 3183 3596 3238 in
3625 3184 3847 3245 Christo

569 3236 733 3304 gebat
783 3243 1121 3296 conversatio
1171 3248 1311 3314 quod
1359 3247 1622 3303 desideria
1689 3255 1898 3319 penitus
1945 3255 2154 3325 ignora-

568 3329 718 3385 bant.
755 3349 776 3384 ι
808 3333 874 3387 Ει
918 3333 1178 3391 inferius:
1210 3358 1228 3390 (
1263 3339 1404 3395 Talis
1435 3342 1489 3395 in
1521 3342 1801 3398 diaconatu
1835 3362 1861 3399 τι
1895 3348 2152 3417 vigesimo

564 3419 834 3490 incipiens
855 3465 869 3487 ,
903 3433 1023 3478 octo
1052 3441 1221 3481 annos
1251 3432 1502 3496 explevit.
1527 3453 1543 3484 ι
1582 3434 1694 3487 Νοιι
1726 3437 1897 3490 otiose
1929 3437 2149 3506 legenda

568 3520 694 3565 sunt
732 3513 895 3567 verba
922 3513 1140 3571 Catonis
1188 3521 1513 3591 presbyteri,
1539 3525 1748 3578 tametsi
1790 3541 1926 3580 vano
1973 3530 2150 3585 animo

566 3607 771 3672 prolata
793 3649 808 3673 ,
840 3610 978 3677 apud
1010 3609 1325 3681 Gregorium
1357 3614 1726 3671 Turonensem
1759 3619 2062 3686 pontificem
2096 3623 2150 3675 in

565 3699 661 3753 Iib.
692 3716 765 3769 tv,
799 3717 919 3770 cap.
952 3701 1021 3754 6:
1055 3721 1071 3754 ι
1112 3704 1308 3760 Lector
1339 3707 1524 3762 decem
1556 3711 1710 3764 annis
1741 3711 1835 3778 fui,
1869 3714 2149 3782 subdiaco-

561 3801 720 3845 natus
742 3792 974 3847 oI'Iicium
998 3795 1229 3864 quinque
1252 3799 1407 3850 annis
1428 3799 1824 3866 administravi;
1851 3803 2001 3874 171
2026 3805 2146 3858 dia-

561 3882 777 3937 conatui
819 3899 945 3938 vero
973 3886 1274 3952 quindecim
1305 3888 1459 3943 annis
1501 3893 1830 3959 mancipatus
1859 3893 1952 3955 fui,
1985 3913 2003 3946 ι
2037 3905 2145 3950 etc.

562 3972 803 4028 Diaconii
852 3988 1183 4030 sacramenta
1231 3989 1503 4047 nuncupat
1545 3980 1818 4038 Ennodius
1863 3987 2145 4055 episcopus

561 4063 862 4120 Ticinensis
889 4068 941 4120 in
976 4067 1066 4121 lib.
1089 4084 1139 4120 IV
1169 4068 1394 4139 epistola
1425 4070 1516 4134 2|,
1539 4073 1604 4126 ad
1633 4074 2001 4130 Constantium
2032 4080 2144 4147 epi-

558 4167 805 4223 scopum,
831 4172 859 4209 a
891 4171 997 4225 quo
1020 4159 1150 4225 petit
1173 4158 1424 4228 Vigilium
1458 4161 1844 4218 subdiaconum
1873 4167 1939 4221 ad
1964 4168 2143 4224 diaco-

558 4254 738 4301 natum
774 4251 1095 4315 promoveri.

628 4337 784 4392 Nulla
814 4339 900 4394 hic
944 4341 1144 4394 mentio
1173 4342 1240 4396 de
1272 4343 1599 4399 subdiacono
1625 4347 1848 4415 aliisque
1877 4349 2141 4406 inferiori-

557 4427 658 4484 bus
684 4430 983 4486 ordinibus.
1008 4431 1062 4485 In
1083 4431 1284 4488 Ordine
1308 4433 1549 4489 Romano
1576 4437 1658 4504 (ut
1679 4437 1727 4490 id
1755 4438 1804 4491 in
1831 4447 2138 4496 transcursu

555 4518 861 4590 observem)
895 4523 1111 4579 ordines
1141 4525 1300 4579 etiam
1333 4525 1567 4581 minores
1594 4528 2007 4584 conferebantur
2036 4531 2136 4586 sub
2163 4554 2218 4616 Β

554 4621 704 4668 certo
731 4615 902 4670 titulo.
945 4616 1100 4673 Unde
1130 4619 1181 4673 in
1213 4619 1526 4675 invitatione
1553 4621 1970 4678 ordinandorum
1999 4624 2134 4694 legi-

554 4712 681 4760 tur:
710 4704 787 4760 De
826 4709 979 4762 domo
1018 4721 1208 4765 sancta:
1257 4713 1444 4768 Maria:
1491 4716 1724 4785 eligimus
1772 4717 1854 4770 ill.
1884 4718 1952 4770 ad
1980 4719 2136 4772 ostia-

553 4796 688 4849 rium
717 4797 787 4850 ad
811 4801 1045 4853 eumdem
1069 4801 1300 4858 titulum.
1342 4803 1416 4858 Ita
1448 4804 1516 4859 de
1543 4805 1742 4861 lectore
1767 4817 1820 4861 et
1847 4808 2130 4862 exorcista.

551 4887 690 4955 Quin
728 4890 888 4944 etiam
917 4893 1165 4946 monachi
1195 4894 1583 4950 ordinabantur
1624 4898 1727 4952 sub
1757 4898 1911 4953 titulo
1948 4914 2133 4954 mona-

551 4983 699 5036 sterii
730 4983 832 5046 sui,
862 4993 916 5036 ut
955 4985 1238 5052 probatum
1277 4997 1360 5042 est
1407 4990 1458 5042 in
1502 4989 1814 5058 praefatione
1852 4991 1919 5044 ad
1962 5005 2131 5046 saecu-

548 5071 659 5126 lum
691 5088 724 5126 v
756 5073 1177 5131 Benedictinum.

582 5163 819 5219 LXXIX.
852 5180 1093 5220 LEGENDA
1135 5182 1341 5229 QUANDO
1391 5184 1688 5228 rnssnvrsn
1719 5187 2094 5229 BENEDICITUR.

890 5253 1102 5314 Epistola
1135 5255 1276 5306 Pauli
1301 5258 1503 5320 apostoli
1527 5263 1586 5311 ad
1608 5262 1788 5312 Titum.

617 5340 814 5394 Paulus
857 5355 1044 5396 servus
1075 5342 1201 5408 Dei,
1233 5348 1509 5413 apostolus
1551 5361 1730 5405 autem
1772 5350 1899 5405 .Iesu
1934 5346 2135 5430 Christi

543 5433 838 5486 secundum
885 5433 1042 5489 Iidem
1092 5435 1388 5493 electorum
1438 5441 1552 5502 Dei,
1584 5454 1714 5508 etc.,
1758 5459 1914 5514 usque
1964 5435 2131 5496 Filios

544 5517 748 5576 habens
794 5521 976 5576 fideles
1003 5521 1059 5578 in
1086 5525 1299 5581 Christo
1325 5527 1470 5583 Jesu.
1501 5531 1629 5601 (Tit.
1659 5548 1695 5595 ι,
1729 5531 1873 5599 I-G.)

759 5610 930 5663 Lectio
952 5617 1104 5664 sancti
1132 5616 1383 5681 Evangelii
1422 5623 1685 5671 secundum
1712 5621 1909 5670 Lucam.

614 5690 878 5770 Tempore
926 5695 1040 5765 illo,
1087 5699 1296 5756 dicebat
1347 5703 1601 5760 Dominus
1646 5703 1800 5759 Jesus
1849 5703 2129 5775 discipulis

2256 3260 2400 3325 Jesu,
2430 3273 2484 3316 et
2528 3262 2864 3318 dilectionem
2913 3266 2962 3318 in
3010 3282 3196 3323 omnes
3240 3281 3487 3343 sanctos,
3517 3285 3652 3346 etc.,
3685 3297 3848 3349 usque

2255 3353 2442 3407 Omnia
2476 3355 2527 3408 in
2555 3356 2802 3409 omnibus
2831 3357 3125 3428 adiniplivit
3151 3360 3203 3415 in
3232 3361 3448 3420 Christo
3478 3367 3606 3424 .Iesu
3633 3381 3848 3431 nostro.

2257 3447 2468 3519 (Ephes.
2505 3465 2540 3511 t,
2580 3450 2791 3517 lii-'25.)

2436 3539 2604 3588 Lectio
2632 3543 2785 3590 sancti
2817 3541 3070 3606 Evangelii
3100 3548 3370 3599 secundum
3393 3550 3652 3606 Joannem.

2322 3627 2584 3696 Tempore
2606 3628 2716 3692 illo,
2742 3631 2872 3683 vidit
2897 3631 3150 3688 Dominus
3165 3632 3320 3689 .lesus
3347 3640 3616 3696 hominem
3633 3657 3840 3704 caecum

2253 3734 2280 3769 a
2309 3720 2618 3786 nativitate,
2652 3733 2782 3787 etc.,
2813 3739 2970 3794 usque
3017 3723 3082 3776 Et
3111 3727 3389 3793 procidcns
3419 3732 3664 3791 adoravit
3690 3751 3838 3799 eum.

2252 3809 2427 3874 (Joan.
2461 3828 2534 3880 ιιι,
2565 3813 2740 3885 1-58.)

2683 3923 2793 3957 ITII
2825 3923 3077 3960 LECTIONES
3109 3923 3244 3961 COTID
3251 3928 3399 3965 ιΛκΔε.

2698 3991 2866 4043 Lectio
2889 3994 3088 4044 Malachi
3113 3997 3382 4058 pmphetze.

2323 4071 2450 4126 Hinc
2495 4073 2624 4127 dicit
2667 4074 2921 4130 Dominus
2951 4094 2961 4127 :
2988 4077 3159 4132 Erunt
3205 4080 3333 4133 mihi
3383 4094 3513 4137 oves
3560 4098 3734 4152 mete,
3762 4089 3835 4145 ait
3871 4075 3882 4089 ’

2248 4165 2507 4220 Dominus
2537 4167 2863 4222 exercituum
2891 4211 2904 4232 ,
2937 4169 2987 4223 in
3035 4170 3121 4225 die
3147 4186 3248 4240 qua
3279 4186 3378 4243 ego
3405 4173 3563 4242 facio,
3595 4177 3648 4232 in
3677 4194 3835 4248 pecu-

2247 4257 2398 4321 lium,
2426 4268 2555 4325 etc.,
2585 4277 2742 4329 usque
2767 4260 3066 4318 Percutiam
3094 4275 3286 4320 terram
3319 4270 3682 4342 anathemate,
3709 4275 3834 4332 dicit

2245 4350 2505 4407 Dominus
2553 4356 2902 4410 exercituum.
2935 4356 3129 4414 Malae.
3161 4373 3240 4426 ιιι,
3273 4359 3372 4430 I7,
3401 4363 3469 4415 ad
3515 4365 3673 4432 ﬁnem
3713 4383 3832 4435 pro-

2244 4445 2446 4514 phetiw.

2545 4536 2756 4598 Epistola
2795 4539 2930 4589 Pauli
2960 4540 3161 4603 apostoli
3185 4541 3244 4592 ad
3275 4541 3533 4596 Romanos.

2323 4641 2477 4711 173
2508 4641 2722 4697 Fratres
2743 4686 2756 4708 ,
2805 4660 2964 4712 quam
2996 4647 3224 4712 speciosi
3273 4649 3436 4718 pedes
3461 4666 3832 4726 evangenzan-

2243 4731 2375 4786 tium
2426 4747 2700 4800 pacem....
2737 4734 2867 4791 tides
2895 4749 2958 4792 ex
3009 4737 3222 4806 auditu,
3273 4741 3485 4800 auditus
3529 4758 3832 4808 autem.....

2239 4825 2417 4896 (Rom.
2452 4844 2514 4894 x,
2545 4828 2655 4897 Ili.)

2824 4943 3243 4992 OBSERVATIO.

2315 5041 2404 5095 Sic
2430 5041 2628 5096 desinit
2657 5043 3050 5102 Lectionarium
3081 5052 3510 5120 antiquissimum
3533 5107 3545 5122 ,
3575 5060 3662 5115 cui
3704 5076 3827 5132 pau-

2243 5132 2364 5185 cula
2394 5132 2518 5186 folia
2548 5133 2598 5186 in
2627 5135 2731 5190 line
2761 5136 2982 5204 desunt,
3021 5155 3214 5211 nempe
3243 5145 3362 5199 linis
3405 5147 3659 5216 Epistolas
3697 5171 3828 5223 prae.

2242 5225 2454 5295 missm,
2503 5237 2555 5281 et
2587 5227 2954 5299 Evangelium.
2986 5234 3066 5289 An
3116 5238 3238 5293 aliae
3278 5240 3532 5298 lectiones
3561 5259 3663 5313 pro
3711 5249 3828 5304 aliis

2239 5317 2401 5372 rebus
2421 5331 2723 5376 consecutae
2739 5325 2866 5390 sint,
2894 5326 3178 5384 incertum.
3208 5331 3262 5385 In
3285 5332 3631 5393 Leotionibus
3658 5340 3823 5396 Evan-

2239 5411 2497 5481 geliornm
2552 5430 2815 5485 nunquam
2866 5419 3181 5490 simpliciter
3229 5426 3446 5482 etl'crtur
3493 5429 3682 5498 Jews,
3734 5436 3822 5490 sed

2236 5516 2450 5570 semper
2480 5503 2728 5558 Dominus
2756 5506 2926 5573 Iasus,
2959 5509 3178 5570 honoris
3209 5531 3270 5573 ac
3298 5523 3614 5578 reverentiae
3643 5539 3820 5582 causa.

2235 5595 2386 5659 Quod
2417 5597 2575 5650 etiam
2611 5599 2663 5651 in
2704 5598 3072 5669 Mozarahico,
3113 5615 3167 5663 et
3195 5607 3248 5667 in
3277 5609 3397 5679 aliis
3427 5615 3702 5685 nonnullis
3735 5631 3816 5671 ve-

2237 5685 2392 5742 tustis
2423 5687 2719 5744 Missalibus
2762 5688 3098 5752 observatur.
