4048 6350
163 372 3463 429 mw

495 537 765 685 DE
858 539 1821 695 LITURGIA
1922 546 3090 704 GALLICANA

1094 898 1110 913 .
1157 800 1637 910 LIBER
1729 802 2231 914 TERTI
2257 809 2431 917 US
2464 890 2498 931 ,

778 1027 1352 1094 COMPLECTENS
1398 1035 1590 1097 TRIA
1636 1036 2003 1098 MISSALIA
2051 1037 2372 1101 ORDINIS
2420 1041 2872 1109 GALLICANI.

247 1309 417 1381 175
455 1310 506 1364 l.
539 1310 803 1379 Quantum
835 1309 1056 1367 subsidii
1091 1312 1155 1367 ad
1199 1314 1569 1370 illustrandum
1605 1315 1891 1386 Liturgiam
1922 1317 2246 1374 Gallicanam
2289 1322 2526 1378 attulerit
2557 1323 2954 1383 Lectionarium
2987 1328 3347 1396 Luxoviense,
3381 1346 3448 1386 ex

159 1405 447 1473 superiori
481 1405 618 1462 libro
660 1408 790 1462 satis
835 1407 1144 1476 intelligitur
1174 1428 1185 1461 :
1220 1411 1313 1465 sed
1358 1411 1479 1466 nuic
1510 1411 1797 1481 cognitioni
1831 1427 1936 1467 non
1968 1428 2152 1481 parum
2184 1414 2432 1481 deesset,
2474 1419 2575 1472 nisi
2618 1421 2779 1476 etiam
2826 1423 2958 1479 alios
2989 1433 3195 1480 veteres
3244 1425 3441 1492 libros,

150 1495 258 1564 qui
285 1504 516 1552 cmteras
541 1497 781 1565 ejusdem
814 1497 1070 1564 Liturgiae
1101 1511 1278 1569 partes
1308 1503 1605 1567 continent,
1655 1503 1869 1558 aliunde
1898 1504 2288 1561 habuissemus.
2326 1507 2556 1563 Primam
2588 1521 2764 1567 autem
2797 1513 2954 1584 hujus
2985 1518 3057 1569 rei
3087 1517 3311 1586 gratiam
3344 1520 3439 1574 de—

152 1586 368 1644 bemus
399 1588 498 1658 piae
524 1603 587 1645 ac
612 1590 742 1645 mihi
789 1593 843 1646 in
886 1594 1070 1661 primis
1101 1593 1416 1648 venerandae
1447 1595 1719 1648 memoriae
1750 1595 2004 1649 cardinali
2037 1596 2218 1662 Bonae,
2247 1598 2337 1669 qui
2369 1599 2570 1668 primus
2602 1613 2810 1658 veteres
2841 1605 2959 1658 illos
2988 1605 3152 1659 libros
3183 1607 3437 1662 indicavit

157 1681 228 1736 in
266 1696 434 1752 opere
471 1697 567 1738 suo
595 1698 772 1739 rerum
805 1685 1192 1757 Liturgicarum
1219 1703 1233 1740 :
1268 1701 1366 1740 nec
1398 1685 1656 1754 imparem
1691 1687 1945 1743 habemus
1979 1689 2189 1744 erudito
2218 1690 2452 1761 Josepbo
2484 1693 2660 1749 Mariae
2691 1695 3000 1765 Thomasio,
3031 1699 3117 1768 qui
3155 1699 3317 1754 libros
3361 1700 3447 1756 in-

160 1772 409 1843 dicatos,
438 1773 488 1830 id
521 1785 604 1832 est
634 1777 735 1831 tria
767 1776 995 1832 Missalia
1017 1818 1030 1842 ,
1065 1786 1122 1832 ut
1161 1791 1433 1843 vocamus,
1465 1793 1496 1832 e
1529 1778 1762 1833 tenebris
1805 1780 1858 1833 in
1889 1780 2058 1836 lucem
2093 1782 2310 1851 protulit

243 1864 302 1918 2.
347 1865 584 1943 Primum
612 1881 677 1921 ex
711 1867 815 1923 illis
844 1867 1124 1924 Gothicum
1157 1883 1252 1924 seu
1277 1868 1608 1924 Gallicanum
1635 1871 1886 1940 appellat,
1921 1887 2016 1926 nos
2067 1888 2172 1928 uno
2204 1875 2364 1930 verbo
2403 1876 2946 1950 Gothicogallicanum
2992 1897 3295 1952 nuncupare
3323 1896 3447 1952 pos-

161 1975 387 2029 sumus,
426 1975 705 2033 propterea
734 1966 876 2036 quod
906 1967 960 2020 in
1002 1981 1099 2022 usu
1133 1966 1292 2022 fuerit
1333 1964 1472 2034 apud
1516 1965 1694 2020 Gallos
1716 2007 1730 2030 ,
1763 1967 2054 2022 Gothorum
2086 1969 2314 2038 imperio
2344 1972 2635 2041 subjectos,
2670 1991 2864 2044 nempe
2909 1977 3046 2045 apud
3085 1977 3236 2048 175
3268 1976 3446 2045 Septi-

161 2066 369 2109 manos
399 2055 483 2110 vel
513 2054 1043 2127 Novempopulanos.
1073 2057 1318 2114 Alterum
1363 2068 1520 2114 vocat
1567 2059 1926 2126 Francorum;
1961 2061 2176 2117 tertium
2208 2065 2537 2121 Gallicanum
2590 2079 2758 2124 vetus.
2794 2071 2848 2124 ln
2898 2075 3068 2141 primo
3099 2086 3262 2142 purus
3302 2071 3447 2126 Ordo

154 2144 524 2204 Gallicanus:
557 2148 609 2203 in
638 2150 876 2204 secundo
905 2159 960 2205 et
1007 2150 1166 2206 tertio
1194 2150 1338 2207 Ordo
1377 2167 1439 2206 ex
1474 2151 1715 2205 Romano
1744 2160 1798 2207 et
1838 2151 2115 2208 Gallicano
2154 2157 2340 2209 mistns
2389 2158 2694 2214 exhibetur.
2727 2159 2851 2214 Tria
2901 2161 3012 2216 hmc
3047 2165 3214 2218 instar
3256 2163 3445 2233 proba-

160 2245 383 2300 tionum
413 2242 617 2312 integra
646 2243 747 2298 huc
772 2241 972 2299 referre
1004 2242 1178 2298 visum
1210 2255 1314 2311 est,
1349 2260 1416 2299 ne
1446 2247 1514 2299 ob
1555 2245 1830 2301 raritatem
1859 2246 2245 2315 exemplarium
2273 2246 2527 2303 Romanae
2556 2250 2810 2305 editionis
2838 2265 2900 2305 ea
2923 2251 3046 2308 huic
3075 2254 3224 2323 operi
3251 2254 3444 2311 deesse

163 2335 419 2392 nonnulli
467 2344 818 2391 causarentur
853 2353 868 2390 :
897 2335 991 2392 sed
1019 2336 1209 2393 breves
1256 2338 1466 2393 notulas
1493 2339 1821 2409 adjecimus,
1871 2338 1937 2393 ad
1988 2339 2336 2408 explicandos
2365 2341 2622 2411 quosdam
2653 2344 2796 2402 locos
2835 2345 3075 2401 instituto
3126 2357 3310 2402 nostro
3342 2360 3442 2404 ne-

153 2441 456 2485 cessartos.

238 2521 294 2576 '5.
337 2521 415 2577 De
443 2521 640 2577 Missali
669 2521 898 2578 Gothico
928 2523 998 2577 ita
1030 2522 1217 2578 scribit
1243 2522 1527 2578 cardinalis
1557 2523 1698 2578 Bona
1741 2524 1794 2578 in
1831 2524 1924 2578 lib.
1960 2539 1980 2580 ι
2009 2523 2208 2581 Herum
2239 2526 2604 2597 liturgicarum
2625 2571 2638 2594 ,
2669 2545 2788 2599 cap.
2823 2530 2912 2597 12,
2940 2547 3088 2586 num.
3117 2533 3149 2583 6
3179 2551 3190 2586 :
3229 2552 3248 2585 ‹
3299 2534 3443 2590 Unus

155 2627 233 2670 ex
262 2612 350 2668 his
379 2612 653 2669 codicibus
683 2622 857 2668 exstat
885 2613 938 2667 in
967 2612 1302 2668 Bibliotheca
1333 2613 1693 2670 serenissima:
1725 2615 2020 2672 Succorum
2051 2617 2267 2688 reginae,
2301 2627 2424 2674 ante
2454 2633 2625 2675 annos
2668 2633 2962 2694 nongentos
2988 2628 3238 2696 scriptus,
3265 2636 3322 2682 ut
3350 2643 3444 2698 pe-

152 2708 256 2766 I'iti
288 2716 532 2775 censent,
565 2709 762 2763 litteris
801 2708 1076 2777 quadratis
1107 2717 1160 2763 et
1189 2710 1522 2779 majusculis,
1551 2710 1791 2780 signatus
1820 2727 1969 2766 num.
2000 2710 2122 2765 626.
2150 2711 2318 2778 Quem
2344 2713 2471 2768 olim
2501 2713 2666 2769 fuisse
2695 2715 2843 2769 aiunt
2873 2717 3186 2786 amplissimi
3219 2719 3319 2772 viri
3341 2719 3443 2775 Pe-

155 2799 298 2857 tavii
327 2799 604 2856 Senatoris
633 2798 979 2863 Parisiensis,
1025 2808 1264 2869 emptum
1294 2815 1420 2855 vero
1446 2815 1474 2854 a
1504 2801 1687 2872 regina
1720 2811 1838 2874 post
1872 2801 1990 2872 ejus
2017 2803 2323 2858 decessum.
2357 2803 2558 2858 Desunt
2588 2806 2634 2859 ei
2685 2807 2883 2875 aliquot
2914 2807 3034 2862 folia
3080 2811 3134 2864 in
3179 2809 3439 2880 principio

157 2902 225 2950 et
252 2894 306 2948 in
335 2894 458 2948 ﬁne.
494 2892 650 2948 Initio
697 2892 948 2962 praeﬁxus
996 2892 1082 2947 hic
1113 2893 1298 2948 titulus
1326 2901 1408 2947 est
1453 2909 1612 2947 manu
1642 2893 1928 2948 recentiori
1973 2910 1985 2945 :
2018 2892 2227 2948 Misaale
2255 2892 2527 2950 Gothicam
2553 2912 2570 2949 :
2601 2908 2654 2954 et
2683 2912 2748 2952 ex
2793 2913 2857 2954 eo
2886 2900 3128 2968 quaedam
3160 2901 3444 2973 Liturgical;

163 2987 512 3059 precationes
541 2995 811 3055 excerpta:
838 2993 982 3049 sunt,
1014 2995 1066 3040 et
1110 2993 1255 3040 tomo
1283 2993 1434 3040 sexto
1467 2985 1814 3040 Bibliotheca;
1853 2995 2092 3039 veterum
2133 2986 2352 3042 Patrum
2383 2989 2634 3046 editionis
2679 2993 2985 3050 novissimae
3015 2994 3336 3052 Parisiensis
3365 2999 3443 3053 in~

167 3088 336 3137 sertae
366 3093 487 3151 pag.
521 3079 643 3135 155.
679 3097 701 3133 ι
736 3079 1003 3134 Hactenus
1045 3081 1166 3148 pius
1195 3087 1251 3134 et
1280 3079 1522 3134 eruditus
1547 3079 1869 3143 cardinalis,
1901 3081 2212 3135 existimans
2238 3083 2399 3151 (quod
2431 3100 2489 3140 re
2532 3100 2656 3140 vera
2687 3088 2791 3156 est)
2825 3087 2927 3142 hoc
2965 3103 3084 3144 esse
3113 3098 3263 3144 vetus
3309 3092 3442 3147 Mis-

160 3169 285 3226 sale
312 3169 641 3226 Gallicanum
665 3213 680 3236 ,
733 3170 1031 3240 prazsertim
1075 3169 1260 3224 Gallia:
1289 3169 1654 3224 Narbonensis
1678 3209 1691 3232 ,
1726 3168 2024 3225 Gothorum
2056 3169 2469 3241 Hispanicorum
2519 3191 2682 3245 regno
2733 3177 2859 3231 olim
2887 3180 3176 3248 subjecta};
3226 3191 3281 3235 ut
3335 3197 3443 3239 non

163 3271 375 3321 temere
397 3262 681 3318 Gothicum
721 3262 954 3330 dixerit,
987 3263 1227 3333 quisquis
1256 3263 1327 3316 sit
1361 3261 1483 3328 ille,
1518 3261 1605 3332 qui
1635 3262 1985 3318 recentiorem
2018 3265 2226 3319 titulum
2273 3265 2459 3321 Codici
2488 3270 2756 3338 apposuit.
2803 3270 3123 3327 Thomasius
3155 3271 3442 3330 Gallicanae

164 3354 431 3413 Ecclesia:
460 3356 561 3412 hoc
591 3370 712 3412 esse
741 3356 958 3412 Missale
1001 3355 1319 3426 comprobat
1344 3370 1410 3409 ex
1442 3356 1806 3424 compluribus
1835 3366 2142 3411 sanctorum
2175 3357 2359 3413 Galliae
2390 3359 2568 3425 festis,
2604 3371 2660 3415 ut
2706 3364 2878 3416 sancti
2907 3365 3173 3420 Saturnini
3206 3369 3443 3437 episcopi

165 3449 443 3516 Tolosani,
474 3455 781 3504 sanctorum
814 3446 1052 3503 Ferreoli
1081 3455 1136 3501 et
1165 3447 1502 3502 Ferrutionis
1531 3453 1824 3518 martyrum
1862 3447 2389 3514 Vesontionensium,
2423 3451 2589 3504 sancti
2625 3450 3002 3522 Sympboriani
3035 3456 3284 3525 martyris
3332 3459 3442 3510 Au-

164 3543 602 3617 gustodunensis,
637 3543 870 3610 itemque
898 3543 1069 3600 sancti
1094 3543 1409 3613 Leodegarii
1439 3542 1678 3611 ejusdem
1710 3543 1859 3597 urbis
1887 3541 2144 3611 episcopi,
2176 3551 2227 3595 et
2253 3542 2419 3596 sancti
2453 3543 2660 3597 Martini
2704 3543 3053 3599 Turonensis.
3093 3544 3250 3600 Aliud
3281 3546 3441 3600 etiam

165 3650 538 3710 argumentum
569 3639 799 3695 desumit
825 3656 888 3695 ex
917 3638 1178 3694 triduanis
1209 3648 1333 3692 ante
1361 3638 1733 3692 ascensionem
1771 3635 2368 3708 1761logationibus,
2414 3651 2533 3706 quae
2561 3637 2613 3691 in
2642 3635 2827 3692 Galliis
2855 3637 3130 3703 institutae,
3173 3638 3343 3693 serius
3373 3639 3441 3694 ad

165 3732 302 3790 alias
331 3732 596 3789 Ecclesias
627 3740 1021 3802 pervenerunt:
1052 3731 1160 3785 imo
1189 3730 1328 3800 apud
1361 3729 1626 3798 Hispanos
1655 3736 1776 3798 post
1804 3729 2186 3785 Ascensionem
2218 3728 2450 3797 rejectae.
2487 3728 2634 3782 Adeo
2664 3736 2722 3781 ut
2768 3737 2969 3782 certum
3002 3731 3071 3783 sit
3101 3730 3201 3783 hoc
3231 3728 3442 3786 Missalo

166 3839 280 3880 non
306 3838 426 3881 esse
456 3825 797 3895 Hispanicum
817 3866 831 3891 ,
860 3823 962 3880 etsi
993 3823 1044 3877 in
1074 3837 1143 3878 eo
1169 3821 1431 3879 referatur
1456 3824 1620 3876 missa
1652 3823 1703 3875 in
1736 3822 1897 3876 natali
1940 3832 2138 3877 sanctae
2191 3821 2410 3875 Eulalia:
2461 3822 2690 3890 virginis
2732 3831 2786 3876 et
2838 3823 3088 3893 martyris
3134 3822 3436 3893 Lusitante,

165 3932 291 3988 quae
316 3917 456 3987 apud
486 3917 722 3972 Francos
751 3916 878 3971 olim
917 3916 1147 3972 celebris
1175 3923 1312 3982 erat,
1339 3923 1396 3968 ut
1421 3922 1564 3983 patet
1587 3928 1652 3967 ex
1683 3913 1942 3983 Gregorio
1969 3921 2025 3969 et
2052 3928 2116 3968 ex
2152 3913 2412 3968 Venantio
2449 3915 2760 3968 Fortunato.

242 4012 295 4067 ι.
331 4012 407 4066 De
430 4018 669 4080 tempore
699 4025 804 4080 quo
830 4010 1060 4080 scriptus
1089 4018 1172 4064 est
1195 4008 1377 4064 Codex
1411 4009 1523 4073 ille,
1557 4022 1661 4062 non
1691 4008 1912 4064 omnino
1955 4019 2202 4065 constat:
2238 4019 2470 4063 attamen
2498 4024 2562 4064 ex
2591 4009 2764 4064 forma
2816 4008 3138 4076 litterarum,
3180 4015 3236 4063 et
3259 4022 3326 4064 ex
3355 4007 3440 4064 Li-

169 4102 358 4174 Iurgia:
382 4102 670 4159 Gallicana:
698 4103 1063 4172 abrogatione,
1091 4115 1209 4170 quae
1241 4100 1547 4170 pontiﬁcatu
1573 4099 1792 4155 Adriani
1826 4100 2154 4171 “regnante
2183 4099 2376 4154 Carolo
2401 4101 2593 4170 Magno
2622 4109 2748 4153 ante
2769 4113 2938 4153 annos
2970 4108 3269 4168 nongentos
3295 4098 3438 4154 facta

167 4204 272 4261 est,
303 4203 544 4266 apparet,
574 4195 717 4250 hunc
741 4195 960 4250 ineunte
983 4193 1182 4250 saeculo
1207 4208 1302 4247 VIII
1324 4234 1339 4256 ,
1391 4205 1581 4261 nempe
1609 4191 1674 4246 ad
1704 4193 2005 4255 exemplum
2039 4191 2257 4246 alterius
2285 4191 2485 4246 codicis
2527 4190 2870 4257 vetustioris,
2919 4188 3083 4245 fuisse
3111 4192 3428 4258 exaratum',

171 4303 281 4345 non
310 4289 488 4355 citius,
517 4297 738 4359 propter
764 4286 960 4341 festum
991 4285 1160 4340 sancti
1194 4284 1503 4354 Leodegarii
1528 4325 1541 4348 ,
1571 4283 1659 4351 qui
1690 4298 1831 4338 anno
1858 4281 1962 4337 678
1991 4290 2213 4336 necatus
2243 4291 2345 4336 est.

243 4381 299 4438 5.
341 4379 475 4436 Huic
501 4379 687 4436 Codici
715 4379 890 4450 aliqua
912 4379 1068 4433 initio
1095 4377 1287 4433 deesse
1313 4392 1381 4431 ex
1413 4375 1684 4431 cardinale
1714 4376 1858 4431 Bona
1901 4385 1955 4430 et
1997 4375 2286 4431 Thomasio
2326 4375 2612 4440 discimus;
2645 4376 2738 4431 sed
2769 4374 2897 4444 quid
2945 4375 3075 4431 illud
3101 4377 3199 4441 sit,
3247 4386 3434 4432 neuter

169 4463 421 4542 explicat.
450 4471 577 4528 Mihi
603 4486 732 4528 vero
763 4486 866 4526 non
894 4469 1112 4524 difﬁcile
1136 4469 1347 4523 videtur
1373 4469 1641 4536 conjicere
1667 4482 1734 4522 ex
1765 4468 2038 4522 numerica
2066 4477 2192 4523 nota
2226 4483 2299 4534 iv,
2329 4481 2448 4537 quae
2473 4466 2536 4521 ad
2565 4465 2800 4520 ofﬁcium
2831 4466 3032 4521 Natalis
3058 4467 3268 4520 Domini
3301 4482 3437 4536 pra:-

170 4570 364 4641 ﬁgitur.
396 4568 522 4624 Haec
549 4567 695 4623 enim
728 4575 851 4621 nota
878 4565 1077 4620 indicat
1106 4565 1204 4618 tria
1233 4564 1420 4618 deesse
1449 4561 1645 4626 ofﬁcia,
1679 4576 1905 4629 quorum
1936 4577 2096 4617 unum
2127 4572 2211 4618 est
2241 4566 2295 4617 in
2321 4561 2500 4630 vigilia
2528 4560 2730 4614 Natalis
2761 4559 2994 4615 Domini.
3030 4560 3082 4613 in
3113 4559 3308 4614 Codice
3337 4561 3436 4614 im-

168 4658 478 4731 perfectum.
509 4657 624 4713 Duo
653 4657 832 4726 itaque
861 4663 1070 4710 restant
1098 4668 1215 4724 quae
1237 4653 1305 4707 de
1335 4653 1575 4708 Adventu
1609 4652 1632 4705 Γ
1634 4653 1776 4707 uisse
1806 4653 2106 4724 colligimus
2129 4670 2195 4709 ex
2245 4653 2402 4710 tertio
2431 4653 2646 4720 Missali,
2681 4652 2824 4720 quod
2849 4652 3044 4706 dicitur
3073 4662 3226 4708 vetus
3262 4652 3433 4708 Galli-

166 4765 373 4815 canum,
406 4749 459 4804 in
486 4761 594 4818 quo
622 4747 740 4802 dua:
766 4754 976 4801 tantum
1006 4745 1187 4799 missa}
1213 4743 1280 4798 de
1311 4743 1557 4798 Adventu
1589 4743 1795 4799 Domini
1827 4754 1952 4801 ante
1972 4745 2206 4801 ofﬁcium
2249 4760 2348 4814 pro
2381 4745 2570 4812 Vigilia
2601 4743 2802 4800 Natalis
2832 4743 3042 4798 Domini
3073 4743 3436 4814 assignantur.

168 4847 262 4904 Hae
286 4845 403 4901 dua:
432 4844 611 4899 missa:
635 4842 680 4897 si
711 4843 764 4895 in
796 4841 888 4895 illo
917 4839 1145 4895 Gothico
1175 4839 1551 4908 suppleantur,
1581 4840 1672 4893 vix
1715 4839 2003 4909 quidquam
2030 4840 2200 4894 deerit
2247 4840 2313 4895 ad
2344 4839 2460 4908 ejus
2509 4836 2901 4891 absolutionem
2935 4845 3127 4904 praeter
3171 4837 3390 4904 paucula
3415 4874 3435 4903 ,

171 4954 286 5009 qua:
313 4939 364 4993 in
387 4936 495 4992 ﬁne
532 4935 870 4992 exciderunt.
902 4932 1064 4989 Certe
1095 4932 1275 4987 multa:
1321 4931 1657 5000 precationes
1706 4933 1920 5004 utrique
1968 4933 2168 4988 Missali
2200 4945 2513 4989 communes
2549 4939 2712 4998 sunt,
2747 4939 2803 4985 ut
2851 4931 2992 4986 facta
3039 4931 3435 5000 comparatione

166 5031 343 5091 multis
369 5031 423 5086 in
465 5029 598 5085 locis
629 5026 948 5084 notavimus.

104 5186 112 5195 ,
239 5122 290 5178 6.
326 5122 630 5179 Secundum
660 5120 870 5176 Missale
895 5119 1088 5174 dicitur
1117 5119 1442 5173 Francorum
1465 5157 1479 5180 ,
1527 5131 1634 5172 non
1681 5118 1853 5174 solum
1885 5118 1954 5173 ob
1986 5117 2201 5173 missam
2234 5119 2301 5174 de
2345 5127 2531 5174 sancto
2562 5119 2763 5174 Hilario
2792 5121 3042 5189 episcopo
3073 5119 3392 5176 Pictaviensi
3412 5160 3428 5182 ,

168 5213 259 5270 sed
285 5215 438 5270 etiam
468 5213 538 5268 ob
564 5211 892 5268 mentionem
922 5211 1072 5280 regni
1102 5210 1453 5276 Francorum,
1486 5225 1604 5279 qua:
1634 5210 1686 5265 in
1717 5209 2090 5266 benedictione
2125 5213 2278 5283 177
2307 5227 2490 5282 regum
2523 5227 2630 5268 non
2661 5213 2826 5268 semel
2857 5212 3112 5268 occurrit.
3146 5211 3296 5266 Hunc
3324 5211 3432 5266 Co-

168 5308 332 5363 dicem
357 5306 562 5362 viderat
590 5304 827 5360 Joannes
857 5301 1112 5367 Morinus,
1143 5303 1368 5373 ejusque
1397 5304 1639 5358 notitiam
1682 5303 1921 5374 suggerit
1952 5304 2002 5357 in
2045 5303 2183 5358 libro
2212 5305 2279 5358 de
2309 5303 2475 5358 sacris
2517 5304 2973 5370 Ordinationibus,
3005 5320 3124 5374 pag.
3156 5301 3283 5358 26!.
3314 5322 3334 5356 ι
3371 5303 3430 5358 In

175 5398 485 5456 Bibliotheca
513 5398 614 5454 viri
660 5397 977 5468 amplissimi
1009 5397 1069 5450 D.
1103 5395 1302 5451 Petavii
1335 5401 1597 5454 senatoris
1628 5400 1941 5469 pariamenti
1973 5398 2289 5456 Parisiensis
2320 5398 2666 5470 integerrimi,
2716 5401 2894 5455 Codex
2938 5409 3019 5453 est
3047 5399 3284 5453 omnium
3328 5401 3433 5455 Co-

173 5494 335 5548 dicum
359 5490 658 5556 ritualium,
687 5503 824 5560 quos
864 5488 1018 5544 nobis
1059 5489 1240 5544 videre
1268 5491 1525 5559 contigit,
1557 5494 1991 5561 antiquissimus;
2023 5505 2270 5548 accurate
2300 5495 2586 5548 admodum
2615 5495 2845 5562 scriptus
2896 5493 3087 5547 litteris
3117 5495 3417 5552 uncialibus

183 5585 484 5656 majoribus,
525 5583 662 5639 bene
691 5582 984 5654 quadratis,
1017 5582 1449 5653 splendidissime
1474 5584 1787 5643 eﬁ‘ormatis.
1821 5591 1877 5645 In
1901 5591 2124 5658 gratiam
2157 5589 2410 5644 Ecclesiae
2441 5589 2785 5644 Pictaviensis
2813 5588 3022 5642 videtur
3067 5590 3194 5645 olim
3225 5591 3428 5647 descri-

185 5689 312 5756 ptus.
339 5675 545 5732 Nullius
565 5676 708 5732 enim
737 5674 907 5732 sancti
934 5684 1127 5745 praeter
1151 5677 1317 5731 sancti
1346 5676 1533 5731 Hilarii
1559 5674 1776 5733 missam
1803 5682 2112 5750 specialiter
2138 5683 2414 5748 continet;
2458 5683 2622 5750 ipsius
2653 5683 2868 5736 nomine
2900 5682 2953 5734 in
2978 5683 3306 5740 orationibus
3324 5728 3339 5750 ,
3371 5687 3427 5744 in

186 5766 512 5845 praefatione,
537 5774 594 5823 et
619 5763 755 5823 infra
784 5766 1050 5824 actionem
1080 5781 1334 5840 expresso
1363 5784 1375 5822 :
1401 5776 1612 5825 caetera
1639 5769 1818 5828 missa
1845 5785 2157 5830 communes
2185 5781 2328 5831 sunt.
2358 5774 2416 5830 ln
2445 5773 2699 5828 Mancino
2729 5787 2957 5848 quoque,
2993 5786 3114 5844 post
3161 5777 3412 5835 Cosmam
