4048 6350
722 289 829 348 219
1431 294 1781 356 APPle
1820 296 1914 355 AD
1952 295 2182 352 OPEBA
2220 292 2464 351 SANCTI
2504 294 2817 351 GERMANI
2858 295 3307 357 PARISIENSIS.
3822 311 3875 364 221i
3924 296 3925 329 *

733 418 789 462 et
818 408 1155 478 Damianum.
1190 414 1375 469 Hilarii
1406 416 1463 471 lit
1498 418 1758 472 memoria
1789 427 1845 472 et
1870 415 2099 470 Martini.
2134 410 2387 467 Codicem
2440 411 2588 465 illum
2621 410 2884 467 Gallicum
2934 412 3099 468 fuisse
3127 413 3365 468 dubitari
3409 427 3516 467 non
3545 424 3723 482 potest,
3752 424 3873 475 eumn

724 499 889 555 missa
922 516 1019 569 pro
1050 503 1264 575 regibus
1291 503 1645 574 Francorum,
1679 514 1735 560 et
1762 506 1811 559 itt
1845 506 2006 559 variis
2035 502 2373 557 orationibus
2420 502 2706 572 imperium
2758 503 3060 559 ltomanum
3091 517 3363 573 nunquam
3395 514 3875 573 commemoretur,sed
3924 499 3925 521 θ

728 604 989 663 perpetuo
1019 590 1159 651 Deus
1194 598 1247 649 in
1270 611 1338 651 eo
1368 602 1469 666 pro
1508 599 1661 667 regni
1691 597 2019 652 Francorum
2054 596 2411 665 prosperitate
2454 600 2736 651 exoretur.
2778 590 2965 667 Itaun
2996 593 3128 653 mihi
3156 592 3370 667 Videtur
3400 576 3574 655 Colles
3618 582 3696 654 ille
3720 613 3804 667 post
3826 620 3875 657 an»

728 697 855 737 num
885 682 1012 751 5H,
1043 686 1137 740 sed
1161 696 1283 741 ante
1312 701 1509 742 annum
1543 688 1646 742 560
1678 688 1727 742 in
1756 688 1922 743 Gallia
1952 689 2213 755 scriptus,
2248 685 2521 756 Gallisque
2550 687 2783 742 nondum
2827 689 2881 742 in
2925 703 3088 742 unum
3137 690 3387 757 populum
3416 704 3534 744 cum
3575 689 3761 746 Francis
3777 697 3877 749 coale-

725 778 1017 833 scentibus.
1050 778 1155 832 Ter
1186 780 1326 833 enim
1357 766 1451 849 pro
1482 780 1629 850 regni
1654 774 1979 835 Frdaborhm
2010 778 2223 853 nomine
2273 778 2461 848 preces
2490 780 2660 847 ﬁunt;
2690 780 2825 836 illas
2862 786 2961 850 Pro
2994 780 3323 835 Francorum
3367 784 3682 851 principatu;
3720 787 3813 837 alias
3831 802 3879 854 pro

728 867 1068 939 Principibus
1100 871 1457 939 Francorum;
1492 886 1546 929 et
1572 877 1737 930 semel
1766 892 1865 945 pro
1905 877 2079 930 salute
2122 886 2173 930 et
2218 873 2585 930 incolumitate
2614 873 2765 941 regni
2806 870 3157 929 Francorum.
3186 873 3365 930 Codex
3398 875 3488 931 ille
3529 886 3581 931 et
3607 885 3831 941 vetustate,
3854 892 3880 933 et

734 960 1065 1017 cbaracteris
1094 964 1484 1033 magnificentia
1514 965 1651 1021 adeo
1675 966 2033 1032 venerandus,
2065 982 2098 1020 e
2126 965 2293 1021 Gallia
2321 964 2570 1035 migravit
2598 964 2953 1021 Stokolmium
2974 965 3274 1031 Succorum
3302 968 3526 1041 regiam,
3551 982 3579 1021 a
3604 966 3817 1023 Christina
3841 972 3880 1021 ix:-

727 1056 1076 1123 comparabili
1123 1057 1416 1113 Succorum
1451 1060 1690 1129 principe
1735 1074 1855 1113 cum
1906 1060 2201 1114 innumeris
2232 1058 2353 1114 aliis
2376 1073 2508 1112 auro
2538 1057 2872 1127 redemptus.
2910 1077 2931 1111 ι
2967 1057 3095 1114 Hac
3138 1058 3376 1115 Morinos
3408 1078 3422 1114 :
3454 1062 3542 1131 qui
3589 1077 3651 1117 ex
3683 1077 3737 1118 eo
3766 1063 3881 1117 Codite

733 1149 963 1219 vulgavit
988 1165 1106 1220 qum
1150 1151 1215 1205 ad
1265 1165 1445 1207 sacras
1486 1152 1851 1207 ordinationes
1900 1151 2262 1221 pertinebant.
2300 1148 2457 1207 Nunc
2484 1151 2588 1206 iste
2615 1149 2798 1205 Codex
2829 1150 3016 1207 Roma:
3060 1161 3145 1209 est
3172 1154 3226 1209 in
3275 1154 3600 1210 Bibliotheca
3636 1156 3881 1211 serenissima

717 1244 935 1315 reginas.

796 1340 849 1395 7.
890 1341 1041 1407 Quod
1066 1340 1255 1396 attinet
1285 1341 1350 1395 ad
1381 1340 1498 1411 ejus
1525 1341 1892 1411 antiquitatem
1915 1381 1928 1407 ,
1976 1349 2181 1396 certum
2225 1347 2309 1394 est
2354 1339 2519 1395 multa
2560 1353 2629 1395 ex
2657 1339 2826 1395 veteri
2858 1338 3134 1396 Gallicano
3162 1338 3269 1395 ritu
3316 1339 3374 1394 in
3422 1339 3516 1395 illo
3558 1334 3879 1395 continerlzsetl

718 1448 821 1489 nec
850 1434 1186 1490 difﬁtendum
1218 1435 1462 1505 quaedam
1494 1450 1615 1491 esse
1656 1436 1722 1489 ad
1750 1438 1968 1489 modum
1999 1432 2213 1487 Ordinis
2243 1431 2512 1488 Gelasiani
2548 1434 2709 1505 178
2736 1443 2792 1488 et
2820 1431 3153 1504 Gregoriani.
3186 1433 3596 1489 Ordinationum
3637 1433 3794 1502 quippe
3814 1434 3881 1486 titus

716 1535 775 1580 et
804 1528 1138 1595 precationes
1167 1526 1368 1581 eaedem
1399 1530 1738 1597 reperiuntur
1767 1526 1819 1581 in
1850 1527 2052 1580 Ordine
2082 1523 2359 1579 Romano:
2399 1532 2451 1578 et
2478 1523 2662 1579 Cannn
2690 1524 2830 1581 idem
2858 1535 2941 1579 est
2969 1525 3095 1581 item
3127 1539 3247 1580 cum
3293 1524 3560 1590 Romano,
3588 1524 3707 1579 adeo
3730 1533 3774 1577 ut
3794 1525 3880 1577 etiam

716 1618 882 1673 verba
915 1620 1029 1673 hinc
1054 1637 1065 1671 :
1093 1617 1312 1686 Diesque
1344 1630 1545 1674 nostros
1570 1619 1625 1675 in
1665 1633 1751 1675 tua
1778 1638 1903 1694 pace
1931 1623 2192 1695 disponas,
2223 1639 2343 1693 quae
2372 1639 2402 1679 a
2451 1620 2709 1690 Gregorio
2735 1618 2925 1689 Magno
2952 1615 3130 1671 addita
3160 1614 3545 1686 perhibentur,
3576 1615 3627 1670 in
3651 1615 3730 1671 illo
3750 1614 3879 1670 Canone

719 1710 985 1781 legantur.
1014 1711 1167 1767 Unde
1188 1711 1449 1767 .Codicem
1491 1728 1596 1768 non
1626 1715 1823 1768 saeculo
1854 1732 1926 1780 vt,
1957 1731 2086 1786 pace
2116 1716 2220 1772 viri
2250 1712 2579 1782 doctissimi,
2609 1710 2704 1766 sed
2732 1708 3035 1780 insequenti
3066 1710 3433 1779 conscriptum
3466 1707 3627 1764 fuisse
3657 1708 3879 1779 intelligitur.

710 1804 789 1862 At
808 1820 915 1862 non
944 1807 1117 1860 serius
1146 1806 1215 1860 ob
1239 1806 1369 1860 duas
1396 1807 1653 1862 rationes.
1686 1808 1864 1862 Primo
1885 1810 2027 1865 enim
2059 1810 2113 1865 in
2136 1809 2512 1866 benedictione
2534 1821 2716 1877 regum
2738 1849 2753 1875 ,
2786 1819 2891 1859 non
2915 1802 2981 1858 de
3012 1818 3141 1871 uno,
3175 1803 3267 1858 sed
3299 1802 3367 1858 de
3394 1803 3631 1874 pluribus
3663 1803 3877 1874 regibussei

716 1898 1046 1971 principibus
1077 1900 1401 1955 Francorum
1436 1901 1494 1955 ﬁt
1523 1902 1741 1967 mentio,
1777 1904 1831 1957 in
1857 1902 1997 1958 hunc
2023 1903 2239 1958 modum
2268 1920 2282 1956 :
2310 1900 2638 1957 Francorum
2678 1898 2820 1972 regni
2850 1897 3025 1951 adesto
3054 1896 3409 1967 principibus;
3443 1909 3551 1954 tum
3576 1916 3587 1951 :
3616 1896 3879 1968 Protegente

715 1989 1045 2047 Francorum
1068 1995 1284 2049 nominis
1306 1994 1487 2065 ubique
1515 2006 1755 2062 rectores,
1780 2012 1899 2067 qua:
1921 2005 2153 2067 arguunt
2178 1996 2503 2052 Francorum
2535 1994 2888 2065 principatum
2914 2001 3041 2048 tunc
3070 2007 3234 2062 penes
3257 2008 3422 2047 unum
3456 2009 3561 2048 non
3586 1993 3742 2058 luisse,
3763 1992 3881 2060 quinia

714 2084 799 2140 vel
828 2084 1059 2154 scriptus
1086 2095 1170 2141 est
1198 2086 1398 2153 Codex,
1435 2086 1517 2141 vel
1549 2088 1842 2156 composita
1872 2086 2265 2144 benedictionis
2293 2086 2549 2143 formula.
2578 2084 2783 2141 Deinde
2814 2085 2867 2139 in
2899 2083 3145 2147 Canone,
3181 2082 3269 2138 ubi
3300 2084 3636 2140 confessores
3674 2081 3881 2152 martyribus

715 2178 1091 2248 subjiciuntur,
1120 2180 1210 2236 uni
1241 2190 1589 2237 recensentur
1618 2181 1942 2243 llilarius,et
1984 2182 2261 2247 Martinus,
2294 2197 2414 2238 cum
2449 2184 2502 2237 in
2533 2180 2714 2236 swculi
2744 2195 2797 2234 ιι
2827 2177 3115 2233 Codicibus
3147 2177 3325 2247 plures
3359 2178 3449 2233 alii
3499 2187 3829 2243 memorentur,
3856 2188 3881 2227 ti

708 2288 777 2331 ex
808 2273 957 2329 libris
987 2273 1457 2330 Sacramentorum
1488 2291 1516 2327 a
1560 2276 1811 2337 hienardo
1836 2286 2022 2331 nostro
2051 2276 2267 2342 relatis,
2300 2277 2528 2345 aliisque
2577 2272 2916 2327 manifestum
2947 2280 3049 2326 est.

780 2367 835 2421 8.
878 2366 1065 2421 Restat
1094 2368 1356 2436 agendum
1386 2367 1454 2422 de
1486 2367 1644 2422 tertio
1670 2367 1889 2431 Missali,
1922 2367 2062 2438 quod
2087 2366 2408 2423 Thotnasius
2435 2366 2771 2423 Gallicanum
2805 2374 2957 2420 vetus
2986 2362 3239 2433 appellat,
3272 2372 3569 2433 censetque
3598 2363 3715 2419 illud
3738 2361 3882 2435 proprius
3924 2364 3925 2438 ᾗ

704 2461 970 2517 accedere
992 2460 1058 2514 ad
1080 2461 1241 2515 ritum
1274 2459 1597 2525 Romanum,
1626 2478 1645 2511 ι
1675 2475 1797 2514 cum
1831 2461 1883 2515 in
1912 2460 2239 2525 orationum,
2264 2459 2455 2539 inquit,
2488 2458 2751 2514 brevitate
2771 2472 2836 2513 ex
2866 2456 3111 2510 Romano
3136 2469 3311 2519 more,
3342 2466 3458 2510 tum
3490 2456 3543 2510 in
3563 2453 3751 2510 Canone
3765 2454 3880 2511 missa.

710 2568 869 2622 quem
901 2566 1044 2621 saepe
1073 2552 1201 2606 citat
1224 2561 1276 2605 et
1305 2551 1579 2619 supponit.
1620 2569 1637 2602 ι
1668 2550 1862 2606 Verum
1894 2560 1948 2606 et
1975 2550 2241 2605 secundus
2271 2549 2453 2604 Codex
2488 2563 2595 2603 non
2630 2548 2883 2617 supponit
2913 2545 3094 2613 modo,
3146 2544 3241 2600 sed
3274 2544 3442 2600 etiam
3474 2545 3585 2600 fere
3611 2544 3815 2615 integrum
3837 2556 3880 2594 τε·

713 2647 818 2702 fert
844 2662 859 2701 :
888 2661 1009 2700 cunt
1039 2644 1226 2700 tertius
1251 2644 1416 2699 alium
1444 2642 1716 2700 Canonem
1750 2644 1943 2701 habeat
1970 2645 2023 2698 in
2047 2644 2283 2699 secunda
2313 2644 2475 2699 missa
2504 2644 2573 2699 de
2626 2642 2875 2698 Adventu
2897 2681 2913 2711 ,
2948 2656 3049 2697 nec
3093 2640 3405 2697 Romanum
3452 2638 3723 2711 supponat,
3763 2636 3829 2691 nisi
3854 2632 3879 2684 in

711 2740 879 2795 Coma
912 2739 1156 2806 Domini,
1190 2747 1242 2793 et
1292 2737 1345 2792 in
1374 2738 1537 2808 priori
1567 2739 1727 2793 missa
1757 2738 1827 2793 de
1854 2737 2100 2793 Adventu
2129 2740 2244 2807 ejus
2291 2751 2521 2811 partem.
2554 2737 2759 2793 Deinde
2782 2736 3005 2793 sedundi
3050 2734 3278 2790 Missalis
3319 2736 3593 2791 orationes
3630 2749 3721 2788 non
3744 2728 3879 2785 tamdi-
3924 2796 3925 2811 ἢ

710 2843 857 2890 certe
885 2833 1216 2888 Gallicanum
1258 2847 1462 2887 morem
1494 2841 1817 2901 sequuntur,
1851 2847 2008 2902 quam
2039 2831 2183 2887 tertii
2226 2831 2457 2889 Missalis
2484 2830 2867 2887 Collectiones.
2912 2828 2969 2884 ln
3001 2828 3241 2885 secundo
3269 2828 3421 2885 enim
3464 2829 3580 2884 dua:
3605 2831 3877 2894 consequente:
3924 2802 3925 2879 l

710 2925 967 2995 assignari
996 2925 1110 2978 sine
1138 2923 1290 2978 titulo
1320 2924 1513 2990 solent,
1542 2932 1599 2977 ut
1640 2922 1694 2977 in
1727 2921 2047 2989 Gelasiauo;
2092 2938 2194 2978 nec
2225 2924 2423 2995 ubique
2449 2924 2723 2978 orationes
2746 2921 2875 2977 Post
2903 2920 3151 2987 Nomina,
3184 2935 3282 2976 nec
3312 2934 3539 2991 usquam
3580 2919 3800 2976 orationes
3816 2914 3880 2967 Pus

711 3015 938 3082 Pacem;
972 3030 1067 3069 nec
1092 3017 1211 3071 ullae
1241 3015 1472 3085 denique
1501 3019 1639 3072 Ante
1666 3017 1966 3072 orationem
2003 3017 2159 3088 179
2188 3016 2544 3085 Dominicam,
2570 3032 2690 3088 quae
2720 3017 2775 3072 in
2817 3016 2975 3072 tertio
3002 3014 3224 3082 Missali,
3254 3024 3310 3070 ut
3350 3030 3570 3086 semper
3597 3016 3645 3069 in
3673 3005 3880 3084 primwi

713 3120 820 3166 tem
848 3109 1132 3177 aliquando
1163 3107 1487 3163 referuntur.
1521 3108 1597 3163 De
1625 3108 1725 3164 hoc
1755 3108 1950 3165 Codice
1982 3108 2303 3166 Thomasius
2330 3110 2403 3165 ita
2434 3109 2685 3179 praefatur
2711 3125 2726 3162 :
2764 3127 2783 3160 ι
2824 3108 3134 3163 Postremus
3164 3106 3345 3163 Codex
3392 3120 3476 3165 est
3506 3098 3747 3165 Palatinus
3770 3100 3879 3157 δίωξιν

712 3204 886 3258 thecae
914 3200 1184 3256 Vaticana:
1212 3201 1449 3270 signatus
1473 3218 1529 3256 ιι.
1562 3200 1689 3269 495,
1720 3201 2122 3257 charaCIeribus
2152 3201 2453 3257 uncialibus
2480 3201 2593 3259 sive
2618 3201 2920 3271 quadratis,
2963 3201 3058 3255 sed
3088 3201 3465 3271 negligentiori
3508 3216 3644 3270 saepe
3672 3211 3793 3255 manu
3812 3204 3879 3245 cou-

712 3296 976 3365 scriptus,
1030 3309 1184 3361 quam
1230 3294 1471 3362 plurimis
1504 3295 1707 3365 paginis
1757 3309 2013 3359 mancus,
2063 3304 2117 3350 et
2143 3295 2421 3351 erroribus
2450 3295 2680 3366 (scilicet
2719 3294 3094 3364 amanuensis)
3136 3292 3393 3351 refertus.
3441 3282 3597 3350 Addit
3633 3286 3877 3347 Thomasius.

719 3409 739 3443 ι
775 3390 1015 3446 moderni
1047 3387 1274 3456 alicujus
1325 3402 1485 3442 manu
1518 3405 1536 3439 ι
1565 3388 1818 3442 Codicem
1846 3389 2162 3455 inscriptum
2186 3386 2357 3444 fuisse
2386 3406 2399 3440 :
2439 3406 2457 3439 ‹
2492 3386 2659 3441 Missa
2703 3385 2961 3472 Romana.
2993 3385 3112 3455 Quo
3137 3387 3313 3452 titulo,
3348 3386 3550 3458 inquit,
3582 3396 3633 3441 ut
3658 3400 3685 3439 a
3706 3395 3802 3437 vero
3822 3375 3879 3429 lor

709 3483 828 3553 gius
854 3483 1159 3547 aberrante,
1187 3483 1417 3551 sublato,
1453 3484 1594 3537 hunc
1623 3481 1933 3539 calfecimus
1968 3498 1980 3532 :
2015 3479 2227 3535 Missaie
2257 3478 2609 3536 Gallicanum.
2650 3498 2669 3534 ι
2705 3468 2924 3536 Scilicet
2951 3479 3091 3550 quod
3122 3479 3252 3534 illud
3283 3479 3505 3535 Missale
3545 3486 3764 3549 sequatur
3789 3468 3879 3525 tilum

714 3577 1084 3643 Gallicanum,
1136 3591 1242 3632 non
1298 3577 1633 3640 Romanum;
1663 3574 1806 3643 quod
1846 3574 1900 3628 in
1941 3588 2007 3628 co
2044 3574 2249 3629 mentio
2275 3572 2537 3631 habeatur
2560 3575 2707 3629 hora:
2746 3574 3081 3630 duodecimae
3124 3574 3178 3630 in
3221 3573 3427 3643 Vigiliis
3471 3575 3664 3630 Natalis
3698 3564 3881 3626 Dominid

714 3672 966 3740 Paschte,
994 3688 1097 3742 qua
1128 3674 1197 3727 de
1229 3674 1359 3728 hora
1391 3670 1595 3726 utentio
1624 3672 1682 3725 lit
1723 3672 1775 3725 in
1816 3669 2034 3725 concilii
2064 3683 2103 3722 ιι
2132 3667 2465 3725 Turonensis
2505 3682 2716 3724 canone
2742 3670 2831 3725 18.
2865 3669 3104 3741 Denique
3151 3670 3196 3724 si
3227 3668 3281 3723 in
3309 3684 3377 3725 eo
3420 3669 3612 3727 Missali
3648 3666 3705 3723 ad
3726 3665 3881 3721 Parasre-
3924 3716 3925 3719 η

712 3772 815 3820 ven
843 3766 1014 3819 oratio
1056 3767 1148 3822 tlat
1178 3781 1275 3836 pro
1304 3768 1547 3821 Romano
1576 3765 1842 3835 imperio,
1892 3765 1943 3819 id
1985 3763 2052 3818 ad
2094 3763 2227 3818 illud
2262 3773 2471 3834 tempus
2511 3762 2735 3831 referri,
2786 3778 2894 3834 quo
2942 3762 3231 3820 Galliarum
3267 3766 3558 3833 provinciae
3602 3758 3786 3819 Romani
3812 3752 3881 3807 iuri!

712 3857 1049 3912 exstiterunt.

783 3950 838 4003 9.
876 3948 1101 4005 Constat
1134 3964 1291 4018 porro
1314 3950 1416 4005 hoc
1438 3949 1652 4005 Missale
1677 3947 1937 4005 Gallicani
1966 3947 2099 4003 ritus
2134 3949 2461 4006 censendum
2502 3966 2646 4020 esse,
2688 3961 2802 4006 tum
2848 3950 2972 4021 quia
3008 3949 3368 4009 Collectiones
3400 3955 3483 4025 (ut
3510 3968 3631 4010 mox
3657 3937 3880 4006 dicebamus)

643 4026 651 4034 ’
712 4041 901 4098 eodem
946 4044 1106 4098 modo
1153 4046 1206 4099 in
1247 4059 1315 4100 eo
1348 4043 1645 4112 procedunt
1671 4052 1829 4113 atque
1858 4045 1913 4100 in
1944 4043 2117 4113 primo
2145 4042 2370 4112 Missali,
2400 4044 2541 4114 quod
2573 4044 2796 4100 indubie
2843 4060 3035 4114 purum
3068 4044 3288 4102 exhibet
3315 4045 3570 4103 Ordinem
3618 4043 3879 4101 Gallicanum;

709 4145 820 4191 tum
846 4138 971 4207 quia
1003 4136 1284 4205 utrobique
1310 4138 1498 4191 eodem
1530 4137 1691 4193 modo
1719 4138 2062 4208 appellantur
2090 4137 2470 4205 Collectiones,
2516 4137 2645 4192 Post
2685 4136 2934 4208 Nomina,
2983 4137 3114 4194 Post
3160 4138 3376 4205 Pacem,
3424 4138 3748 4199 Contestatio,
3782 4124 3881 4185 ora“0

707 4228 847 4282 Ante
874 4238 929 4283 et
956 4228 1082 4282 Post
1122 4231 1427 4285 orationem
1459 4229 1788 4287 Dominicam
1811 4248 1840 4309 ς.
1863 4230 2181 4301 eaedemque
2210 4230 2499 4301 aliquando
2534 4230 2809 4287 orationes
2838 4240 3192 4302 repetuntur:
3229 4242 3340 4289 tum
3369 4233 3597 4304 denique
3618 4231 3722 4302 quia
3741 4226 3779 4281 in
3796 4229 3881 4275 υιτθσ

706 4340 813 4396 que
862 4324 930 4381 ad
976 4324 1269 4382 Sabbatum
1302 4327 1520 4383 Pascha:
1550 4336 1670 4397 post
1711 4328 2035 4398 baptismum
2072 4328 2131 4382 ﬁt
2161 4326 2366 4383 mentio
2395 4326 2460 4381 de
2486 4327 2687 4385 lotione
2717 4328 2913 4399 pedum
2943 4345 2954 4381 :
2987 4342 3144 4397 quem
3196 4329 3359 4384 ritum
3390 4346 3421 4384 a
3452 4329 3682 4384 Romano
3706 4321 3880 4379 diversum

705 4434 828 4475 esse
859 4426 1084 4475 testatur
1115 4417 1452 4485 Ambrosius,
1475 4432 1571 4476 seu
1601 4419 1843 4490 quisquis
1873 4429 1955 4475 est
1984 4420 2214 4490 scriptor
2249 4418 2429 4488 operis
2461 4417 2529 4473 de
2552 4418 2913 4474 Sacramentis
2944 4419 2997 4473 in
3032 4417 3124 4473 lib.
3160 4433 3237 4485 tu,
3264 4433 3384 4487 cap.
3419 4419 3443 4472 l
3477 4439 3490 4475 :
3530 4438 3548 4471 ι
3588 4400 3880 4472 Ascendistidt

702 4513 889 4579 fonte;
920 4511 1046 4581 quid
1088 4521 1327 4567 secutum
1360 4512 1478 4568 est?
1506 4512 1713 4573 Audisti
1744 4511 2052 4576 lectionem,
2078 4510 2382 4566 succinctus
2426 4518 2510 4565 est
2546 4524 2790 4566 summus
2815 4509 3097 4577 sacerdos,
3125 4509 3288 4578 pedes
3319 4510 3412 4564 tibi
3458 4510 3607 4565 lavit.
3644 4528 3660 4560 ›
3692 4503 3746 4561 Et
3775 4496 3878 4556 inira:

707 4623 729 4659 ι
763 4606 881 4662 Νοιι
908 4607 1213 4676 ignoramus
1234 4605 1373 4677 quod
1407 4606 1646 4661 Ecclesia
1677 4605 1917 4660 Romana
1950 4604 2088 4658 hanc
2115 4604 2559 4659 consuetudinem
2584 4616 2691 4658 non
2724 4603 2936 4671 habeat,
2965 4601 3118 4670 cujus
3148 4610 3331 4673 typum
3358 4601 3409 4655 in
3441 4601 3679 4657 omnibus
3702 4590 3879 4661 sequimur

700 4707 754 4757 et
779 4697 1026 4754 formam.
1058 4701 1203 4754 Hanc
1225 4707 1402 4754 tamen
1434 4696 1874 4751 consuetudinem
1912 4696 2069 4766 180
2090 4709 2195 4749 non
2223 4695 2383 4751 habet
2406 4704 2459 4747 ut
2482 4692 2647 4764 pedes
2678 4693 2844 4748 lavet.
2882 4692 3014 4748 Vide
3034 4708 3163 4763 ergo
3196 4710 3263 4748 ne
3285 4694 3421 4748 forte
3445 4700 3652 4763 propter
3678 4677 3879 4745 multitudi.

700 4806 824 4848 nem
850 4792 1153 4849 declinarit.
1183 4792 1323 4848 Sunt
1357 4800 1533 4845 tamen
1565 4789 1655 4857 qui
1681 4788 1865 4843 dicant
1892 4796 1949 4843 et
1969 4801 2229 4842 excusare
2257 4794 2542 4852 conentur,
2574 4788 2698 4856 quia
2728 4786 2832 4842 hoc
2860 4802 2965 4855 non
2998 4788 3050 4841 in
3082 4787 3337 4857 mysterio
3382 4786 3676 4843 faciendum
3716 4788 3793 4841 esi.
3822 4778 3879 4825 "0“

700 4882 755 4936 in
785 4883 1124 4951 baptismate,
1153 4897 1258 4937 non
1285 4881 1338 4935 in
1363 4879 1806 4951 regeneratione;
1836 4878 1930 4933 sed
1961 4878 2111 4948 quasi
2141 4877 2337 4946 hospiti
2366 4878 2532 4947 pedes
2574 4876 2780 4931 lavandi
2812 4886 2956 4933 sunt.
2994 4896 3012 4929 ι
3048 4877 3312 4933 Eumdem
3350 4879 3513 4933 ritum
3547 4874 3737 4932 lotionis
3760 4862 3877 4937 pedm“

697 4981 817 5041 post
847 4973 1168 5041 baptismum
1199 4972 1252 5027 in
1281 4973 1507 5029 ecclesia
1531 4969 1912 5027 Mediolanensi
1940 4972 2189 5025 usitatum
2211 4970 2383 5046 luisse
2417 4973 2573 5026 docet
2617 4970 2939 5026 Ambrosius
2994 4970 3045 5023 in
3093 4970 3325 5039 genuino
3353 4986 3518 5041 opere
3568 4969 3632 5024 de
3675 4954 3873 5034 Mysteriis.

696 5078 817 5133 cap.
854 5064 905 5118 6.
931 5062 1033 5132 Qui
1065 5064 1207 5119 haud
1238 5064 1355 5119 scio
1383 5078 1452 5118 an
1479 5063 1716 5119 dicturus
1746 5062 1953 5128 fuisset,
1988 5062 2127 5132 quod
2154 5063 2518 5132 prailaudatus
2546 5072 2732 5118 auctor
2766 5062 2921 5135 dixit,
2952 5078 3103 5118 suam
3133 5064 3415 5119 ecclesiam
3451 5064 3691 5119 Romana:
3722 5074 3737 5106 ι
3769 5056 3879 5122 lilium

696 5158 753 5211 in
783 5155 1034 5211 omnibus
1056 5155 1209 5225 sequi
1232 5164 1286 5211 et
1310 5155 1561 5221 formam,
1602 5177 1621 5209 ι
1655 5156 2087 5227 quandoquidem
2115 5156 2262 5210 multi
2295 5155 2430 5211 ritus
2461 5156 2513 5210 in
2538 5155 2919 5211 Mediolanensi
2959 5168 3244 5212 servantur
3273 5158 3470 5213 diversi
3501 5171 3533 5211 a
3560 5150 3795 5211 Romanis
3818 5144 3879 5195 im°

690 5248 854 5301 etiam
893 5246 1074 5315 plures
1102 5246 1372 5302 Ambrosii
1398 5256 1574 5303 aetate.
1603 5247 1710 5302 Sed
1741 5250 1837 5302 hac
1867 5249 1935 5302 de
1965 5263 2023 5303 re
2044 5258 2228 5319 agetur
2251 5247 2304 5301 in
2330 5262 2464 5315 nova
2488 5246 2725 5303 editione
2756 5262 2975 5318 operum
3008 5251 3181 5305 sancti
3202 5248 3496 5311 Ambrosii,
3529 5262 3643 5319 qua:
3665 5242 3791 5301 modo
3805 5244 3878 5289 Cllri

692 5350 747 5395 et
774 5339 949 5395 studio
981 5341 1287 5394 nostrorum
1317 5342 1414 5396 sub
1438 5343 1589 5411 prelo
1615 5353 1876 5397 versatur.
1912 5341 2150 5409 Denique
2191 5341 2242 5395 in
2270 5341 2429 5395 tertio
2456 5339 2659 5395 Missali
2686 5343 2940 5409 occurrit,
2974 5359 3120 5397 num.
3152 5358 3281 5411 xm,
3314 5343 3537 5396 verbum
3569 5324 3876 5407 transformari‘a

694 5435 783 5507 ubi
804 5434 980 5503 agitur
998 5430 1069 5487 de
1090 5433 1443 5491 conversione
1467 5436 1620 5505 panis
1648 5444 1701 5490 et
1733 5435 1838 5488 vini
1868 5435 1922 5487 in
1949 5433 2147 5487 Christi
2187 5447 2380 5504 corpus
2412 5440 2466 5487 et
2491 5433 2806 5503 sanguinem
2841 5452 2853 5485 :
2884 5442 2938 5490 et
2968 5435 3019 5487 in
3053 5434 3249 5489 Missali
3276 5433 3450 5503 primo
3482 5439 3662 5506 quater
3699 5418 3878 5493 reperi”r

688 5524 1010 5583 vocabulum
1042 5526 1511 5595 transformationis
1543 5527 1594 5580 in
1627 5525 1815 5581 eodem
1845 5534 2183 5594 argumento,
2215 5523 2357 5595 quod
2386 5519 2705 5581 vocabulum
2738 5524 2926 5580 formae
2953 5527 3356 5582 conversionem
3382 5523 3656 5596 signiﬁcat.

763 5618 851 5674 10.
892 5616 949 5673 In
972 5615 1162 5674 eodem
1192 5632 1323 5675 vero
1351 5617 1545 5674 Missali
1591 5616 2103 5685 Gotlncogallicano,
2135 5617 2273 5687 quod
2290 5619 2467 5689 primo
2496 5620 2615 5674 loco
2644 5619 2890 5687 habetur,
2923 5621 3208 5689 praeclarus
3236 5621 3302 5677 de
3332 5623 3591 5677 sacrificio
3618 5608 3873 5673 missaelocIIS

688 5720 795 5780 est,
827 5723 1018 5778 nempe
1044 5723 1195 5765 num.
1220 5725 1421 5766 ιιινιιι
1452 5711 1504 5764 in
1517 5708 1929 5764 Contestationo
1958 5708 2133 5762 missa:
2163 5707 2539 5769 dominicalis:
2574 5710 2802 5791 Dignam
2833 5722 2881 5767 et
2903 5715 3107 5786 justum
3133 5724 3229 5782 est,
3262 5714 3544 5777 invisibilis,
3568 5696 3873 5793 ἰηαῖδιίηιιιίνὶίξξἶ

963 5801 1126 5883 Dens.
1163 5812 1212 5860 et
1256 5801 1416 5858 Pater
1452 5800 1666 5857 Domini
1692 5802 1855 5857 nostri
1883 5800 2011 5857 Iesu
2043 5798 2255 5858 Christi.
2286 5803 2388 5872 Qui
2420 5806 2643 5876 formam
2670 5788 2916 5877 sacriﬁcii
2940 5810 3175 5879 perennis
3204 5809 3488 5878 instituens,
3513 5808 3716 5864 hostiam
3745 5787 3872 5865 εῌίδί
