4048 6350
265 323 369 379 εει
1270 326 1362 384 DE
1400 326 1730 387 LITUBGIA
1770 327 2163 386 GALLICANA
2200 329 2405 388 BIBER
2440 331 2533 389 Ill.
3438 336 3547 393 ass

257 439 485 511 primum
508 436 711 505 obtulit,
743 446 792 493 et
821 439 1015 508 primus
1041 440 1214 497 docuit
1254 441 1452 509 oﬁerri.
1490 441 1568 497 Ex
1599 442 1790 509 quibus
1833 442 2195 515 intelligimus,
2246 443 2390 515 quod
2438 444 2674 503 maxime
2712 445 3027 513 notandum,
3070 445 3341 503 Christum
3386 445 3547 505 insti-

260 532 464 588 tuendo
493 534 817 591 sacriﬁcium
851 537 1093 605 corporis
1123 548 1174 593 et
1199 538 1471 611 sanguinis
1495 539 1601 602 sui,
1631 552 1690 594 se
1719 536 1949 591 hostiam
1975 536 2085 593 Deo
2110 538 2252 593 Patri
2285 540 2515 610 primum
2548 548 2675 595 tunc
2708 539 2989 606 obtulisse,
3012 554 3133 595 cum
3174 555 3295 597 eam
3337 540 3543 609 primus

255 623 443 679 docuit
471 623 673 680 offerri.
709 628 887 698 Itaque
932 631 1044 684 htec
1074 627 1176 685 fuit
1212 640 1333 687 ante
1362 645 1533 687 annos
1574 630 1719 685 mille
1760 628 2022 698 majorum
2068 641 2375 687 nostrorum
2410 634 2707 702 persuasio,
2735 633 3007 689 Christum
3038 634 3272 703 seipsum
3302 633 3446 688 Patri
3478 634 3533 689 in

256 717 595 773 Eucharisﬁa
627 720 908 789 obtulisse,
940 737 1063 778 cum
1108 724 1253 778 illam
1296 724 1547 778 instituit.
1586 723 1719 777 lluic
1754 723 2087 792 persuasioni
2117 724 2413 779 conformis
2439 735 2518 780 est
2546 728 2751 780 sanctio
2781 726 2991 781 concilii
3020 725 3318 781 Tridentini
3342 724 3396 781 in
3424 738 3547 781 ses-

252 815 432 867 sionis
460 813 529 866 ‘22
556 814 729 882 capite
759 816 782 871 i
816 832 831 874 :
864 816 1113 872 Dominus
1142 826 1429 874 noster.....
1457 818 1776 872 sacerdotem
1812 818 1966 889 181
1995 819 2278 872 secundum
2307 819 2539 873 ordinem
2580 818 2954 879 Melchisedech
2973 835 3026 874 se
3055 819 3108 873 in
3140 828 3385 875 aeternum
3415 833 3540 872 con-

253 906 504 960 stitutum
531 903 822 972 declarans,
854 924 1039 978 corpus
1066 918 1113 963 et
1133 909 1433 979 sanguinem
1474 925 1625 964 suum
1655 910 1744 963 sub
1773 908 2031 977 speciebus
2055 910 2204 976 panis
2224 920 2270 963 et
2302 911 2405 964 vini
2432 910 2541 964 Deo
2584 908 2736 964 Patri
2776 911 2997 978 obtulit;
3028 926 3090 965 ac
3122 911 3215 966 sub
3258 910 3551 964 earumdem

253 1011 431 1051 rerum
458 1000 720 1069 symbolis,
752 1001 1016 1071 apostolis,
1048 1016 1174 1068 quos
1205 1008 1324 1055 tunc
1354 1001 1471 1055 noui
1504 1000 1813 1055 Testamenti
1850 1000 2141 1073 sacerdotes
2176 1000 2537 1069 constituebat,
2571 1010 2625 1055 ut
2657 1011 2919 1056 sumerent
2964 1003 3216 1067 tradidit;
3247 1012 3293 1056 et
3324 1001 3535 1067 eisdem,

251 1108 535 1169 eorumque
572 1097 626 1150 in
658 1096 944 1150 sacerdotio
990 1097 1367 1152 successoribus
1406 1104 1460 1150 ut
1488 1095 1730 1165 eierrent
1770 1096 2007 1169 praecepit
2037 1110 2127 1164 per
2148 1094 2255 1149 hac
2282 1095 2453 1162 verba,
2479 1103 2584 1150 etc.
2619 1095 2732 1151 Huc
2762 1110 2869 1150 non
2895 1094 3071 1150 refero
3098 1094 3290 1150 similia
3326 1094 3541 1149 Patrum

252 1164 399 1256 ioca,
432 1203 538 1243 uno
567 1200 854 1246 contentus
882 1190 1114 1246 Leandri
1139 1192 1475 1263 Hispalensis
1504 1191 1743 1261 episcopi
1775 1191 2104 1255 testimonio,
2128 1189 2272 1258 quod
2304 1203 2408 1243 non
2443 1188 2600 1244 facile
2630 1189 2795 1244 cuivis
2821 1198 3088 1256 occurrat,
3112 1198 3296 1258 utpote
3334 1189 3387 1243 iu
3425 1189 3547 1245 loco

252 1280 413 1350 quasi
445 1282 747 1350 peregrino,
775 1297 967 1353 nempe
990 1283 1045 1336 in
1075 1284 1274 1353 regulae
1298 1286 1414 1353 ejus
1445 1299 1564 1356 cap.
1597 1285 1652 1353 7,
1688 1284 1775 1341 ubi
1799 1283 1865 1340 de
1893 1282 2169 1340 sacriﬁciis
2212 1281 2410 1338 veteris
2442 1281 2574 1352 legis
2603 1281 2782 1337 obiter
2801 1296 2999 1353 agens:
3025 1299 3045 1333 ι
3081 1281 3352 1338 Sacriﬁcia
3383 1290 3548 1349 certe,

251 1369 453 1451 inquit,
484 1374 686 1430 idcirco
711 1375 970 1442 pecudum
996 1376 1305 1442 litabantur,
1341 1378 1465 1447 quia
1498 1392 1682 1433 verum
1710 1371 2058 1442 sacriﬁcium,
2084 1375 2188 1431 hoc
2208 1381 2294 1429 est
2320 1373 2521 1431 Christi
2552 1388 2749 1444 corpus
2778 1382 2833 1429 et
2857 1373 3199 1444 sanguinem,
3234 1372 3551 1443 figurabant.

256 1460 427 1518 Venit
451 1462 683 1531 Veritas,
706 1465 892 1521 umbra
917 1466 1206 1533 discessit;
1240 1467 1385 1522 venit
1408 1483 1592 1522 verum
1624 1454 1984 1535 Sacriﬁcimn,
2008 1477 2063 1522 et
2088 1465 2322 1523 cessavit
2352 1465 2526 1522 hostia
2554 1466 2840 1535 pecudum.
2880 1486 2899 1519 ι
2934 1465 3087 1533 Quod
3119 1465 3423 1533 manifeste,
3445 1479 3553 1520 non

251 1558 333 1615 de
358 1559 618 1617 sacriﬁcio
647 1560 842 1626 crucis,
876 1560 969 1615 sed
994 1560 1061 1615 de
1090 1562 1357 1616 sacriﬁcio
1384 1562 1563 1617 missae
1584 1562 1989 1634 intelligendum
2011 1569 2112 1618 est.

343 1654 427 1708 il.
464 1653 648 1711 Redeo
677 1654 743 1710 ad
775 1655 987 1710 Missale
1008 1655 1315 1721 Gothicum,
1345 1654 1489 1725 quod
1517 1671 1583 1711 ex
1619 1656 1788 1711 tribus
1820 1657 2051 1724 primum
2076 1655 2251 1713 locum
2278 1652 2508 1713 obtinet.
2529 1652 2721 1719 Incipit
2745 1652 2814 1709 ab
2840 1653 3105 1717 oratione,
3136 1666 3255 1712 qua:
3284 1651 3543 1708 Collectio

266 1745 625 1815 postonomina
649 1744 868 1813 dicitur,
902 1747 1242 1816 pertinetque
1268 1734 1332 1799 ad
1355 1746 1592 1802 ofﬁcium
1618 1748 1797 1802 missa:
1828 1762 1928 1817 pro
1958 1746 2149 1816 Vigilia
2174 1745 2375 1800 Natalis
2397 1744 2634 1811 Domini,
2664 1744 2809 1815 quod
2837 1743 3078 1799 ofﬁcium
3110 1745 3271 1817 tertio
3300 1746 3419 1801 loco
3438 1756 3554 1802 erat

257 1841 349 1907 (ut
375 1838 754 1910 praemisimus)
786 1838 837 1894 in
862 1840 1058 1896 Codice
1090 1856 1191 1895 ms.
1220 1840 1479 1896 Collectio
1509 1841 1634 1896 Post
1653 1840 1880 1895 Nomina
1917 1840 2191 1895 dicebatur
2218 1848 2339 1909 post
2367 1839 2739 1894 recitationem
2766 1840 3040 1894 nominum
3067 1853 3255 1893 eorum
3296 1854 3393 1905 pro
3422 1840 3543 1907 qui-

256 1931 367 1988 bus
396 1931 718 1988 sacriﬁcium
750 1932 1092 1988 offerebatur.
1146 1933 1333 2005 Flebat
1379 1943 1560 1989 autem
1608 1935 1767 1989 simul
1809 1935 2251 1989 commemoratio
2282 1942 2389 1988 tam
2436 1934 2680 1987 vivorum
2726 1945 2887 2002 quam
2918 1938 3274 1986 mortuorum.
3308 1928 3460 1986 Unde
3500 1932 3553 1987 in

234 2026 478 2099 .Vigiliis
509 2026 825 2097 Epiphaniae
849 2026 1111 2083 Collectio
1138 2028 1266 2083 Post
1290 2028 1515 2084 Nomina
1543 2029 1623 2084 sic
1649 2028 1813 2085 habet
1838 2046 1849 2081 :
1879 2025 2199 2083 Prwseulem
2225 2029 2396 2097 itaque
2417 2025 2726 2082 oblationem
2753 2026 2827 2079 ita
2854 2026 3083 2091 illabere,
3113 2034 3170 2079 ut
3200 2026 3449 2080 medelam
3478 2026 3555 2079 vi-

252 2120 510 2190 ventibus,
545 2121 805 2190 defunctis
830 2122 1055 2190 requiem
1083 2129 1322 2189 praestet;
1354 2128 1401 2174 et
1426 2137 1646 2191 quorum
1671 2122 1832 2174 texuit
1861 2120 2089 2176 recitatio
2110 2121 2615 2201 prwmissasorteom,
2653 2121 2785 2174 inter
2823 2117 3007 2173 electos
3024 2119 3213 2189 jubeas
3241 2134 3546 2190 aggregare.

230 2212 341 2271 -De
370 2213 452 2269 his
477 2222 654 2267 actum
677 2222 761 2268 est
784 2213 1030 2284 superius
1060 2214 1113 2267 in
1143 2215 1238 2270 lib.
1272 2229 1311 2283 ι,
1338 2229 1459 2284 cap.
1485 2213 1539 2281 5,
1574 2231 1721 2269 num.
1756 2216 1845 2279 10,
1876 2214 1964 2271 ubi
1995 2216 2321 2282 notavimus,
2344 2216 2508 2270 etiam
2535 2216 2637 2271 hoc
2678 2216 2797 2273 loco
2826 2224 3135 2271 sanctorum
3163 2216 3355 2271 factam
3386 2214 3556 2269 fuisse

258 2309 853 2365 commemorationem.
885 2309 952 2363 Et
975 2309 1027 2364 id
1060 2309 1277 2379 quidem
1304 2310 1373 2365 de
1400 2308 1735 2364 Mozarabico
1756 2309 1861 2363 ritu
1893 2318 2143 2376 constat;
2175 2318 2230 2363 at
2256 2310 2308 2364 in
2338 2310 2613 2366 Gallicano
2639 2310 2780 2367 haud
2813 2310 2883 2365 ita
2910 2324 3164 2379 expressa
3188 2310 3416 2365 habetur
3443 2310 3556 2364 haec

256 2414 575 2469 sanctorum
605 2405 1067 2472 commemoratio,
1099 2405 1258 2475 182
1288 2404 1389 2459 nisi
1416 2402 1706 2460 admodum
1737 2403 2030 2473 generalis.
2060 2404 2311 2461 Attamen
2347 2407 2401 2459 in
2432 2404 2727 2474 fragmento
2758 2405 3324 2475 diptychorum,quod
3353 2420 3424 2477 eo
3444 2405 3551 2460 loci

259 2514 336 2558 ex
364 2498 559 2556 Codice
588 2497 912 2568 Regularum
944 2500 1288 2569 protulimus,
1315 2496 1603 2566 singularis
1622 2512 1807 2552 eorum
1826 2498 2085 2554 memoria
2135 2497 2390 2554 occurrit.
2416 2497 2696 2566 Ejusmodi
2720 2498 2971 2569 diptycha
3002 2497 3068 2552 ad
3107 2511 3261 2551 usum
3297 2496 3553 2552 Ecclesiae

251 2589 593 2647 Arelatensis
614 2600 828 2645 exstant
857 2592 910 2644 in
932 2599 1078 2645 tonio
1106 2604 1166 2645 ιιι
1195 2589 1597 2645 Analectorum.
1622 2589 1884 2660 Diptycha
1905 2590 2022 2646 haec
2044 2591 2099 2644 in
2127 2590 2376 2645 omnibus
2395 2588 2647 2644 Ecclesiis
2668 2589 2862 2645 usitata
2890 2598 3079 2655 erant;
3109 2589 3204 2645 sed
3234 2588 3285 2643 in
3311 2588 3549 2645 Romana

258 2684 323 2744 in
356 2683 572 2740 Canone
598 2694 826 2747 tantum,
850 2692 909 2739 ut
937 2683 1118 2750 modo,
1151 2684 1371 2741 nomina
1394 2685 1779 2751 recitabantur,
1804 2689 2052 2741 vivorum
2078 2685 2294 2754 quidem
2334 2692 2479 2751 ante,
2520 2693 2851 2739 mortuorum
2881 2699 3013 2741 vero
3043 2695 3161 2753 post
3187 2688 3551 2740 consecratio.

249 2794 413 2845 nem;
442 2789 495 2835 at
525 2780 579 2833 in
610 2776 882 2834 Gallicana
905 2787 959 2833 et
979 2776 1312 2834 Mozarabico
1340 2778 1520 2835 statim
1547 2787 1669 2849 post
1694 2779 2045 2835 oblationem.
2071 2779 2225 2835 Hunc
2256 2777 2415 2835 ritum
2445 2778 2752 2849 improbare
2780 2778 2988 2833 videtur
3008 2778 3352 2833 Innocentius
3374 2794 3506 2849 papa
3530 2776 3554 2835 l

246 2869 314 2927 in
350 2870 573 2939 epistola
603 2870 668 2924 ad
696 2869 1025 2935 Decentiem,
1054 2884 1175 2939 cap.
1206 2868 1263 2934 2,
1296 2869 1385 2924 ubi
1414 2871 1612 2925 rectius
1640 2879 1794 2940 putat
1840 2872 2056 2937 nomina
2084 2870 2300 2927 recitari
2336 2890 2355 2924 ι
2401 2870 2544 2926 inter
2573 2885 2723 2927 sacra
2747 2870 3026 2943 mysteria,
3065 2888 3084 2922 ι
3118 2871 3167 2925 id
3197 2881 3279 2925 est
3306 2870 3373 2940 (si
3415 2871 3555 2927 bene

252 2959 440 3031 capio)
472 2961 524 3014 in
548 2960 665 3030 ipso
695 2960 935 3026 Canone,
966 2975 1125 3030 quam
1155 2979 1174 3013 ι
1211 2959 1351 3015 inter
1381 2960 1483 3016 alia
1509 2975 1629 3029 quae
1660 2962 1909 3030 prmmitti
1944 2981 1966 3016 ι
1998 2962 2195 3017 solent.
2227 2962 2401 3019 Verba
2440 2964 2557 3034 ejus
2596 2964 2803 3035 integra
2833 2963 2938 3019 huc
2965 2962 3336 3031 referrejuvat
3364 2981 3377 3017 :
3414 2981 3432 3013 ι
3475 2964 3554 3020 De

242 3051 564 3112 nominibus
592 3066 718 3106 vero
747 3050 1056 3120 recitandis,
1088 3057 1377 3124 antequam
1403 3067 1590 3121 preces
1616 3052 1875 3110 sacerdos
1901 3052 2085 3121 faciat,
2126 3063 2287 3126 atque
2317 3070 2501 3111 eorum
2548 3056 2870 3122 oblationes,
2899 3070 3127 3125 quorum
3160 3056 3373 3111 nomina
3403 3057 3544 3112 reci-

249 3143 421 3199 tauda
448 3152 592 3210 sunt,
618 3159 713 3199 sua
744 3145 987 3201 oratione
1007 3144 1369 3212 commendet,
1401 3159 1561 3217 quam
1591 3146 1922 3216 superﬂuum
1953 3149 2046 3216 sit,
2072 3156 2128 3203 et
2155 3148 2269 3217 ipse
2315 3162 2410 3216 pro
2444 3156 2529 3203 tua
2561 3148 2845 3217 prudentia
2886 3152 3230 3218 recognoscis
3258 3163 3273 3202 :
3306 3154 3367 3201 ut
3393 3147 3548 3217 cujus

250 3226 492 3291 hostiam
520 3234 746 3291 necdum
768 3236 880 3293 Deo
911 3236 1127 3304 offeras,
1160 3237 1281 3309 ejus
1306 3249 1432 3296 ante
1460 3255 1657 3296 nomen
1685 3241 1947 3298 insinues.
1976 3240 2233 3308 Quamvis
2266 3242 2343 3296 illi
2375 3242 2703 3311 incognitum
2746 3243 2817 3298 sit
2856 3243 3013 3299 nihil.
3057 3242 3213 3299 Prius
3241 3257 3373 3312 ergo
3397 3241 3549 3297 obla-

249 3329 435 3385 tiones
460 3339 581 3384 sunt
609 3330 1072 3400 commendandae,
1105 3345 1168 3386 ac
1192 3341 1317 3387 tunc
1344 3347 1530 3388 eorum
1564 3333 1802 3400 nomina,
1833 3349 2067 3405 quorum
2099 3343 2224 3389 sunt
2264 3334 2586 3401 oblationes,
2636 3336 2914 3403 edicenda,
2955 3326 3016 3392 ut
3060 3337 3200 3393 inter
3236 3350 3391 3393 sacra
3432 3351 3550 3407 my-

238 3424 427 3491 steria
472 3425 839 3492 nominentur,
881 3438 989 3480 non
1034 3426 1175 3480 inter
1217 3425 1320 3481 alia
1356 3441 1478 3497 quae
1500 3435 1626 3483 ante
1653 3426 2050 3497 praemittimus,
2093 3436 2154 3484 ut
2196 3427 2329 3498 ipsis
2370 3429 2641 3497 mysteriis
2686 3429 2826 3484 viam
2876 3408 3072 3486 futuris
3118 3430 3365 3499 precibus
3418 3442 3551 3498 ape-

240 3522 480 3581 rismus.
528 3541 549 3577 ι

333 3615 421 3671 ii.
462 3616 539 3671 De
566 3615 652 3672 his
692 3613 961 3686 diptychis
983 3623 1154 3670 exstat
1184 3615 1459 3685 Sigebaldi
1488 3617 1780 3688 Anglorum
1802 3616 1947 3688 regis
1975 3617 2202 3688 epistola
2225 3616 2292 3674 ad
2316 3617 2647 3674 Bonifacium
2693 3617 2978 3688 praesulem
3007 3615 3397 3687 Moguntinum,
3429 3627 3549 3684 qua:

250 3715 346 3766 est
367 3707 505 3763 inter
534 3706 908 3764 Bonifacianas
936 3706 1126 3763 ordine
1152 3708 1243 3772 49,
1277 3708 1333 3763 ἱιι
1359 3724 1462 3777 qua
1495 3709 1609 3765 haec
1637 3709 1868 3781 legimus
1905 3709 1974 3766 ad
2006 3713 2385 3781 propositum:
2422 3730 2443 3764 ι
2479 3711 2675 3766 Notum
2706 3712 2776 3766 sit
2816 3711 2912 3766 tibi
2936 3710 3077 3780 quod
3110 3724 3174 3765 ex
3198 3723 3264 3764 eo
3294 3716 3540 3778 tempore

244 3812 455 3857 nomen
484 3808 635 3855 tuum
661 3799 987 3870 adscriptum
1009 3798 1337 3867 habuissem,
1368 3814 1490 3855 cum
1521 3802 1808 3856 missarum
1837 3801 2101 3857 solemnia
2126 3801 2476 3866 celebrarem,
2502 3800 2663 3856 simul
2690 3815 2812 3855 cum
2844 3799 3150 3856 nominibus
3172 3799 3545 3869 episcoporum

250 3903 586 3960 nostrorum,
626 3912 646 3946 ι
679 3906 810 3960 etc.,
839 3895 928 3949 ubi
954 3894 1129 3949 obiter
1167 3902 1292 3949 nota
1323 3894 1547 3951 verbum
1578 3894 1909 3965 celebrarem,
1933 3912 2041 3967 quo
2063 3911 2158 3952 rex
2190 3897 2373 3952 utitur.
2404 3894 2571 3966 Cujus
2593 3896 2670 3951 rei
2693 3895 2939 3964 exempla
2974 3893 3254 3950 retulimus
3281 3894 3335 3950 in
3365 3893 3461 3951 lib.
3491 3909 3533 3962 ι,

249 4001 379 4057 esp.
410 3986 465 4053 6,
497 4001 645 4041 num.
677 3985 730 4040 5.
759 3985 926 4042 Porro
948 3985 1064 4042 huic
1091 3986 1368 4042 nominum
1395 3986 1644 4043 recitatio
1672 3987 1725 4042 in
1753 3988 1996 4046 Ecclesia
2017 3989 2205 4047 Grmca
2229 3988 2388 4045 ﬁebat
2417 4003 2510 4057 per
2554 3988 2863 4056 diaconum,
2890 3989 3029 4059 apud
3053 3988 3275 4043 Latinos
3305 4003 3400 4058 per
3416 3987 3542 4043 sub-

251 4082 567 4147 diaconum,
594 4087 655 4135 ut
681 4088 825 4150 patet
845 4094 911 4134 ex
942 4079 1200 4135 Folcnino
1238 4080 1502 4136 monacho
1534 4081 1689 4153 183
1717 4080 2004 4137 Laubiensi
2034 4081 2087 4136 in
2116 4078 2372 4137 Chronici
2404 4078 2718 4136 Laubiensis
2746 4094 2869 4149 cap.
2903 4081 2969 4133 7:
3005 4096 3024 4130 ι
3063 4078 3204 4133 Dixit
3230 4080 3391 4133 etiam
3421 4080 3537 4149 epi-

254 4188 459 4244 scopus
485 4187 645 4243 supra
676 4174 982 4229 nominatus
1008 4170 1239 4243 (scilicet
1266 4173 1536 4228 Adalbero
1566 4172 1912 4244 Rhemensis)
1939 4172 2398 4242 praedecessorum
2423 4185 2641 4225 suorum
2682 4171 2898 4225 ductam
2925 4169 3189 4238 usquead
3221 4176 3281 4224 se
3309 4183 3544 4225 consue-

253 4268 525 4335 tudinem,
549 4276 608 4323 ut
631 4267 771 4323 inter
798 4265 1082 4322 missarum
1105 4266 1391 4333 solemnia,
1424 4266 1479 4321 in
1525 4280 1590 4321 ea
1627 4266 1851 4337 speciali
1892 4268 2407 4321 commemoratione
2453 4264 2852 4327 deﬁmctorum,
2903 4279 3023 4334 qua:
3071 4276 3231 4332 supra
3277 4260 3531 4331 diptyeha

248 4360 474 4429 dicitur,
497 4367 553 4418 et
581 4362 635 4416 in
664 4362 1070 4417 consecratione
1102 4361 1366 4417 Dominici
1410 4359 1654 4431 corporis
1701 4361 2019 4417 solemniter
2061 4360 2273 4432 agitur;
2305 4360 2546 4433 quotidie
2593 4360 2644 4414 in
2690 4373 2877 4415 aurem
2921 4346 3245 4428 presbyttui,
3277 4354 3540 4410 recitante

246 4452 481 4510 silenter
506 4452 855 4521 subdiacono,
886 4453 1127 4509 omnium
1155 4455 1326 4523 ipsius
1354 4453 1499 4509 sedis
1532 4455 1746 4509 nomina
1792 4456 1992 4527 scripto
2022 4456 2318 4511 recitantur
2362 4456 2761 4525 episcoporum.
2804 4472 2823 4505 ι
2858 4452 3083 4507 Nomina
3135 4450 3251 4506 hac
3295 4450 3545 4519 catalogo

252 4544 515 4613 inscripta
542 4554 696 4603 erant
725 4544 818 4615 qui
853 4562 876 4599 ι
906 4554 1064 4601 sacro
1103 4545 1257 4599 altari
1288 4550 1532 4614 tempore
1568 4543 1815 4601 sacrificii
1857 4545 2339 4617 superponebatur,
2376 4561 2396 4597 ι
2433 4560 2498 4600 ex
2528 4544 2719 4598 litteris
2746 4542 3017 4598 societatis
3040 4542 3185 4597 initae
3215 4542 3355 4595 inter
3380 4553 3545 4595 cano-

255 4636 412 4692 nicos
438 4634 818 4691 Laudonenses
837 4644 895 4691 et
910 4635 1207 4691 monachos
1237 4634 1601 4706 Remigianos.
1628 4635 1868 4706 Denique
1896 4634 1951 4692 id
1978 4651 2149 4709 genus
2177 4636 2428 4707 diptycha
2460 4645 2615 4691 erant
2642 4636 2693 4690 in
2723 4648 2823 4689 usu
2855 4648 3024 4704 usque
3064 4632 3131 4686 ad
3181 4632 3437 4688 saeculum
3468 4628 3544 4699 it,

256 4736 321 4783 ut
356 4739 421 4780 ex
461 4724 736 4794 Micrologi
764 4738 884 4795 cap.
918 4725 985 4780 ib
1013 4734 1070 4780 et
1093 4740 1158 4779 ex
1187 4725 1385 4785 Leonis
1408 4725 1679 4781 Ostiensis
1697 4726 1791 4780 lib.
1816 4742 1877 4794 ιι⁹
1908 4739 2029 4797 cap.
2052 4727 2145 4792 75,
2176 4726 2519 4782 manifestum
2550 4736 2652 4780 est.
2682 4725 3040 4790 Hermannus,
3074 4724 3275 4781 saeculo
3304 4722 3549 4791 sequenti

257 4819 408 4888 apud
440 4802 741 4875 Tornacum
770 4819 942 4876 sancti
964 4819 1177 4874 Martini
1201 4819 1519 4885 monachus,
1542 4820 1685 4875 hunc
1707 4819 1869 4874 ritum
1896 4834 1998 4875 suo
2021 4830 2264 4889 tempore
2287 4820 2341 4873 in
2363 4817 2773 4873 desuetudinem
2801 4818 3001 4871 abiisse
3022 4806 3196 4871 innuit
3218 4815 3507 4870 his'verbis
3532 4831 3548 4871 :

267 4936 291 4971 ι
330 4916 443 4973 llos
470 4918 765 4988 antiquitus
800 4917 1077 4974 institutus
1108 4928 1231 4973 tunc
1276 4918 1534 4986 temporis
1574 4920 1889 4973 servabatur
1928 4919 1982 4973 in
2032 4919 2305 4981 Ecclesiis,
2356 4926 2413 4970 ut
2446 4918 2665 4971 nomina
2716 4915 2937 4969 fratrum
2984 4914 3548 4986 circumadjacentium

257 5009 638 5075 ecclesiarum,
665 5010 858 5080 quibus
885 5025 944 5065 se
969 5019 1184 5067 mutuas
1214 5012 1486 5067 orationes
1515 5011 1733 5078 debere,
1766 5012 1852 5067 vel
1888 5013 2201 5068 societatem
2254 5010 2569 5081 promisisse
2621 5019 2900 5074 noverant,
2955 5004 3118 5079 super
3147 5019 3547 5065 sacrosanctum

264 5101 441 5157 altare
466 5102 661 5170 scripta
694 5111 1054 5170 ponerentur:
1087 5111 1350 5171 quatenus
1372 5102 1628 5159 sacerdos
1651 5102 1870 5158 missam
1897 5101 2235 5159 cantantibus
2278 5101 2592 5157 nominatim
2637 5102 2909 5167 recitaret,
2943 5116 3066 5156 cum
3097 5103 3162 5154 ad
3192 5101 3337 5155 illum
3372 5102 3548 5154 locum

258 5194 503 5250 venisset
531 5212 544 5249 :
578 5193 857 5262 Memento,
886 5192 1123 5261 Domine,
1150 5196 1465 5265 famulorum
1511 5196 1928 5267 famularumque
1950 5206 2173 5261 tuarum,
2210 5196 2299 5265 qui
2324 5211 2415 5249 nos
2466 5207 2833 5267 pracesserunt
2871 5212 2987 5251 cum
3015 5198 3162 5267 signa
3191 5197 3332 5264 ﬁdei,
3359 5206 3408 5250 et
3430 5197 3551 5250 dor-

259 5288 433 5343 miunt
461 5288 517 5341 in
539 5303 718 5343 somno
739 5288 902 5357 pacis.
936 5287 1089 5342 'l‘unc
1123 5287 1267 5342 enim
1315 5303 1450 5344 unus
1487 5288 1859 5344 ministrorum
1888 5288 2076 5345 altaris
2114 5288 2165 5343 ei
2207 5289 2569 5359 propinquans
2617 5290 2985 5360 prasentabat
3029 5288 3320 5345 recitanda.
3358 5307 3379 5341 ι
3435 5290 3552 5344 Ιιιιο

259 5380 513 5439 minister
544 5382 659 5452 ipse
686 5382 970 5447 recitabat,
1000 5390 1059 5435 ut
1080 5396 1205 5436 mox
1238 5381 1485 5437 vidimus.
1514 5382 1746 5437 Consule
1773 5382 2123 5438 eruditissimi
2146 5382 2330 5454 Cangii
2364 5384 2789 5440 observationes.

353 5472 441 5528 15.
483 5471 664 5542 Itaque
690 5482 811 5542 post
840 5471 993 5541 panis
1023 5479 1078 5527 et
1105 5470 1213 5525 vini
1244 5469 1565 5527 oblationem
1592 5472 1645 5526 in
1674 5470 1876 5529 Ordine
1902 5472 2177 5529 Gallicana
2218 5474 2457 5527 vivorum
2483 5481 2539 5529 et
2562 5483 2895 5528 mortuorum
2922 5471 3141 5527 nomina
3164 5472 3550 5541 recitabantur,

259 5581 338 5623 ex
362 5564 521 5620 dictis
549 5580 563 5619 :
595 5565 689 5619 sed
719 5564 889 5632 qualis
912 5572 1060 5620 esset
1090 5565 1244 5634 panis
1273 5563 1504 5629 oblatus,
1535 5579 1642 5624 non
1673 5564 1807 5618 satis
1827 5564 2203 5633 explicuimus.
2251 5565 2602 5621 Eucharistiae
2642 5562 2952 5634 particulam
3002 5562 3068 5617 ad
3113 5564 3547 5622 communionem

264 5659 325 5714 in
366 5655 525 5729 185l
556 5671 745 5712 manus
777 5657 954 5712 datam
1002 5658 1165 5713 fuisse
1208 5655 1362 5713 testis
1392 5665 1475 5717 est
1506 5655 1795 5725 Gregorius
1822 5657 1877 5712 in
1907 5658 2156 5715 Historia:
2184 5658 2279 5714 lib.
2312 5675 2371 5725 x,
2408 5673 2525 5726 cap.
2556 5659 2611 5723 8,
2643 5671 2706 5711 ac
2732 5655 2960 5724 proinde
2981 5670 3049 5712 ex
3071 5657 3259 5726 majori
3292 5673 3429 5727 pane
3456 5658 3549 5715 de-

264 5758 537 5816 cerptam.
568 5746 780 5803 Saeculo
810 5764 863 5803 Ix
893 5750 946 5804 in
976 5747 1145 5805 Gallia
1174 5764 1290 5804 mos
1319 5760 1453 5814 erat,
1478 5758 1539 5803 ut
1568 5749 1719 5816 panis
1743 5749 1831 5804 ille
1857 5750 1994 5807 intra
2028 5751 2223 5807 ferrum
2251 5750 2573 5806 oblatorimn
2601 5747 2905 5819 (Udalricus
2923 5748 3349 5815 characteratmn
3372 5752 3551 5822 vocat)

265 5854 617 5911 cooueretur,
650 5852 710 5899 ut
735 5857 801 5899 ex
830 5843 968 5899 libro
990 5842 1057 5900 de
1086 5844 1360 5900 Miraculis
1380 5845 1549 5899 sancti
1577 5841 1974 5913 Wandregisili,
2006 5845 2230 5915 aliisque
2259 5843 2605 5916 probavimus
2632 5841 2686 5898 in
2712 5838 2810 5896 lib.
2842 5840 2913 5900 de
2930 5844 3138 5914 Διςωο
3164 5858 3285 5918 cap.
3308 5845 3342 5900 8
3386 5844 3552 5903 Panis
