4048 6350
625 337 735 398 323
853 340 1206 400 APPENDIX
1245 340 1340 399 AD
1379 340 1610 397 OPERA
1645 337 1892 397 SANG'I‘I
1933 334 2240 392 GERMANI
2282 334 2729 393 PARISIENSIS.
2771 335 2861 392 DE
2902 335 3175 394 LITURG.
3217 337 3382 394 GAL.
3428 339 3564 394 LIB.
3608 341 3690 398 III.
3794 349 3866 406 ἐξ*

631 453 836 509 rotulas
864 454 948 512 Iso
975 459 1144 514 sancti
1171 458 1308 513 Galli
1340 459 1633 514 monachus
1662 457 1894 526 appellat
1943 455 2150 510 oblatas
2197 453 2312 508 illas
2360 468 2480 522 qua:
2521 451 2663 506 circa
2695 465 2878 521 pectus
2909 456 3078 508 sancti
3109 454 3351 509 Othmari
3386 457 3598 509 szcculo
3625 472 3670 508 rx
3701 471 3868 526 reperta

627 556 753 601 sunt
783 546 962 603 illaesa“:
988 566 1002 603 :
1031 549 1214 620 quales
1254 551 1461 605 scilicet
1489 552 1541 604 in
1571 550 1772 604 tumulo
1810 549 2180 604 defunctorum
2213 545 2552 600 sacerdotum
2582 545 2776 614 apponi
2807 558 2926 598 mos
2966 555 3102 609 erat,
3152 555 3286 600 teste
3336 561 3626 613 anonymo
3654 552 3814 615 mquali
3836 553 3871 607 in

629 636 726 693 lib.
769 654 822 693 tv
867 641 934 695 de
963 642 1082 698 Vita
1112 644 1281 698 sancti
1313 643 1590 699 Cuthberti
1622 643 1857 712 episcopi
1890 640 2368 706 Lindisfarnensis,
2395 640 2486 709 qui
2520 658 2538 691 ι
2576 649 2689 694 toto
2727 653 2956 710 corpore
2997 641 3197 705 lavato,
3227 646 3411 711 capite
3459 642 3682 698 sudario
3705 645 3872 701 circurn-

629 727 776 797 dato,
810 732 1002 788 oblatis
1030 749 1191 804 super
1220 747 1462 790 sanctum
1497 745 1680 805 pectus
1724 736 1933 804 positis,
1978 735 2302 790 vestimenta
2345 733 2696 790 sacerdotalia
2742 734 2978 801 indutus,
3019 754 3038 788 ι
3076 736 3125 789 in
3162 736 3419 804 sepulcro
3453 736 3666 805 lapideo
3694 743 3873 805 sepultus

632 831 738 877 est.
773 820 975 877 Praeter
997 823 1111 878 hac
1134 825 1265 879 nihil
1296 825 1364 880 de
1395 841 1528 895 pane
1549 826 1906 881 eucharistico
1937 827 1988 879 in
2023 826 2211 884 Galliis
2238 843 2333 898 per
2363 842 2425 882 ea
2449 839 2686 896 tempora
2709 827 2949 881 adhibito
2972 828 3256 892 succurrit,
3288 829 3397 882 nisi
3424 829 3576 894 quod
3611 830 3873 889 nobilissima

631 912 878 984 quasdam
903 924 1169 980 matrona,
1203 919 1419 972 nomine
1443 917 1834 982 Ermentrudis,
1868 917 2102 973 basilicae
2130 920 2301 974 sancti
2345 919 2646 974 Sinsuriani
2681 920 3096 989 (Sinfurianum,
3126 936 3221 976 seu
3255 920 3722 991 Symphorianum
3763 924 3871 980 intel-

633 1003 767 1075 ligo)
791 1005 906 1060 sita:
933 1006 986 1060 in
1018 1021 1152 1077 pago
1177 1007 1458 1074 Meldensi,
1486 1009 1732 1077 quaedam
1774 1009 1934 1079 legat,
1971 1027 1992 1061 ο
2033 1008 2175 1064 unde
2203 1009 2269 1065 ad
2292 1009 2463 1079 ipsam
2494 1011 2770 1066 basilicam
2800 1009 2977 1064 oblata
3023 1011 3262 1078 quotidie
3292 1013 3649 1066 ministretur
3675 1027 3688 1063 :
3727 1033 3743 1064 ›
3773 1018 3874 1069 item-

554 1108 559 1113 '
631 1115 738 1169 que
763 1101 830 1157 ad
855 1103 1152 1157 oratorium
1182 1103 1438 1158 Latiniaci
1461 1104 1516 1158 in
1537 1104 1728 1159 eodem
1760 1119 1896 1173 pago
1920 1104 2088 1174 (quod
2121 1104 2454 1162 Latiniacnm
2479 1106 2544 1160 ad
2595 1106 2886 1161 discrimen
2933 1107 3154 1162 alterius
3195 1107 3421 1162 Siccum
3479 1107 3784 1176 appellatur)
3824 1108 3872 1162 ri-

633 1211 792 1252 neam
817 1197 926 1261 dat,
964 1215 982 1248 ε
1021 1198 1163 1253 unde
1194 1199 1390 1254 ibidem
1421 1198 1610 1254 Oblata
1642 1209 1880 1255 occurat.
1919 1220 1938 1253 ι
1976 1200 2130 1268 Quod
2175 1201 2424 1256 similiter
2457 1200 2522 1254 de
2554 1200 2658 1254 alia
2699 1201 2852 1255 vinea
2884 1200 2949 1254 ad
2978 1216 3130 1255 usum
3155 1201 3406 1255 ecclesia:
3443 1201 3623 1253 sancti
3667 1199 3874 1270 Sympho-

632 1287 770 1341 riani
796 1288 1095 1343 constituit.
1129 1289 1439 1360 Signantius
1469 1305 1598 1346 vero
1625 1307 1844 1346 servum
1875 1293 2160 1361 quemdam
2194 1293 2544 1356 manumittit,
2575 1307 2640 1348 ea
2669 1292 3012 1356 conditione,
3042 1308 3061 1342 ι
3102 1299 3158 1345 ut
3189 1292 3327 1361 ligna
3387 1301 3604 1345 tantum
3652 1293 3713 1345 ad
3752 1294 3872 1347 oblata

633 1379 938 1434 faciendum
961 1378 1267 1436 ministrare
1297 1391 1566 1449 procuret.
1609 1401 1628 1434 ι
1660 1382 1772 1437 Hoc
1812 1394 2192 1440 testamentum
2230 1385 2641 1456 autographum,
2686 1385 2779 1438 sed
2811 1386 3079 1449 mutilum,
3126 1386 3439 1439 invenimus
3473 1385 3530 1438 in
3563 1386 3768 1440 archivo
3795 1385 3875 1441 Dio-

632 1471 883 1540 nysiano,
918 1471 1179 1542 scriptum
1205 1471 1259 1526 in
1285 1472 1468 1527 charta
1494 1488 1586 1528 seu
1620 1489 1821 1545 papyro
1849 1475 2165 1546 Egyptiaca
2195 1493 2209 1530 :
2241 1491 2342 1545 qua
2366 1477 2416 1530 in
2440 1475 2627 1530 charta
2669 1483 2920 1530 exaratus
2947 1483 3066 1530 erat
3096 1475 3186 1530 ille
3217 1475 3515 1543 Augustini
3549 1476 3741 1539 Codex,
3765 1492 3872 1545 quem

632 1565 852 1621 Ruricio
883 1566 1257 1624 Lemovicensi
1281 1569 1536 1639 episcopo
1560 1569 1827 1625 submittit
1853 1569 2160 1626 Turentius.
2195 1589 2213 1624 ‹
2246 1568 2582 1627 Chartaceus
2629 1570 2764 1625 liber
2807 1579 2907 1633 est,
2944 1568 3134 1637 inquit,
3167 1579 3220 1622 et
3250 1568 3313 1622 ad
3348 1569 3644 1623 ferendam
3685 1567 3874 1633 iniuriam

631 1675 822 1730 parum
851 1661 1025 1727 fortis,
1057 1662 1185 1730 quia
1211 1661 1370 1717 citius
1399 1661 1604 1730 charta,
1650 1664 1789 1718 sicut
1828 1665 2020 1730 nostis,
2057 1671 2321 1720 vetustate
2350 1663 2702 1718 consumitur.
2741 1681 2759 1714 ›
2798 1661 3025 1729 Insignis
3063 1659 3130 1714 de
3160 1659 3345 1713 charta
3387 1659 3711 1730 Egyptiaca
3740 1659 3870 1722 locus;

631 1757 726 1810 sed
758 1755 1046 1826 insignior,
1075 1766 1129 1811 et
1160 1757 1227 1810 ad
1250 1757 1558 1811 institutum
1593 1756 1750 1827 185
1777 1766 2019 1812 nostrum
2051 1758 2401 1825 Opportunior
2427 1755 2565 1810 alter
2595 1771 2661 1810 ex
2689 1763 3014 1810 testamento
3042 1754 3423 1810 Ermentrudis
3449 1772 3462 1808 :
3491 1769 3562 1810 ex
3586 1769 3688 1824 quo
3715 1752 3863 1806 intelli-

633 1847 799 1916 gitur,
831 1857 1072 1918 tempore
1093 1848 1464 1919 Merovingica:
1491 1850 1697 1916 stirpis,
1723 1864 1915 1919 panem
1947 1849 2198 1906 sacriﬁcii
2227 1847 2483 1920 peculiari
2507 1847 2707 1914 studio,
2741 1855 2800 1901 ut
2827 1847 3014 1902 Patres
3033 1846 3248 1902 concilii
3273 1860 3328 1900 tv
3359 1845 3641 1913 Toletani,
3662 1842 3868 1899 canoneli

634 1947 898 2008 statuunt,
923 1939 1066 2009 apud
1097 1939 1278 1996 Gallos
1304 1939 1658 2009 compositum
1685 1941 1868 1996 fuisse.

720 2031 807 2086 14.
851 2033 934 2089 Ad
963 2033 1169 2089 oblatas
1197 2034 1541 2104 excipiendas
1586 2035 1912 2090 inserviebat
1939 2033 2302 2098 offertorium;
2346 2033 2524 2088 colum
2554 2046 2684 2088 vero
2711 2046 2806 2088 seu
2836 2032 3150 2089 colatorium
3179 2031 3244 2085 ad
3273 2031 3463 2083 vinum
3499 2023 3868 2097 expurgandum.

654 2125 938 2182 Oﬂertoria
967 2143 1092 2182 vasa
1126 2141 1278 2185 erant
1306 2146 1335 2184 a
1370 2129 1576 2199 palenis
1598 2129 1853 2185 distincta
1873 2171 1889 2197 ,
1914 2131 1967 2184 in
1997 2145 2116 2200 qua:
2146 2127 2378 2199 populus
2411 2143 2604 2195 panem
2651 2127 2891 2182 oblatum
2923 2129 2989 2183 ad
3017 2128 3186 2182 altare
3225 2125 3543 2194 deponebat
3569 2141 3580 2175 :
3613 2137 3724 2190 qua:
3750 2119 3870 2188 primo

655 2218 826 2273 solida
851 2226 1037 2284 erant;
1069 2219 1262 2274 deinde
1292 2221 1430 2276 linea
1451 2262 1466 2287 ,
1496 2237 1591 2277 seu
1638 2221 1876 2286 sericea,
1911 2232 2001 2274 aut
2036 2236 2102 2275 ex
2131 2219 2370 2289 qualibet
2413 2219 2575 2274 simili
2615 2219 2860 2274 materia.
2908 2217 3080 2274 Unum
3121 2231 3377 2282 aureum,
3411 2216 3519 2270 alia
3550 2222 3777 2284 argentea
3797 2223 3868 2262 me

643 2322 820 2367 morat
851 2323 1007 2369 vetus
1037 2313 1343 2370 Chronicon
1377 2315 1792 2370 Fontanellense
1825 2315 1878 2368 in
1908 2329 2027 2382 cap.
2065 2312 2154 2376 I6,
2185 2311 2274 2367 ubi
2305 2311 2374 2366 dc
2410 2311 2674 2380 Ansegiso
2722 2311 2913 2366 abbate
2944 2327 2957 2363 :
3001 2327 3021 2361 ι
3056 2308 3404 2365 Oﬂ‘ertorium
3435 2320 3660 2360 aureum
3685 2317 3786 2357 cum
3811 2312 3867 2367 par

635 2411 760 2456 terra
781 2417 882 2458 sua
915 2418 1079 2459 aurea
1109 2419 1271 2474 opere
1299 2406 1553 2459 mirabili.
1597 2423 1614 2455 ι
1653 2403 1721 2459 Et
1770 2403 1906 2458 infra
1938 2421 1952 2459 :
1984 2422 2002 2454 ι
2041 2403 2385 2458 Oﬂ'ertorium
2428 2412 2742 2472 argenteum
2773 2403 3020 2471 ejusdem
3063 2401 3270 2464 calicis,
3313 2399 3528 2454 habens
3576 2396 3780 2466 effigiem
3800 2392 3867 2445 mi-

639 2492 776 2548 rifici
805 2495 1016 2563 operis;
1049 2494 1154 2548 alia
1182 2494 1453 2550 offertoria
1471 2506 1725 2564 argentea
1755 2510 1877 2549 cum
1903 2496 2110 2563 patenis
2134 2494 2404 2562 argenteis
2425 2494 2763 2548 eorumdem.
2799 2511 2818 2546 ι
2854 2493 3013 2549 Unde
3044 2501 3186 2561 patet
3212 2491 3558 2547 oﬂ‘ertorium
3584 2502 3698 2544 cum
3719 2483 3867 2556 paternis

641 2585 809 2643 fuisse
837 2588 1020 2643 calicis
1054 2588 1437 2658 appendicem,
1483 2600 1730 2658 patenarn
1759 2604 1886 2644 vero
1915 2589 2198 2645 olfertorii.
2245 2591 2452 2646 Similia
2502 2589 2616 2644 loca
2658 2590 2798 2658 apud
2849 2589 3146 2644 Hariulfum
3197 2589 3251 2644 in
3300 2587 3567 2643 Chronici
3596 2578 3866 2641 Centulensis

659 2678 755 2735 lib.
790 2695 847 2744 tt,
878 2694 997 2750 cap.
1029 2679 1118 2749 I0,
1142 2692 1198 2736 et
1223 2682 1362 2752 apud
1395 2683 1664 2736 Ardonem
1698 2682 1748 2735 in
1775 2682 1910 2735 libro
1938 2681 2007 2736 de
2039 2681 2154 2735 Vita
2186 2683 2458 2738 Benedicti
2479 2681 2820 2745 Anianensis,
2843 2699 2987 2736 num.
3019 2682 3112 2748 25,
3145 2697 3266 2751 quae
3293 2697 3422 2737 cum
3447 2682 3570 2736 aliis
3595 2680 3748 2735 habes
3767 2671 3863 2743 apud

653 2769 911 2840 Gangium
933 2813 948 2836 ,
983 2772 1276 2842 itidemque
1302 2775 1446 2828 varia
1474 2774 1778 2829 testimonia
1805 2775 1875 2830 de
1904 2774 2192 2832 offer'toriis
2229 2775 2384 2832 lineis
2423 2785 2480 2830 et
2524 2775 2765 2831 sericeis.
2797 2774 2978 2844 Itaque
2998 2773 3334 2830 oﬂertoriurn
3365 2775 3437 2830 ad
3465 2770 3784 2840 excipiendas
3804 2779 3865 2837 pl-

651 2862 735 2916 nis
763 2861 991 2928 oblatas,
1027 2871 1216 2932 patena
1244 2865 1308 2918 ad
1337 2864 1552 2920 easdem
1574 2867 1968 2922 consecrandas
1991 2867 2362 2924 adhibebatur.
2397 2865 2510 2921 Nisi
2536 2865 2705 2929 dicas,
2731 2867 2782 2919 in
2810 2877 2998 2934 patena
3031 2867 3320 2935 repositam
3351 2865 3526 2922 fuisse
3557 2864 3762 2920 hostiam
3785 2871 3864 2929 qua

649 2952 918 3007 sacerdoti
946 2954 1219 3022 signanter
1252 2956 1505 3025 deputata
1535 2968 1650 3011 erat
1671 2999 1684 3020 ,
1711 2959 1841 3013 alias
1894 2959 1946 3011 in
1989 2958 2265 3014 oﬂ‘ertorio
2312 2959 2378 3012 ad
2419 2954 2852 3012 communionem
2885 2955 3143 3012 fidelium.
3179 2957 3235 3012 In
3261 2957 3562 3013 oﬂ'ertoriis
3588 2971 3708 3012 vero
3737 2952 3864 3015 lineis,

659 3062 781 3118 quae
804 3047 990 3102 solidis
1016 3059 1423 3116 successerunt,
1457 3050 1860 3120 excipiebantur
1892 3052 2075 3107 itidem
2106 3052 2299 3106 oblata:
2329 3070 2341 3106 :
2375 3051 2645 3120 simulque
2665 3049 2806 3104 calix
2836 3059 2890 3104 et
2917 3059 3110 3120 patena
3129 3091 3144 3118 ,
3177 3049 3304 3105 dum
3334 3050 3609 3106 sacerdoti
3630 3047 3863 3103 offereban-

659 3151 764 3207 tur,
798 3141 986 3198 iisdem
1012 3142 1301 3199 oﬂ'ertoriis
1331 3145 1756 3200 involvebantur.
1789 3145 1843 3200 Id
1864 3148 2027 3200 etiam
2060 3161 2203 3201 nunc
2231 3146 2286 3201 in
2320 3161 2446 3208 usu,
2493 3153 2549 3199 ut
2579 3155 2770 3214 patena
2797 3143 2920 3198 velo
2948 3143 3202 3198 obvoluta
3230 3153 3484 3200 teneatur
3511 3159 3540 3198 a
3571 3139 3859 3200 subdiacono,

650 3234 882 3290 diacono
910 3236 1262 3308 porrigenda;
1301 3246 1356 3293 et
1378 3239 1431 3293 in
1453 3239 1770 3310 quibusdam
1806 3239 2064 3295 Ecclesiis
2086 3239 2250 3310 calix,
2276 3240 2386 3294 imo
2416 3239 2576 3294 etiam
2599 3237 2848 3308 ampullas
2870 3251 2992 3294 cum
3024 3237 3152 3294 velis
3190 3236 3254 3291 ad
3288 3237 3467 3293 altare
3493 3233 3792 3291 deferantur,
3812 3233 3852 3280 ut

645 3341 701 3383 tn
733 3327 1044 3384 Rhemensi.

733 3421 892 3494 186
929 3421 1016 3476 15.
1059 3422 1284 3490 Colum,
1325 3438 1420 3479 seu
1473 3423 1822 3487 colator-ium,
1859 3423 2058 3478 vasculi
2085 3439 2184 3479 seu
2222 3423 2523 3479 cochlearis
2552 3437 2720 3493 genus
2742 3431 2896 3488 erat,
2926 3420 3258 3477 tenuissimis
3295 3435 3358 3477 ac
3386 3411 3860 3479 subtilissimisfora-

661 3515 894 3570 minibus
924 3515 977 3568 in
1009 3513 1117 3570 imo
1147 3514 1311 3570 fundo
1343 3515 1633 3585 perforati,
1666 3529 1761 3582 per
1792 3513 1934 3582 quod
1964 3514 2145 3567 vinum
2171 3529 2237 3568 ex
2267 3513 2461 3568 amulis
2487 3527 2581 3567 seu
2611 3511 2859 3581 ampullis
2881 3512 2934 3566 in
2959 3511 3258 3580 subjectum
3285 3511 3516 3567 calicem
3543 3505 3863 3566 eﬂuudebaluh

650 3607 708 3663 Id
741 3608 860 3663 usui
888 3617 1004 3662 erat
1036 3609 1089 3663 in
1111 3610 1337 3663 ecclesia
1373 3607 1614 3662 Romana
1642 3607 1750 3676 jam
1781 3605 1904 3660 inde
1932 3622 1960 3659 a
1984 3607 2184 3660 smculo
2213 3620 2267 3660 v.
2297 3605 2431 3660 Nam
2459 3604 2642 3660 charta
2684 3603 3011 3659 Cornutiana
3038 3613 3302 3658 memorat
3337 3623 3355 3656 ‹
3401 3601 3670 3658 harnularu
3705 3595 3858 3651 oblato-

651 3701 821 3768 riatn,
846 3703 1054 3768 colum,
1091 3702 1595 3772 thymiamaterium.
1639 3721 1658 3753 ι
1697 3701 1778 3755 Αη
1820 3702 1979 3754 etiam
2022 3701 2158 3768 apud
2191 3698 2370 3754 Gallos
2414 3709 2537 3754 ante
2587 3709 2857 3768 receptum
2903 3699 3066 3753 ritum
3104 3695 3403 3752 Romanum
3448 3698 3606 3752 fuerit
3642 3696 3864 3748 usitatum.

665 3793 929 3847 incertum
962 3809 974 3844 :
1006 3789 1272 3859 siquidem
1297 3791 1500 3845 nullam
1520 3790 1588 3846 de
1613 3789 1733 3844 colo
1761 3805 1856 3844 seu
1878 3790 2141 3844 colatorio
2169 3788 2495 3843 mentionem
2535 3788 2748 3859 reperio
2775 3788 2914 3858 apud
2944 3789 3192 3856 antiquos
3224 3798 3444 3844 nostros
3481 3789 3764 3856 scriptores,
3784 3775 3855 3829 Ct-

657 3881 757 3936 roli
791 3881 965 3950 Magni
992 3889 1150 3935 aetate
1178 3881 1508 3950 superiores,
1532 3881 1672 3949 quod
1697 3881 1858 3934 etiam
1910 3881 1977 3935 de
2024 3878 2298 3934 oﬂ‘ertorio
2338 3879 2642 3935 dicendum.
2687 3879 2760 3933 De
2801 3879 2978 3933 fistula
3002 3881 3163 3933 etiam
3193 3894 3288 3936 seu
3329 3881 3564 3946 calamo,
3593 3890 3690 3948 quo
3708 3863 3861 3936 sanguis

654 3970 858 4026 Christi
888 3970 1254 4034 hauriebatur,
1280 3987 1388 4026 non
1417 3973 1594 4026 minor
1616 3971 1925 4025 difﬁcultas.
1942 3973 2073 4039 Quae
2103 3972 2282 4028 omnia
2304 3971 2360 4026 in
2381 3971 2672 4028 Gallicanis
2695 3970 2950 4026 Ecclesiis
2972 3970 3165 4027 saltem
3193 3986 3223 4025 a
3254 3974 3458 4031 sarculo
3485 3989 3536 4028 rx
3561 3971 3733 4027 usitata
3751 3961 3862 4016 ruis“

664 4073 914 4127 constat,
941 4063 1170 4119 fortasse
1192 4063 1440 4133 exemplo
1470 4064 1718 4119 ecclesiae
1750 4062 2024 4119 Romana

741 4153 831 4209 16.
869 4153 1033 4209 Multa
1059 4154 1322 4224 siquidem
1349 4169 1468 4208 cum
1503 4155 1609 4210 ritu
1639 4154 1881 4210 Romano
1911 4156 1966 4209 in
1992 4154 2325 4210 Gallicanum
2355 4156 2561 4210 invecta
2589 4163 2735 4209 sunt.
2769 4155 2923 4211 Unde
2943 4171 3128 4226 cappa:
3150 4158 3407 4214 Romanae
3436 4162 3488 4215 in
3518 4153 3746 4214 Chronici
3766 4148 3859 4202 Ἐθη-

661 4243 980 4300 tanellensis
1014 4259 1134 4314 cap.
1169 4245 1259 4311 16,
1291 4244 1378 4300 ubi
1408 4245 1566 4300 etiam
1596 4246 1888 4317 Ansegisus
1909 4246 2075 4301 abbas
2112 4263 2130 4296 ‹
2170 4247 2338 4302 altare
2375 4245 2428 4302 in
2452 4245 2668 4317 jlrouore
2699 4257 2966 4317 perpetua:
2994 4250 3216 4319 virginis
3243 4251 3423 4306 Mariae
3454 4240 3780 4322 (perhibetur)
3796 4238 3856 4291 lle-

662 4350 883 4392 curasse
914 4339 1093 4394 tabula
1117 4339 1321 4409 lignea,
1351 4355 1509 4410 quam
1538 4340 1855 4410 imaginibus
1889 4340 2155 4410 argenteis
2183 4339 2410 4397 diversis
2445 4340 2745 4410 cooperuit.
2786 4360 2804 4393 ι
2843 4340 2987 4396 ldern
3018 4343 3069 4396 in
3097 4343 3422 4399 Flaviacensi
3455 4338 3755 4400 monasterio
3778 4349 3793 4382 ‹
3818 4330 3854 4381 in

667 4428 872 4485 honore
898 4440 1095 4486 sanctae
1116 4430 1394 4487 Trinitatis
1424 4430 1694 4486 basilicam
1714 4431 2024 4498 aedificavit,
2049 4441 2173 4488 ante
2200 4433 2351 4500 cujus
2372 4447 2519 4488 aram
2539 4475 2553 4498 ,
2581 4431 2812 4487 tabulam
2839 4435 3108 4502 argenteis
3132 4435 3454 4505 imaginibus
3474 4436 3756 4490 decoratarn
3779 4419 3854 4476 col-

664 4522 903 4588 locavit,
958 4523 1167 4594 ipsique
1197 4539 1306 4579 ara:
1335 4539 1547 4579 crucem
1570 4534 1876 4594 argenteam
1911 4527 2192 4594 imposuit,
2233 4525 2644 4595 universamque
2671 4526 2945 4582 basilicam
2981 4527 3395 4599 variis'picturis
3423 4526 3658 4585 decorari
3684 4516 3857 4592 jussil-l

663 4613 806 4668 Ante
849 4628 971 4669 eum
1002 4613 1176 4670 Uvido
1204 4613 1370 4668 abbas
1400 4613 1794 4668 Fontanellensi
1828 4614 2084 4670 Ecclesia:
2118 4635 2136 4668 ι
2168 4615 2371 4670 tabulas
2399 4616 2683 4670 fabricatas
2710 4625 2834 4671 ante
2873 4617 3059 4672 altaria
3087 4626 3209 4673 octo
3249 4638 3269 4672 ›
3300 4620 3586 4677 concessit.
3623 4607 3858 4677 Antiquitas

663 4705 861 4776 quippe
889 4704 1029 4773 apud
1063 4714 1334 4759 nostrates
1368 4704 1548 4759 Gallos
1580 4720 1685 4760 non
1716 4705 1904 4760 altaria
1926 4752 1938 4774 ,
1969 4707 2062 4762 sed
2094 4707 2327 4777 parietes
2357 4707 2573 4776 pictura:
2604 4707 2952 4763 decorabant.
3002 4707 3168 4780 Cujus
3194 4713 3274 4767 rei
3300 4720 3606 4782 argumenta
3645 4703 3858 4761 retulinllﬂ

657 4801 711 4858 in
757 4800 851 4856 lib.
884 4815 925 4868 ι,
969 4815 1087 4869 cap.
1123 4799 1177 4856 8.
1213 4801 1436 4856 Accedit
1476 4801 1619 4857 aliud
1665 4817 1733 4856 ex
1779 4801 1979 4858 Ruricii
2004 4803 2404 4860 Lernovicensis
2447 4806 2670 4874 epistola
2708 4802 2798 4870 14,
2831 4805 2925 4860 lib.
2971 4822 3038 4873 II,
3073 4807 3161 4876 qui
3183 4806 3464 4866 Ceraunia:
3493 4804 3646 4864 nobili
3671 4801 3856 4856 rnatrona

660 4896 913 4965 pictorem
952 4895 1174 4960 direxit,
1225 4907 1284 4952 ut
1314 4897 1594 4963 cujusdam
1639 4895 1872 4951 basilicae
1909 4913 1926 4946 ι
1967 4897 2193 4964 parietes
2226 4898 2386 4952 variis
2430 4899 2671 4954 colorum
2722 4899 2856 4954 fucis
2885 4899 3215 4971 depingeret.
3261 4921 3280 4956 ι
3313 4905 3570 4976 Apposite
3614 4891 3856 4952 Fortunali”

656 5003 715 5046 tn
740 4989 832 5046 lib.
867 5005 908 5057 ι,
931 5005 1166 5046 carmine
1199 4992 1287 5059 I5,
1321 4991 1389 5046 de
1411 4991 1628 5045 basilica
1650 4992 1820 5046 sancti
1848 4991 2086 5061 Eutrapii
2109 4993 2460 5048 Santonensls
2494 5011 2506 5046 :

593 5145 605 5182 ὲ
1307 5103 1460 5172 187
1485 5101 1704 5182 sumpsit
1729 5103 2001 5165 imagineas
2026 5105 2185 5182 paries
2206 5104 2444 5182 imitando
2462 5105 2670 5182 figuras:

593 5175 604 5208 ξ
1534 5177 1652 5233 Qua
1675 5186 1839 5237 neque
1874 5183 2004 5225 tecta
2029 5178 2182 5237 prius,
2210 5176 2315 5226 hac
2337 5175 2478 5224 modo
2499 5175 2624 5236 picta
2650 5178 2828 5228 nitent.

729 5282 819 5337 17.
861 5279 1032 5336 Porro
1055 5294 1160 5334 non
1188 5277 1364 5334 minus
1403 5279 1610 5349 prolixa
1641 5292 1755 5335 erat
1789 5279 2027 5336 Romana
2060 5282 2256 5350 missa,
2289 5295 2446 5350 quam
2471 5280 2766 5337 Gallicana.
2808 5283 2940 5338 Nam
2969 5301 3126 5340 unam
3153 5287 3236 5342 vel
3261 5287 3394 5343 duas
3419 5288 3571 5343 horas
3597 5255 3853 5346 exigt’ll‘l”d

643 5373 993 5430 'Gallicanatn
1021 5370 1310 5437 Caesarius,
1336 5386 1403 5426 ex
1432 5372 1627 5437 dictis;
1662 5386 1724 5428 ac
1749 5373 1906 5442 paulo
1932 5372 2187 5442 prolixius
2215 5375 2470 5441 temporis
2509 5374 2738 5444 spatium
2768 5376 3055 5433 adhibebat
3085 5379 3397 5449 Gregorius,
3445 5379 3588 5447 cujus
3615 5373 3712 5426 haec
3737 5355 3850 5412 verba

661 5471 715 5524 in
761 5468 855 5523 lib.
887 5483 1002 5534 vnt,
1031 5465 1256 5537 epistola
1279 5466 1348 5521 35
1377 5483 1390 5519 :
1432 5485 1450 5519 ι
1483 5465 1623 5522 Ecce
1643 5465 1784 5521 enim
1807 5465 1916 5535 jam
1944 5466 2216 5523 biennium
2247 5481 2386 5538 pene
2427 5468 2691 5538 expletur,
2743 5484 2851 5539 quo
2883 5471 3074 5526 lectulo
3126 5483 3346 5539 teneor;
3378 5472 3628 5538 tantisque
3667 5454 3849 5530 ροάίιὲτιε

655 5561 938 5617 doloribus
962 5561 1194 5634 affligar,
1225 5570 1284 5617 ut
1313 5562 1399 5616 vix
1449 5562 1501 5618 in
1552 5561 1742 5619 diebus
1781 5561 1938 5618 festis
1971 5578 2144 5633 usque
2173 5562 2241 5618 ad
2270 5561 2523 5618 horarum
2557 5564 2718 5619 trium
2746 5565 2976 5633 spatium
3010 5581 3231 5633 surgere
3253 5567 3486 5634 valeam,
3527 5563 3766 5619 missarum
3786 5552 3846 5593 εο-

668 5652 868 5708 lemnia
897 5651 1193 5708 celebrare.
1236 5672 1255 5707 ι
1288 5654 1363 5708 Ita
1382 5653 1470 5710 ille
1491 5653 1559 5708 ad
1589 5653 1868 5724 EuIOgium
1903 5657 2211 5723 episcopum
2235 5655 2679 5711 Alexandrinum.
2713 5657 2881 5726 Hujus
2909 5661 3235 5728 prolixitatis
3277 5664 3471 5730 partim
3498 5668 3642 5713 causa
3662 5649 3755 5701 eral
3776 5637 3842 5732 Ῐξίν

664 5744 933 5799 rniliarum
960 5758 1106 5810 usus,
1139 5760 1259 5815 quas
1281 5747 1445 5801 etiam
1476 5746 1661 5802 Romae
1681 5746 1857 5800 statim
1884 5755 2002 5815 post
2034 5747 2379 5820 Evangelium
2406 5748 2473 5805 ad
2504 5749 2720 5808 missam
2747 5752 2972 5822 fiebant,
3001 5763 3160 5825 prout
3185 5764 3410 5813 testatur
3450 5754 3580 5812 idem
3620 5732 3842 5806 Gregorlu’

665 5838 884 5909 Magnus
904 5841 959 5898 in
987 5840 1297 5912 praefatione
1317 5843 1383 5900 ad
1404 5841 1661 5900 Homilias
1692 5839 1802 5896 XL.
1829 5839 1935 5900 Sed
1967 5839 2083 5899 haec
2107 5852 2260 5900 extra
2293 5842 2494 5902 locum.
