4048 6350
303 448 3550 482 ww

811 646 1750 788 MISSALE
1879 643 3048 794 GOTHICUM

1860 950 1973 992 δεῖ]

1251 1109 2619 1200 GOTHICOGALLICANUM.

433 1391 517 1446 ΙΙΙ.
562 1403 699 1446 onoo
736 1402 900 1446 mssa:
941 1387 1224 1443 Iu‘vtctua
1264 1398 1488 1440 manus
1526 1397 1731 1438 DOIINI.

768 1479 1002 1532 Collectio
1028 1481 1052 1509 ⁸
1076 1487 1184 1542 pest
1209 1481 1420 1528 nomina.

369 1563 688 1637 lssGrata
704 1562 797 1616 tibi
812 1561 1149 1627 sit,Domine,
1167 1574 1494 1630 quaesumus,
1511 1556 1785 1611 hodierna:
1797 1553 1875 1610 fe-

287 1657 538 1712 stivitatis
557 1655 787 1720 oblatio;
809 1661 894 1716 ut,
920 1663 1008 1706 tua
1028 1654 1196 1722 gratia
1226 1651 1504 1718 largiente,
1525 1663 1621 1719 per
1649 1648 1763 1703 hazc
1782 1661 1872 1703 sa-

287 1756 567 1802 crosancta
590 1744 908 1801 commercia
942 1745 992 1798 in
1023 1744 1164 1799 illius
1207 1744 1537 1798 inveniamur
1585 1742 1790 1806 forma,
1820 1741 1870 1794 in

282 1856 399 1912 quo
438 1850 609 1897 tecum
637 1849 723 1896 est
752 1848 931 1894 nostra
962 1837 1275 1894 substantia.
1325 1838 1610 1907 Spiritibus
1655 1849 1870 1904 quoque

281 1951 537 1992 carorum
573 1944 874 1990 nostrorum
905 1932 1078 1988 tribue
1103 1972 1119 1997 ,
1161 1940 1217 1985 ut
1263 1927 1870 1996 mortalibussegregati

280 2029 545 2094 coetibus,
595 2026 786 2083 litteris
857 2032 1163 2080 mereantur
1225 2020 1496 2077 conscribi
1543 2018 1861 2075 caelestibus.

281 2120 493 2178 Praesta
537 2135 632 2191 per
671 2119 953 2175 Dominum
987 2126 1228 2172 nostrum
1256 2113 1439 2170 Jesum
1477 2113 1751 2168 Christum
1783 2110 1872 2165 Fi-

282 2214 422 2270 lium
453 2224 598 2270 tuum
617 2254 632 2280 ,
660 2214 747 2284 qui
774 2223 944 2268 tecum
967 2212 1078 2266 viv.
1108 2211 1254 2266 dom.

824 2302 1058 2354 Collectio
1081 2301 1139 2350 ad
1158 2311 1344 2364 pacem.

359 2389 435 2444 Da
484 2390 659 2455 nobis,
688 2402 1012 2459 quaesumus,
1047 2386 1290 2452 Domine,
1346 2392 1403 2438 ut
1430 2384 1568 2438 sicut
1595 2381 1866 2438 adoranda

278 2479 414 2537 Filii
470 2482 544 2536 tui
590 2481 828 2536 natalitia
876 2478 1316 2545 celebraturi,ab
1356 2476 1630 2531 hodiernis
1672 2475 1867 2546 vigiliis

277 2574 344 2632 in
364 2571 702 2630 confessione
727 2575 797 2628 tui
838 2572 1069 2627 nominis
1091 2569 1478 2640 praevenimus;
1505 2568 1584 2622 sic
1609 2567 1725 2636 ejus
1751 2581 1867 2621 mu-

277 2681 418 2724 nere
461 2665 730 2734 capiamus
780 2663 1183 2733 sempiternum.
1239 2661 1306 2714 Et
1360 2660 1589 2728 dirigere
1631 2657 1867 2729 dignare

277 2760 530 2831 angelum
553 2761 719 2829 pacis,
742 2759 829 2828 qui
857 2756 1039 2812 oscula
1065 2762 1251 2810 nostra
1276 2753 1422 2820 puris
1444 2750 1691 2806 sensibus
1737 2748 1862 2802 inli-
1889 2749 1942 2811 Β

275 2863 406 2926 gata
432 2861 711 2910 connectat
744 2869 755 2905 ε
781 2865 984 2922 nosque
1016 2851 1106 2903 tibi
1135 2849 1202 2903 ab
1248 2846 1498 2901 omnibus
1523 2852 1862 2915 peccatorum

274 2947 507 3004 maculis
554 2954 880 3017 expurgalos
902 2943 1174 3015 adjungat.
1233 2940 1336 2995 Per
1384 2947 1710 2994 coaeteruum
1769 2935 1861 2991 tibi

277 3041 463 3098 Jesum
481 3038 749 3096 Christum
780 3038 972 3093 Filium
999 3046 1146 3091 tuum
1171 3031 1454 3087 Dominum
1486 3039 1752 3085 nostrum.

843 3127 1111 3177 lmmolatio
1132 3127 1306 3173 missae.

355 3213 576 3286 Dignum
609 3222 662 3269 et
682 3214 885 3284 justum
917 3221 1019 3266 est.
1055 3211 1192 3265 Vere
1217 3209 1434 3279 dignum
1475 3216 1528 3262 et
1556 3207 1755 3276 justum
1780 3210 1865 3260 est

273 3321 378 3364 nos
400 3307 490 3362 tibi
519 3307 714 3378 gratias
736 3320 914 3376 agerc,
951 3302 1168 3359 Domine
1213 3308 1419 3366 sancte,
1476 3299 1634 3353 Pater
1678 3295 1859 3352 omni--

270 3408 488 3471 potens,
515 3407 714 3453 aeterne
761 3396 922 3461 Deus,
943 3393 1166 3449 amanda
1200 3392 1389 3460 pietas,
1439 3387 1716 3444 tremenda
1752 3388 1859 3441 vir-

271 3500 388 3558 tus,
435 3491 735 3546 veneranda
781 3487 1050 3556 maiestas.
1099 3484 1201 3550 Qui
1253 3483 1388 3536 hanc
1426 3489 1638 3537 noctem
1673 3489 1861 3534 ventu-

270 3600 424 3650 ram,
458 3593 567 3638 toto
607 3583 740 3637 orbe
770 3580 1154 3647 venerandam,
1196 3578 1445 3633 caelorum
1485 3574 1858 3645 gratulatione,

271 3683 330 3730 et
379 3681 640 3729 terrarum
682 3672 1131 3737 remuneratione,
1161 3670 1399 3739 angelica
1423 3667 1748 3721 exultatione
1777 3664 1860 3717 di-

270 3767 532 3820 tasti:ut
587 3773 840 3820 nascente
901 3765 952 3818 in
1008 3777 1170 3818 carne
1231 3758 1454 3814 Domino
1500 3767 1683 3812 nostro
1731 3755 1858 3810 Jesu

270 3857 493 3914 Christo
523 3858 657 3913 Filio
693 3868 806 3923 tuo,
841 3855 1119 3926 superiora
1140 3854 1341 3922 pariter
1361 3860 1415 3906 ct
1441 3850 1696 3906 inferiora
1723 3863 1854 3918 gau-

269 3951 482 4007 derent.
531 3951 726 4020 Aspice
765 3966 904 4006 nunc
936 3947 1188 4004 lamiliam
1247 3945 1338 4001 tibi
1384 3944 1708 4014 supplicem,
1733 3957 1861 3996 con-

268 4058 427 4101 serva
454 4046 704 4114 populum
730 4044 833 4099 tuis
863 4044 1104 4098 laudibus
1127 4049 1535 4112 personnantem
1559 4055 1571 4103 ;
1591 4046 1645 4093 et
1674 4051 1859 4106 super-

1895 1380 1950 1438 Δ

2552 1382 2669 1434 Post
2699 1388 2995 1448 mysterium.

2049 1463 2175 1520 Haec
2213 1464 2456 1533 facimus,
2510 1467 2734 1525 Domine
2780 1481 2961 1526 sancte
2991 1471 3149 1529 Pater
3186 1475 3546 1547 omnipotens,

1974 1567 2173 1614 aeterne
2204 1560 2366 1628 Deus,
2393 1574 2878 1620 commemorantes
2905 1574 2961 1622 et
2989 1567 3321 1626 celebrantes
3342 1571 3553 1628 Passio—

1974 1663 2096 1704 nem
2147 1651 2284 1704 unici
2330 1651 2449 1706 Filii
2481 1653 2555 1708 tui
2582 1651 2710 1710 Jesu
2752 1656 2949 1712 Christi
2991 1657 3198 1714 Domini
3221 1663 3411 1718 nostri.
3449 1662 3554 1731 Qui

1974 1747 2146 1795 tecum
2179 1741 2307 1796 vivit
2335 1751 2389 1797 et
2410 1751 2597 1813 regnat
2646 1759 2766 1801 cum
2823 1745 3026 1816 Spiritu
3061 1760 3245 1807 sancto
3272 1753 3327 1807 in
3354 1752 3550 1809 saecula

1973 1831 2308 1889 saeculorum.

2391 1926 2521 1978 Ante
2543 1931 2812 1980 orationem
2835 1932 3153 1986 Dominicam.

2046 2005 2138 2060 His
2168 2008 2414 2077 precibus
2459 2019 2537 2076 te,
2583 2012 2724 2068 Deus
2753 2013 2911 2071 Pater
2951 2017 3290 2088 omnipotens
3318 2062 3334 2088 ,
3364 2020 3557 2091 depre-

1971 2112 2173 2164 camur,
2205 2102 2396 2167 quibus
2440 2118 2538 2158 nos
2569 2105 2825 2162 Dominus
2871 2118 3056 2166 noster
3102 2111 3259 2169 Jesus
3313 2115 3557 2173 Christus

1970 2189 2137 2246 Filius
2164 2201 2285 2247 tuus
2311 2208 2471 2250 orare
2511 2199 2797 2265 praecepit,
2821 2199 3008 2255 dicens
3041 2221 3053 2254 :
3089 2203 3244 2259 Pater
3275 2215 3475 2262 noster.

2390 2288 2506 2338 Post
2527 2291 2796 2341 orationem
2821 2291 3135 2344 Dominicam.

2040 2366 2228 2422 Libera
2254 2384 2352 2425 nos
2380 2384 2410 2424 a
2441 2373 2605 2439 malo,
2637 2373 2977 2443 omnipotens
2999 2377 3158 2445 Deus,
3188 2387 3242 2433 et
3267 2380 3472 2436 custodi
3503 2381 3556 2441 in

1969 2457 2129 2514 bono.
2163 2459 2373 2514 Evacua
2405 2476 2501 2517 nos
2532 2464 2674 2519 vitiis
2698 2504 2713 2530 ,
2739 2474 2794 2520 et
2815 2467 2961 2536 reple
2989 2468 3390 2538 virtutibus,;.et
3413 2470 3553 2528 bona

1969 2549 2122 2604 nobis
2153 2559 2257 2606 tam
2288 2555 2569 2622 prementia
2592 2571 2749 2625 quam
2781 2565 2978 2613 aeterna
3017 2561 3274 2616 concede.
3307 2561 3408 2618 Per
3441 2563 3549 2621 Do-

1970 2641 2176 2696 minum
2201 2651 2441 2699 nostrum
2489 2645 2674 2701 Jesum
2704 2647 2895 2702 Filium
2924 2660 3092 2705 tuum.

2521 2737 2810 2788 Benedictio
2834 2740 3014 2802 populi.

2037 2813 2196 2884 Deus,
2238 2818 2326 2887 qni
2375 2821 2660 2876 adventum
2694 2830 2798 2877 tuae
2843 2823 3142 2894 majestatis
3174 2841 3266 2894 per
3290 2829 3538 2899 angelum

1965 2908 2303 2966 Gabrihelem
2325 2953 2340 2980 ,
2365 2915 2512 2984 prius
2532 2930 2690 2986 quam
2719 2918 3075 2976 descenderes
3101 2962 3118 2989 ,
3171 2926 3420 2981 nuntiare
3443 2925 3532 2996 jus

1965 3002 2102 3058 siSti.
2137 3006 2334 3062 Amen.

2037 3097 2136 3164 Qui
2165 3100 2282 3155 sine
2304 3102 2456 3158 initio
2486 3105 2844 3174 sempiternus
2863 3120 2944 3174 es,
2969 3115 3137 3164 terras
3157 3108 3427 3167 illustrare
3453 3125 3549 3182 per

1966 3188 2272 3260 Virginem,
2351 3202 2551 3250 tartara
2623 3197 2805 3252 lavare
2874 3199 3108 3269 dignasti
3156 3216 3252 3272 per
3306 3217 3542 3260 crucem.

1963 3285 2158 3341 Amen.

2035 3376 2265 3447 Praesta,
2299 3389 2357 3433 ut
2387 3379 2474 3434 hic
2507 3383 2734 3449 populus
2759 3391 2878 3438 tuus
2904 3384 2955 3439 in
2988 3387 3269 3456 praeceptis
3298 3388 3548 3446 obedien~

1963 3478 2043 3524 ter
2067 3470 2368 3537 ambulans,
2397 3473 2534 3528 sicut
2561 3480 2645 3528 est
2671 3482 2854 3543 partus
2882 3474 3113 3545 Virginis
3136 3477 3442 3547 singularis,
3477 3480 3549 3540 ita

1962 3562 2040 3616 eis
2083 3561 2511 3618 benedictionum
2553 3576 2761 3620 tuarum
2799 3566 2912 3620 veri
2951 3566 3167 3622 luminis
3204 3569 3429 3626 imbrem
3468 3571 3547 3628 in-

1961 3651 2172 3708 fundas.
2195 3657 2384 3710 Amen.

2037 3745 2101 3798 Et
2161 3748 2510 3801 tentationum
2553 3747 2792 3817 insidias,
2853 3753 2942 3808 vel
2986 3753 3202 3809 aculeos
3244 3755 3547 3826 tentatoris,

1963 3837 2292 3904 spiritalibus
2333 3839 2497 3894 armis
2546 3840 2832 3908 accinctos,
2866 3843 3158 3901 adversarii
3185 3854 3546 3915 tentamenta,

1962 3940 2015 3985 et
2045 3933 2320 3998 praesentis
2350 3933 2470 3988 vita
2502 3933 2797 3992 inlecebras
2820 3938 2871 3993 in
2904 3946 2994 3994 tuo
3017 3940 3232 3996 nomine
3261 3940 3428 3997 facias
3454 3957 3547 3998 su-

1963 4037 2172 4092 perare.
2198 4024 2387 4080 Amen.

270 4147 515 4194 νεηηιι-εε
557 4136 585 4175 ι,
630 4137 803 4193 noctis
853 4137 1011 4208 189
1065 4132 1386 4190 solemnitati
1457 4133 1526 4187 ita
1571 4125 1928 4200 pervigilesc
1979 4207 1983 4208 ν
2033 4117 2097 4170 Et
2142 4118 2325 4186 prima:
2379 4119 2692 4186 nativitatis,
2725 4128 2782 4176 et
2823 4123 3072 4178 secunda:
3126 4126 3547 4195 regenerationis

269 4231 459 4297 redde,
492 4241 551 4287 ut
578 4231 804 4287 sinceris
849 4230 1117 4285 mentibus
1160 4227 1365 4283 Domini
1390 4224 1556 4280 nostri
1584 4224 1859 4294 percipere

269 4333 576 4384 mereamur
628 4325 869 4382 Natalem
915 4332 1216 4380 venturum.
1263 4322 1318 4375 In
1347 4335 1451 4390 quo
1481 4316 1763 4373 invisibilis
1792 4331 1858 4371 ex

267 4419 568 4476 substantia
589 4428 707 4484 tua,
734 4417 954 4472 visibilis
983 4431 1074 4485 per
1103 4428 1316 4469 carnem
1347 4411 1592 4481 apparuit
1641 4412 1691 4464 in
1733 4423 1857 4464 nos-

268 4525 354 4570 tra
407 4523 686 4581 tecumque
732 4527 869 4567 unus
891 4553 906 4576 ,
961 4525 1068 4565 non
1095 4517 1336 4576 tempore
1364 4507 1600 4578 genitus,
1629 4519 1733 4558 non
1763 4519 1858 4557 na-

267 4618 389 4662 tura
445 4606 686 4670 inl‘erior,
725 4604 792 4658 ad
843 4617 941 4658 nos
983 4602 1128 4656 venit
1155 4615 1220 4655 ex
1263 4609 1504 4666 tempore
1546 4603 1724 4650 natus.
1755 4594 1856 4648 Per

265 4700 425 4771 cujus
481 4700 818 4754 nativitatem
849 4694 1178 4764 indulgentia
1205 4692 1492 4747 criminum
1515 4688 1852 4752 conceditur,

264 4806 323 4850 et
370 4792 692 4850 resurrectio
746 4805 852 4846 non
921 4796 1166 4858 negatur.
1215 4785 1402 4840 Merito
1449 4783 1627 4852 itaque
1680 4781 1854 4835 omnis

264 4899 413 4943 terra
441 4885 630 4940 adorat
669 4892 742 4947 te,
771 4889 825 4936 et
866 4880 1147 4936 conﬁtetur
1173 4878 1287 4934 tibi.
1331 4874 1437 4930 Sed
1461 4883 1516 4929 et
1546 4873 1660 4928 caeli
1691 4872 1850 4927 caelo-

261 4993 384 5034 rum
411 5018 427 5044 ,
450 4985 503 5032 et
521 4975 777 5044 angelicas
804 4981 1096 5044 potestates
1141 4984 1246 5024 non
1290 4976 1506 5025 cessant
1531 4960 1747 5021 laudare
1772 4963 1852 5019 di-

263 5079 456 5128 centes
489 5089 502 5125 :
537 5071 785 5136 Sanctus,
814 5069 1062 5132 Sanctus,
1088 5065 1338 5122 Sanctus.

758 5179 990 5230 Collectio
1012 5185 1121 5241 post
1141 5179 1359 5227 Sanctus.

337 5265 479 5323 Vere
528 5267 779 5330 Sanctus,
834 5278 965 5318 vere
1010 5261 1325 5317 benedictus
1368 5259 1624 5315 Dominus
1669 5265 1854 5312 noster

258 5364 421 5418 Jesus
449 5358 695 5415 Christus
745 5356 909 5411 Filius
950 5363 1091 5423 tuus,
1143 5364 1366 5408 manens
1396 5353 1448 5406 in
1489 5350 1652 5417 caelis,
1686 5349 1844 5404 mani-

257 5455 488 5514 festatus
518 5454 570 5508 in
597 5452 753 5508 terris
778 5461 826 5502 ο.
861 5449 976 5518 Ipso
1017 5448 1158 5501 enim
1188 5445 1358 5514 pridie
1384 5460 1540 5514 quam
1567 5451 1675 5513 pat.

338 5598 358 5624 δ
405 5587 608 5641 Desunt
654 5583 744 5638 hic
797 5582 850 5636 in
910 5581 1070 5635 missa
1132 5576 1328 5647 vigiliae
1381 5573 1586 5647 Natalis
1642 5573 1851 5647 Domini

261 5657 516 5713 Praefatio
541 5671 638 5711 seu
661 5653 962 5708 adhortatio
987 5649 1052 5706 ad
1087 5645 1305 5705 missam
1335 5648 1434 5702 rite
1457 5645 1848 5710 celebrandam,

261 5731 330 5844 ei!
349 5727 608 5783 Collectio
634 5733 759 5780 ante
778 5724 1091 5796 Epistolatu,
1117 5730 1175 5775 ut
1199 5735 1265 5775 ex
1297 5719 1417 5774 aliis
1447 5715 1628 5772 missis
1650 5716 1850 5771 intelli-

256 5808 308 5848 εει
339 5809 419 5848 ur.

257 5809 546 5927 buy-Hinc
576 5875 721 5941 patet
757 5867 896 5924 hanc
924 5865 1143 5922 missam
1190 5875 1310 5919 esse
1331 5862 1400 5918 de
1429 5857 1618 5929 Y’igilia
1649 5855 1851 5913 Natalis

1959 4207 2246 4264 Auctorem
2292 4225 2446 4265 suum
2491 4213 2662 4267 sciant
2689 4226 2809 4269 esse
2835 4215 2975 4284 quod
3025 4227 3207 4272 natum
3237 4228 3348 4278 est:
3382 4234 3547 4292 seque

1962 4300 2055 4356 tibi
2083 4303 2383 4372 intelligant
2407 4303 2608 4361 debere
2637 4306 2780 4376 quod
2817 4316 3061 4364 sanctum
3091 4319 3193 4365 est.
3225 4312 3417 4368 Amen.

2030 4392 2182 4459 Quod
2223 4395 2336 4463 ipse
2375 4403 2632 4463 praestare
2667 4397 2900 4467 digneris
2935 4417 2947 4452 :
2979 4400 3070 4470 qui
3116 4416 3239 4458 cum
3290 4403 3450 4461 Patre
3492 4410 3547 4463 et

1959 4487 2164 4557 Spiritu
2197 4497 2382 4544 sancto
2404 4489 2540 4544 vivis
2562 4498 2616 4545 et
2636 4505 2749 4560 reg.

2483 4581 2599 4633 Post
2620 4586 3027 4636 communionem.

2035 4664 2191 4734 190
2225 4662 2438 4719 Caelesti
2467 4665 2588 4720 cibo
2617 4675 2854 4736 potuque
2884 4667 3119 4724 roborati
3140 4711 3156 4737 ,
3197 4671 3547 4740 omnipotenti

1958 4755 2068 4809 Deo
2089 4755 2272 4810 laudes
2301 4765 2356 4810 et
2398 4758 2617 4825 gratias,
2653 4757 2845 4813 fratres
2875 4761 3170 4829 carissimi,
3225 4763 3541 4833 referamus,

1959 4857 2259 4917 poscentes,
2287 4857 2480 4915 utnos,
2512 4864 2645 4919 quos
2692 4848 2882 4920 dignos
2933 4851 3117 4908 habuit
3141 4855 3546 4924 participatione

1957 4942 2198 5010 corporis
2226 4952 2277 4995 et
2298 4943 2569 5010 sanguinis
2594 4942 2804 4997 Domini
2835 4944 3000 4998 nostri
3028 4944 3152 4999 .Iesu
3179 4945 3383 5001 Christi
3415 4947 3545 5002 Uni-

1955 5040 2119 5110 geniti
2157 5039 2270 5106 sui,
2299 5038 2488 5109 dignos
2517 5037 2676 5094 etiam
2725 5040 2923 5096 caelesti
2953 5042 3387 5097 remuneratione
3425 5055 3546 5111 per-

1955 5139 2190 5186 censeat.
2225 5130 2326 5186 Per
2357 5132 2528 5199 ipsum
2574 5129 2856 5186 Dominum
2894 5141 3138 5188 nostrum
3184 5132 3366 5189 Jesum
3389 5131 3545 5188 Chri-

1957 5234 2096 5281 stum
2123 5225 2316 5280 Filium
2345 5241 2525 5281 suum.

2503 5340 2740 5391 Collectio
2760 5342 3000 5403 sequitur.

2029 5448 2180 5516 Quod
2225 5462 2320 5504 ore
2348 5446 2694 5518 sumpsimus,
2754 5447 2997 5510 Domine,
3039 5443 3304 5501 mentibus
3354 5447 3540 5517 capia-

1964 5583 2206 5650 Domini,
2236 5598 2394 5653 quem
2427 5583 2635 5637 titulum
2677 5581 2900 5653 proinde
2936 5580 3323 5653 supplevimus.

2033 5666 2053 5694 ε
2101 5652 2455 5710 Brevissimus
2502 5653 2681 5707 Canon
2723 5652 2776 5705 in
2803 5652 3051 5707 omnibus
3080 5653 3257 5707 missis
3301 5653 3534 5709 Gallica-

1959 5726 2076 5793 nis,
2135 5727 2310 5781 varius
2370 5740 2461 5792 pro
2493 5723 2652 5778 variis
2681 5722 2887 5791 diebus,
2939 5734 2997 5780 ut
3049 5723 3281 5780 diximus
3312 5725 3365 5780 in
3395 5724 3468 5780 lib
3489 5739 3533 5794 t,

1957 5811 2073 5866 cap.
2099 5797 2153 5864 5,
2185 5810 2332 5852 num.
2374 5797 2441 5850 14
2461 5804 2514 5849 et
2537 5807 2686 5862 seqq.
