4048 6350
573 263 674 322 227

1276 273 1628 333 APPENDIX
1670 276 1763 334 AD
1800 277 2031 336 OPERA
2069 276 2311 336 SANCTI
2352 283 2659 345 GERMANI
2701 291 3137 354 PARISIENSIS.

3745 303 3860 360 238

571 398 687 437 IIIUS
716 401 730 439 :
761 392 816 440 et
852 384 920 441 de
949 399 1171 444 munere
1216 394 1529 461 temporali,
1557 395 1648 449 flat
1676 395 1829 450 nobis
1860 394 2155 451 remedium
2185 398 2231 452 A
2261 410 2380 452 mus
2410 408 2689 475 praeceptis
2717 409 2835 479 ejus
2860 452 2873 473 .
2906 411 3098 479 quibus
3126 426 3227 468 nos
3246 413 3463 479 edocuit
3493 416 3559 479 ad
3586 418 3856 484 §alutcm.

567 476 973 543 sempiternum.

564 584 653 643 iV.
716 603 855 645 anno
894 605 1056 647 IISSE
1087 601 1112 630 ι
1164 610 1213 649 IN
1254 610 1342 650 Dll
1382 612 1708 653 NATIVI'I'A'I'IS
1746 613 1927 657 norim
1965 615 2152 658 nos'rnt

1164 680 1282 723 JESU
1303 682 1531 725 (ιιιιιιετι.

1037 756 1270 809 Οθιιεαὶο
1292 768 1398 823 post
1421 762 1687 824 prophetia.

629 833 793 892 Ortus
832 853 890 894 es
941 841 1094 895 nobis
1140 858 1297 897 verus
1344 845 1434 899 Sol
1471 847 1714 914 iustitiae,
1742 849 1869 905 Jesu
1910 851 2144 910 Christe.

559 926 763 984 Venisti
792 930 859 985 de
879 933 1011 986 caelo
1050 933 1266 989 humani
1295 938 1507 1006 generis
1536 937 1884 1008 Redemptor.
1916 946 2148 1001 Erexisti

559 1020 713 1077 nobis
741 1038 904 1078 cornu
933 1026 1147 1091 salutis;
1187 1036 1240 1081 et
1268 1029 1394 1083 celsi
1431 1029 1703 1086 Genitoris
1731 1032 1913 1090 Proles
1955 1050 2147 1105 perpe-

560 1120 647 1167 tua
668 1154 682 1177 ,
706 1116 917 1185 genitus
942 1116 995 1171 iu
1023 1116 1181 1173 domo
1225 1120 1387 1175 David
1437 1131 1655 1191 propter
1692 1124 1988 1194 priscorum
2022 1142 2141 1187 ora-

560 1207 679 1261 cula
709 1218 919 1276 vatum,
942 1214 1204 1281 propriam
1254 1215 1444 1269 volens
1472 1217 1751 1274 absolvere
1808 1221 2045 1289 plebem,
2090 1233 2146 1278 et

554 1302 746 1355 vetusti
785 1304 1022 1359 criminis
1076 1305 1257 1362 delere
1311 1310 1763 1381 chirographum,
1813 1324 1871 1369 ut
1914 1324 2135 1373 aeternae

552 1396 673 1450 vitae
716 1397 977 1466 panderes
1017 1400 1369 1471 triumphum.
1423 1402 1651 1476 ideoque
1682 1422 1821 1463 nunc
1850 1418 1901 1463 te
1925 1426 2139 1479 quaesu-

548 1501 689 1552 mus,
735 1497 791 1543 ut
856 1490 907 1543 in
961 1492 1343 1549 misericordia:
1388 1502 1493 1550 tuae
1519 1496 1722 1553 viscera
1747 1502 1941 1555 nostris
1970 1516 2131 1570 appa-

546 1594 667 1635 reas
708 1582 991 1652 mentibus,
1044 1586 1184 1639 salus
1210 1596 1447 1654 aeterna,
1493 1598 1547 1644 et.
1589 1605 1708 1657 nos,
1754 1592 2032 1661 eripiendo
2062 1594 2131 1649 ab

546 1669 732 1743 iniquo
790 1674 979 1742 hoste,
1032 1678 1252 1746 justitiaa
1306 1682 1538 1737 cultores
1586 1683 1827 1751 efficias,
1884 1686 2134 1757 omnique

2258 489 2458 547 Praesta
2490 512 2585 563 per
2625 498 2906 555 Dominum
2940 513 3180 559 nostrum
3211 504 3396 563 Jesum
3441 508 3723 566 Christum
3768 513 3860 567 Fi-

2256 583 2381 640 lium
2409 595 2555 645 tuum
2582 606 2595 644 :
2628 592 2716 662 qui
2749 601 2946 651 tecum.

2752 682 2988 739 Collectio
3015 698 3121 750 post
3143 693 3355 745 nomina.

2322 760 2547 832 Suscipe
2574 806 2588 828 ,
2630 780 2939 834 quaesumus
2966 813 2980 836 ,
3034 773 3257 832 Domine
3305 778 3457 845 Jesu,
3495 780 3857 849 omnipotens

2252 848 2393 906 Deus
2417 894 2431 918 ,
2464 858 2782 913 sacrificium
2811 862 2983 918 laudis
3011 866 3247 922 oblatum
3275 914 3290 938 ,
3325 870 3465 940 quod
3494 885 3591 941 pro
3626 848 3719 927 tua
3753 874 3857 930 ho-

2250 944 2434 1001 dierna
2466 948 2831 1008 lncarnatione
2872 971 2900 1009 a
2943 958 3097 1012 nobis
3123 960 3367 1028 offertur,
3401 972 3456 1018 et
3477 978 3574 1033 per
3598 979 3727 1020 eum
3761 966 3848 1022 sic

2254 1038 2577 1105 pr0pitiatns
2620 1045 2840 1113 adesto,
2867 1057 2924 1102 ut
2954 1053 3331 1119 superstitibus
3356 1055 3542 1123 vitam,
3568 1056 3859 1113 defunctis

2254 1128 2491 1197 requiem
2526 1131 2728 1191 tribuas
2755 1139 3159 1207 sempiternam.
3188 1142 3412 1200 Nomina
3442 1162 3677 1216 quorum
3712 1159 3846 1204 sunt

2247 1220 2561 1277 recitatione
2610 1228 2911 1296 complexa,
2945 1233 3103 1287 scribi
3145 1234 3337 1304 jubeas
3389 1238 3443 1293 in
3497 1245 3855 1309 ater-nitate;

2246 1321 2343 1376 pro
2383 1312 2575 1379 quibus
2630 1320 2920 1385 apparuisti
2966 1322 3017 1375 in
3048 1338 3211 1381 carne
3236 1367 3252 1393 ,
3294 1328 3545 1386 Salvator
3592 1332 3795 1388 mundi
3833 1376 3853 1401 ,

2244 1401 2333 1470 qui
2363 1417 2484 1458 cum
2517 1417 2785 1464 comet-no
2810 1410 2966 1468 Patre
2992 1414 3127 1471 vivis
3158 1426 3214 1472 et
3250 1434 3363 1490 reg.

2774 1500 3014 1555 Collectio
3035 1508 3093 1556 ad
3120 1521 3313 1570 pacem.

2313 1577 2667 1650 Omnipotens
2692 1588 3019 1656 sempiterno
3046 1592 3203 1659 Deus,
3227 1595 3317 1665 qui
3363 1597 3507 1652 hunc
3554 1596 3711 1654 dion
3752 1599 3850 1656 ln-

2248 1674 2577 1729 earnatlonis
2610 1686 2713 1731 tua:
2747 1718 2763 1743 ,
2808 1690 2863 1734 et
2912 1692 3116 1751 partum
3149 1686 3319 1743 beatze
3351 1689 3531 1746 Mariae
3588 1690 3840 1764 Virginis

546 1769 733 1821 mortis
783 1783 968 1825 errore
1009 1781 1211 1839 spreto,
1266 1773 1411 1841 pacis
1452 1776 1590 1829 viam
1612 1786 1759 1831 recto
1786 1778 1979 1834 itinere
2007 1795 2114 1849 gra-

2250 1766 2600 1831 consecrasti,
2624 1770 2826 1840 quique
2866 1773 3189 1832 discordiam
3223 1788 3485 1837 vetustam
3518 1796 3612 1852 per
3648 1794 3843 1841 trans-

545 1860 775 1927 dientes,
808 1863 896 1917 tibi
928 1874 1072 1920 recte
1100 1868 1300 1923 servire
1330 1870 1618 1938 possimus,
1651 1871 1899 1927 Salvator
1920 1874 2127 1929 mundi.

545 1951 643 2021 Qui
675 1968 794 2008 cum
828 1956 983 2009 Patre
1009 1966 1061 2011 et
1089 1956 1291 2027 Spiritu
1334 1970 1520 2017 sancto
1562 1964 1714 2028 vivis,
1756 1964 2050 2024 dominaris
2076 1979 2129 2025 et

544 2057 741 2117 regnas
774 2048 913 2103 Deus
936 2049 989 2103 in
1015 2051 1209 2107 saecula
1251 2054 1589 2110 saeculorum.

1008 2140 1243 2194 Collectio
1267 2154 1373 2207 post
1400 2160 1596 2207 precem
1620 2147 1667 2197 δ.

609 2223 833 2291 Exaudi,
868 2224 1111 2295 Domine,
1142 2226 1397 2283 familiam
1433 2230 1521 2286 tibi
1547 2231 1809 2296 dicatam,
1842 2243 1894 2289 et
1921 2233 1973 2289 in
2024 2244 2143 2293 tuae“

537 2316 792 2375 Ecclesiae
821 2322 1027 2390 gremio
1057 2322 1110 2377 in
1139 2324 1235 2379 hac
1272 2327 1527 2385 hodierna
1579 2333 1940 2391 sollemnitate
1974 2336 2123 2392 Nati-

535 2409 715 2465 vitatis
765 2420 868 2467 tuae
916 2428 1323 2488 congregatam,
1381 2425 1646 2480 utlattdes
1696 2438 1811 2483 tuas
1865 2443 2119 2499 exponat.

533 2500 732 2561 Tribue
752 2509 981 2576 captivis
1008 2512 1453 2581 redemptionem,
1484 2518 1643 2573 caecis
1671 2520 1865 2587 visum,
1899 2538 2124 2590 peccan-

532 2595 673 2653 tibus
720 2600 1125 2671 remissionem,
1167 2605 1290 2673 quia
1329 2616 1383 2662 tu
1413 2609 1605 2665 venisti
1648 2622 1705 2666 ut
1748 2614 1929 2669 salvos
1958 2612 2123 2677 facias

531 2702 649 2746 nos.
692 2691 886 2762 Aspice
907 2694 973 2750 de
994 2698 1126 2751 οωιο
1150 2709 1332 2754 sancto
1357 2710 1469 2768 tuo,
1507 2713 1561 2757 et
1584 2704 1844 2760 inlumina
1869 2710 2119 2778 populum

530 2790 712 2850 tuum,
740 2799 964 2855 quorum
1015 2788 1222 2847 animus
1265 2793 1315 2847 in
1349 2803 1400 2850 te
1436 2796 1591 2865 plena
1620 2797 1904 2857 devotione
1956 2803 2122 2859 conﬂ-

531 2878 639 2951 dit,
665 2882 910 2941 Salvator
939 2887 1143 2943 mundi.
1174 2889 1273 2957 Qui
1301 2892 1455 2947 vivis.

1109 2983 1340 3035 Praefatio
1363 2988 1541 3037 missae.

602 3063 1013 3137 Sacrosanctum
1046 3068 1216 3123 beatae
1264 3069 1563 3129 Nativitatis
1584 3073 1757 3142 diem,
1788 3076 1840 3131 in
1864 3092 1969 3147 quo
2024 3094 2118 3133 na-

2234 2140 2287 2186 te
2315 2144 2622 2192 consortem
2664 2141 2717 2195 in
2762 2144 2941 2199 carnis
2973 2150 3369 2219 propinquitate
3423 2154 3723 2223 limantur,
3767 2160 3843 2213 ad

2233 2239 2562 2281 summorum
2588 2230 2780 2286 civium
2826 2236 3111 2305 unitatem,
3148 2254 3313 2312 super
3340 2259 3474 2314 quos
3500 2260 3711 2318 corpus
3739 2249 3841 2305 ad-

2230 2326 2500 2387 sumptum
2529 2324 2774 2392 evexisti,
2808 2328 3202 2399 perducantur;
3234 2344 3287 2389 et
3317 2338 3459 2392 inter
3489 2342 3834 2411 semetipsos

2229 2422 2325 2477 per
2367 2420 2587 2468 externa
2634 2420 2914 2488 complexa
2940 2422 3236 2496 junguntur
3258 2470 3272 2494 ,
3305 2439 3361 2485 ut
3391 2431 3549 2502 jurgii
3581 2449 3696 2490 non
3732 2453 3836 2507 pi-

2229 2510 2338 2559 teat
2381 2504 2701 2579 interruptio
2729 2554 2744 2577 ,
2798 2516 2889 2583 qui
2952 2526 3002 2573 te
3057 2530 3330 2577 auctorem
3368 2526 3603 2594 gaudent
3633 2529 3693 2583 iu
3727 2504 3829 2584 sua

2227 2604 2415 2653 natura
2449 2614 2545 2669 per
2576 2604 2754 2658 carnis
2781 2608 2993 2664 venisse
3023 2615 3456 2671 contubernium.
3487 2616 3642 2690 Quod
3705 2625 3829 2693 ipse

2230 2697 2489 2755 praestare
2517 2691 2777 2763 digneris,
2808 2700 2896 2767 qui
2926 2714 3046 2755 cum
3083 2701 3240 2761 Patre
3271 2716 3347 2762 et.

2786 2808 3054 2865 lmmolatio
3078 2818 3253 2868 missae.

2295 2880 2433 2939 Vere
2488 2886 2704 2958 dignum
2753 2902 2807 2946 et
2849 2894 3053 2963 justum
3105 2912 3207 2969 est,
3252 2918 3461 2975 aequum
3492 2914 3547 2961 et
3574 2908 3831 2970 salutare

2223 2982 2342 3042 est,
2390 2992 2488 3031 nos
2534 2980 2627 3035 tibi
2680 2985 2881 3052 gratias
2934 3004 3126 3059 agere,
3166 2992 3390 3051 Domine
3419 3009 3625 3067 sancte,
3656 3000 3832 3061 Pater

2220 3068 2579 3139 omnipotens,
2624 3086 2825 3133 aeterne
2872 3078 3011 3135 Deus
3040 3125 3054 3148 ,
3093 3085 3248 3159 192
3287 3089 3409 3157 quia
3442 3090 3599 3146 hodie
3631 3092 3827 3151 Domi-

528 3166 710 3214 sceme
742 3158 991 3230 Domino,
1027 3162 1303 3233 virginalis
1333 3165 1468 3220 meri
1501 3172 1708 3233 :arcana
1745 3171 1915 3227 tanta
1956 3185 2108 3239 sum,
2139 3175 2187 3242 ο
2222 3177 2323 3217 nus
2349 3175 2533 3221 noster
2556 3166 2712 3223 Jcsus
2740 3169 2990 3229 Christus
3018 3176 3269 3249 dignatus
3298 3192 3381 3236 est
3411 3184 3630 3241 visitare
3653 3204 3823 3246 mun-

526 3248 1067 3323 incorruptorumque
1095 3255 1407 3324 genitalium
1460 3260 1687 3327 pondus,
1742 3267 1923 3319 saeculi
1970 3268 2113 3329 leva~

524 3356 649 3397 men
677 3342 899 3399 effusum
930 3354 1044 3411 est,
1085 3345 1221 3401 sicut
1256 3352 1630 3421 exoptavimus
1662 3356 1819 3419 votis,
1851 3358 1922 3412 ita
1945 3375 2113 3415 vene-

524 3445 701 3490 remur
730 3446 783 3491 et
801 3438 1028 3509 gaudiis.
1063 3439 1159 3494 Hic
1188 3457 1420 3514 namque
1452 3459 1600 3501 ortus
1629 3449 1717 3503 die
1756 3452 2113 3521 splendidior,

521 3526 638 3586 luce
685 3533 1054 3599 coruscantior
1083 3544 1184 3593 est.
1216 3537 1270 3593 In
1302 3540 1403 3595 hoc
1427 3542 1849 3611 omnipotentem
1899 3544 2067 3601 Deum
2092 3588 2109 3613 ,

520 3623 607 3693 qui
633 3633 895 3681 terrenam
926 3625 1273 3699 fragilemque
1299 3631 1576 3686 materiam
1612 3634 1762 3707 191
1802 3650 1963 3691 causa
2005 3653 2102 3695 no~

518 3724 642 3770 atrae
686 3714 1070 3787 redemptionis
1124 3720 1466 3792 adsumpsit,
1500 3722 1696 3781 fratres
1725 3725 2057 3783 dilt‘CliSsittli
2092 3773 2106 3797 ,

518 3808 784 3881 supplices
807 3809 1178 3881 deprecemur,
1227 3814 1301 3885 uti
1329 3832 1448 3885 nos,
1502 3833 1637 3889 quos
1692 3829 1812 3875 ortu
1865 3824 2107 3892 corporis

518 3899 781 3969 visitavit,
813 3904 1064 3959 societate
1092 3911 1516 3967 conversationis
1546 3912 1760 3968 edocuit
1785 3955 1799 3975 .
1840 3926 2106 3987 prmcepto

517 3992 909 4062 pra'dicationis
932 3998 1189 4064 instituit,
1215 4002 1584 4073 degustatione
1616 4010 1804 4064 mortis
1847 4011 2103 4080 redemit,

517 4086 920 4157 participatione
970 4094 1155 4149 mortis
1210 4098 1489 4167 amplexus
1514 4110 1625 4167 est,
1680 4102 1844 4159 divini
1868 4106 2102 4177 Spiritus

513 4178 779 4237 infusione
830 4183 1047 4250 ditavit,
1098 4189 1196 4245 sub
1234 4202 1493 4263 perpetua
1523 4195 1807 4255 devotione
1832 4203 2102 4262 custodiat

511 4284 568 4330 et
600 4274 651 4328 in
700 4274 780 4329 his
835 4275 972 4331 beati
1016 4277 1302 4337 famulatus
1333 4286 1523 4341 studiis
1556 4303 1876 4358 permanere
1908 4310 2103 4353 conce-

513 4364 625 4425 dat.
650 4365 749 4435 Qui
789 4383 909 4425 cum
935 4368 1091 4427 Patre
1116 4382 1168 4426 et
1208 4375 1411 4443 Spiritu
1450 4389 1639 4436 sancto
1670 4382 1800 4440 vivit
1830 4394 1885 4444 et
1912 4400 2100 4458 regnat

512 4446 655 4513 Deus
686 4458 736 4513 in
767 4464 959 4517 saecula
1002 4464 1341 4525 saeculorum.

1036 4553 1272 4607 Collectid
1298 4563 1539 4622 sequitur.

582 4634 745 4700 Deus,
773 4638 862 4709 qui
890 4638 1042 4699 dives
1069 4657 1127 4698 es
1155 4643 1206 4698 in
1241 4646 1642 4719 misericordia,
1689 4668 1794 4723 qua
1850 4666 2093 4715 mortuos

508 4743 607 4784 nos
636 4733 887 4800 peccatis,
924 4736 1304 4795 convivificasti
1335 4739 1552 4799 Christo
1583 4743 1724 4801 Filio
1753 4758 1864 4816 tuo,
1902 4760 1958 4807 ut
1982 4752 2092 4808 for-

508 4838 647 4877 mam
677 4826 817 4881 servi
845 4827 1136 4897 accipcret,
1156 4832 1247 4900 qui
1278 4833 1455 4890 omnia
1482 4835 1752 4907 formavit,
1775 4849 1831 4895 ut
1859 4844 1950 4912 qui
1980 4857 2099 4903 erat

506 4913 559 4968 in
591 4914 788 4972 deitate
817 4931 1166 4991 generaretur
1192 4924 1246 4979 in
1277 4940 1472 4991 carne,
1521 4939 1579 4985 ut
1622 4932 1990 4994 involveretur
2038 4941 2093 4996 in

507 5020 695 5076 pannis
717 5008 806 5078 qui
832 5012 1153 5099 adorabatur
1183 5016 1234 5072 in
1259 5018 1450 5087 stellis,
1484 5031 1541 5078 ut
1565 5023 1774 5093 jaceret
1805 5028 1859 5082 in
1893 5046 2093 5099 praese-

506 5100 593 5169 pio
620 5101 706 5170 qui
738 5104 997 5173 regnabat
1037 5106 1089 5160 in
1121 5098 1289 5177 caelo:
1326 5111 1695 5173 invocantibus
1726 5098 2095 5185 nobisaurem

501 5193 795 5263 maiestatis
824 5206 926 5251 tuae
969 5201 1283 5269 propitiatus
1315 5207 1667 5268 adcommoda
1691 5257 1705 5283 ,
1738 5215 1948 5274 donans
1981 5220 2086 5276 hoc

503 5298 597 5354 per
627 5288 946 5346 ineffabilem
992 5301 1096 5347 ture
1138 5295 1515 5357 misericordiae
1550 5306 1827 5362 caritatem
1856 5351 1870 5372 ,
1904 5320 1965 5365 ut
1993 5313 2086 5383 qui

505 5377 804 5436 exultamus
832 5382 899 5438 de
930 5384 1211 5440 Nativitate
1246 5387 1363 5444 Filii
1388 5393 1495 5459 tui,
1539 5395 1628 5465 qui
1656 5400 1739 5453 vel
1771 5415 1835 5455 ex
1870 5377 2091 5475 Virgine

507 5477 687 5538 natus,
721 5474 803 5527 vel
832 5465 1127 5547 ex'Spiritu
1153 5492 1338 5537 sancto
1372 5498 1716 5555 regeneratus
1740 5501 1855 5558 est,
1890 5509 2089 5563 parea-

576 5618 609 5690 ξ
682 5612 775 5690 ilic
801 5614 1139 5690 unica_m_i_ssa
1168 5619 1219 5674 in
1253 5619 1423 5678 Natali
1455 5623 1693 5690 Domini;
1721 5628 1875 5685 unica
1926 5632 2087 5689 etiam

502 5680 557 5765 in
590 5680 924 5808 hecgonaxrio
945 5683 1239 5759 Gallicana,
1293 5705 1490 5764 praeter
1536 5680 1755 5752 missam
1778 5680 1868 5755 de
1908 5703 2086 5774 vigilia

505 5769 673 5811 manus
704 5772 715 5809 ι
748 5768 826 5808 aia
859 5768 919 5811 is.

505 5769 939 5895 '"i'iai‘liaébsa
960 5827 1213 5899 hymnum
1257 5834 1415 5891 trium
1456 5852 1773 5908 puerorum,
1820 5858 1980 5914 quem
2032 5850 2084 5905 in

2219 3253 2369 3309 dum.
2404 3257 2672 3313 Processit
2720 3262 2783 3315 de
2826 3268 3064 3321 sacrario
3115 3266 3358 3341 corporis
3409 3277 3724 3349 virginalis,
3761 3293 3819 3338 et

2216 3344 2495 3403 descendit
2524 3350 2723 3420 pietate
2750 3353 2816 3409 de
2843 3357 3011 3413 caelis.
3042 3360 3366 3422 Cecinerunt
3392 3344 3591 3443 angeli,
3624 3344 3821 3432 Gloria

2216 3441 2268 3495 in
2300 3444 2531 3513 excelsis,
2562 3463 2680 3502 cum
2717 3450 3017 3513 humanitas
3046 3460 3236 3517 claruit
3264 3466 3578 3523 Salvatoris.
3614 3470 3813 3530 Omnis

2213 3533 2445 3604 denique
2477 3540 2629 3595 turba
2659 3545 2933 3603 exultabat
2960 3555 3270 3623 angelorum
3295 3601 3311 3627 ,
3343 3565 3469 3633 quia
3504 3573 3646 3620 terra
3688 3566 3812 3625 Re-

2212 3640 2330 3695 gem
2363 3632 2598 3698 suscepit
2626 3644 2908 3694 aeternum.
2949 3641 3109 3700 Maria
3158 3646 3309 3703 beata
3363 3653 3497 3709 facta
3547 3666 3632 3713 est
3664 3670 3815 3716 tem-

2213 3716 2356 3784 plum
2416 3723 2709 3792 pretiosum
2744 3771 2756 3794 ,
2806 3742 3030 3800 portans
3079 3735 3358 3797 Dominum
3426 3745 3809 3809 dominorum.

2212 3808 2409 3865 Genuit
2440 3815 2580 3872 enim
2626 3834 2721 3887 pro
2763 3825 2959 3879 nostris
2988 3826 3199 3885 delictis
3233 3832 3392 3891 vitam
3429 3840 3743 3906 praeclaram
3776 3884 3795 3910 ,

2211 3908 2267 3953 ut
2321 3917 2465 3958 mors
2517 3908 2805 3976 pelleretur
2855 3931 3055 3971 amara.
3114 3920 3206 3975 llla
3238 3925 3380 3980 enim
3413 3929 3643 4000 viscera,
3672 3948 3801 4011 qua:

2210 3990 2438 4051 humana
2470 4014 2572 4053 non
2606 4016 2863 4059 noverant
2892 4010 3099 4066 macula
3127 4053 3140 4076 ,
3201 4013 3367 4085 Deum
3419 4031 3635 4089 portare
3680 3990 3800 4080 me—

2206 4098 2448 4146 ruerunt.
2475 4091 2638 4148 Natus
2666 4109 2748 4151 est
2810 4099 2860 4153 in
2916 4103 3131 4171 mundo,
3189 4108 3277 4176 qui
3327 4125 3543 4182 semper
3576 4116 3706 4171 vixit
3746 4129 3805 4173 et

2206 4182 2333 4237 vivit
2379 4183 2431 4238 in
2489 4187 2641 4255 caelo,
2690 4188 2845 4246 Jesus
2884 4193 3130 4253 Christus
3162 4198 3325 4259 Filius
3351 4212 3494 4275 tuus,
3530 4208 3797 4267 Dominus

2205 4288 2408 4334 noster.
2459 4277 2561 4335 Per
2608 4297 2766 4350 quem
2823 4287 3157 4357 majestatem
3208 4302 3351 4351 tuam
3397 4297 3616 4355 laudant
3678 4316 3781 4359 an-

2201 4368 2325 4438 geli.

2830 4448 2945 4501 Post
2969 4455 3191 4505 Sanctus.

2122 4569 2179 4632 Β
2273 4534 2451 4591 Gloria
2480 4537 2533 4592 in
2562 4539 2791 4596 excelsis
2822 4542 2955 4609 Deo,
2983 4554 3036 4600 et
3080 4547 3131 4603 in
3181 4558 3319 4605 terra
3352 4566 3456 4622 pax
3481 4554 3803 4616 hominibus

2203 4627 2360 4683 bona:
2415 4629 2740 4699 voluntatis,
2793 4635 2915 4705 quia
2972 4638 3416 4714 adpropinquavit
3482 4649 3788 4722 redemptio

2200 4730 2401 4775 nostra.
2434 4721 2588 4777 Venit
2616 4725 2829 4797 antiqua
2852 4733 3158 4800 expectatio
3182 4736 3453 4806 gentium;
3480 4741 3635 4798 adest
3667 4762 3767 4815 pro

2199 4813 2362 4868 missa
2410 4818 2738 4874 resurrectio
2782 4831 3150 4893 mortuorum;
3223 4830 3443 4902 jamque
3506 4813 3789 4912 praefulget

2198 4915 2398 4963 aeterna
2416 4912 2716 4980 expectatio
2738 4910 3036 4981 beatorum,
3071 4930 3166 4986 per
3192 4918 3466 4980 Christum
3501 4910 3784 4989 Dominum

2196 5013 2461 5059 nostrum.
2488 5003 2588 5073 Qui
2622 5006 2791 5077 pridie
2818 5023 2979 5079 quam
3014 5025 3109 5080 pro
3138 5024 3315 5071 nostra
3339 5022 3578 5079 omnium
3608 5028 3711 5082 sal.

2834 5119 2951 5172 Post
2973 5132 3184 5174 secreta.

2269 5218 2569 5287 Credimus,
2627 5221 2872 5290 Domine,
2916 5227 3202 5282 adventum
3247 5239 3390 5285 tuum
3418 5274 3433 5299 ,
3484 5234 3779 5293 recolimus

2200 5311 2505 5372 Passionem
2530 5323 2694 5370 tuam.
2711 5314 2915 5388 Corpus
2942 5329 3087 5374 tuum
3114 5322 3165 5376 in
3190 5334 3531 5391 peccatorum
3563 5335 3782 5385 nostro-

2200 5419 2317 5459 rum
2338 5406 2653 5463 remissiohe
2672 5409 3001 5467 confractum
3027 5424 3075 5477 ος
3095 5411 3320 5484 Sanguis
3344 5425 3563 5477 sanctus
3593 5424 3717 5479 tuus
3735 5415 3791 5475 in

2198 5499 2427 5568 pretium
2474 5511 2673 5555 nostra:
2720 5502 3107 5572 redemptionis
3138 5505 3340 5562 effusus
3362 5517 3479 5575 est;
3523 5510 3615 5580 qui
3658 5526 3775 5568 cum

2198 5638 2359 5711 missa
2387 5635 2593 5711 Natalis
2624 5636 2833 5711 Domini
2863 5648 2983 5709 post
3011 5639 3307 5711 Epistulam
3333 5646 3590 5711 usitatum
3620 5648 3790 5711 fuisse

2196 5708 2397 5765 dictum
2427 5717 2511 5765 est
2533 5707 2586 5763 in
2618 5709 2714 5767 lib.
2737 5725 2795 5765 ιι.

2270 5789 2293 5817 ο
2319 5777 2444 5862 Haec
2470 5781 2633 5862 verba
2664 5780 2911 5835 videntur
2954 5780 3208 5862 alludere
3232 5786 3299 5840 ad
3348 5792 3624 5862 antiquam
3655 5807 3784 5849 con-

2196 5849 2516 5909 secrationis
2545 5850 2801 5921 formam,
2824 5868 2945 5924 quae
2974 5853 3031 5915 in
3080 5855 3284 5919 Ordine
3311 5849 3695 5932 Ambrbsiaao,
3727 5871 3781 5922 α
