4048 6350
131 262 275 341 sae

131 390 334 446 Patre
366 398 419 446 et
450 389 655 460 Spiritu
684 403 871 455 saneto
898 392 1033 451 vivis
1065 406 1120 451 et
1145 411 1338 467 regnas
1359 399 1410 453 in
1439 398 1622 455 saecul.

567 484 691 534 Ante
707 488 977 537 orationem
997 487 1310 549 Dominioam.

217 563 359 634 Non
388 573 575 631 nostro
601 580 1005 637 praesumentes,
1042 573 1202 641 Pater
1248 585 1433 633 sancte
1458 618 1471 641 ,
1521 577 1716 632 merito
1737 614 1753 640 ,

127 658 250 712 sed
288 657 506 721 Domini
544 662 712 716 nosui
762 662 889 718 Jesu
936 664 1132 720 Christi
1162 666 1285 731 Filii
1318 668 1391 733 tui
1438 668 1751 724 obedientes

128 749 423 823 imperio,
454 752 714 813 audemus
743 755 946 814 dicere.

571 846 689 899 Post
710 851 979 900 orationem
1005 849 1305 913 Dominicam

223 928 431 985 Libera
487 945 608 999 nos,
660 934 1001 1005 omnipotens
1030 938 1193 1003 Deus,
1227 939 1294 1003 ab
1321 938 1461 992 omni
1486 938 1650 1007 malo,
1685 938 1754 994 ab

131 1008 307 1073 οηιηὶ
344 1020 581 1087 periculo
606 1064 623 1089 ,
654 1032 709 1079 et
737 1027 947 1079 custodi
981 1043 1083 1080 nos
1114 1030 1164 1082 in
1198 1031 1343 1082 omni
1371 1044 1535 1099 opere
1563 1030 1702 1086 bono
1731 1073 1747 1097 ,

132 1111 399 1179 perfecta
445 1115 665 1179 veritas,
695 1124 751 1171 et
780 1130 908 1175 vera
940 1119 1190 1186 libertas,
1216 1120 1376 1176 Deus.
1400 1122 1501 1189 Qui
1560 1139 1751 1194 regnas

132 1206 203 1261 in
245 1207 457 1262 saecula
472 1210 667 1264 saeui.

696 1323 983 1378 Benedictio
1019 1330 1195 1392 populi.

198 1422 404 1492 ‘Deus,
453 1431 544 1496 qui
574 1428 858 1486 adventum
890 1442 993 1488 tum
1043 1437 1339 1506 majestatis
1378 1454 1472 1515 per
1500 1442 1747 1509 angelum

136 1517 500 1575 Gabribelem
528 1564 542 1587 ,
590 1526 897 1594 priusquam
929 1526 1284 1585 descenderes
1309 1573 1322 1594 ,
1359 1533 1602 1587 nuntiare
1630 1531 1749 1603 jus-

134 1613 272 1666 sisli
293 1614 410 1683 ;qui
430 1615 712 1691 dignanter
739 1619 875 1673 intra
891 1620 1118 1675 humana
1146 1624 1348 1679 viscera
1372 1625 1663 1695 ingressus,
1692 1636 1747 1683 et

139 1708 285 1763 alvo
300 1708 526 1780 Virginis
540 1712 698 1769 hodie
723 1723 773 1769 te
801 1715 1028 1771 mundus
1048 1718 1368 1774 clariﬁcatus
1386 1704 1573 1791 (sic)...
1589 1721 1744 1801 193

134 1801 353 1856 Amen.

220 1893 305 1949 Tu
332 1936 346 1959 ,
378 1896 633 1962 Domine,
669 1899 893 1954 benedic
921 1898 1057 1955 hanc
1091 1900 1343 1956 familiam
1377 1911 1544 1969 tuam,
1576 1918 1737 1975 quam

137 1986 415 2044 hodierna
447 1990 778 2047 sollemnitas
804 1994 856 2047 in
878 1991 1112 2048 adventu
1166 2001 1258 2049 tuo
1310 1993 1437 2050 fecit
1482 1998 1742 2066 gaudere.

136 2081 352 2135 Amen.

220 2172 299 2226 Da
331 2189 517 2244 pacem
550 2176 744 2246 populo
775 2185 867 2231 tuo
892 2218 907 2244 ,
961 2192 1121 2246 quem
1172 2175 1404 2246 pretiosa
1458 2177 1740 2232 nativitate

132 2269 427 2334 viviﬁcas;
471 2282 521 2325 et
554 2273 820 2341 passionis
851 2272 1133 2335 tolerantia
1183 2288 1213 2327 a
1265 2281 1443 2327 morte
1484 2282 1742 2343 perpetua

136 2360 447 2416 redemisti.
482 2362 672 2419 Amen.

220 2455 423 2511 Tribue
448 2457 526 2513 eis
548 2459 615 2515 de
638 2460 887 2515 thesauro
902 2469 993 2521 tuo
1021 2462 1387 2521 indeﬁcientes
1410 2463 1624 2519 divitias
1648 2464 1741 2519 bo-

135 2547 351 2613 nitatis,
384 2550 531 2619 reple
578 2566 670 2605 eos
720 2552 965 2617 scicntia.
1022 2565 1080 2610 ut
1124 2555 1415 2625 impollutis
1443 2556 1653 2611 actibus
1684 2563 1741 2612 et

134 2655 283 2707 puro
309 2641 469 2696 corde
499 2652 794 2719 sequantur
822 2653 872 2700 te
906 2645 1095 2701 ducem
1122 2646 1368 2717 iustitiae,
1394 2663 1553 2718 quem
1578 2661 1736 2702 suum

135 2744 477 2802 cognoscunt
504 2734 783 2795 factorem.
824 2736 1018 2799 Amen.

192 2825 513 2893 ,Etsicutin
543 2827 731 2883 diebus
769 2828 874 2883 illis
902 2831 1292 2891 advenientem
1344 2844 1396 2891 te
1436 2835 1488 2890 in
1535 2836 1738 2892 mundo

136 2914 368 2985 perﬁdia
398 2917 617 2973 Herodis
639 2920 872 2988 expavit,
900 2930 955 2976 et
979 2923 1136 2991 periit
1163 2939 1256 2979 rex
1307 2925 1505 2995 impius
1533 2941 1563 2982 a
1595 2926 1734 2991 facie

137 3009 306 3080 Regis
334 3012 544 3081 magni;
576 3015 809 3067 itanunc
855 3018 1105 3083 praesenti
1160 3028 1403 3089 tempore
1454 3020 1732 3077 celebrata

138 3104 481 3158 sollemnitas
502 3116 844 3174 peccatorum
876 3118 1180 3164 nostrorum
1235 3112 1407 3166 vincla
1444 3112 1724 3167 dissolvat.

138 3197 338 3254 Amen.

218 3289 288 3347 Ut
327 3307 448 3347 cum
480 3293 670 3348 iterum
706 3294 771 3348 ad
806 3295 1156 3365 judicandum
1184 3297 1413 3362 veneris,
1448 3297 1623 3352 nullus
1656 3311 1723 3352 ex

139 3380 299 3437 nobis
336 3391 462 3439 ante
515 3383 745 3439 tribunal
797 3394 945 3440 tuum
980 3401 1103 3441 reus
1133 3398 1419 3458 appareat;
1445 3388 1537 3444 sed
1573 3431 1588 3456 ,
1611 3390 1728 3447 dis-

138 3486 300 3530 cussa
341 3475 408 3528 de
454 3476 759 3545 pectoribus
808 3478 1006 3532 nostris
1042 3479 1270 3547 caligine
1325 3481 1667 3539 tenebrarum
1701 3525 1718 3551 ,

140 3566 451 3635 placeamus
477 3569 785 3638 conSpectui
808 3578 933 3637 tuo,
962 3580 1013 3625 et
1050 3572 1427 3640 perveniamus
1466 3573 1531 3628 ad
1575 3574 1720 3630 illam

139 3669 342 3715 terram
399 3675 557 3729 quam
608 3663 780 3717 sancti
840 3663 917 3718 tui
971 3663 1023 3717 in
1083 3667 1325 3734 requiem
1378 3668 1731 3737 possidebunt

142 3761 423 3807 aeternam.
453 3753 642 3810 Amen.

649 3870 769 3921 Post
790 3875 1199 3923 communionem.

210 3970 345 4026 Cibo
370 3974 570 4029 caelesti
596 3977 855 4047 saginati,
883 3986 937 4033 et
966 3980 1160 4049 poculo
1189 3981 1379 4037 aeterni
1409 3981 1592 4039 ealicis
1632 4001 1719 4041 re-

139 4066 326 4132 creati,
360 4064 552 4121 fratres
577 4071 871 4134 carissimi,
923 4070 1154 4128 Domino
1182 4073 1295 4130 Deo
1319 4083 1506 4132 nostro
1535 4077 1721 4135 laudes

140 4165 192 4210 et
213 4158 411 4227 gratias
440 4157 805 4215 indesinenter
828 4175 1071 4231 agamus,
1106 4174 1353 4232 petentes
1388 4174 1443 4221 ut
1500 4170 1587 4235 qui
1632 4184 1719 4225 sa-

140 4261 474 4306 crosanctum
502 4267 698 4324 corpus
722 4253 931 4310 Domini
962 4258 1130 4311 nostri
1160 4256 1283 4313 Jesu
1318 4259 1515 4315 Christi
1558 4263 1713 4331 spiri‘

144 4341 315 4395 taliter
344 4341 690 4412 sumpsimus,
745 4346 893 4401 exuti
920 4362 947 4401 a
978 4348 1283 4404 carnalibus
1315 4350 1482 4415 vitiis,
1509 4353 1726 4420 spirita-

141 4432 216 4489 les
249 4432 390 4488 efﬁci
437 4450 758 4495 mereamur.
814 4435 916 4493 Per
949 4440 1230 4495 Dominum
1263 4451 1506 4498 nostrum
1538 4442 1725 4500 Jesum

140 4525 327 4581 Filium
356 4543 530 4583 suum.

692 4622 926 4673 Collectio
947 4629 1187 4686 sequitur.

207 4726 289 4783 Sit
315 4728 490 4793 nobis,
525 4729 769 4797 Domine,
814 4746 1118 4800 quaesumus
1151 4774 1164 4799 ,
1214 4735 1475 4792 medicina
1523 4739 1719 4795 mentis

138 4826 189 4876 et
214 4820 471 4890 corporis,
507 4820 647 4891 quod
678 4820 746 4876 de
775 4825 943 4877 sancti
989 4824 1172 4879 altaris
1224 4828 1296 4881 tui
1344 4828 1715 4888 benedictione

138 4914 458 4984 percipimus
484 4955 499 4980 ,
540 4922 595 4967 ut
636 4915 793 4969 nullis
832 4915 1249 4973 adversitatibus
1295 4921 1662 4989 opprimamur
1697 4965 1711 4989 ,

136 5010 221 5079 qui
255 5009 381 5063 tanti
416 5007 637 5063 remedii
672 5009 1083 5079 participatione
1128 5014 1416 5067 munimur.
1463 5015 1565 5070 Per
1599 5015 1709 5072 Do-

139 5100 337 5155 minum
363 5108 606 5155 nostrum
628 5100 811 5155 Jesum
841 5102 1115 5159 Christum
1148 5104 1344 5159 Filium
1389 5114 1559 5163 tuum.

1200 275 1290 335 DE
1329 274 1655 344 LITURGM
1696 276 2085 343 GALLICANA
2125 283 2326 343 LIBER
2363 286 2452 345 Ill.

3340 300 3472 360 ΞΜ).

1780 401 1836 465 Α
1987 401 2050 457 γ.
2080 418 2219 461 onno
2258 421 2427 463 ιιιεεε
2464 420 2518 462 tu
2556 424 2768 466 NA'I'ALB
2809 424 2998 471 sine-rt
3036 428 3294 479 “metu

2425 516 2885 563 Ρηοτοκικτϊιω.

2516 593 2742 647 Praefatio
2765 598 2812 646 ⁸.

1934 672 2305 735 Venerabilem
2359 687 2520 748 atque
2570 679 2856 738 sublimem
2904 684 3200 743 beatissimi
3256 702 3439 759 proto-

1859 768 2107 834 martyris
2162 769 2415 837 Stephani
2474 774 2772 841 passionem
2836 777 2997 834 bodie
3053 782 3433 851 celebrantes,

1862 859 2025 913 Deum
2058 871 2345 929 martyrum
2375 904 2392 931 ,
2426 864 2620 923 fratres
2643 870 2930 939 carissimi,
2961 874 3336 944 deprecemur,
3373 889 3435 936 ut

1857 954 1993 1009 sicut
2020 955 2093 1010 illi
2113 961 2563 1028 contemplatione
2595 965 2906 1022 meritorum
2935 984 3154 1025 suorum
3179 986 3437 1030 coronam

1858 1048 1985 1104 dare
2014 1051 2264 1119 dignatus
2290 1063 2390 1120 est,
2421 1058 2573 1113 nobis
2602 1075 2815 1131 quoque
2852 1065 3223 1134 plenissimam
3267 1070 3432 1125 mise-

1854 1137 2162 1205 ricordiam,
2198 1144 2361 1210 ipsius
2398 1149 2643 1216 precibus
2673 1151 2863 1218 ﬂexus,
2895 1157 2946 1210 in
2971 1158 3220 1215 omnibus
3238 1160 3436 1232 largi»

1855 1240 1960 1284 tur.
1996 1233 2095 1287 Per
2117 1232 2400 1293 Dominum
2432 1248 2672 1297 nostrum
2701 1244 2883 1301 Jesum
2910 1248 3183 1307 Christum
3230 1252 3425 1312 Filium

1854 1336 2029 1378 suum.

2402 1401 2637 1454 Collectio
2660 1411 2903 1471 sequitur.
3408 1456 3414 1463 ι

1904 1478 2319 1555 1940eus,qui
2346 1498 2532 1541 sancto
2564 1487 2837 1560 Stephano
2867 1499 3085 1568 martyri
3104 1508 3194 1554 tuo
3213 1508 3269 1557 et
3293 1502 3437 1573 prin-

1852 1571 2085 1640 cipatum
2118 1574 2167 1627 in
2193 1576 2514 1642 miniSterio,
2544 1588 2597 1632 et
2618 1581 2914 1652 principem
2945 1587 2995 1639 in
3030 1571 3303 1661 martyrio
3327 1590 3428 1664 [lo-

1852 1662 1997 1735 cum]
2024 1666 2324 1732 contulisti,
2350 1667 2474 1722 dum
2507 1670 2662 1725 nobis
2693 1675 2863 1729 sancti
2892 1676 2998 1733 diei
3021 1678 3181 1748 hujus
3226 1662 3431 1738 feStivi-

1777 1791 1830 1850 Β
1855 1764 2016 1815 tatem
2063 1774 2157 1826 pro
2199 1761 2315 1831 ejus
2357 1765 2442 1819 vel
2487 1772 3035 1838 commemoratione,
3068 1776 3147 1828 vel
3185 1778 3434 1844 passione

1850 1848 2082 1917 donasti,
2116 1855 2329 1922 exaudi,
2377 1874 2684 1929 qumsumus
2719 1904 2734 1930 ,
2779 1866 3055 1934 supplices
3080 1868 3297 1927 familia:
3328 1881 3434 1929 tum

1852 1956 2037 2009 preces
2063 1961 2076 2009 ;
2103 1947 2254 2000 nobis
2276 1947 2390 2018 ejus
2424 1952 2689 2017 peculiare
2722 1955 3028 2023 praesidium
3074 1961 3251 2018 tribue
3278 2001 3299 2029 ,
3330 1977 3428 2018 cu-

1845 2029 1934 2099 jus
1993 2048 2085 2103 pro
2136 2036 2365 2093 inimicis
2412 2054 2473 2094 ac
2511 2045 2880 2111 peccatoribus
2926 2064 3117 2117 preces
3151 2051 3427 2118 piissimus

1847 2129 2171 2195 acceptasti;
2217 2131 2391 2186 tribue
2439 2133 2601 2189 etiam
2648 2147 2705 2191 ut
2756 2153 2852 2207 pro
2901 2142 3058 2197 nobis
3104 2144 3431 2204 intercessor

1847 2217 2062 2283 existat,
2093 2221 2184 2290 qui
2208 2226 2449 2293 prosuis
2481 2232 2920 2296 persecutoribus
2950 2238 3290 2307 supplicavit.
3319 2239 3425 2299 Per

1846 2310 2129 2367 Dominum
2187 2325 2429 2372 nostrum
2478 2318 2659 2377 .lesum
2700 2323 2972 2391 Christum
3005 2328 3203 2387 Filium
3234 2340 3383 2391 tuum
3408 2375 3430 2403 ,

1842 2405 1932 2474 qui
1961 2416 2135 2461 tecum
2166 2407 2352 2464 beatus
2380 2411 2529 2467 vivit.

2328 2502 2562 2556 Collectio
2588 2513 2695 2569 post
2718 2514 2932 2562 nomina.

1911 2579 2265 2667 Omnipotens
2292 2590 2619 2657 sempiterne
2650 2590 2812 2661 Deus,
2842 2596 2932 2665 qui
2966 2597 3285 2656 Sanctorum
3311 2602 3425 2659 vir-

1840 2679 1952 2726 tute
1975 2673 2250 2744 multiplici
2279 2678 2530 2734 Ecclesiae
2549 2691 2656 2738 tuae
2676 2699 2888 2742 sacrum
2915 2702 3110 2759 corpus
3132 2706 3427 2763 exornans,

1838 2763 2103 2831 primitias
2174 2778 2466 2839 martyrum
2516 2775 2735 2844 gloriosi
2801 2780 2979 2835 levitae
3038 2784 3111 2838 tui
3165 2784 3427 2855 Stephani

1837 2858 2094 2926 sanguine
2120 2859 2419 2932 dedieasti,
2442 2864 2508 2919 da
2540 2868 2696 2923 nobis
2732 2870 2876 2926 diem
2920 2875 3113 2930 natalis
3166 2876 3283 2946 ejus
3334 2879 3426 2935 ho-

1834 2961 1967 3004 nore
1998 2952 2267 3022 praecipuo
2297 2955 2605 3025 celebrare,
2637 2962 2759 3031 quia
2803 2978 2909 3018 non
2958 2963 3256 3024 difﬁdimus
3295 2984 3419 3027 eum

1837 3037 2083 3096 ﬁdelibus
2108 3046 2214 3099 tuis
2240 3061 2399 3115 posse
2422 3049 2722 3124 suﬁ‘ragari,
2753 3056 2845 3125 qui
2868 3057 3151 3116 dominica:
3170 3062 3411 3121 caritatis

1759 3169 1807 3233 Ο
1838 3130 2098 3202 imitator,
2124 3137 2285 3193 etiam
2315 3155 2413 3210 pro
2444 3145 2555 3200 suis
2598 3150 3033 3215 persecutoribus
3083 3154 3423 3226 supplicavit.

1842 3228 2037 3285 Tribue
2066 3272 2082 3298 ,
2132 3249 2437 3303 quaesumus
2465 3278 2479 3303 ,
2512 3251 2607 3308 per
2637 3240 2996 3297 interventum
3031 3244 3198 3315 ipsius
3219 3286 3237 3315 ,
3266 3256 3324 3302 ut
3352 3247 3423 3303 viv

1834 3334 2022 3380 ventes
2041 3327 2293 3395 salutem,
2312 3329 2545 3385 defuncti
2569 3332 2811 3403 requiem
2828 3348 3229 3407 consequantur
3259 3348 3422 3395 aeter-

1834 3434 1978 3473 nam.
2010 3418 2209 3476 Praesta
2237 3437 2332 3493 per
2363 3423 2645 3479 Dominum
2675 3436 2919 3482 nostrum
2950 3428 3146 3486 Filium
3179 3442 3346 3488 tuum.

2363 3514 2599 3566 Collectio
2624 3516 2682 3567 ad
2705 3531 2895 3581 pacem.

1908 3596 2044 3652 Deus
2084 3598 2326 3654 caritatis
2367 3601 2600 3656 indultor
2632 3643 2647 3669 ,
2681 3601 2824 3657 Deus
2852 3601 3198 3675 indulgentiae
3226 3622 3418 3664 mune-

1831 3698 1999 3753 rator,
2030 3689 2121 3757 qui
2172 3698 2359 3744 sancto
2400 3691 2622 3762 martyri
2656 3701 2745 3747 tuo
2774 3691 3049 3765 Stephano
3078 3697 3131 3751 in
3163 3699 3417 3767 passione

1833 3781 2055 3852 largitus
2084 3796 2144 3837 es
2170 3791 2229 3837 ut
2270 3783 2496 3839 imbrem
2531 3784 2764 3856 lapidum
2793 3788 3086 3846 clementer
3119 3792 3415 3863 exciperet,

1834 3883 1885 3927 et
1916 3888 2016 3941 pro
2046 3873 2404 3943 lapidantibus
2435 3876 2761 3947 supplicaret
2792 3920 2806 3944 ,
2836 3880 3086 3950 pietatem
3119 3892 3285 3951 tuam,
3315 3884 3415 3941 Do-

1830 3966 1992 4033 mine,
2022 3968 2263 4024 subnixis
2292 3970 2541 4040 precibus
2571 3986 2885 4040 exoramus,
2921 3986 2979 4032 nt
3007 3976 3131 4033 dum
3165 3979 3415 4051 martyris

1829 4063 1902 4115 tui
1936 4061 2236 4131 passionem
2265 4064 2552 4119 recolimus
2576 4106 2593 4133 ,
2628 4080 2723 4137 per
2752 4066 3195 4125 intercessionem
3248 4071 3417 4142 ipsius

1832 4154 1976 4222 pacis
2003 4155 2347 4211 securitatem
2377 4172 2498 4211 cum
2532 4170 2871 4228 peccatorum
2913 4170 3222 4218 nostrorum
3251 4163 3413 4221 venia

1828 4248 2085 4315 consequi
2144 4263 2466 4304 mereamur.
2501 4250 2603 4305 Per
2635 4250 2920 4308 Dominum
2952 4265 3194 4311 nostrum
3224 4253 3411 4318 Jesum

1826 4338 2096 4394 Christum
2125 4340 2317 4396 Filium
2347 4350 2514 4412 tuum,
2544 4344 2636 4414 qui
2664 4354 2862 4402 tecum.

2375 4444 2678 4503 Contestatio
2700 4451 2878 4502 missa.

1751 4562 1809 4624 ι)
1900 4547 2128 4615 Dignum
2179 4560 2232 4605 et
2283 4550 2485 4620 justum
2516 4561 2619 4617 est,
2649 4569 2859 4625 arquum
2899 4564 2955 4611 et
2978 4556 3180 4627 justum
3228 4571 3309 4616 est
3357 4571 3409 4619 te

1826 4640 2066 4708 laudare,
2095 4650 2251 4710 teque
2282 4643 2626 4711 benedicere,
2663 4647 2760 4703 tibi
2790 4649 2989 4718 gratias
3015 4665 3195 4721 agere,
3227 4654 3406 4711 omni-

1826 4743 2016 4802 potens
2045 4736 2370 4805 sempiterne
2400 4739 2562 4794 Deus.
2595 4739 2695 4806 Qui
2742 4741 2987 4811 gloriaris
3028 4745 3079 4799 in
3130 4758 3399 4804 conventu

1822 4840 2129 4886 sanctorum
2158 4842 2389 4897 tuorum,
2425 4846 2561 4899 quos
2591 4842 2715 4887 ante
2742 4832 2926 4888 mundi
2950 4836 3399 4898 constitutionem

1824 4922 2134 4992 praeelech
2183 4923 2405 4992 spiritali
2456 4923 2507 4977 in
2559 4925 2864 4982 caelestibus
2919 4929 3289 4988 benedictione
3325 4935 3404 4989 si-

1822 5013 2015 5084 gnasti,
2074 5029 2314 5084 quosque
2360 5014 2647 5085 Unigenito
2699 5025 2790 5072 tuo
2831 5033 2927 5088 per
2969 5020 3405 5093 adsumptionem

1820 5106 1998 5162 carnis
2011 5107 2248 5162 etcrucis
2273 5106 2693 5177 redemptionem
2715 5112 2960 5179 sociasti,
2982 5111 3037 5168 in
3062 5115 3261 5185 quibus
3282 5117 3404 5186 Spi-

141 5236 310 5290 forsan
338 5235 497 5290 etiam
525 5236 577 5290 in
609 5235 885 5291 Gallicano
929 5238 1010 5293 sic
1060 5236 1237 5292 efferri
1268 5239 1511 5293 solebant
1542 5256 1555 5295 :
1592 5239 1707 5294 Hoc

139 5317 206 5361 est
236 5309 792 5381 enim_corpus_meum,
841 5310 977 5378 quod
1027 5324 1119 5377 pro
1161 5309 1295 5361 vobis
1336 5312 1702 5381 confringetur.

139 5380 259 5445 Quae
281 5378 435 5433 verba
465 5394 531 5433 ex
561 5379 819 5446 Apostolo
845 5382 1123 5446 desumpta
1150 5390 1302 5443 sunt,
1345 5378 1555 5449 nempe
1576 5398 1641 5437 ex
1687 5385 1705 5439 Ι

138 5449 203 5503 ad
228 5449 551 5517 Corinthios,
581 5466 700 5519 cup.
731 5466 790 5513 ιι,
816 5450 909 5517 “Li,
942 5450 1030 5505 ubi
1055 5451 1302 5519 κλώμενον
1334 5452 1384 5505 in
1424 5452 1596 5508 Greco
1627 5454 1702 5508 le-

137 5521 291 5593 gitur,
341 5521 388 5593 id
437 5529 519 5593 est
541 5522 681 5591 quod
724 5520 999 5593 frangitur,
1051 5524 1103 5577 iu
1153 5520 1411 5590 Vulgata,
1454 5526 1698 5580 tra'letur.

139 5589 585 5658 Quemadmodum
620 5589 743 5647 vero
776 5589 893 5661 post
916 5594 1137 5647 Sanctus
1162 5594 1211 5647 in
1236 5589 1336 5648 hoc
1360 5589 1561 5648 Ordine
1591 5595 1698 5649 Go-

140 5666 275 5744 thico
296 5665 437 5743 solet
468 5673 707 5732 repetere
758 5664 1056 5720 sacerdos:
1117 5663 1246 5719 Vere
1301 5664 1547 5744 Sanctus,
1588 5680 1703 5723 rem

137 5732 451 5803 benedictus;
491 5738 568 5788 sic
605 5748 654 5789 et
708 5744 825 5802 post
870 5747 1149 5803 utramque
1189 5737 1644 5791 consecrationem
1678 5779 1694 5802 ,

138 5806 273 5860 dicto
346 5801 474 5858 Haec
501 5801 897 5876 quotiest‘unque
918 5801 1155 5875 feceritis,
1190 5809 1243 5861 in
1278 5808 1374 5863 mei
1405 5807 1697 5861 memoriam

1816 5245 2033 5316 facietis,
2065 5244 2115 5299 id
2149 5250 2474 5315 protestatur
2501 5245 2688 5303 dicens
2721 5266 2733 5300 :
2768 5244 3065 5305 Recolimus
3110 5253 3401 5316 passionem

1815 5328 1974 5370 tuam.
2008 5315 2203 5392 Corpus
2254 5321 2903 5392 tuum...._confractum;
2947 5315 3159 5392 sanguis
3194 5338 3400 5379 sanctus

1809 5399 1997 5442 tuus...
2029 5387 2227 5457 effusus
2254 5398 2347 5455 est,
2380 5388 2523 5459 quod
2551 5393 2744 5460 repetit
2771 5406 2839 5446 ex
2882 5387 3063 5447 verbis
3108 5408 3397 5451 consecra-

1811 5460 1991 5515 tionis.

1882 5540 1907 5566 ἰ
1939 5530 2033 5586 Hic
2060 5531 2165 5607 alio
2193 5531 2352 5607 modo
2378 5532 3092 5607 sumitur_Pr:efatio,Aquatn
3126 5535 3177 5590 in
3208 5534 3396 5592 Missa-

1813 5600 1951 5685 l_ibus
1974 5603 2181 5685 nostris
2208 5602 2457 5685 vulgatis,
2484 5605 2571 5685 ubi
2616 5602 2867 5685 Praefatio
2892 5600 3165 5685 Cimonem
3198 5621 3396 5685 praece-

1802 5674 1900 5746 dit,
1934 5672 2020 5746 hic
2050 5674 2219 5743 prima
2244 5672 2540 5730 sacerdotis
2565 5676 2766 5746 oratio,
2798 5688 2905 5746 qua
2936 5672 3395 5741 circumstantium

1801 5744 1970 5801 animi
2001 5753 2375 5816 praeparantur
2404 5746 2470 5801 ad
2502 5745 2743 5803 missam.
