4048 6350
681 273 778 333 SB!

1357 275 1707 338 APPENDLX
1744 279 1836 339 AD
1871 279 2098 340 OPE-RA
2139 277 2392 340 SANCTI
2428 280 2739 344 GERMANI
2777 283 3227 350 PARlSlENSlS.
3803 295 3866 360 332‘

677 395 840 450 ritum
878 402 1028 451 tuum
1057 402 1300 452 sanctum
1333 410 1558 469 regnare
1591 399 1787 468 fecisti,
1841 416 1937 470 per
1980 417 2137 472 quem
2187 403 2254 457 ad
2287 401 2341 463 Δ
2368 403 2610 474 martyrii
2636 418 2733 460 nos
2759 405 3086 460 desiderium
3116 403 3317 462 amoris
3343 406 3429 462 sui
3460 405 3586 479 igne
3609 413 3864 482 succendat,

676 489 849 546 felicis
870 491 1107 562 martyrii
1130 492 1352 561 gloriam
1379 493 1590 563 pietatis
1620 505 1724 551 tua:
1755 496 1937 552 favore
1960 507 2244 555 venerunt.

677 581 854 653 Digne
881 584 1043 652 igitur
1086 585 1204 651 libi,
1238 585 1466 641 Domine
1498 589 1776 653 virtutum,
1821 590 1956 644 festa
1987 590 2264 646 sollemni-

605 741 610 750 ‘
676 682 761 730 tas
810 676 1017 745 agitur;
1075 677 1164 730 tibi
1214 678 1325 733 htec
1379 679 1496 734 dies
1543 690 1753 736 sacrata
1803 682 2128 746 celebratur,
2161 699 2261 752 qua

682 765 824 824 beati
867 769 1123 839 Stephani
1179 772 1334 840 primi
1384 776 1632 844 martyris
1684 775 1758 829 tui
1789 775 2044 846 sanguis,
2073 776 2124 829 in
2159 787 2264 830 tuae

681 863 922 919 veritatis
969 865 1272 921 testimonio
1320 867 1603 936 profusus,
1657 870 1996 940 magnificum
2031 871 2263 926 nominis

679 956 756 1010 ttti
809 954 1065 1011 honorem
1113 957 1358 1028 signavit.
1413 957 1509 1013 Hic
1537 967 1620 1013 est
1645 961 1788 1015 enim
1841 960 1981 1014 illius
2033 959 2265 1015 nominis

681 1048 888 1116 primus
916 1048 1198 1105 confessor
1246 1051 1387 1120 quod
1439 1061 1521 1106 est
1575 1067 1739 1122 supra
1767 1067 1927 1107 omne
1959 1067 2176 1116 nomen,
2209 1052 2264 1108 in

681 1152 788 1206 quo
819 1141 1030 1193 unicum
1062 1139 1247 1195 salutis
1299 1141 1455 1213 195
1504 1151 1703 1197 nostra:
1735 1145 2065 1210 praesidium,
2103 1144 2261 1200 Pater

681 1239 904 1299 reterns,
942 1233 1185 1300 posuisti.
1248 1232 1346 1288 Hic
1377 1235 1429 1288 in
1460 1232 1700 1291 Ecclesia
1731 1246 1820 1290 tua
1863 1253 2020 1306 quam
2079 1238 2262 1306 splen-

680 1321 862 1376 didum
915 1323 980 1377 ad
1028 1336 1344 1381 cunctorum
1399 1327 1608 1382 animos
1655 1330 2052 1385 conﬁrmandos
2098 1331 2266 1386 unicae

683 1411 858 1468 laudis
912 1416 1183 1483 prmcessit
1238 1418 1591 1487 exemplum!
1639 1419 1735 1474 llic
1791 1433 1910 1489 post
1963 1422 2265 1491 passionem

678 1503 890 1561 Domini
920 1510 1088 1563 nostri
1113 1509 1242 1566 Jesu
1283 1509 1504 1577 Christi,
1538 1513 1775 1568 victoriae
1805 1515 2035 1582 palmam
2065 1515 2268 1584 primus

677 1597 896 1656 invasit.
955 1600 1050 1655 llic
1082 1611 1140 1656 ut
1171 1603 1383 1657 ievitico
1410 1605 1706 1659 ministerio
1738 1621 1831 1675 per
1864 1607 2120 1674 Spiritum
2145 1623 2269 1663 san-
2321 1626 2336 1644 ο

675 1698 820 1746 ctum
862 1693 927 1746 ab
975 1693 1230 1762 apostolis
1261 1707 1606 1751 consecratus
1661 1706 1762 1761 est,
1817 1701 1972 1753 niveo
2030 1699 2264 1755 candore

2373 495 2530 566 196
2553 497 2776 567 ejusque
2805 498 3110 554 imitatores
3136 499 3357 565 efficiat,
3394 499 3491 569 qui
3525 514 3626 556 non
3650 503 3865 577 solumpro

2370 587 2452 640 sui
2501 589 2694 656 gloria,
2736 605 2922 645 verum
2978 590 3140 646 etiam
3190 608 3289 663 pro
3334 593 3600 664 exemplis
3637 597 3868 658 eruditionis

2371 688 2572 734 nostra:
2597 681 2902 749 passionem
2929 682 3212 739 sustinuit.
3231 684 3298 740 Et
3314 685 3402 740 cui
3429 686 3672 743 conferre
3695 687 3866 760 dignatus

2366 778 2448 824 est
2474 771 2525 825 in
2558 772 2808 841 passione
2834 774 3115 842 virtutem,
3143 775 3528 834 intercedendi
3558 794 3651 848 pro
3670 783 3792 839 nobis
3813 787 3869 839 tri-

2365 863 2494 918 buat
2540 863 2884 933 facultatem;
2915 877 2968 923 et
2998 869 3300 926 orationem
3339 886 3502 940 quam
3556 873 3804 944 praecipere
3824 877 3869 931 di-

2365 967 2558 1028 gnatus
2604 967 2706 1026 est,
2733 960 2914 1017 dicere
2940 961 3060 1018 sine
3081 963 3427 1019 cunctatione
3460 965 3737 1034 permittat.
3765 968 3865 1025 Pater

2367 1063 2569 1109 nomen
2800 1125 2920 1177 Post
2939 1129 3212 1178 orationem
3230 1129 3554 1180 Dominicatn.

2440 1209 2630 1266 Libera
2661 1225 2760 1266 nos
2787 1226 2818 1266 a
2850 1213 3026 1279 malo,
3059 1213 3403 1284 omnipotens
3447 1215 3590 1270 Deus
3617 1258 3634 1279 ,
3669 1224 3715 1267 et
3754 1215 3870 1272 tribue

2369 1301 2526 1356 nobis
2579 1303 2910 1372 supplicibus
2965 1306 3068 1360 tuis
3109 1316 3214 1360 tam
3266 1319 3577 1377 promptum
3608 1322 3697 1378 pro
3717 1308 3866 1364 Christo

2371 1401 2462 1447 tuo
2489 1393 2556 1447 ad
2590 1396 2894 1463 patiendum
2935 1397 3197 1465 animum,
3247 1407 3303 1454 ut
3353 1401 3662 1470 probemur,
3701 1415 3784 1456 non
3804 1415 3862 1456 nos

2369 1488 2650 1559 martyrio,
2677 1489 2771 1544 sed
2803 1489 2956 1545 nobis
2982 1488 3217 1547 defuisse
3246 1493 3589 1564 martyrium.
3621 1492 3728 1550 Per.

2925 1581 3211 1632 Benedictio
3256 1583 3438 1647 populi.

2444 1661 2616 1730 Deus,
2639 1663 2730 1734 qui
2763 1671 2882 1719 tuos
2912 1673 3176 1736 martyres
3227 1667 3297 1722 ita
3355 1668 3572 1724 vinxisti
3605 1666 3805 1732 caritate,
3838 1674 3869 1722 ut

682 1786 963 1841 confestim
1011 1761 1278 1852 emicuit,
1334 1789 1570 1858 martyrii
1616 1803 1807 1845 cruore
1857 1806 2172 1860 purpureus.
2227 1792 2272 1847 Ο
2303 1783 2352 1845 Β
2378 1767 2559 1860 Ρτθιιθ
2587 1768 3222 1860 θξξθω,¹“⁰¹’¹⁰,¹¹βθ¹’θ¹ξί’
3251 1776 3319 1860 Pe
3360 1772 3623 1860 pér'rem'
3668 1761 3870 1860 §W€";_E‘

680 1878 1020 1934 benedictum
1070 1879 1299 1935 Abrahae
1332 1895 1515 1935 semen
1541 1921 1554 1946 ,
1588 1884 1895 1953 apostolicae
1925 1885 2180 1940 doctrina:
2210 1893 2267 1940 et

686 1969 969 2027 dominicae
1016 1971 1191 2026 crucis
1245 1971 1390 2040 prior
1425 1974 1660 2028 omnium
1718 1975 1886 2030 factus
1923 1975 2157 2030 imitator
2213 1988 2268 2033 et

687 2067 840 2122 teSIis
866 2067 878 2117 ἒ
914 2065 1105 2120 Merito
1137 2064 1296 2119 caelos
1324 2073 1536 2133 apertos
1565 2065 1714 2130 vidit,
1751 2077 1802 2120 et
1825 2067 2004 2122 Jesum
2034 2078 2263 2124 stantem

681 2155 747 2212 ad
772 2157 1045 2212 dexteram
1075 2156 1189 2212 Dei.
1228 2156 1390 2226 Digne
1414 2155 1572 2224 igitur
1594 2173 1655 2213 ac
1681 2158 1825 2227 juste
1864 2160 2022 2214 talem
2061 2162 2162 2214 sub
2189 2161 2264 2215 tui

681 2249 914 2305 nominis
966 2249 1307 2304 confessione
1356 2251 1635 2306 laudamus
1664 2294 1678 2318 ,
1710 2253 2052 2321 omnipotens
2077 2254 2215 2307 Deus
2246 2295 2261 2320 ,

678 2358 836 2414 quem
881 2343 946 2398 ad
976 2353 1173 2398 tantam
1205 2345 1428 2415 gloriam
1449 2360 1641 2401 vocare
1665 2346 1912 2414 dignatus
1944 2362 2024 2401 es.
2049 2345 2260 2400 Suffra‘

676 2438 761 2506 gia
791 2436 906 2506 ejus
931 2438 1086 2492 nobis
1117 2452 1212 2506 pro
1242 2447 1325 2492 tua
1353 2439 1550 2507 pietate
1570 2438 1832 2493 concede.
1864 2437 2010 2492 Talis
2043 2453 2138 2508 pro
2163 2439 2263 2496 hac

677 2529 838 2598 plebe
867 2539 1135 2599 precetur,
1165 2531 1374 2600 qualem
1411 2532 1556 2585 illum
1600 2542 1721 2602 post
1771 2532 2011 2601 trophaea
2043 2534 2267 2589 venien-

677 2631 786 2677 tem
816 2621 1064 2676 exultans
1090 2622 1338 2678 Christus
1382 2623 1614 2692 excepit.
1659 2623 1736 2678 Illi
1782 2639 1877 2693 pro
1927 2625 2082 2680 nobis
2122 2625 2262 2680 oculi

677 2714 1052 2780 sublimentur,
1083 2715 1171 2780 qui
1201 2715 1374 2770 adhuc
1405 2716 1455 2769 in
1489 2715 1591 2768 hoc
1621 2717 1810 2771 mortis
1859 2731 2084 2785 corpore
2133 2730 2263 2770 con—

676 2806 869 2871 stituti,
920 2816 1147 2862 stantem
1195 2809 1260 2862 ad
1311 2808 1587 2863 dexteram
1637 2809 1808 2863 Patris
1851 2808 2044 2863 Filium
2080 2809 2170 2864 Dei
2202 2808 2255 2864 in

676 2896 786 2971 ipsa
816 2899 1078 2970 passionis
1109 2899 1234 2953 hora
1263 2899 1530 2955 viderunt.
1566 2900 1662 2956 Ille
1689 2916 1785 2970 pro
1808 2901 1963 2956 nobis
1987 2902 2250 2967 obtineat,

678 2988 762 3059 qui
790 3003 884 3057 pro
913 2989 1345 3059 persecutoribus
1367 2990 1499 3057 suis,
1528 2989 1653 3045 dum
1693 2992 2044 3060 lapidaretur,
2073 2994 2261 3049 orabat

677 3079 741 3136 ad
773 3089 845 3146 te,
879 3089 1060 3135 sancte
1084 3080 1245 3147 Deus,
1277 3080 1435 3136 Pater
1461 3082 1826 3152 omnipotens,
1853 3098 1946 3154 per
1977 3083 2255 3140 Dominum

677 3183 916 3228 nostrum
971 3172 1160 3228 Jcsum
1212 3172 1482 3229 Christum
1536 3175 1728 3229 Filium
1783 3184 1954 3232 tuum.
2007 3178 2106 3242 Qui
2163 3194 2262 3247 pro
2294 3174 2340 3238 ε

680 3268 908 3336 peccatis
946 3269 1144 3320 nostris
1202 3266 1346 3321 nasci
1387 3280 1547 3321 carne
1581 3282 1673 3337 per
1701 3266 1974 3339 Virginem
2003 3312 2016 3335 ,
2050 3279 2104 3324 et
2155 3273 2260 3339 pati

679 3357 926 3429 dignatus
955 3369 1035 3414 est
1067 3370 1291 3416 mortem
1318 3402 1331 3425 ,
1361 3371 1417 3415 ut
1445 3372 1706 3432 martyres
1734 3376 1860 3416 suos
1901 3377 2000 3416 suo
2026 3362 2134 3431 pati
2166 3363 2260 3418 do-

683 3449 830 3508 cerei
859 3454 1129 3524 exemplo.
1164 3454 1258 3509 Cui
1292 3455 1486 3510 merito
1516 3470 1704 3510 omnes
1739 3456 1912 3526 angeli
1955 3465 2116 3526 atque
2167 3472 2258 3511 ar-

683 3547 932 3620 changeli
988 3551 1103 3606 sine
1144 3552 1459 3612 cessatione
1545 3551 1917 3619 proclamant,
1969 3549 2258 3605 dicentes:

678 3645 929 3712 Sanctus,
963 3643 1215 3707 Sanctus,
1249 3643 1498 3698 Sanctus.

1160 3731 1399 3783 Collectio
1423 3737 1533 3794 post
1560 3734 1784 3781 Sanctus.

750 3816 890 3871 Vere
939 3824 1182 3880 sanctus,
1237 3829 1365 3868 vere
1404 3814 1719 3868 benedictus
1768 3812 2026 3867 Dominus
2079 3823 2262 3869 noster

682 3910 838 3966 Jesus
864 3907 1111 3962 Christus
1142 3905 1460 3974 Unigenitus
1489 3914 1610 3960 tuus
1629 3946 1644 3971 ,
1671 3905 1761 3974 qui
1787 3913 2076 3974 martyrem
2101 3922 2256 3961 suum

682 4000 1018 4071 Stephanum
1075 3998 1304 4053 caziestis
1344 3997 1482 4051 aulte
1512 3997 1738 4067 collegio
1781 4003 2131 4063 muneravit,
2174 3997 2265 4067 qui

682 4095 920 4165 corporis
973 4093 1140 4148 nostri
1193 4091 1557 4146 infirmitatem
1615 4093 1892 4161 suscepit,
1953 4093 2261 4164 priusquam

683 4187 825 4260 pium
858 4188 1170 4258 sanguinem
1203 4201 1302 4256 pro
1337 4185 1569 4239 humana
1600 4185 1772 4239 salute
1830 4184 2096 4252 funderet,
2151 4201 2268 4258 my-

683 4279 908 4335 sterium
942 4291 1108 4333 sacrae
1141 4273 1527 4330 sollemnitatis
1558 4274 1809 4330 instituit.
1839 4274 1958 4348 lpse
1990 4277 2129 4332 enim
2162 4278 2268 4347 pri-

684 4371 770 4427 die
793 4384 951 4441 qnam
985 4375 1258 4438 pateretur

1235 4456 1352 4507 Post
1376 4461 1678 4520 mysterium.

759 4545 871 4602 Hoc
900 4559 1029 4616 ergo
1058 4541 1303 4609 facimus,
1340 4541 1565 4596 Domine
1592 4584 1606 4607 ,
1638 4542 1755 4597 haec
1787 4553 2048 4613 praecepta
2080 4559 2264 4601 serva-
2295 4563 2348 4623 Ι)

685 4655 825 4706 mus,
853 4639 989 4694 hanc
1019 4636 1158 4692 sacri
1189 4637 1434 4706 corporis
1474 4637 1780 4705 passionem
1829 4637 1997 4692 sacris
2042 4638 2264 4693 sollem-

685 4735 841 4791 nibus
871 4731 1246 4803 prredicamus.
1283 4730 1631 4797 Qumsumus,
1663 4729 2006 4799 omnipotens
2027 4730 2194 4799 Deus,
2215 4741 2271 4785 ut

683 4829 824 4884 sicut
851 4827 1128 4882 veritatem
1175 4836 1316 4878 nunc
1365 4821 1704 4877 Sacramenti
1760 4822 1991 4877 caelestis
2047 4824 2269 4893 exequi-

685 4936 824 4984 mur,
851 4917 947 4987 ipsi
977 4915 1186 4971 veritati
1217 4913 1477 4968 dominici
1506 4913 1750 4983 corporis
1773 4928 1837 4968 ac
1856 4915 2130 4984 sanguinis
2161 4914 2271 4970 ha:-

685 5025 920 5066 reamus.
976 5008 1076 5062 Per
1129 5005 1413 5060 Dominum
1466 5013 1710 5060 nostrum
1762 5005 1946 5061 Jesum
1987 5006 2263 5063 Christum

688 5104 880 5164 Filium
913 5111 1082 5157 tuum.

1092 5196 1222 5245 Ante
1245 5195 1519 5244 orationem
1543 5193 1863 5245 Dominicam.

729 5281 987 5340 'Gloriosi
1032 5280 1208 5334 levitre
1257 5278 1516 5347 exemplis
1570 5287 1626 5334 et
1670 5277 1965 5334 beatissimi
2017 5281 2276 5353 martyris

687 5374 946 5446 Stephani
989 5371 1310 5441 magisteriis
1343 5370 1602 5437 instituti,
1631 5379 1837 5427 aeterno
1867 5372 1994 5442 Regi
2041 5383 2096 5428 et
2133 5374 2274 5430 Patri

688 5469 801 5525 Deo
826 5481 1062 5537 precem,
1084 5464 1300 5521 Fratres
1330 5465 1611 5529 carissimi,
1643 5480 1762 5520 cum
1791 5466 1937 5520 omni
1965 5465 2274 5522 humilitate

691 5565 998 5633 fundamus,
1031 5572 1089 5618 ut
1115 5562 1242 5617 dato
1274 5562 1426 5616 nobis
1459 5560 1580 5617 fidei
1609 5560 1792 5616 calore
1816 5560 1898 5616 vel
1922 5575 2168 5626 munere,
2202 5562 2269 5617 ad

763 5707 790 5739 α
813 5700 871 5755 1η
895 5698 1240 5754 Lectionarto
1266 5695 1542 5753 Gallicana
1569 5695 1770 5749 mentio
1814 5697 1873 5747 fit
1905 5694 1971 5750 de
2003 5697 2119 5750 solo
2150 5711 2278 5752 san-

689 5782 776 5829 eto
826 5772 1070 5836 Joanne;
1121 5777 1176 5823 at
1217 5768 1267 5821 in
1341 5766 1715 5837 Martyrologio
1767 5765 2078 5822 Gellonensi
2138 5770 2279 5835 apud

687 5843 1047 5916 Septimanos,
1096 5850 1222 5897 ante
1245 5854 1417 5895 annos
1462 5845 1763 5908 nongentos
1791 5839 2034 5910 Scripta:
2066 5855 2120 5896 Vl
2147 5839 2278 5896 Kal.

2377 1848 2590 1904 beatum
2620 1849 2947 1919 Stephanum
2966 1851 3018 1907 in
3041 1853 3378 1910 confessione
3403 1856 3476 1910 ita
3494 1855 3867 1914 succendistiﬁde.
3930 1887 3931 1904 ι

2371 1946 2428 1993 ιιι
2453 1939 2676 1995 imbrem
2713 1941 2948 2010 lapidutn
2979 1957 3084 1999 non
3116 1945 3354 2001 timeret.
3388 1949 3582 2002 Amen.
3611 1949 3778 2003 Exaudi
3798 1962 3867 2014 pn-

2369 2047 2485 2086 cem
2542 2033 2755 2088 familia:
2804 2044 2908 2090 tua;
2956 2038 3213 2092 amatoris
3243 2038 3386 2094 inter
3417 2040 3552 2095 festa
3583 2039 3861 2109 plaudentem.

2368 2125 2560 2179 Amen.
2597 2125 2831 2181 Accedat
2875 2127 2942 2181 ad
2991 2137 3041 2183 te
3084 2144 3186 2184 vox
3221 2129 3307 2184 illa
3364 2131 3690 2187 intercedens
3718 2143 3862 2200 prope

2368 2217 2495 2285 pulo
2528 2259 2541 2282 ,
2603 2233 2698 2286 pro
2750 2220 2979 2274 inimicis
3023 2236 3144 2290 qua:
3182 2223 3374 2277 orabat
3419 2223 3474 2279 in
3523 2225 3637 2294 ipso
3663 2222 3859 2291 martyrio.

2367 2310 2561 2364 Amen.
2613 2311 2681 2364 Ut
2722 2326 2781 2366 se
2809 2312 3085 2368 obtinente
3113 2355 3129 2380 ,
3159 2323 3210 2369 et
3243 2324 3294 2370 te
3325 2322 3717 2379 remunerante,
3745 2326 3865 2384 perve-

2369 2401 2478 2480 niat
2508 2401 2634 2457 illuc
2662 2403 2812 2471 plebs
2849 2403 3143 2474 adquresita
3171 2420 3269 2476 per
3298 2409 3530 2478 gratiam
3555 2447 3570 2472 ,
3598 2406 3678 2462 ubi
3706 2415 3770 2471 te,
3806 2417 3866 2457 αι
3930 2439 3931 2480 ἦ

2366 2477 2438 2546 Ιὶέ
2477 2494 2698 2562 apertis,
2730 2495 2843 2562 ipse
2868 2495 3003 2550 vidit
3043 2497 3097 2552 in
3144 2477 3396 2568 gloriam.
3433 2501 3623 2554 Amen.
3649 2494 3773 2564 Quod
3801 2493 3866 2562 ipse
3930 2477 3931 2516 3

2366 2597 2622 2655 prastare
2653 2589 2912 2656 digneris.

2802 2675 3038 2728 Collectio
3063 2687 3168 2741 post
3191 2678 3570 2733 Eucharistlam.

2441 2756 2604 2828 Deus,
2631 2761 2882 2830 perennis
2912 2761 3084 2829 salus,
3107 2762 3388 2819 beatitudo
3419 2761 3790 2827 irizestimabilis,
3809 2760 3860 2818 dt.

2365 2866 2695 2922 quaesumus,
2746 2855 2996 2910 omnibus
3036 2857 3160 2922 tuis,
3210 2867 3268 2913 ut
3317 2859 3409 2926 qui
3456 2868 3637 2916 sancta
3677 2872 3730 2913 ac
3762 2857 3858 2911 hem

2366 2964 2736 3024 tumpserunt,
2764 2963 2820 3008 et
2847 2955 3020 3010 sancti
3044 2955 3248 3026 jugiter
3275 2968 3331 3013 et
3366 2959 3512 3016 beati
3543 2972 3658 3016 esse
3685 2967 3856 3011 merean-

2369 3060 2478 3106 tur.
2506 3051 2657 3118 Quod
2684 3052 2797 3120 ipse
2827 3059 3087 3122 praestare
3116 3052 3376 3122 digneris.

2897 3166 3255 3218 Consummatio
3277 3171 3461 3220 missae.

2442 3261 2650 3318 Gratias
2675 3261 2882 3332 agimus
2907 3261 3020 3329 tibi,
3061 3262 3283 3318 Domine
3311 3305 3328 3329 ,
3381 3259 3724 3332 multiplicatis
3765 3253 3853 3308 circa

2368 3356 2802 3412 miserationibus
2857 3357 2994 3421 tuis,
3044 3359 3134 3425 qui
3187 3366 3242 3411 et
3283 3356 3403 3412 Filii
3430 3357 3505 3411 tui
3538 3353 3777 3411 nativitate
3798 3355 3856 3400 nos

2366 3449 2564 3510 salvas,
2599 3457 2654 3502 et
2686 3449 2934 3520 martyris
2963 3446 3222 3517 Stephani
3252 3447 3630 3517 deprecatione
3651 3445 3859 3499 sustentas.

2371 3540 2474 3598 Per
2503 3542 2786 3598 Dominum
2810 3551 3053 3596 nostrum
3080 3541 3278 3596 Filium
3307 3550 3480 3598 tuum.

2443 3656 2528 3712 Vl.
2570 3670 2719 3712 IIISSA
2759 3672 2809 3712 IN
2845 3671 3057 3712 unm:
3095 3671 3476 3712 APOSTOLORUI
3513 3666 3678 3711 JACOBI
3703 3657 3818 3712 θνετ

3028 3762 3295 3803 IOHANNIS.

2443 3860 2732 3918 Electionis
2809 3860 3099 3916 Dominica:
3159 3861 3482 3931 praeclarum
3545 3848 3862 3914 testimonium.

2371 3966 2530 4029 atque
2583 3956 2893 4027 apostolica:
2946 3955 3371 4025 congregationis
3433 3947 3724 4010 admirabile
3763 3946 3865 3992 orna-

2369 4060 2631 4118 mentum,
2661 4059 2717 4106 et
2736 4050 3058 4119 evangelicae
3099 4047 3344 4103 veritatis
3370 4051 3585 4104 caeleste
3614 4032 3855 4114 praeconium

2369 4153 2583 4199 sanctos
2638 4143 2727 4199 Dei
2778 4142 3051 4213 apostolos
3095 4151 3149 4196 et
3215 4152 3480 4212 martyres
3510 4182 3523 4203 ,
3591 4131 3798 4192 Jacobum
3830 4123 3862 4169 εί

2368 4234 2692 4300 Johannem,
2744 4233 2992 4304 przesenti
3044 4232 3331 4288 festivitate
3386 4236 3709 4288 venerantes,
3733 4217 3857 4315 ire.”

2369 4328 2655 4394 carissimi,
2690 4329 2915 4383 Domino
2957 4342 3018 4381 ac
3064 4326 3173 4382 Deo
3203 4335 3386 4382 nostro
3428 4326 3620 4396 pariter
3666 4308 3853 4382 SUPP'W

2373 4435 2514 4486 mus,
2565 4428 2623 4474 ut
2659 4419 2748 4490 qui
2797 4433 2982 4474 eorum
3035 4419 3355 4474 electionem
3388 4416 3658 4473 vocatione
3678 4415 3753 4460 Sua
3775 4404 3854 4467 νη·

2372 4513 2514 4580 sciit,
2549 4522 2785 4568 nostram
2815 4525 3027 4581 quoque
3075 4511 3411 4566 vocationem
3464 4507 3608 4582 197
3657 4497 3859 4581 ιιιυηθτυω.

2379 4618 2472 4659 sua
2521 4603 2784 4658 electione
2813 4604 3132 4669 confirmet;
3159 4604 3433 4674 donetque
3464 4601 3610 4657 nobis
3637 4584 3802 4674 timoris
3815 4588 3860 4630 ςυι

2379 4693 2854 4764 perseverantiam,
2869 4693 2958 4764 qui
2979 4695 3087 4750 illis
3108 4672 3442 4765 apostolatus
3464 4690 3670 4765 gratiam
3693 4677 3758 4734 vel
3773 4672 3860 4728 llat-

2382 4785 2500 4857 tyrii
2535 4786 2683 4841 dedit
2711 4801 2989 4841 coronam.
3035 4786 3136 4843 Per
3174 4787 3459 4843 Dominum
3509 4789 3723 4842 nostrum
3743 4766 3858 4823 Ῐθθυω

2381 4876 2654 4933 Christum
2683 4875 2876 4932 Filium
2907 4891 3084 4931 suum.

2931 4992 3163 5044 Collectio
3186 4995 3421 5056 sequitur.

2453 5100 2794 5171 Domine,qui
2825 5098 3152 5155 beatissimis
3181 5099 3440 5170 apostolis
3461 5103 3647 5154 .acooo
3666 5074 3857 5182 ει

2381 5193 2434 5249 ni
2473 5193 2702 5264 gloriam
2721 5169 2988 5263 imartyrii
3027 5169 3287 5247 bibitioue
3313 5192 3387 5247 tui
3412 5186 3587 5247 ealicis
3613 5169 3856 5264 praedium.

2381 5293 2443 5340 ut
2482 5261 2542 5340 et
2589 5261 2934 5342 confirmares
2991 5286 3398 5355 responsionem
3449 5293 3599 5356 quam
3643 5268 3751 5327 fides
3773 5261 3853 5356 Pu."

2383 5381 2702 5450 protulerat,
2733 5387 2788 5434 et
2815 5379 3093 5434 conferres
3133 5379 3385 5434 virtutem
3427 5387 3578 5449 quam
3615 5361 3770 5422 eam“

2381 5446 2500 5528 vota
2524 5480 2956 5542 praesumpserat,
2983 5471 3118 5526 hanc
3139 5487 3324 5526 eorum
3355 5465 3607 5541 passionis
3627 5446 3854 5542 memon-imi

2385 5565 2679 5621 Ecclesiam
2727 5576 2868 5618 tuam
2919 5564 3255 5620 sollemniter
3307 5565 3650 5620 celebrantem
3696 5536 3856 5616 piacalus

2383 5699 2633 5753 Januarii
2655 5698 2909 5752 ordinatio
2958 5697 3281 5768 episcopatus
3324 5694 3505 5751 Jacobi
3531 5667 3857 5768 αροεζοζξίνα¹ν¹⁸

2389 5771 2613 5830 Domini.
2645 5782 2690 5824 et
2715 5756 3016 5840 Asaumptio'
3033 5756 3200 5823 sancti
3225 5769 3444 5824 Joannis
3462 5756 3749 5831 evangelista!-
