4048 6350
114 436 242 496 255

1094 425 1181 490 ne
1224 382 1546 490 Ltruncla
1586 411 1976 488 GALLICANA
2011 426 2216 485 LIBER
2252 418 2338 486 Ill.

3279 429 3389 487 23‘

111 550 374 606 intende.
408 548 604 616 Prosit,
631 561 936 618 qumsumus
959 585 977 615 ,
1002 547 1444 603 commemoratio
1492 553 1702 601 sancto-
1730 546 1785 604 Α
1810 540 1976 606 riam,
2007 557 2105 613 pro
2145 543 2483 600 confessione
2531 543 2807 599 victoriam
2837 551 3094 615 praestare
3134 543 3383 617 dignatus

110 660 252 699 rum
295 641 724 697 beatissimorum
753 640 818 695 ad
850 641 1200 696 obtinendum
1225 647 1329 697 tua:
1350 637 1711 695 miserationis

108 733 395 788 auditum.
427 731 600 786 Prosit
622 731 984 800 apostolorum
1017 732 1196 787 titulos
1217 731 1480 797 recolere,
1508 737 1567 784 ut
1587 729 1706 786 Ma-

109 822 342 892 iestatis
393 832 497 875 tua:
541 836 694 876 aures
741 821 911 876 oratio
957 831 1139 877 nostra
1187 821 1364 877 valeat
1413 820 1703 876 inclinare.

113 913 311 967 Prosit
344 911 640 982 supplicare
689 912 1018 982 patrociniis,
1071 921 1130 966 ut
1175 913 1412 983 digneris
1456 912 1712 968 exaudire

109 1003 421 1074 suffragiis,
455 1003 701 1059 Salvator
745 1003 955 1058 mundi.
989 1003 1090 1071 Qui
1145 1018 1266 1060 cum
1309 1011 1514 1060 aeterno
1551 1002 1710 1060 Patre

113 1106 177 1152 et
219 1096 422 1166 Spiritu
451 1104 637 1151 sancto
663 1096 793 1149 vivis
819 1105 873 1150 et
911 1110 1121 1165 regnas.

628 1182 861 1236 Collectio
885 1190 992 1246 post
1015 1185 1222 1235 nomina.

204 1267 452 1332 Domine,
484 1283 639 1337 quem
673 1277 953 1323 vocantem
997 1267 1170 1322 sancti
1208 1266 1434 1338 apostoli
1480 1266 1713 1324 Iacobus

122 1373 179 1419 et
209 1361 487 1416 Iohannes
537 1359 638 1414 fide
691 1360 894 1429 integra
935 1367 1060 1414 sunt
1107 1360 1298 1424 secuti,
1339 1368 1394 1415 et
1422 1375 1579 1430 quem
1612 1374 1699 1414 se-

123 1462 361 1524 quentes
388 1469 457 1508 ex
503 1451 726 1507 caritate
778 1453 981 1522 integra
1036 1461 1160 1506 sunt
1205 1451 1483 1520 electi,ut
1514 1452 1699 1507 mundi

125 1545 430 1618 piscatores
481 1543 668 1601 tierent
704 1589 716 1611 ,
751 1545 841 1615 qui
873 1545 1116 1615 profundi
1145 1547 1281 1600 retia
1313 1545 1651 1614 reliquissent
1681 1584 1699 1611 ,

127 1639 357 1693 auribus
385 1637 594 1714 percipe
614 1677 629 1703 ,
660 1651 986 1707 qumsumus,
1019 1637 1313 1692 orationem
1346 1647 1584 1693 nostram
1607 1677 1623 1703 ,
1653 1647 1711 1692 et

135 1730 321 1785 tribue
343 1738 397 1784 ut
419 1729 540 1784 dum
571 1729 892 1800 apostolicos
939 1731 1240 1800 triumphos
1282 1731 1612 1787 admiramur
1656 1740 1710 1787 et

132 1821 387 1888 colimus,
417 1821 461 1877 si
491 1820 710 1889 adsequi
734 1836 920 1876 eorum
948 1821 1082 1878 facta
1107 1838 1213 1877 non
1246 1836 1558 1892 possumus,
1597 1823 1702 1878 im-

1813 641 1916 690 est.
1947 633 2064 706 Ipse
2086 635 2238 693 enim
2262 637 2353 706 qui
2379 636 2549 706 pridie
2579 653 2736 704 quam
2768 645 2880 706 pat.

2365 725 2653 777 Benedictio
2679 726 2864 790 populi.

1886 805 2051 876 Deus,
2080 808 2172 878 qui
2199 819 2318 865 tuos
2341 809 2614 879 apostolos
2656 809 2886 878 pretiosa
2923 809 3158 879 gentium
3187 809 3387 864 lumina

1811 902 2286 970 praeparasti,dum
2300 901 2556 958 Iacobum
2585 911 2639 959 et
2665 902 2962 959 Iohannem
2995 905 3062 959 ad
3092 904 3384 959 inlustran-

1813 992 1909 1049 das
1937 993 2143 1049 animas
2173 994 2311 1052 inter
2338 1011 2461 1051 vasa
2495 997 2745 1052 Ecclesiae
2768 996 3087 1053 candelabra
3110 995 3229 1052 fidei
3259 1011 3390 1066 pra:-

1815 1087 1999 1143 tulisti-
2035 1092 2222 1145 Amen.
2273 1089 2348 1144 Da
2384 1090 2524 1159 plebi
2553 1101 2657 1145 tua:
2685 1091 2906 1158 imitari,
2926 1089 3069 1160 quod
3099 1104 3234 1145 unus
3265 1104 3392 1144 exo-

1814 1179 2005 1250 rando,
2038 1181 2176 1236 alius
2201 1181 2444 1238 docendo
2476 1181 2745 1237 formavit.
2781 1183 2973 1237 Amen.
3005 1180 3310 1236 Fructiﬁcet
3339 1182 3392 1234 in

1815 1270 1920 1327 hoc
1942 1273 2158 1343 populo,
2190 1275 2332 1345 quod
2362 1274 2652 1332 seminavit
2681 1276 2779 1332 iste
2803 1275 2990 1342 verbo,
3019 1273 3277 1344 plantavit
3304 1273 3394 1327 ille

1815 1367 2094 1438 martyrio.
2121 1368 2191 1425 Ut
2218 1384 2405 1425 eorum
2433 1369 2737 1425 interventu
2783 1369 2896 1423 haec
2926 1368 3080 1421 turba
3107 1367 3248 1422 illius
3272 1365 3396 1419 reli-

1815 1455 1985 1511 ciatur
2012 1457 2324 1524 dulcedine,
2356 1472 2516 1528 supra
2545 1457 2698 1527 cuius
2725 1467 2909 1526 pectus
2933 1471 3088 1512 carus
3112 1453 3386 1509 Iohannes

1815 1548 2085 1605 accubuit.
2136 1554 2326 1606 Amen.
2381 1549 2534 1618 Quod
2588 1549 2702 1620 ipse
2739 1557 2995 1620 praestare
3019 1547 3276 1618 digneris,
3305 1543 3396 1614 qui

1818 1637 1872 1694 in
1901 1639 2162 1697 Trinitate
2185 1640 2439 1709 perlecta.

2353 1731 2470 1783 Post
2489 1731 2892 1783 communionem.

1890 1817 2124 1888 Repleti,
2156 1816 2402 1885 Domine,
2426 1819 2792 1888 apostolorum
2819 1816 3132 1876 celebritate
3161 1827 3395 1882 tuorum,

130 1913 288 1984 p‘ere
311 1915 482 1970 saltim
511 1915 709 1970 monita
740 1915 1143 1970 contendamus.
1167 1915 1323 1984 Quod
1346 1916 1459 1986 ipse
1482 1923 1705 1987 praesta-
1742 1925 1791 1986 Β
1817 1926 2124 1982 quaesumus
2154 1923 2210 1967 ut
2243 1918 2294 1967 te
2323 1926 2537 1980 semper
2573 1911 2628 1967 in
2655 1928 2843 1968 eorum
2878 1911 3389 1968 commemoratione

131 2021 195 2063 re
221 2006 464 2079 digneris
487 2048 503 2075 ,
532 2008 621 2077 qui
648 2021 768 2063 cum
801 2005 960 2062 Patre
979 2015 1037 2064 et
1059 2006 1285 2077 Spiritu.

665 2115 899 2168 Collectio
922 2117 980 2166 ad
1007 2131 1194 2180 pacem.

215 2221 444 2278 Domine
488 2229 708 2288 aeterne,
758 2221 844 2276 cui
883 2222 955 2276 ita
999 2221 1054 2277 in
1092 2221 1290 2278 sanctis
1325 2219 1580 2290 apostolis
1607 2219 1714 2277 tuis

127 2315 344 2371 Iacobo
379 2323 432 2369 et
460 2311 704 2368 Iohanne
745 2312 939 2382 placuit
994 2327 1251 2368 arcanum
1300 2311 1720 2382 dispensationis

132 2406 338 2461 im.....
391 2413 447 2459 ut
485 2403 722 2473 glorioso
753 2402 1014 2472 passionis
1043 2403 1288 2472 exemplo
1312 2443 1330 2471 ,
1359 2401 1721 2473 apostolorum

131 2498 367 2554 chorum
396 2496 484 2552 ille
511 2495 862 2565 praecederet,
908 2496 1008 2552 iste
1038 2497 1388 2567 praemitteret
1412 2539 1428 2566 ,
1460 2506 1620 2568 atque
1649 2496 1722 2552 ita

132 2590 289 2645 inter
314 2595 595 2656 utrumque
619 2601 749 2657 grex
778 2596 1237 2643 consummaretur
1267 2587 1473 2652 beatus,
1505 2597 1564 2642 ut
1591 2603 1711 2643 om-

133 2682 294 2737 nium
322 2678 657 2735 devotionem
687 2678 776 2734 ille
802 2679 1166 2750 praecederet,
1200 2680 1299 2734 iste
1329 2678 1714 2748 concluderet,

136 2770 404 2824 miserere
434 2768 626 2836 nostri,
655 2777 711 2825 et
738 2770 932 2825 exaudi
958 2785 1077 2837 nos,
1117 2779 1174 2826 et
1201 2781 1394 2842 praesta
1419 2809 1436 2837 ,
1466 2781 1522 2826 ut
1551 2775 1723 2841 possi-

137 2877 271 2919 mus
287 2861 658 2931 praadictorum
682 2870 974 2932 martyrum
999 2869 1208 2916 tuorum
1229 2861 1722 2932 apostolorumque,

140 2953 232 3008 vel
261 2951 406 3007 illius
434 2952 679 3019 exemplo
718 2952 879 3007 tidem
920 2963 1124 3020 tenere,
1170 2968 1276 3023 qua
1297 2962 1605 3021 coronatur,
1634 2953 1720 3009 vel

142 3044 308 3100 istius
353 3044 664 3114 magisterio
717 3044 996 3101 caritatem
1025 3044 1254 3109 discere,
1290 3061 1449 3115 quam
1481 3046 1724 3101 docetur.

143 3137 253 3192 Per
275 3136 561 3194 Dominum
584 3146 824 3195 nostrum
846 3137 1030 3195 Iesum
1045 3135 1317 3196 Christum
1341 3137 1533 3194 Filium
1559 3147 1728 3209 tuum,

143 3230 240 3302 qui
263 3239 336 3288 te.

278 3330 280 3332 -
707 3300 981 3353 Immolatio
1000 3303 1174 3353 missa.

230 3404 456 3475 Dignum
480 3413 537 3460 et
557 3403 760 3476 justum
792 3414 894 3461 est.
921 3404 1058 3462 Vere
1080 3420 1288 3477 aequum
1319 3414 1374 3463 et
1395 3407 1596 3477 justum
1641 3415 1727 3464 est

157 3516 262 3557 nos
321 3501 416 3556 tibi
450 3500 648 3572 gratias
693 3515 872 3570 agere,
927 3511 1048 3556 vota
1091 3501 1402 3571 persolvere
1428 3539 1448 3569 ,
1501 3503 1730 3559 Domine

153 3602 344 3650 sancte
367 3635 384 3660 ,
428 3592 587 3649 Pater
609 3593 969 3664 omnipotens,
1013 3602 1213 3648 aeterne
1246 3593 1412 3649 Deus.
1467 3596 1732 3663 Quoniam

155 3683 258 3743 tibi
290 3686 515 3741 vivimus
550 3685 726 3740 omnia
754 3699 918 3754 Opera
949 3693 1058 3752 tua,
1089 3693 1143 3740 et
1164 3685 1217 3738 in
1241 3683 1443 3740 factura
1464 3700 1650 3742 eorum
1677 3695 1732 3744 te

155 3780 550 3838 conlaudantet
564 3779 889 3836 benedicunt
908 3792 1096 3834 omnes
1120 3780 1289 3834 sancti
1319 3781 1412 3845 tui,
1442 3795 1576 3850 quos
1597 3795 1736 3850 pra:-

155 3870 437 3929 destinasti
461 3869 765 3926 conformes
791 3871 906 3925 ﬁeri
937 3869 1152 3938 imagini
1177 3868 1295 3924 Filii
1343 3870 1442 3926 tui.
1474 3871 1531 3926 In
1573 3873 1732 3942 198

157 3981 270 4038 quo
297 3966 590 4021 exaltatum
618 3974 700 4019 est
729 3978 895 4020 cornu
933 3963 1123 4020 salutis
1171 3977 1354 4018 eorum
1398 3963 1487 4034 qui
1541 3979 1736 4020 nomen

160 4062 300 4129 ejus,
329 4058 469 4130 quod
489 4067 574 4114 est
600 4073 764 4128 super
786 4073 946 4114 omne
970 4072 1191 4126 nomen,
1224 4071 1406 4112 coram
1435 4057 1655 4127 regibus
1685 4066 1738 4114 et

165 4150 521 4224 potestatibus
559 4149 716 4221 hujus
758 4149 941 4206 saeculi
988 4163 1121 4205 voce
1166 4149 1335 4206 libera
1383 4151 1738 4219 conﬁtentes,

165 4245 334 4316 ipsius
362 4242 572 4300 Domini
625 4243 915 4298 Salvatoris
958 4243 1205 4312 exemplo
1236 4259 1328 4312 per
1357 4244 1593 4313 patibula
1627 4260 1740 4314 pm-

168 4351 379 4402 narum,
411 4335 478 4391 de
510 4335 942 4402 persecutoribus
971 4336 1084 4390 suis
1114 4343 1168 4390 et
1198 4335 1411 4390 diabolo
1439 4337 1735 4408 triumpha-

169 4437 313 4496 runt,
341 4436 394 4483 et
413 4441 638 4497 corpora
668 4441 762 4481 sua
804 4425 991 4482 dantes
1042 4426 1268 4482 hostiam
1301 4425 1412 4483 Deo
1439 4469 1454 4494 ,
1513 4429 1740 4497 pretiosa

172 4517 266 4574 tibi
291 4527 458 4573 morte
477 4517 800 4572 ceciderunt.
851 4517 922 4571 Ex
964 4515 1156 4587 quibus
1200 4529 1413 4574 exstant
1443 4519 1739 4577 beatissimi

174 4607 394 4677 apostoli
430 4615 485 4661 et
531 4615 792 4676 martyres
837 4607 912 4660 tui
950 4606 1179 4662 Iacobus
1202 4619 1256 4664 et
1283 4608 1577 4679 Iohannes,
1607 4628 1740 4683 quo-

1823 2002 2133 2068 laudemus,
2168 2013 2221 2058 et
2250 2012 2394 2057 tuam
2424 2003 2846 2060 misericordiam
2867 2044 2884 2068 ,
2934 2003 3123 2060 iisdem
3175 2016 3394 2072 semper

1821 2093 2253 2167 deprecantibus,
2284 2109 2700 2163 consequamur.
2743 2095 2846 2151 Per
2875 2095 3189 2151 Dominum.

2372 2182 2606 2235 Collectio
2635 2189 2876 2248 sequitur.

1893 2265 2301 2335 Apostolorum,
2333 2282 2638 2336 quaesumus
2664 2311 2678 2336 ,
2714 2267 2941 2323 Domine
2967 2311 2982 2337 ,
3015 2269 3399 2324 intercessione

1825 2369 1923 2412 nos
1951 2355 2164 2426 adiuva,
2190 2372 2286 2426 pro
2303 2373 2529 2428 quorum
2556 2358 2914 2414 sollemnitate
2937 2359 3198 2426 laetantes,
3218 2367 3399 2415 sancta

1826 2455 1916 2503 tua
1946 2447 2282 2517 percepimus
2310 2447 2472 2503 dona.
2503 2447 2608 2503 Per
2637 2447 2944 2504 Dominum.

1953 2559 2064 2616 VII.
2105 2575 2252 2616 IISSA
2291 2576 2343 2616 IN
2381 2575 2592 2616 unus
2631 2576 2941 2618 sancrosnu
2981 2577 3268 2618 INFAN'I‘UII.

1902 2673 2063 2740 Deus,
2095 2673 2183 2742 qui
2207 2675 2508 2730 universam
2539 2674 2834 2731 Ecclesiam
2864 2684 3006 2730 tuam
3047 2676 3400 2746 pretiosorum

1833 2763 1988 2836 ιω
2010 2777 2299 2836 martyrum
2327 2775 2541 2821 tuorum
2571 2765 2874 2833 virtutibus,
2909 2768 3056 2824 velut
3084 2767 3404 2838 quibusdam

1827 2855 2050 2911 tioribus
2083 2856 2376 2926 curonasti,
2407 2866 2463 2912 ut
2491 2872 2585 2927 per
2605 2858 2903 2928 "iuniphos
2933 2867 3142 2914 tuorum
3184 2859 3403 2916 testium

1827 2955 1884 3002 et
1910 2947 2329 3004 sollemnitatum
2375 2949 2604 3020 gloriam
2649 2959 2704 3006 et
2751 2950 3100 3006 devotionum
3152 2951 3398 3020 exempla

1828 3039 2149 3110 susciperes,
2198 3043 2338 3098 sicut
2365 3042 2417 3097 in
2448 3042 2552 3098 hoc
2575 3041 2682 3107 die,
2705 3057 2813 3113 quo
2839 3057 2936 3114 pro
2968 3043 3192 3098 Domino
3219 3052 3402 3099 nostro

1829 3133 1953 3190 Iesu
1973 3134 2186 3190 Christo
2212 3135 2476 3191 Infantum
2509 3138 2866 3193 innocentiam
2894 3137 3105 3192 extollis
3136 3151 3302 3207 usque
3330 3137 3397 3193 ad

1831 3228 2020 3284 merita
2051 3227 2378 3298 passionum.
2405 3228 2652 3285 Feliciter
2673 3245 2771 3300 pro
2792 3229 3008 3285 Christo
3034 3232 3228 3286 mortui
3253 3241 3400 3297 sunt;

1758 3314 1806 3382 C
1834 3320 1926 3376 sed
1952 3320 2157 3376 felicius
2179 3336 2298 3376 cum
2327 3321 2515 3377 eodem
2545 3323 2596 3378 in
2621 3324 2920 3380 aeternitate
2945 3324 3136 3380 victuri
3166 3341 3177 3376 :
3211 3325 3300 3394 qui
3338 3324 3408 3379 ad

1837 3414 1940 3471 hoc
1967 3423 2172 3469 tantum
2200 3430 2292 3483 per
2315 3413 2600 3470 humanam
2630 3415 2996 3470 inﬁrmitatem
3042 3415 3153 3470 nati
3187 3423 3314 3470 sunt
3340 3415 3407 3470 ad

1835 3519 2152 3571 arumnam,
2179 3515 2234 3559 ut
2264 3519 2358 3574 per
2384 3504 2480 3560 Dei
2509 3505 2736 3577 gratiam
2764 3514 3112 3562 nascerentur
3148 3515 3410 3576 martyres

1835 3595 1901 3650 ad
1931 3609 2202 3651 coronam.
2235 3595 2457 3663 Praesta,
2499 3597 2834 3665 omnipotens
2865 3597 3024 3662 Deus,
3051 3597 3102 3652 in
3154 3597 3254 3652 hac
3300 3596 3409 3651 sol-

1838 3688 2115 3746 lemnitate
2143 3688 2250 3744 diei
2281 3688 2459 3759 hujus,
2490 3698 2547 3742 ut
2577 3689 2715 3744 sicut
2739 3689 2841 3744 illis
2864 3689 3058 3746 dedisti
3091 3690 3297 3760 palmas
3327 3691 3408 3744 vi-

1837 3783 2040 3849 etorim,
2065 3783 2135 3838 ita
2165 3783 2553 3853 nobis-quoque
2578 3785 2905 3839 consortium
2956 3784 3159 3842 tribuas
3204 3786 3406 3856 sempi~

1840 3881 2072 3929 ternum.
2120 3872 2222 3928 Per
2263 3873 2543 3928 Dominum
2600 3884 2841 3931 nostrum
2896 3876 3077 3933 Iesum
3138 3873 3411 3932 Christum

1840 3964 2037 4022 Filium
2067 3974 2237 4032 tuum,
2265 3966 2352 4036 qui
2382 3974 2558 4022 tecum
2589 3965 2744 4023 vivit.

2363 4055 2601 4108 Collectlo
2626 4061 2868 4122 sequitur.

1913 4138 2052 4194 Deus
2082 4138 2476 4208 omnipotentiae
2498 4155 2559 4195 ac
2589 4139 2905 4212 benignatis,
2933 4141 3073 4198 Deus
3103 4143 3412 4201 misericor—

1841 4231 1942 4288 diae
1966 4239 2122 4302 atque
2151 4233 2381 4302 pietatis,
2425 4233 2514 4302 qui
2546 4233 2960 4303 Bethleemiticae
2991 4236 3130 4306 plebi
3158 4252 3221 4292 ac
3247 4237 3421 4292 domi-

1845 4323 1979 4378 uicae
2041 4322 2240 4379 civitati
2312 4338 2407 4394 pro
2475 4327 2855 4395 temporalibus
2919 4330 3171 4384 aerumnis
3226 4332 3418 4402 gaudia

1845 4423 2044 4469 aeterna
2073 4414 2326 4483 tribuisti,
2358 4425 2415 4471 ut
2436 4414 2634 4473 Rachel
2656 4427 2836 4474 sancta
2870 4419 3082 4489 plorans
3105 4420 3240 4477 ﬁlios
3270 4439 3418 4491 suos,

1845 4521 1966 4578 qua:
1995 4505 2308 4576 praeferebat
2336 4524 2401 4563 ex
2430 4508 2619 4565 dolore
2647 4509 2868 4579 luctum,
2918 4513 3084 4568 nollet
3109 4529 3175 4569 ex
3229 4529 3422 4571 conso-

1848 4595 2041 4655 latione
2069 4600 2340 4668 solatium,
2389 4603 2512 4671 quia
2555 4603 2683 4658 licet
2733 4603 3005 4660 videretur
3053 4607 3120 4662 de
3166 4609 3420 4677 praesenti

175 4715 290 4756 rum
311 4698 538 4756 natalem
569 4697 726 4754 hodie
754 4697 1107 4765 celebramus,
1139 4701 1485 4757 obsecrantes
1521 4703 1731 4759 miseri-
1773 4699 1827 4762 ι)
1851 4691 2116 4748 lnfantum
2145 4694 2433 4750 amissione
2463 4698 2772 4764 conterrita,
2820 4707 2935 4752 erat
2962 4707 3138 4754 tamen
3169 4700 3323 4755 beata
3351 4703 3418 4757 de

177 4793 406 4850 cordiam
459 4804 625 4859 tuam,
658 4792 894 4863 piissime
923 4802 1080 4864 atque
1108 4795 1447 4864 omnipotens
1475 4797 1635 4864 Deus,
1664 4807 1743 4864 ut,

175 4900 358 4940 eorum
388 4886 589 4941 meritis
615 4884 1050 4956 suifragantibus,
1089 4901 1276 4957 preces
1316 4898 1524 4944 nostras
1571 4889 1746 4961 prapi-

178 4976 281 5031 tius
321 4974 566 5031 exaudias
592 5015 608 5040 ,
639 4989 734 5044 per
766 4974 1044 5030 Dominum
1096 4985 1336 5032 nostrum
1373 4977 1556 5033 Iesum
1581 4976 1738 5035 Chri-

177 5075 317 5124 stum
339 5065 527 5122 Filium
557 5077 732 5132 tuum,
752 5067 840 5135 qui
861 5074 945 5121 est
967 5077 1270 5124 sanctorum
1300 5069 1537 5126 omnium
1572 5071 1742 5126 virtus

178 5169 235 5216 et
254 5158 438 5230 gloria,
467 5158 686 5214 victoria
717 5167 1006 5230 martyrum
1027 5168 1081 5216 et
1096 5173 1510 5232 corona,pastor
1537 5163 1741 5233 ovium,

185 5261 242 5310 et
263 5252 426 5307 hostia
453 5250 813 5317 sacerdotum,
841 5251 1138 5322 redemptio
1165 5256 1400 5324 gentium
1427 5294 1445 5324 ,
1475 5263 1533 5312 et
1563 5256 1745 5328 propi-

184 5343 331 5403 tiatio
354 5353 710 5414 peccatorum.
742 5347 883 5402 Ante
930 5343 1084 5415 cujus
1122 5347 1535 5404 sacratissimam
1558 5350 1742 5408 sedem

187 5445 328 5494 stant
353 5437 519 5508 angeli
543 5445 700 5507 atque
722 5436 1050 5509 archangeli,
1078 5447 1133 5493 et
1153 5439 1270 5495 sine
1295 5442 1594 5500 cessatione
1621 5458 1745 5515 pro-

187 5531 434 5598 clamant,
463 5528 699 5591 dicentes
727 5547 741 5584 :
778 5529 1028 5596 Sanctus,
1054 5529 1303 5600 Sanctus,
1326 5533 1574 5590 Sanctus.

608 5705 615 5720 1
672 5641 907 5694 Collectis
931 5651 1040 5707 post
1063 5646 1288 5697 Sanctus.

262 5747 503 5804 llosanna
530 5745 584 5801 in
612 5747 859 5804 excelsis.
892 5747 1029 5804 Vere
1064 5757 1281 5806 sanctus
1309 5789 1326 5816 ,
1370 5764 1498 5806 vere
1525 5749 1751 5807 benedi-

194 5849 310 5896 ctus
333 5838 584 5895 Dominus
601 5849 782 5895 noster
817 5837 974 5895 Iesus
1001 5839 1242 5896 Christus
1286 5841 1452 5899 Filius
1496 5850 1636 5909 tuus,
1663 5843 1754 5914 qui

197 5932 413 5997 sanctus
440 5929 494 5985 in
518 5929 719 5986 sanctis
746 5944 843 6000 pro
868 5939 1040 5988 morte
1083 5931 1273 6003 vitam,
1305 5950 1400 6007 pro
1440 5949 1596 6007 poena
1635 5936 1753 6008 glo-

467 6014 742 6080 Pauor.
789 6019 1046 6082 LXXII.

1853 4795 2148 4858 martyrum
2180 4790 2538 4858 perpetuitate
2566 4803 2775 4846 secura.
2809 4789 2882 4843 Da
2912 4793 3138 4857 cunctis,
3173 4791 3416 4860 Domine,

1853 4876 1907 4932 in
1931 4877 2029 4932 hoc
2055 4878 2171 4934 loco
2199 4879 2634 4948 consistentibus,
2667 4889 2723 4937 et
2766 4883 3029 4938 universa:
3088 4884 3226 4954 plebi
3266 4885 3420 4942 istius

1853 4966 1982 5034 loci,
2032 4976 2088 5022 ut
2137 4967 2218 5024 sic
2248 4968 2478 5025 habeant
2503 4986 2569 5026 ex
2597 4982 2796 5028 sancte
2844 4975 2965 5030 vitae
3015 4976 3420 5032 conversatione

1857 5061 2105 5130 palmam,
2157 5062 2298 5117 sicut
2319 5062 2613 5120 habuerunt
2637 5067 2846 5136 parduli
2879 5083 2942 5122 ex
2972 5069 3219 5136 passione
3251 5069 3420 5123 victo-

1854 5159 2010 5214 riam.
2037 5158 2140 5215 I’er
2163 5159 2440 5216 Dominum
2453 5171 2700 5219 nostrum
2721 5163 2902 5222 Iesum
2931 5163 3200 5222 Christum
3225 5163 3422 5221 Filium

1851 5257 2022 5321 tuum,
2043 5249 2136 5324 qui
2157 5259 2330 5308 tecum
2361 5252 2507 5309 vivit.

2346 5365 2577 5419 Collectio
2589 5371 2698 5432 post
2721 5371 2931 5422 nomina.

1927 5470 2092 5542 Deus,
2121 5472 2212 5544 qui
2243 5471 2295 5529 id
2325 5473 2466 5543 quod
2497 5488 2594 5544 per
2617 5453 2894 5530 infantiam
2925 5470 3130 5528 videtur
3165 5472 3422 5546 exiguum

1854 5577 2104 5634 magnum
2135 5562 2265 5619 facis
2293 5577 2413 5620 esse
2445 5579 2539 5634 per
2560 5563 2878 5633 merita,qui
2905 5563 3190 5632 primordia
3219 5566 3422 5623 adven-

1857 5663 1941 5711 tus
1984 5658 2058 5712 tui
2087 5657 2369 5728 triumphis
2394 5657 2659 5730 gloriﬁcas
2708 5658 3082 5727 parvulorum,
3141 5659 3285 5728 prius
3334 5675 3429 5715 eos

1855 5748 2116 5818 passionis
2142 5753 2401 5823 martyrio
2419 5766 2575 5822 quam
2597 5751 2772 5806 :etatis
2793 5752 3040 5822 provehis
3067 5753 3424 5810 incremento.

1856 5839 2005 5898 Felix
2055 5859 2198 5900 mors
2250 5859 2461 5912 eorum,
2504 5853 2560 5900 et
2606 5842 2955 5902 beatiﬁcanda
3011 5847 3270 5912 conditio,
3331 5855 3430 5915 per

1857 5949 2014 6008 quam
2059 5935 2136 5992 eis
2158 5935 2387 6005 contigit
2428 5944 2484 5991 ut
2511 5933 2770 6003 saevitiam
2808 5937 3160 5993 crudelissimi
3195 5932 3423 5993 Herodis

2987 6029 3026 6092 8
