4048 6350
688 259 796 321 835

1378 260 1727 321 APPENDIX
1771 261 1860 317 an
1901 255 2127 317 orans
2170 253 2416 313 SANCTI
2458 256 2779 314 cantum
2818 254 3271 315 PARISIENSIS.
3800 258 3864 319 εκ

688 380 983 439 devicerint
1023 378 1429 448 triumphando,
1464 390 1518 435 et
1547 378 1822 435 Christum
1849 384 2182 447 mererentur
2211 371 2267 428 'tu
2294 373 2345 449 ᾼ
2374 386 2574 443 pareat.
2598 364 2785 432 Cordis
2816 375 2982 430 nostri
3011 375 3293 446 praeputia,
3324 385 3445 444 quae
3467 371 3734 444 gentilibus
3756 378 3860 449 θοι

690 475 932 545 ρι’πιιιίο.
960 474 1035 528 Da
1062 473 1185 528 huic
1214 474 1433 543 populo,
1462 482 1553 526 tuo
1580 469 1779 526 nomini
1803 477 2139 532 consecrato,
2177 480 2271 536 per
2375 468 2512 523 vitiis
2533 478 2908 533 excreverunt,
2932 485 3036 523 non
3059 469 3223 531 ferro,
3243 467 3335 522 sed
3362 468 3550 538 spiritu
3574 468 3858 536 circumcidat,

688 567 983 623 consimilis
1004 566 1187 637 gratiae
1209 564 1748 627 administrationem,
1772 554 2087 617 meritorum
2119 558 2267 613 simi-

687 662 817 716 lium
840 660 1171 729 dignitatem,
1230 668 1289 712 ut
1328 657 1417 730 qui
1467 658 1605 713 hanc
1631 664 1939 712 sanctorum
1992 651 2257 708 lnfantum

690 753 1029 807 festivitatem
1062 764 1163 833 pro
1208 751 1410 829 honore
1442 749 1672 802 nominis
1720 748 1793 803 tui
1842 746 2151 833 celebrant,
2196 744 2265 831 ad

684 846 921 914 ipsorum
967 841 1230 897 lnfantnm
1269 840 1646 913 beatitudinem
1672 839 1914 910 profectu
1958 838 2077 919 ﬁdei
2125 854 2265 921 sem-

684 952 780 1008 per
806 936 1115 1019 ascendant.
1147 936 1296 1006 Quod
1324 936 1436 1005 ipse
1478 942 1729 1019 praestare
1756 933 2012 1017 digneris,
2038 932 2152 1019 qui.

1162 1018 1167 1023 ’
1239 1014 1507 1074 Immolatio
1530 1025 1703 1074 missas.
2006 1014 2009 1017 ’
2092 1014 2097 1019 ⁷

753 1107 975 1180 Dignum
1002 1117 1056 1163 et
1076 1108 1277 1178 justum
1308 1113 1407 1161 est.
1436 1104 1569 1161 Vere
1598 1106 1818 1175 dignum
1840 1114 1895 1177 et
1918 1106 2121 1177 justum
2155 1114 2261 1172 est,

677 1215 777 1258 nos
797 1200 889 1256 tibi
916 1214 1127 1271 semper
1146 1208 1201 1255 et
1224 1199 1419 1269 ubique
1452 1199 1651 1269 gratias
1674 1212 1856 1269 agere,
1888 1197 2115 1253 Domine
2146 1212 2263 1253 san-

673 1302 781 1361 cte,
811 1292 969 1348 Pater
994 1292 1356 1361 omnipotens,
1408 1299 1609 1345 azterne
1638 1288 1802 1353 Deus,
1869 1306 1964 1356 pro
2006 1290 2087 1343 his
2124 1304 2257 1359 pra:-

674 1388 828 1459 cipue
856 1401 1081 1457 quorum
1117 1384 1375 1441 hodierno
1404 1384 1489 1438 die
1534 1399 1707 1437 annua
1762 1382 2052 1438 festivitate
2106 1396 2257 1437 reco-

668 1480 841 1537 lentes
870 1481 1182 1536 memoriam
1218 1477 1483 1549 passionis
1512 1478 1871 1542 celebramus,
1916 1493 2047 1547 quos
2079 1476 2254 1531 Hero-

670 1572 858 1627 dianus
911 1570 1127 1627 satelles
1177 1570 1467 1622 lactantum
1517 1568 1679 1640 200
1726 1576 1953 1621 matrum
2000 1565 2253 1622 uberibus

666 1664 945 1720 abstraxit.
974 1662 1075 1729 Qui
1109 1659 1233 1731 jure
1255 1660 1508 1715 dicuntur
1538 1671 1831 1731 martyrum
1858 1658 2039 1725 flores,
2072 1659 2160 1728 qui
2195 1659 2249 1712 in

668 1756 846 1829 medio
870 1755 1063 1827 frigore
1084 1752 1414 1827 infidelitatis
1437 1753 1639 1821 exorti,
1660 1752 1807 1805 velut
1847 1750 2046 1820 primas
2073 1763 2253 1805 ernm-
2280 1747 2332 1812 Β

666 1856 854 1918 pentes
930 1844 1184 1901 Ecclesia:
1254 1859 1494 1914 geminas
1557 1843 1796 1913 quaedam
1864 1838 2250 1913 persecutionis

665 1935 851 2007 pruina
880 1935 1163 2000 discussit,
1214 1933 1464 1989 rutilante
1510 1933 1657 1987 fonte
1682 1932 1734 1987 in
1778 1931 2089 1987 Bethlehem
2118 1928 2248 1985 civi-

664 2036 793 2083 tate.
826 2022 1063 2081 lnfantes
1092 2026 1233 2099 enim
1276 2024 1398 2093 quia
1428 2032 1585 2077 aetate
1638 2022 1781 2092 loqui
1831 2039 1933 2077 non
1970 2030 2235 2093 poterant,

662 2119 871 2174 laudem
899 2116 1109 2172 Domini
1131 2132 1250 2170 cum
1283 2115 1475 2184 gaudio
1507 2112 1736 2187 [Forsan
1766 2114 1967 2185 gladio]
2014 2104 2238 2169 resonaé

656 2210 806 2265 bant.
830 2209 1005 2265 Occisi
1038 2206 1344 2279 praedicant,
1394 2207 1535 2277 quod
1568 2207 1670 2260 vivi
1705 2221 1809 2261 non
1836 2216 2103 2275 poterant.
2141 2206 2241 2262 Lo-

655 2308 887 2370 quuntur
908 2297 1188 2369 sanguine,
1218 2296 1358 2368 quod
1385 2297 1562 2369 lingua
1593 2298 1970 2368 nequiverunt.
2000 2294 2241 2351 Contulit

655 2390 740 2445 bis
767 2391 1081 2461 martyrium
1112 2388 1347 2454 laudem,
1392 2390 1588 2457 quibus
1637 2389 1995 2459 abnegaverat
2054 2388 2229 2461 lingua

556 2522 557 2525 η
654 2496 981 2537 sermonem.
1031 2480 1310 2535 l’raamitti't
1362 2480 1596 2535 Infantes
1650 2480 1829 2535 infans
1874 2481 2114 2537 Christus
2165 2482 2231 2538 ad

652 2574 843 2640 czelos;
891 2574 1203 2629 transmittit
1248 2587 1382 2627 nova
1412 2574 1601 2628 exenia
1633 2568 1814 2637 Patri;
1851 2562 2109 2643 primitias
2139 2592 2233 2631 ex-

654 2666 803 2721 hibet
827 2664 1070 2725 Geuitori
1102 2664 1453 2719 Parvulorum
1488 2665 1655 2733 prima
1682 2666 1954 2737 martyria,
2004 2666 2234 2722 Herodis

650 2759 855 2815 scelere
886 2766 1206 2829 perpetrata.
1234 2758 1457 2812 Praestat
1487 2759 1657 2813 hostis
1683 2760 1916 2828 corpori,
1965 2759 2091 2813 dum
2124 2774 2225 2815 no-

649 2856 767 2917 cet;
794 2850 1111 2906 beneficium
1141 2849 1345 2918 tribuit,
1374 2849 1502 2903 dum
1533 2850 1761 2916 occidit;
1795 2851 2075 2907 moriendo
2100 2852 2235 2908 vivi-

648 2942 1029 3010 tur,'cadeudo
1059 2944 1375 3015 resurgitur,
1396 2946 1619 2999 victoria
1652 2958 1747 3013 per
1776 2944 2048 3000 interitum
2079 2961 2235 3002 com-

648 3037 924 3109 probatur.
983 3037 1086 3093 Pro
1118 3038 1201 3093 his
1246 3052 1377 3109 ergo
1423 3035 1699 3093 beneficiis
1751 3044 1806 3093 et
1853 3053 1950 3108 pro
1978 3041 2233 3109 praesenti

647 3122 1006 3187 sollemnitate
1030 3131 1321 3187 immensas
1344 3131 1529 3201 pietati
1558 3139 1662 3186 tua:
1704 3130 1905 3202 gratias
1934 3131 2231 3191 referentes
2258 3132 2309 3201 C
2346 3112 2561 3171 “dm”
2588 3115 2939 3184 “98mm;
2969 3115 3154 3185 εοτάδν
3187 3133 3257 3171 ηθ
3285 3126 3508 3173 “ﬂeam
3533 3116 3727 3179 ά⁰¹¹³ῑ¹¹ἷ
3764 3123 3845 3202 (³⁸³4⁸

649 3226 824 3295 potius
845 3239 1003 3295 quam
1044 3225 1424 3295 rependentes,
1454 3238 1576 3280 cum
1607 3225 1808 3281 sanctis
1833 3226 2037 3297 angelis
2066 3235 2122 3282 et
2146 3243 2234 3282 ar-

643 3315 935 3388 changelis,
975 3317 1065 3387 qui
1095 3331 1259 3371 unum
1290 3324 1342 3373 te
1372 3316 1539 3373 Deum
1565 3316 1930 3373 dominantem
1956 3358 1975 3386 ,
2032 3318 2231 3374 distin-

638 3419 805 3477 ctum,
837 3423 935 3465 nec
961 3408 1224 3477 divisum;
1275 3410 1495 3479 trinum,
1550 3424 1650 3466 nec
1697 3410 1997 3481 triplicem;
2030 3412 2229 3480 solum,

638 3519 740 3561 nec
764 3504 1103 3573 solitarium;
1147 3519 1383 3561 consona
1416 3506 1695 3563 laudamus
1736 3522 1891 3571 voce,
1935 3508 2228 3567 dicentes:

639 3598 892 3667 Sanctus,
918 3600 1169 3666 Sanctus,
1198 3600 1446 3657 Sanctus.

1166 3716 1457 3769 Benedictio
1480 3719 1665 3782 populi.

708 3822 867 3890 Deus,
901 3838 992 3892 qui
1046 3821 1140 3877 tibi
1170 3824 1501 3880 consecrasti
1535 3826 1791 3895 primitias
1813 3836 2112 3900 martyrum
2155 3829 2225 3886 ab

634 3914 941 3969 innocentia
970 3915 1340 3983 parvulorum.
1372 3919 1563 3973 Amen.
1594 3918 1658 3974 Et
1686 3920 1833 3989 prius
1863 3920 1958 3978 tibi
2005 3932 2221 3994 coapta-

631 4006 700 4060 sti
722 4003 776 4058 in
801 4003 1147 4060 confessione
1194 4004 1473 4061 infantiam
1504 4023 1664 4081 quam
1695 4008 1874 4079 lingua
1919 4012 2222 4069 solveretur

630 4095 684 4151 in
713 4096 898 4151 verba.
933 4098 1123 4152 Amen.
1153 4093 1403 4154 Concede
1436 4098 1644 4169 plebem
1675 4108 1819 4157 tuam
1874 4103 2219 4167 innocentem

632 4203 727 4260 per
752 4188 998 4260 gratiam,
1050 4188 1152 4246 etsi
1208 4205 1314 4259 non
1366 4190 1474 4247 sint
1523 4201 1765 4264 tempore
1800 4197 2061 4267 sanguine
2094 4198 2217 4256 fuso

628 4283 904 4354 martyris.
957 4282 1150 4337 Amen.
1225 4282 1483 4339 Servetur
1529 4284 1615 4341 hic
1672 4288 1900 4357 populus
1963 4300 2217 4361 purgatus

627 4374 965 4445 baptismate,
997 4374 1085 4443 qui
1128 4373 1221 4429 tibi
1247 4373 1493 4444 placitam
1534 4375 1705 4435 fecisti
1732 4379 2091 4445 innocentiam
2120 4399 2216 4453 per

627 4460 895 4523 cruorem.
928 4465 1120 4523 Amen.
1152 4464 1223 4522 Ut
1246 4466 1355 4523 illic
1377 4482 1475 4524 suo
1507 4469 1812 4531 interventu
1834 4489 1964 4543 grex
1993 4477 2214 4534 accedat

628 4574 725 4630 per
751 4561 1040 4630 lavacrum,
1090 4558 1179 4615 ubi
1208 4556 1394 4625 felices
1425 4562 1637 4619 Parvuli
1691 4564 1890 4633 perfusi
1920 4582 2044 4625 rore
2086 4582 2213 4624 sau-

628 4650 801 4721 guinis
829 4650 1144 4724 gloriantur.
1180 4652 1372 4708 Amen.
1408 4653 1509 4710 Per
1541 4656 1821 4713 Dominum
1851 4666 2091 4715 nostrum
2118 4661 2209 4719 Je-

626 4760 745 4801 sum
791 4744 1062 4821 Christum
1118 4742 1310 4801 Filium
1363 4756 1555 4814 tuum,
1614 4752 1704 4818 qui
1756 4757 1931 4809 tecum
1983 4752 2112 4808 vivit
2159 4760 2215 4811 et

623 4842 828 4908 regnat.

622 4950 762 5008 Vill.
801 4964 941 5007 onno
969 4964 1136 5005 Missa
1165 4965 1218 5007 ut
1246 4967 1650 5011 cincnnatum
1671 4969 2060 5015 noumtnosrnt
2087 4974 2211 5017 sese

1263 5036 1493 5082 CHRISTI.

696 5131 912 5201 Christo
932 5132 1159 5191 Domino
1180 5142 1386 5199 nostro.
1415 5136 1507 5205 qui
1532 5150 1629 5205 pro
1654 5139 1809 5195 nobis
1835 5138 2086 5211 dignatus
2126 5150 2214 5198 est

621 5240 782 5281 carne
809 5225 989 5291 nasci,
1033 5226 1150 5298 lege
1201 5225 1531 5293 circumcidi,
1582 5227 1804 5289 ﬂumine
1844 5232 2123 5303 baptizari,
2154 5237 2207 5289 in

621 5320 721 5375 hac
750 5329 936 5376 octava
972 5319 1272 5391 Nntivitatis
1293 5321 1409 5395 ejus
1434 5322 1544 5393 die,
1593 5341 1696 5394 qua
1729 5327 1782 5383 in
1813 5342 1873 5384 se
1899 5328 2206 5384 Circumci-

623 5414 788 5467 sionis
818 5422 1210 5469 sacramentum
1238 5416 1529 5472 secundum
1564 5423 1817 5493 praacepti
1850 5425 2053 5485 veteris
2082 5424 2202 5490 for:

619 5519 762 5560 mam
793 5510 875 5573 agi
900 5506 1088 5571 voluit,
1115 5505 1305 5563 fratres
1333 5509 1616 5577 carissimi,
1647 5513 1917 5571 humiliter
1943 5517 2203 5591 deprece-

620 5610 761 5657 mur,
792 5606 851 5651 ut
878 5598 1015 5652 intra
1044 5598 1296 5655 Ecclesia:
1326 5610 1537 5658 uterum
1592 5620 1689 5659 nos
1734 5608 1978 5669 viventes
2004 5611 2202 5669 cotidie

618 5691 950 5745 recreatione
972 5694 1250 5761 parturiat,
1282 5709 1563 5769 quousque
1606 5699 1657 5753 in
1692 5698 1849 5758 nobis
1879 5716 1974 5759 sua
2005 5706 2198 5774 forma,

616 5779 675 5838 in
703 5795 804 5857 qua
832 5780 1080 5853 perfectae
1107 5786 1277 5859 aetatis
1316 5788 1703 5871 plenitudinem
1737 5803 2013 5871 teneamus
2035 5840 2052 5870 ,
2106 5817 2201 5871 np.

2370 559 2542 616 donec
2558 560 2757 615 carnali
2784 561 3135 625 incremento,
3159 558 3483 614 facinoribus
3508 561 3778 630 amputatis,
3801 563 3861 618 hoc

2368 649 2541 719 solum
2592 652 2643 706 in
2698 661 2885 707 natura
2915 660 3097 705 nostra
3128 644 3284 705 faciat
3317 650 3519 714 vivere,
3577 650 3705 720 quod
3732 650 3805 705 sibi
3825 663 3857 707 et

2368 726 2574 800 servire
2600 745 2772 801 valeat
2811 752 2866 800 et
2896 744 3128 815 placere.
3177 742 3329 811 Quod
3374 742 3493 814 ipse
3549 752 3773 813 praestare
3808 744 3855 797 di-

2366 828 2579 919 gnetur,
2607 835 2844 915 quicum
2873 834 3027 893 Patre
3052 847 3105 894 et
3130 832 3331 908 Spiritu
3356 845 3545 893 sancto
3584 836 3651 893 vi.
3671 845 3717 892 et
3739 852 3819 909 reg.

2908 932 3147 987 Cullectio
3164 934 3408 998 sequitur.

2435 1016 2649 1083 Sancte,
2682 1019 3043 1087 omnipotens,
3086 1028 3287 1075 aeterne
3315 1014 3486 1085 Deus,
3528 1025 3582 1073 tu
3612 1031 3701 1072 nos
3718 1032 3864 1072 conver-

2378 1124 2495 1169 tens
2523 1109 2756 1177 vivifica,
2787 1117 2843 1165 et
2862 1126 2996 1181 quos
3026 1126 3177 1165 error
3199 1106 3513 1181 gentilitatis
3533 1107 3749 1173 involvit,
3772 1108 3863 1178 agni.

2365 1200 2522 1257 tionis
2550 1210 2651 1259 tua:
2670 1216 2861 1256 munus
2892 1202 3151 1267 absolvat,
3173 1210 3230 1257 ut
3255 1202 3444 1256 aculeo
3466 1202 3649 1257 mortis
3673 1202 3862 1261 extincto.

2364 1294 2579 1348 aeternis
2625 1291 2953 1348 vivificemur
2981 1293 3251 1360 oraculis;
3298 1302 3355 1347 ut
3380 1293 3522 1348 sicut
3550 1308 3640 1365 per
3661 1292 3861 1346 inﬁrmiu-

2364 1394 2469 1441 tem
2499 1385 2673 1440 carnis
2720 1385 3040 1465 servivimus
3082 1384 3358 1457 iniustitiae
3405 1393 3461 1441 et
3515 1384 3781 1455 iniquitati,
3816 1384 3859 1437 iu

2361 1490 2501 1530 nunc
2528 1474 2736 1533 liberati
2766 1491 2793 1529 a
2826 1476 3079 1548 peccatis,
3105 1477 3405 1532 serviamus
3421 1473 3639 1546 ju~titiaa
3658 1475 3702 1530 in
3728 1474 3859 1530 sancti-

2362 1565 2629 1622 ﬁcatione.
2687 1566 2791 1623 Per
2842 1567 3125 1625 Dominum
3182 1578 3429 1625 nostrum
3461 1568 3641 1626 Jesum
3667 1568 3861 1625 Christum

2359 1655 2552 1712 Filium
2584 1665 2757 1713 tuum.

2849 1748 3082 1801 Collectlo
3105 1758 3213 1813 post
3234 1754 3453 1803 nomina.

2428 1832 2639 1889 Auditis
2665 1832 2969 1889 nominibus
2997 1832 3340 1903 olferentum,
3366 1834 3561 1892 fratres
3587 1834 3856 1911 dilectissimi,
3924 1866 3925 1911 ἦ

2350 1922 2621 1982 Christum
2650 1926 2933 1984 Dominum
2978 1927 3347 1999 deprecemur,
3410 1939 3470 1986 ut
3522 1930 3652 1985 sicut
3678 1945 3757 2003 pro
3778 1930 3852 1999 eius

2349 2016 2765 2077 circumcisione
2792 2020 2989 2076 carnali
3028 2020 3309 2077 sollemnia
3331 2020 3683 2088 celebramus,
3709 2022 3762 2075 ita
3781 2019 3852 2089 spi-
3924 2078 3925 2099 η

2349 2111 2582 2166 ritalium
2632 2113 2987 2182 nequitiarum
3043 2112 3308 2169 inlusione
3358 2112 3570 2171 devicta
3630 2114 3847 2177 lancinat,
3924 2104 3925 2107 “

2351 2213 2636 2271 praestante
2664 2204 2860 2272 pietate
2887 2220 3014 2271 sua;
3059 2215 3116 2260 ut
3152 2204 3268 2261 bac
3302 2206 3571 2262 sacrificia
3600 2206 3672 2261 sic
3696 2202 3851 2261 viventi-

2349 2294 2447 2348 bus
2485 2295 2768 2361 proficiant
2788 2296 2856 2351 ad
2883 2296 3340 2366 emendationem,
3388 2306 3448 2353 ut
3470 2296 3718 2354 defunctis
3735 2296 3850 2365 opitu-

2348 2384 2526 2439 lentur
2551 2386 2619 2441 ad
2668 2388 2933 2458 requiem.
2984 2388 3087 2445 Per
3135 2388 3426 2446 Dominum
3478 2397 3706 2446 nostrum
3730 2388 3851 2445 lastis
3924 2400 3925 2458 ἢ

2344 2476 2615 2539 Christum
2642 2476 2831 2538 Filium
2858 2497 3038 2549 suum,
3076 2497 3265 2540 secum
3286 2486 3586 2552 viventem,
3616 2492 3852 2550 mw

2346 2583 2494 2638 regn.
2528 2571 2582 2627 in
2602 2572 2805 2629 unitate
2828 2572 3064 2642 Spiritus
3084 2574 3256 2630 sancti
3286 2576 3340 2630 in
3372 2576 3573 2631 secula
3599 2570 3755 2630 accol.

2895 2664 3135 2717 Collectio
3158 2668 3220 2717 ad
3241 2678 3433 2732 pacem.

2416 2748 2555 2805 Deus
2582 2751 2669 2817 qui
2698 2750 2867 2821 magis
2895 2749 3358 2809 circumcisionem
3388 2753 3570 2810 cordis
3607 2764 3744 2823 quam
3764 2760 3841 2802 cor-

2344 2842 2490 2910 poris
2512 2840 2709 2911 diligis,
2756 2850 2812 2897 et
2840 2858 2947 2897 non
2972 2842 3213 2899 admittis
3244 2843 3524 2905 inductam
3553 2859 3641 2915 per
3683 2842 3845 2897 litteras

2342 2931 2587 3002 prmputii
2623 2933 3088 2990 circumcisionem
3113 2974 3130 3001 ,
3178 2936 3272 2991 sed
3324 2934 3455 2992 ﬁdei
3507 2937 3732 2990 inuenta
3768 2941 3846 2985 ιιι

2345 3022 2489 3079 bono
2515 3037 2682 3093 opere
2724 3025 3019 3090 caritatem,
3070 3034 3124 3080 tu
3153 3035 3370 3081 nostras
3418 3040 3576 3081 aures
3604 3024 3781 3085 deam,
3807 3028 3847 3069 ιιι

2338 3208 2437 3271 los,
2469 3222 2536 3263 ne
2587 3208 2841 3263 invadant
2868 3209 3121 3265 alienum.
3176 3210 3257 3265 Tu
3307 3210 3361 3266 in
3417 3210 3655 3267 manibus
3696 3201 3843 3262 succida

2336 3302 2478 3371 quod
2520 3300 2732 3372 polluit,
2772 3301 2824 3356 in
2855 3300 3077 3371 pedibus
3114 3302 3253 3373 quod
3289 3304 3355 3357 ad
3387 3304 3582 3359 malum
3622 3301 3775 3362 currit,
3814 3293 3844 3344 in

2333 3392 2608 3462 praputiis
2631 3392 2775 3463 quod
2802 3394 3034 3449 carnalia
3060 3395 3415 3465 concupiscit.
3468 3396 3549 3451 Tu
3574 3392 3728 3451 incide
3745 3383 3838 3458 quod
3922 3422 3923 3455 t

2340 3482 2527 3552 laniat,
2550 3484 2783 3554 praecide
2808 3486 2951 3555 quod
3002 3488 3269 3554 vulnerat,
3316 3489 3573 3545 abscinde
3598 3485 3721 3559 quod
3743 3483 3835 3537 Ιεοε·
3922 3512 3923 3545 i

2330 3586 2435 3645 rat,
2460 3578 2647 3635 excide
2672 3580 2814 3651 quod
2847 3582 3097 3637 scandala
3141 3582 3515 3649 iucrementat,
3548 3591 3603 3638 ut
3627 3583 3832 3650 amputato

2329 3670 2585 3739 facinore,
2610 3675 2721 3731 sola
2760 3675 2813 3730 in
2851 3690 2951 3731 nos
2979 3677 3155 3731 valeat
3184 3678 3385 3733 caritas
3444 3674 3720 3749 propagari.
3764 3670 3832 3722 Pe!

2330 3765 2612 3824 Dominum
2639 3778 2880 3825 nostrum
2903 3768 3085 3825 Jesum
3113 3768 3387 3827 Christum
3421 3770 3609 3827 Filium
3637 3778 3767 3823 tuam.

2986 3880 3275 3933 Immolatlo.

2399 3963 2622 4036 Dignum
2650 3974 2703 4021 et
2722 3964 2925 4035 justum
2969 3973 3070 4021 est.
3108 3965 3244 4021 Vere
3268 3980 3481 4033 aequum
3511 3978 3562 4019 et
3586 3966 3755 4032 justum
3778 3958 3829 4007 es!

2326 4071 2425 4113 nos
2479 4054 2577 4112 tibi
2625 4056 2824 4127 gratias
2877 4072 3056 4127 agere,
3109 4066 3268 4127 teque
3322 4058 3635 4113 benedicere
3662 4054 3703 4107 in
3728 4044 3825 4100 omni

2327 4157 2589 4219 tempore,
2617 4148 2977 4219 omnipotens,
3008 4157 3208 4204 aeterne
3237 4148 3399 4213 Dens,
3432 4149 3552 4219 quia
3595 4146 3641 4199 in
3676 4152 3718 4197 te
3738 4136 3828 4191 vivi-

2322 4258 2463 4311 mus,
2492 4257 2772 4299 movemur
2794 4250 2850 4296 et
2872 4257 3079 4312 sumus,
3106 4251 3157 4297 et
3188 4242 3393 4296 nullum
3436 4252 3636 4311 tempus
3663 4231 3827 4290 nullunr

2320 4350 2425 4405 que
2448 4344 2773 4390 momentum
2799 4344 2881 4390 est
2901 4350 3005 4405 quo
3047 4350 3075 4389 a
3124 4334 3396 4392 beneficiis
3431 4333 3631 4405 pietatis
3667 4337 3749 4384 tua
3769 4335 3829 4373 η·

2318 4444 2473 4485 cuum
2505 4439 2895 4499 transagamus.
2938 4429 3033 4484 His
3077 4439 3257 4485 autem
3305 4429 3520 4496 diebus,
3574 4437 3691 4495 quos
3716 4412 3826 4470 variis

2234 4521 2293 4587 D
2317 4520 2734 4576 sollemnitatum
2770 4520 2945 4576 causis
2985 4520 3300 4576 salutarium
3331 4522 3486 4577 nobis
3530 4528 3728 4589 Operam
3752 4520 3829 4562 "10'

2322 4628 2438 4668 rum
2469 4622 2521 4668 et
2560 4628 2839 4667 munerum
2876 4613 3129 4667 memoria
3176 4614 3436 4684 signavit,
3480 4612 3560 4669 vel
3602 4606 3823 4664 innovante

2321 4690 2501 4759 laetitia
2529 4703 2784 4775 praeteriti
2810 4704 3007 4774 gaudii,
3032 4703 3114 4759 vel
3147 4706 3510 4774 permanentis
3530 4699 3645 4759 boni
3674 4697 3822 4759 tempus

2318 4790 2676 4869 agnoscimus.
2732 4798 2794 4853 Et
2827 4806 3104 4867 propterea
3155 4799 3457 4855 exultamus
3500 4791 3712 4855 uberius,
3743 4778 3823 4852 αυίλ

2317 4893 2456 4946 sicut
2485 4892 2536 4945 in
2561 4904 2748 4946 recens
2776 4890 3027 4960 gaudium
3061 4894 3126 4946 tle
3153 4891 3475 4947 venerabilis
3502 4887 3669 4961 gratia:
3690 4887 3820 4937 recor-

2315 4982 2531 5037 datione
2557 4982 2946 5038 reviviscimus.
2981 4981 3131 5039 Unde
3162 4982 3475 5039 hodiernum
3507 4980 3652 5054 202
3676 4970 3817 5028 diem

2315 5073 2403 5128 die
2429 5072 2686 5129 salutiferi
2715 5072 2912 5126 Natalis
2937 5082 3203 5135 octavum.
3262 5074 3495 5144 legitima
3536 5064 3718 5126 Domini
3754 5070 3814 5110 ςε-

2313 5161 2543 5217 cundum
2574 5177 2790 5217 carnem
2817 5162 2979 5234 geniti
3010 5162 3429 5221 Circumcisione
3458 5164 3715 5232 signatum,
3755 5159 3814 5200 ον’

2313 5256 2489 5311 dinata
2518 5254 3025 5312 commemoratione
3055 5257 3384 5325 recolentes,
3438 5249 3728 5314 sacrificium
3755 5251 3815 5331 tu-

2312 5346 2389 5400 cis
2410 5344 2461 5399 in
2484 5347 2624 5400 votis
2654 5346 3002 5403 sollemnibus
3033 5347 3377 5417 lmnoramus,
3417 5356 3472 5404 et
3502 5352 3649 5401 tantm
3671 5336 3811 5409 δίκην

2314 5438 2471 5494 tionis
2497 5453 2633 5507 opus
2658 5440 2707 5494 in
2739 5438 2947 5495 Domini
2976 5438 3237 5496 Altissimi
3282 5442 3365 5511 pia
3397 5437 3673 5495 humilitate
3698 5435 3807 5480 νθιιθ·

2313 5544 2514 5584 ramur.
2545 5528 2646 5595 Qui
2684 5530 2823 5585 sicut
2863 5532 3240 5588 mortalitatem
3288 5542 3519 5588 nostram
3556 5514 3809 5586 adsumPSi‘t

2312 5631 2371 5677 ut
2416 5630 2641 5678 mortem
2692 5635 3048 5690 consumeret,
3108 5625 3263 5681 itaet
3292 5625 3475 5698 iugum
3520 5621 3640 5691 legis
3672 5614 3714 5668 in
3750 5616 3811 5660 ευλ

2309 5729 2470 5770 carne
2492 5718 2747 5784 suscepit,
2779 5725 2838 5771 ut
2878 5715 3063 5786 iugum
3106 5716 3306 5777 diaboli
3355 5732 3383 5772 ο
3436 5723 3605 5775 1³08⁸⁸³
3651 5697 3809 5790 ω’ίῳ

2307 5804 2618 5867 discuteret.
2641 5804 2995 5867 Circumcisus
3024 5817 3105 5865 est
3136 5810 3187 5865 in
3228 5823 3393 5867 carne
3414 5801 3642 5875 corporis
3663 5796 3806 5850 βοείων
