4048 6350
156 326 273 392 237

1164 325 1252 381 DE
1292 323 1617 395 LlTURGlA
1657 319 2047 381 GALLICANA
2090 319 2292 381 LIBER
2333 314 2419 379 Ill.

3320 315 3425 371 ‘258

152 459 220 504 ut
242 461 340 503 nos
363 460 457 518 per
479 445 700 499 verbum
723 441 951 514 Spiritus
980 441 1061 496 sui
1093 443 1145 496 in
1177 440 1338 497 corde
1368 440 1591 509 purgati,
1626 439 1745 493 sine
1773 442 1827 502 Α
1855 438 1965 492 ritu
1989 446 2177 493 sancto
2206 436 2341 492 vivis
2383 444 2440 494 et
2492 448 2686 508 regnas
2741 436 2796 492 in
2849 437 3043 495 sacula
3094 438 3442 496 seculorum.
3488 450 3515 519 ξ

149 540 339 595 carnis
365 539 584 594 vulnere
605 535 1110 593 circumcideremur
1132 534 1184 589 in
1206 534 1424 604 spiritu;
1453 540 1508 587 ut
1524 532 1737 602 utrique

150 632 315 687 sexui
348 630 630 705 proficeret
650 626 982 683 circumcisio
1012 624 1292 695 spiritalis,
1321 623 1445 694 quia
1479 637 1576 693 pro
1617 620 1735 676 uni-

153 708 421 777 versitate
449 722 659 791 generis
686 720 903 774 humani
954 718 1197 774 Salvator
1238 717 1550 773 advenerat.
1586 715 1741 772 Unde

155 824 450 885 utrumque
471 829 658 868 sexum
686 819 1079 868 sacramentum
1129 809 1513 865 lncarnationis
1542 809 1744 878 ample-

158 924 268 963 xus
295 917 397 975 est,
430 906 727 988 suscipiens
751 906 957 970 Virum,
993 916 1147 959 natus
1188 918 1256 959 ex
1281 902 1520 958 Femina.
1552 903 1747 969 Quam-

160 999 378 1062 obrem,
410 999 649 1060 Domine,
697 997 1014 1052 sacriﬁcium
1060 994 1496 1051 Circumcisionis
1521 994 1742 1048 sollem-

163 1091 340 1146 nitate
364 1090 540 1145 votiva
588 1104 685 1159 pro
714 1097 910 1143 nostra:
957 1087 1270 1142 aeternitatis
1322 1085 1512 1155 gaudio
1542 1084 1750 1155 suppli—

159 1183 302 1238 citer
315 1181 619 1243 oﬁ‘erentes.
641 1181 847 1251 placido
862 1180 1080 1252 dignare
1100 1189 1387 1249 conspectu
1409 1179 1747 1247 conspicere,

164 1281 225 1329 et
252 1273 587 1330 oﬁ'erentium
612 1287 801 1343 preces
827 1273 1066 1342 placatus
1093 1272 1305 1338 exaudi,
1349 1287 1443 1340 per
1469 1261 1740 1326 Christum

169 1365 457 1421 Dominum
485 1374 747 1422 nostrum.
782 1363 886 1427 Per
909 1378 1070 1434 quem
1100 1361 1437 1433 majestatem
1460 1372 1606 1419 tuam
1635 1363 1752 1417 lau-

170 1456 307 1512 dant
325 1456 519 1525 angeli.

792 1523 908 1574 Post
930 1525 1154 1575 Sanctus.

258 1610 389 1666 Vere
434 1609 685 1675 Sanctus,
736 1622 864 1662 vere
910 1606 1225 1661 benedictus
1273 1606 1527 1661 Dominus
1577 1614 1760 1663 noster

169 1705 334 1767 .lesus
360 1703 601 1760 Christus
633 1700 799 1757 Filius
830 1711 972 1769 tuus,
1004 1702 1091 1767 qui
1122 1702 1267 1756 venit
1295 1713 1541 1772 quaerere
1573 1711 1625 1754 et
1653 1700 1760 1754 sal-

166 1812 302 1853 vum
355 1796 529 1850 facere
558 1792 698 1864 quod
740 1793 992 1862 perierat.
1051 1792 1167 1862 lpse
1193 1792 1337 1859 enim
1383 1791 1551 1857 pridie
1579 1805 1761 1862 quam.
1794 1819 1845 1881 Β

789 1884 907 1934 Post
933 1889 1149 1934 secreta.

244 1974 374 2029 Haec
396 1986 515 2039 nos,
550 1970 796 2036 Domine,
819 1969 1060 2024 instituta
1078 1978 1132 2023 et
1152 1978 1416 2039 praecepta
1443 1968 1762 2034 retinentes,

168 2056 485 2136 suppliciter
513 2077 754 2127 oramus,
784 2061 859 2116 uti
884 2062 985 2115 hoc
1016 2059 1334 2115 sacriﬁcium
1368 2036 1643 2129 suscipere
1664 2100 1681 2126 ,
1712 2069 1767 2114 et

170 2155 515 2222 benedicere,
573 2160 629 2209 et
680 2151 1020 2208 sanctificare
1050 2151 1311 2222 digneris,
1369 2160 1425 2205 ut
1480 2153 1570 2203 fiat
1613 2149 1768 2205 nobis

167 2247 506 2304 Eucharistia
538 2244 773 2317 legitima
820 2244 873 2299 in
906 2252 1000 2298 tuo
1032 2243 1257 2314 Filiique
1291 2246 1362 2297 lui
1414 2244 1649 2308 nomine,
1715 2251 1770 2297 et

165 2343 404 2414 Spiritus
426 2340 639 2405 sancti,
698 2339 749 2393 in
796 2337 1317 2393 transformationem
1352 2346 1379 2375 ι
1432 2337 1675 2405 corporis
1706 2352 1769 2392 ac

168 2435 447 2506 sanguinis
478 2433 686 2487 Domini
732 2431 828 2486 Dei
876 2433 1041 2485 nostri
1090 2430 1214 2485 Jesu
1266 2430 1463 2484 Christi
1498 2428 1767 2500 Unigeniti

170 2528 275 2582 tui.
311 2526 411 2581 Per
438 2539 595 2594 quem
623 2522 804 2577 omnia
834 2536 1018 2586 creas,
1051 2532 1234 2576 creata
1263 2519 1562 2585 benedicis.
1612 2519 1776 2574 bene-

172 2617 320 2673 dicta
364 2614 688 2680 sanctiﬁcas,
728 2624 783 2668 et
826 2611 1154 2667 sanctiﬁcata
1186 2611 1398 2681 largiris
1444 2609 1625 2675 Deus,
1682 2609 1789 2679 qui

170 2709 232 2765 in
259 2706 519 2763 Trinitate
542 2704 776 2776 perfecta
809 2705 953 2758 vivis
982 2711 1035 2759 et
1063 2716 1259 2774 regnas
1285 2703 1338 2756 in
1366 2700 1563 2756 saecula
1591 2713 1763 2754 saecu-

173 2800 377 2857 lorum.

609 2875 734 2917 Ante
751 2866 1024 2916 orationem
1051 2864 1376 2919 Dominicam.

251 2953 683 3022 omnipotentem
748 2951 1138 3021 sempiternum
1188 2947 1471 3005 Dominum
1522 2946 1779 3017 deprece-

175 3060 323 3112 mur,
359 3054 416 3101 ut
441 3044 529 3115 qui
560 3046 615 3098 in
645 3040 856 3096 Domini
887 3040 1057 3096 nostri
1086 3039 1215 3097 .lesu
1244 3037 1444 3099 Christi
1488 3036 1779 3109 Circumci-

173 3142 339 3194 sione
364 3137 545 3193 tribuit
567 3135 727 3192 totius
759 3134 1039 3206 religionis
1071 3132 1280 3191 initium
1296 3133 1784 3203 perfectionemque

1857 529 2050 585 Amen.

2245 620 2480 674 Collectio
2503 626 2614 686 post
2636 621 3045 673 communionem.
3494 624 3501 671 ῖ

1928 705 2131 764 Releeti
2182 706 2407 779 spiritali
2451 707 2593 776 cibo,
2639 716 2693 761 et
2721 706 2923 763 czelesti
2964 705 3156 776 poculo
3184 708 3444 778 reparari,
3506 709 3510 713 ’

1859 801 2280 870 omnipotentem
2316 799 2504 867 Deum,
2536 798 2735 855 fratres
2763 796 3049 866 carissimi,
3072 798 3451 870 deprecemur,

1860 904 1918 949 ut
1956 892 2045 965 qui
2079 909 2177 949 nos
2202 893 2444 963 corporis
2494 896 2575 949 sui
2620 893 3026 965 participatione
3072 901 3129 950 et
3173 892 3455 965 sanguinis

1861 986 2120 1042 effusione
2154 986 2403 1051 redemit,
2448 986 2503 1040 in
2551 986 2792 1059 requiem
2832 985 3214 1056 sempiternam
3247 985 3457 1055 -jubeat

1860 1078 2165 1133 conlocare.
2224 1075 2325 1132 Per
2353 1075 2639 1133 Dominum
2674 1088 2914 1133 nostrum
2945 1075 3131 1132 Iesum
3162 1074 3457 1133 Christum

1863 1170 2057 1227 Filium
2085 1186 2261 1227 suum.

2404 1260 2643 1313 Collectio
2676 1263 2921 1326 sequitur.

1934 1344 2350 1403 Misericordiam
2367 1353 2537 1412 tuam,
2564 1345 2809 1411 Domine,
2833 1344 3103 1416 supplices
3136 1361 3459 1416 exoramus,

1865 1446 1923 1492 ut
1948 1437 2049 1493 hoc
2074 1446 2220 1492 tuum
2253 1436 2659 1493 Sacramentum
2709 1451 2813 1492 non
2853 1436 2924 1493 sit
2969 1434 3125 1494 nobis
3174 1446 3359 1495 reatus
3389 1436 3464 1496 ad

1867 1544 2105 1600 poenam,
2166 1528 2260 1585 sed
2314 1529 2407 1583 ﬁat
2437 1527 2754 1583 intercessio
2785 1528 3038 1586 salutaris
3093 1529 3161 1585 ad
3219 1530 3459 1590 veniam.

1866 1621 2017 1690 Quod
2048 1621 2161 1692 ipse
2184 1628 2440 1690 prazstare
2466 1619 2728 1690 digneris.

2388 1720 2680 1772 Benedictio
2699 1720 2730 1761 Β
2758 1719 2937 1786 populi.

1872 1896 2159 1953 Benedth
2209 1910 2307 1951 vos
2355 1894 2615 1951 Dominus
2672 1897 3032 1968 omnipotens,
3082 1908 3137 1953 et
3168 1914 3265 1970 per
3295 1898 3471 1957 abun-

1870 1990 2105 2043 dantiam
2138 1988 2522 2043 misericordiae
2566 2001 2676 2043 suae
2728 2002 2823 2044 cor
2850 1999 3087 2044 vestrum
3113 1992 3460 2055 conroboret.

1872 2082 2063 2135 Amen.
2094 2078 2321 2134 Mentem
2352 2079 2676 2144 sanctificet,
2712 2081 2876 2136 vitam
2926 2083 3237 2153 ampliﬁcet,
3285 2084 3451 2141 casti-

1872 2172 2106 2228 moniam
2135 2171 2371 2237 decoret,
2403 2179 2562 2243 atque
2591 2187 2783 2227 sensus
2815 2181 3025 2229 vestros
3058 2175 3108 2230 in
3143 2176 3296 2233 bonis
3321 2192 3452 2246 ope-

1875 2266 2022 2322 ribus
2049 2282 2264 2335 semper
2296 2266 2541 2322 aaditicet.
2596 2266 2787 2323 Amen.
2821 2268 3086 2340 Prospera
3113 2270 3333 2338 tribuat,
3361 2287 3456 2341 pa-

1874 2373 1991 2413 cem
2019 2358 2299 2425 concedat,
2363 2358 2592 2415 salutem
2637 2358 2910 2426 conferat,
2957 2360 3190 2430 quietem
3242 2361 3463 2432 nutriat,

1874 2451 2149 2507 caritatem
2181 2450 2404 2515 muniat,
2431 2460 2485 2504 et
2509 2449 2578 2504 ab
2599 2451 2850 2506 omnibus
2873 2450 3157 2507 diabolicis
3179 2460 3233 2508 et
3275 2453 3465 2507 huma-

1878 2544 1961 2598 nis
1986 2542 2192 2600 insidiis
2213 2558 2306 2598 sua
2332 2556 2430 2597 vos
2458 2556 2671 2611 semper
2696 2545 3029 2614 protecﬁone
3055 2553 3111 2600 et
3136 2546 3335 2600 virtute
3361 2545 3463 2600 de-

1880 2637 2078 2695 fendat.
2106 2639 2298 2691 Amen.
2356 2636 2420 2689 Et
2449 2634 2520 2689 ita
2548 2635 2888 2691 devotionem
2935 2645 3167 2692 vestram
3224 2637 3465 2706 placatus

1880 2741 2091 2799 semper
2119 2726 2391 2796 suscipiat,
2451 2738 2504 2780 ut
2534 2741 2885 2799 quaecumque
2914 2726 2982 2781 ab
3011 2742 3077 2782 eo
3108 2728 3464 2795 postulaveri-

1882 2818 1973 2887 tis,
2003 2820 2293 2875 clementer
2313 2817 2595 2873 concedat.
2626 2822 2818 2873 Amen.
2853 2818 3071 2873 Auferat
3094 2820 3269 2873 omnia
3299 2820 3457 2885 mala,

1881 2928 2001 2995 qua:
2030 2909 2193 2984 204
2217 2910 2491 2981 gessistis,
2546 2919 2601 2965 et
2632 2910 2829 2966 tribuat
2883 2910 3130 2980 gratiam,
3187 2925 3347 2980 quam
3382 2926 3472 2966 ro-

1883 3006 2066 3079 gastis.
2095 3006 2282 3059 Amen.
2335 3005 2432 3059 l‘er
2464 3002 2747 3059 Dominum
2798 3012 3040 3059 nostrum
3094 3002 3277 3060 Jesum
3314 3004 3473 3059 Chri-

1885 3086 2024 3157 stum
2056 3099 2244 3154 Fllinm
2274 3113 2449 3153 suum.

178 3238 464 3293 constare,
494 3228 587 3283 det
615 3226 769 3281 nobis
811 3201 1009 3293 in'ejus
1043 3223 1289 3291 portione
1315 3221 1544 3293 censeri,
1578 3222 1630 3295 in
1676 3201 1775 3291 quo

1891 3214 1977 3273 ιχ.
2032 3227 2293 3275 ιιαιιηυητ
2333 3227 2712 3269 pausa-tonus
2737 3254 2751 3277 ,
2812 3226 2918 3270 cun
2967 3226 3365 3270 αοιιεοτιωιιε
3419 3226 3473 3269 tat

175 3324 347 3379 totius
379 3321 566 3377 salutis
616 3320 860 3374 humanae
892 3317 1152 3389 perfectio
1182 3331 1388 3371 summa
1420 3316 1689 3380 consistit,
1721 3324 1777 3368 et

175 3415 480 3479 orationem
511 3427 671 3483 quam
719 3426 815 3466 nos
852 3411 1110 3465 Dominus
1160 3417 1343 3467 noster
1370 3406 1607 3475 edocuit,
1654 3420 1776 3469 cum

178 3508 379 3567 ﬁducia
404 3506 583 3580 dicere
625 3504 923 3573 permittat.
954 3503 1109 3559 Pater
1138 3511 1338 3556 noster.

627 3597 747 3648 Post
770 3597 1047 3647 orationem
1076 3595 1388 3644 Dominicam.

256 3684 450 3740 Libera
506 3698 601 3737 nos
647 3698 676 3735 a
726 3681 886 3747 malo,
942 3678 1277 3747 omnipotens
1321 3674 1481 3747 203
1524 3673 1685 3739 Deus,
1733 3678 1790 3728 et

188 3785 408 3847 prmsta,
433 3784 489 3828 ut
518 3774 686 3828 incisa
718 3770 861 3825 mole
892 3768 1215 3831 facinorum,
1267 3765 1379 3818 sola
1410 3764 1461 3816 in
1491 3778 1587 3817 nos
1617 3758 1777 3828 proﬁ-

186 3868 337 3924 ciant
362 3868 688 3921 incrementa
716 3866 997 3918 virtutum.
1062 3859 1162 3912 Per
1218 3856 1499 3909 Dominum
1545 3862 1787 3909 nostrum

193 3958 383 4015 Jesum
406 3956 679 4010 Christum
710 3953 899 4008 Filium
929 3962 1096 4005 tuum.

236 4032 239 4033 ν
734 4044 1028 4093 Benedictio
1051 4039 1229 4102 populi.

276 4130 418 4185 Deus
441 4144 616 4184 rerum
649 4128 885 4183 omnium
915 4133 1092 4181 rector
1116 4133 1169 4179 et
1194 4122 1459 4185 conditor,
1486 4122 1576 4191 qui
1608 4121 1791 4175 omnia

201 4243 326 4297 qua:
356 4242 387 4279 a
416 4234 468 4280 te
495 4226 629 4280 facta
661 4235 806 4289 sunt,
843 4224 1119 4289 majestate
1151 4218 1370 4287 imples,
1398 4217 1620 4272 scientia
1649 4215 1794 4271 ordi-

202 4334 325 4385 nas,
354 4318 549 4387 pietate
578 4315 838 4371 custodis.
869 4319 1056 4368 Amen.
1122 4311 1416 4379 Respiccre
1445 4309 1665 4379 dignare
1696 4308 1793 4363 hos

200 4410 426 4481 populos
459 4418 599 4476 tuos,
630 4408 717 4477 qui
749 4422 841 4477 per
871 4406 1038 4460 nostri
1070 4408 1184 4458 oris
1207 4402 1446 4457 ofﬁcium
1468 4402 1795 4457 benedicun-

201 4520 329 4558 num
361 4512 566 4556 tuarum
595 4500 730 4555 dona
758 4498 1087 4554 desiderant.
1128 4500 1321 4551 Amen.
1382 4494 1547 4564 Reple
1568 4510 1661 4549 eos
1690 4502 1795 4548 tua:

2380 3300 2589 3340 VIGILIIS
2618 3298 2971 3339 ΕΡΒΙΡΙΙΔΝΙΒ.

2540 3397 2787 3450 Praefatio.

1958 3503 2330 3561 Mirawlorum
2346 3501 2659 3570 primordia,
2688 3516 2809 3571 qum
2831 3498 3087 3555 Dominus
3106 3508 3292 3555 noster
3310 3499 3468 3555 Jesus

1886 3595 2129 3651 Christus
2152 3593 2389 3663 proferre
2416 3593 2470 3646 in
2493 3592 2791 3659 adsumptae
2811 3590 2987 3646 carnis
3018 3592 3254 3646 novitate
3275 3591 3461 3662 digna-

1891 3697 1975 3742 tus
1997 3700 2099 3751 est,
2130 3686 2321 3739 fratres
2348 3683 2634 3749 carissimi,
2667 3683 2847 3738 debita
2886 3682 3220 3737 exultatione
3248 3696 3479 3737 venere-

1890 3794 2032 3841 mur,
2062 3778 2184 3846 quia
2209 3775 2333 3830 dum
2366 3790 2424 3830 se
2450 3774 2617 3829 Deum
2641 3775 2778 3830 intra
2811 3775 3045 3829 humana
3095 3774 3302 3829 viscera
3350 3789 3475 3843 pro-

1893 3870 2118 3933 ferebat,
2139 3868 2251 3937 jam
2282 3868 2349 3923 de
2377 3868 2564 3923 salutis
2591 3875 2789 3923 nostrae
2811 3866 3151 3927 absolutione
3184 3867 3464 3922 tractabat.

1893 3963 2064 4017 Homo
2114 3969 2197 4019 est
2237 3960 2418 4029 utique
2473 3960 2729 4015 invitatus
2760 3961 2826 4015 ad
2874 3960 3110 4029 nuptias;
3144 3968 3198 4014 et
3224 3961 3369 4030 quod
3400 3962 3454 4015 in

1895 4054 2093 4125 nuptiis
2119 4053 2359 4123 protulit,
2396 4053 2561 4108 Deum
2587 4053 2855 4123 probavit.
2878 4052 3044 4123 Cujus
3071 4055 3333 4123 praeconia
3366 4069 3468 4109 nee

1895 4146 2033 4201 inter
2060 4146 2173 4214 ipsa
2202 4143 2416 4213 quidem
2447 4143 2699 4197 virtutum
2731 4157 3021 4211 possumus
3051 4144 3353 4201 rudimenta
3376 4147 3475 4200 de-

1897 4251 2160 4305 promere,
2193 4234 2286 4291 sed
2311 4234 2436 4290 dum
2469 4243 2735 4289 tantarum
2762 4250 2943 4289 rerum
2973 4236 3335 4305 stupescimus
3357 4237 3476 4307 glo-

1897 4328 2071 4394 riam,
2113 4326 2463 4383 temeritatem
2516 4325 2854 4394 proferenda
2906 4326 3075 4382 laudis
3124 4328 3474 4399 ingredimur.

1898 4418 2092 4479 Rutulli
2117 4433 2246 4489 ergo
2274 4419 2516 4473 oratione
2543 4432 2825 4487 poscamus
2852 4426 2913 4472 ut
2955 4433 3048 4488 per
3076 4419 3252 4489 ipsum
3280 4419 3348 4475 ad
3398 4420 3480 4475 vi-

1901 4521 2004 4564 tam
2035 4518 2288 4564 aeternam
2318 4509 2470 4563 nobis
2498 4508 2759 4564 tribuatur
2790 4509 3083 4578 ingressus,
3147 4510 3302 4580 cujus
3338 4512 3479 4565 nati-
3540 4490 3547 4495 “

200 4593 428 4647 scientia
458 4591 743 4646 voluntatis
767 4633 781 4658 ,
838 4599 893 4643 ut
920 4590 971 4643 in
999 4588 1254 4643 onmihus
1291 4587 1665 4641 mandatorum
1693 4587 1775 4641 im-

1898 4604 2077 4659 vitatis
2102 4603 2299 4658 lumine
2337 4600 2481 4656 orbis
2506 4602 2817 4655 inlustratus
2841 4608 2927 4655 est
2965 4601 3271 4656 universus.
3330 4601 3483 4670 Quod
3530 4632 3545 4643 -

206 4687 355 4757 peric
406 4686 506 4754 piae
560 4683 913 4739 venerationis
963 4680 1292 4735 famulentur
1336 4680 1534 4733 ofﬁcio.
1595 4679 1791 4732 Amen.

202 4784 403 4837 Averte
429 4777 499 4833 ab
526 4777 606 4831 his
654 4775 937 4830 inhonesta
955 4781 1010 4827 et
1040 4771 1209 4841 turpia
1243 4770 1524 4825 libidinum
1568 4768 1787 4837 probra.

201 4874 402 4928 Averte
451 4869 712 4939 jocundas
760 4876 813 4922 et
876 4866 1064 4920 noxias
1112 4877 1397 4933 corporum
1461 4861 1793 4929 voluptates.

202 4967 405 5033 Averte
432 4962 685 5018 invidiam
713 4962 817 5016 tuis
844 4957 1116 5014 beneficiis
1146 4966 1202 5012 et
1225 4956 1379 5012 bonis
1408 4954 1661 5011 omnibus
1687 4952 1799 5008 ini-

204 5058 424 5114 micam.
455 5056 642 5111 Amen.
676 5053 745 5109 Ut
774 5054 827 5107 in
851 5052 999 5107 omni
1026 5049 1280 5120 patientia
1306 5056 1361 5102 et
1387 5043 1801 5118 longanimitate

204 5154 531 5209 crescentes,
560 5159 591 5198 a
622 5153 674 5199 te
718 5142 889 5197 vocati
944 5140 1010 5194 ad
1060 5140 1270 5195 Patrem
1316 5138 1501 5193 salerni
1550 5134 1796 5202 luminis,

207 5245 486 5295 transeant
537 5237 588 5290 in
644 5249 865 5305 regnum
898 5231 1231 5296 hereditaria:
1280 5230 1567 5285 claritatis.
1602 5227 1796 5282 Amen.

205 5332 369 5400 Quod
414 5330 532 5403 ipse
557 5337 816 5401 prazstare
845 5325 1099 5398 digneris,
1127 5324 1214 5395 qui
1247 5337 1367 5379 cum
1411 5323 1573 5385 Patre
1600 5328 1655 5379 et
1673 5321 1797 5392 Spi-

294 5500 320 5529 ³
360 5490 507 5549 idem
563 5488 880 5543 vocabulum
913 5484 1048 5539 infra
1088 5483 1142 5538 in
1176 5484 1334 5539 missa
1365 5482 1435 5537 ‘20
1463 5496 1558 5550 pro
1608 5482 1805 5537 Cathe-

216 5565 318 5620 dra
348 5562 518 5617 sancti
575 5559 740 5625 Petri,
798 5569 851 5613 et
903 5558 955 5610 in
988 5557 1149 5611 missa
1190 5556 1260 5609 65
1287 5555 1355 5609 de
1383 5564 1570 5625 sancto
1600 5553 1807 5625 Leoded

217 5635 393 5705 gario.
447 5633 577 5705 item
626 5634 679 5685 in
708 5623 901 5705 hiissali
935 5629 1489 5705 Francorum,_uun_i.
1534 5623 1694 5705 limbi
1721 5624 1812 5705 “de

217 5689 565 5765 ordinatione
597 5701 1066 5771 presbyterorum;
1125 5701 1249 5757 item
1281 5689 1361 5765 in
1412 5694 1609 5750 Missali
1636 5689 1803 5748 Galli-

219 5793 383 5842 cano,
414 5789 565 5845 num.
594 5773 675 5827 l7.

322 5834 509 5903 l"Haec
555 5843 856 5900 benedictio
883 5850 964 5897 est
1011 5840 1231 5897 alterius
1274 5839 1477 5905 missae,
1531 5834 1667 5889 forte
1697 5834 1813 5904 ejus

1897 4697 2016 4766 ipse
2043 4706 2298 4767 pmtare
2323 4694 2588 4763 dignetur,
2622 4692 2709 4762 qui
2738 4692 2790 4746 in
2833 4690 3098 4747 Trinitate
3128 4690 3364 4760 perfecta
3394 4694 3477 4748 vi-

1900 4788 1976 4843 vit
1999 4795 2053 4843 ct
2080 4794 2269 4858 regnat
2294 4787 2347 4841 in
2369 4786 2569 4841 saecula
2589 4784 2929 4839 saeculorum.

2111 4942 2117 4949 ι
2460 4879 2694 4929 Collectio
2716 4877 2955 4939 sequitur.

1972 4963 2321 5034 Omnipotens
2350 4970 2404 5037 et
2426 4962 2735 5015 misericors
2765 4960 2926 5029 Deus,
2963 4958 3104 5030 plebi
3136 4968 3241 5017 tuae
3283 4960 3490 5033 suppli-

1906 5064 2038 5125 citer
2060 5052 2300 5108 exoranti
2332 5052 2416 5121 pia
2442 5050 2763 5121 benignitate
2788 5050 3075 5123 responde,
3126 5064 3283 5122 quam
3310 5052 3491 5109 cernis

1910 5148 1963 5202 in
1994 5146 2095 5202 hoc
2123 5145 2209 5217 die
2237 5144 2377 5200 ﬁdeli
2404 5144 2685 5201 devotione
2715 5144 2969 5217 gaudere,
2998 5161 3104 5217 quo
3138 5147 3398 5203 Dominus
3423 5162 3489 5205 ac

1914 5240 2052 5295 Deus
2070 5247 2271 5302 noster,
2308 5253 2431 5292 vera
2462 5237 2762 5295 humilitate
2786 5249 3033 5309 suscepta
3057 5280 3073 5303 ,
3124 5241 3201 5294 sic
3239 5239 3495 5296 servilem
3558 5247 3562 5275 ξ

1911 5332 2129 5389 formam
2158 5327 2575 5385 misericorditer
2627 5328 2864 5387 ostendit
2892 5328 2947 5385 in
2978 5330 3207 5394 seculo,
3262 5339 3323 5385 ut
3350 5330 3494 5386 divi-

1913 5504 2032 5558 qua:
2063 5498 2179 5543 erat
2219 5487 2284 5543 ad
2315 5486 2722 5613 (prohibendum
2752 5489 2821 5543 ab
2844 5487 3021 5557 idolis.
3050 5487 3496 5555 Communionem

1916 5560 2111 5613 nbinue
2139 5575 2310 5613 nraece
2353 5560 2393 5613 it
2444 5559 2765 5613 benedictio.
2808 5574 2877 5613 en
2906 5558 3061 5613 dictis
3093 5560 3142 5612 in
3176 5556 3267 5613 iib.
3305 5577 3341 5613 ι.
3375 5574 3493 5613 can.

1916 5556 2111 5628 ubique
2139 5556 2393 5628 praecedit
2444 5559 2765 5624 benedictio,
2808 5556 3061 5628 endiCtis
3093 5560 3142 5612 in
3176 5556 3267 5615 iib.
3305 5577 3341 5625 ι,
3375 5574 3493 5626 cap.

1916 5627 2150 5711 annum.
2182 5630 2267 5695 14,
2318 5639 2577 5711 patetque
2621 5646 2686 5686 ex
2706 5627 3013 5711 praemissis
3037 5638 3102 5711 et
3145 5632 3499 5711 sequentibus

1919 5700 2127 5782 missis,
2179 5699 2534 5773 praeterquam
2564 5702 2619 5757 in
2648 5700 2810 5759 missa
2839 5699 2907 5755 21
2936 5714 3039 5777 pro
3062 5699 3502 5771 Quadragsshna

1918 5782 2086 5828 mitto.
