4048 6350
650 375 753 429 ‘239

652 504 774 544 nam
805 490 1092 559 potentiam
1119 502 1271 543 suam
1304 487 1620 542 mirabiliter
1650 488 1975 538 monstraret
1998 477 2051 532 in
2075 476 2233 530 caelo.

656 577 756 644 Qui
779 576 921 632 enim
954 592 1050 645 pro
1082 575 1234 630 nobis
1282 591 1410 646 puer
1462 570 1713 643 parvulus
1743 567 1876 631 fuit,
1934 565 2049 634 ipse
2081 562 2146 616 ad
2178 577 2237 616 se

658 685 844 741 magos
870 670 1048 727 officio
1075 671 1244 726 stellas
1287 668 1573 739 praeeuntis
1604 660 1846 718 adduxit.
1877 659 2239 713 Obsecramus

659 763 858 831 itaque.
885 761 1130 825 deine,
1151 762 1489 816 clementiam
1511 769 1678 823 tuam,
1711 761 1770 809 ut
1808 753 1950 806 sicut
2002 748 2104 802 illis
2144 745 2238 800 de-

656 852 778 908 disti
807 851 1078 908 Christum
1103 862 1248 906 tuum
1276 868 1458 907 verum
1490 851 1656 905 Deum
1713 849 1764 900 in
1795 862 1920 901 vera
1950 855 2113 898 carne
2145 853 2240 893 co-

659 957 939 1012 gnoscere.
971 943 1048 998 sic
1074 957 1258 997 omnes
1288 941 1467 996 fideles
1492 950 1632 1006 tuos,
1667 955 1802 1011 quos
1850 948 2092 994 materno
2119 933 2242 988 sinu

658 1043 841 1088 sancta
868 1041 1041 1102 gestat
1062 1033 1316 1094 Ecclesia,
1347 1031 1401 1085 in
1444 1029 1696 1099 praesenti
1729 1040 1968 1099 tempore
1993 1034 2242 1096 protegas

660 1123 871 1179 invicte
912 1122 1128 1178 virtutis
1157 1121 1390 1188 auxilio,
1436 1134 1490 1176 et
1543 1121 1596 1176 in
1649 1121 1829 1176 futuro
1879 1117 2042 1174 facias
2090 1114 2242 1183 regni

655 1214 883 1269 caelestis
910 1213 1133 1282 adipisci
1164 1227 1384 1268 munere
1411 1213 1758 1282 sempiterno.
1793 1211 1894 1266 Pe:
1922 1211 2096 1280 ipsum
2134 1208 2237 1261 Do-

658 1307 859 1362 minum
889 1314 1130 1360 nostrum
1162 1304 1346 1361 Jesum
1372 1305 1641 1362 Christum
1679 1305 1873 1361 Filium
1918 1314 2091 1369 tuum,
2147 1300 2239 1372 qui

658 1403 833 1454 tecum
862 1397 1052 1454 beatus
1080 1398 1152 1453 vi.

1306 1490 1547 1541 Praefatio.

725 1574 1156 1644 Omnipotentem
1186 1574 1493 1640 Dominum,
1529 1573 1726 1630 fratres
1756 1571 2034 1636 carissimi,
2069 1579 2122 1625 et
2149 1567 2236 1625 Je-

655 1684 774 1724 sum
804 1669 1076 1724 Christum
1106 1668 1299 1723 Filium
1329 1669 1444 1737 ejus
1495 1679 1550 1724 et
1603 1670 1930 1723 Salvatorem
1961 1675 2223 1727 nostrum,

655 1761 745 1830 qui
799 1761 959 1815 tantis
1003 1760 1288 1815 virtutibus
1342 1775 1400 1814 se
1454 1759 1810 1815 manilestavit
1863 1760 1915 1814 in
1945 1758 2123 1822 terris,
2181 1763 2236 1810 et

656 1853 822 1906 multa
852 1850 1118 1907 mirabilia
1164 1855 1543 1907 demonstravit
1589 1855 1643 1908 in
1695 1853 1908 1922 populis
1936 1891 1951 1916 ,
1999 1847 2232 1904 universi

655 1945 879 1998 summis
909 1943 1157 2012 precibus
1187 1943 1557 2012 deprecemur,
1596 1952 1656 1997 ut
1676 1944 1764 2012 qui
1794 1943 2033 1994 infirmos
2062 1954 2217 1993 cura-

655 2035 752 2102 vit,
784 2044 839 2090 et
863 2044 1102 2090 mortuos
1125 2036 1417 2103 suscitavit,
1451 2034 1693 2104 leprosos
1727 2033 2020 2096 inundavit,
2051 2045 2225 2085 caecos

655 2126 1006 2192 inluminavit,
1039 2136 1093 2182 et
1119 2127 1186 2182 de
1221 2127 1450 2196 quinque
1475 2127 1719 2195 panibus,
1754 2137 1806 2180 et
1833 2125 2040 2179 duobus
2072 2121 2231 2191 pisci-

653 2218 754 2273 bus
809 2217 1039 2287 quinque
1080 2217 1223 2271 milia
1252 2218 1524 2272 hominum
1574 2217 1823 2282 satiavit;
1873 2224 1928 2270 ut
1983 2215 2072 2284 qui
2121 2212 2237 2268 haec

651 2319 901 2378 Operatus
928 2318 1012 2364 est
1036 2310 1091 2364 in
1113 2310 1289 2376 terris,
1341 2309 1495 2364 nobis
1517 2325 1728 2380 quoque
1759 2308 2021 2378 pr0pitius
2046 2305 2236 2360 adesse

651 2400 811 2472 205
841 2401 1086 2470 dignetur
1131 2396 1184 2455 i'n
1215 2403 1420 2456 cunctis
1468 2401 1699 2469 delictis,
1750 2400 1995 2457 Salvator
2024 2395 2231 2462 mundi,

651 2494 740 2562 qui
766 2507 886 2547 cum
912 2503 1112 2547 aeterno
1135 2493 1293 2547 Patre
1318 2492 1449 2547 vivit
1472 2504 1526 2547 et
1553 2508 1664 2564 reg.

1191 2585 1429 2635 Collectio
1449 2586 1692 2648 sequitur.

723 2667 1070 2736 Omnipotens
1110 2671 1435 2738 sempiterne
1484 2668 1668 2737 Deus,
1724 2667 1906 2723 mundi
1933 2675 2143 2724 creator
2173 2677 2229 2724 et

653 2767 849 2826 rector,
891 2760 981 2830 qui
1034 2760 1173 2815 hunc
1222 2769 1626 2829 super-venturae
1670 2759 2042 2814 sollemnitatis
2085 2759 2227 2814 diem

653 2851 929 2906 electionis
958 2850 1191 2921 gentium
1217 2851 1466 2921 primitiis
1493 2853 1838 2918 consecrasti,
1877 2851 2040 2920 imple
2071 2866 2223 2906 mun-

653 2942 781 2997 dum
812 2943 978 3010 gloria
1005 2951 1115 3010 tua,
1143 2952 1199 2998 et
1227 2943 1451 2999 subditis
1493 2944 1586 3000 tibi
1633 2945 1840 3014 populis
1870 2959 1966 3014 per
2014 2942 2230 2998 luminis

654 3038 728 3091 tui
755 3037 931 3092 lumen
961 3051 1156 3107 apparo
1178 3077 1193 3104 ,
1253 3047 1307 3092 ut
1357 3038 1593 3094 salutare
1637 3049 1782 3093 tuum
1815 3053 1949 3093 nova
1979 3038 2234 3093 caelorum

652 3128 890 3184 claritate
919 3130 1165 3186 mirabile
1214 3131 1413 3185 nostris
1441 3145 1654 3201 semper
1683 3129 2000 3186 innovandis
2054 3129 2228 3186 cordi-

1327 365 1676 426 APPENDIX
1716 357 1807 421 AD
1843 359 2074 420 OPEllA
2115 355 2362 417 SANCTI
2401 356 2714 413 GERMANI
2756 355 3201 414 PARISIENSIS.

3800 363 3869 417 ξιῡ

2264 475 2313 532 Λ
2341 471 2475 527 didit
2505 473 2656 528 nobis
2687 473 2874 528 salutis
2897 470 3106 544 jugutn,
3140 481 3198 526 ut
3221 485 3411 527 omnes
3462 486 3567 526 nos
3595 473 3866 531 exaltaretiu

2345 582 2586 636 regnum,
2622 565 2832 622 Fratres
2860 565 3213 632 dilectissimi,
3247 565 3482 635 supplici
3531 566 3756 620 oratione
3779 584 3864 635 pre-

2342 674 2544 725 cemur,
2578 668 2634 712 ut
2663 657 2892 724 expellat
2920 658 2988 713 de
3014 659 3260 714 sensibus
3291 658 3500 714 nostris
3530 673 3704 728 prava:
3730 663 3867 730 cogita-

2345 752 2502 806 tionis
2542 751 2946 819 obscuritatem,
3001 762 3056 805 ut
3101 751 3258 806 nullis
3288 751 3559 821 deinceps
3590 764 3865 821 peccatorum

2345 845 2613 900 fuscemur
2643 846 2886 911 maculis,
2915 845 3109 915 quibus
3139 845 3293 918 jubar
3321 861 3442 902 suae
3492 847 3750 916 splenduit
3772 852 3865 902 cari-

2343 938 2487 994 tatis.
2521 937 2622 992 Per
2641 938 2920 992 Dominum
2952 947 3193 994 nostrum
3220 938 3411 995 Jesum
3439 936 3710 995 Christum
3736 939 3868 995 Filium

2342 1044 2518 1096 suum,
2545 1030 2633 1100 qui
2659 1045 2863 1086 secum.

2901 1143 3135 1196 Collectio
3157 1148 3402 1210 sequitur.

2416 1245 2625 1303 Exaudi
2649 1262 2748 1304 nos
2771 1248 3020 1303 salutaris
3051 1259 3252 1318 noster,
3311 1260 3364 1305 et
3396 1249 3544 1306 hanc
3570 1264 3779 1305 annuam
3800 1253 3869 1305 sol-

2343 1339 2632 1397 lemnitatis
2661 1351 2857 1398 nostra
2885 1342 3220 1399 devotionem
3271 1345 3569 1415 dignanter
3597 1349 3812 1413 suscipe;
3835 1357 3868 1398 ut

2344 1438 2481 1492 sicut
2529 1439 2693 1503 Magis
2746 1439 2811 1492 ad
2861 1437 3222 1494 ostensionem
3277 1439 3540 1494 salutaris
3574 1440 3671 1493 viae
3719 1441 3868 1494 refulsit

2344 1531 2517 1592 stella,
2551 1531 2712 1602 206
2764 1531 2833 1584 ita
2885 1534 3078 1586 nostris
3108 1532 3376 1586 mentibus
3435 1548 3536 1600 per
3579 1532 3780 1601 gratiam
3827 1532 3869 1582 lui

2344 1625 2581 1678 muneris
2604 1624 2780 1678 lumen
2807 1624 3074 1690 infundas,
3129 1634 3186 1678 ut
3219 1623 3493 1692 possimus
3539 1626 3590 1678 in
3625 1627 3747 1679 viam
3774 1624 3866 1678 veri-

2345 1717 2467 1770 tatis
2495 1715 2830 1780 cunlitentes,
2863 1727 2913 1771 te
2939 1726 3270 1787 protegente,
3308 1718 3590 1774 incedere.
3626 1718 3717 1773 Per
3743 1717 3867 1772 Domi-

2345 1827 2470 1867 num
2493 1821 2732 1866 nostrum
2764 1810 2944 1868 Jesum
2976 1809 3245 1866 Christum
3276 1811 3474 1866 Filium
3507 1820 3675 1865 tuum.

2269 1852 2315 1913 B

3033 1925 3282 1978 Praefatio.

2409 2033 2698 2088 Narrantes
2729 2003 3180 2095 faudes‘Domini,
3231 2039 3282 2084 et
3315 2030 3590 2099 potentias
3631 2037 3682 2084 et
3699 2026 3857 2083 mirabi-

2336 2127 2404 2182 lia
2434 2141 2550 2196 quae
2580 2126 2728 2190 fecit,
2773 2123 2965 2178 fratres
2993 2121 3276 2187 carissimi,
3335 2137 3462 2176 eum
3514 2130 3638 2176 ante
3689 2133 3857 2187 conspeo

2337 2229 2480 2274 ctum
2511 2217 2692 2288 populi
2717 2214 2803 2271 sui
2833 2229 2981 2270 mare
3002 2213 3283 2279 divideret,
3322 2213 3510 2268 lumen
3545 2210 3852 2281 pratenderrt,

2338 2311 2514 2380 ignem
2538 2309 2834 2380 praeferret,
2865 2305 2985 2360 catli
3010 2304 3200 2374 januas
3227 2305 3486 2374 aperiret,
3542 2317 3722 2372 panem
3748 2313 3858 2367 ange-

2337 2403 2497 2461 licum
2525 2403 2870 2464 ministraret,
2914 2413 3160 2467 rogemus
3183 2398 3256 2452 uti
3288 2411 3509 2466 quoque
3559 2395 3704 2450 nobis
3725 2393 3854 2448 simili-

2339 2496 2438 2551 bus
2465 2495 2720 2549 virtutum
2746 2507 2960 2546 suarum
2983 2489 3278 2546 circumdet
3297 2489 3567 2553 excubiis,
3599 2503 3661 2542 ne
3702 2484 3767 2539 vel
3786 2499 3850 2536 sa:-

2336 2587 2444 2644 culi
2473 2587 2625 2654 hujus
2642 2583 2832 2640 fluctus
2851 2583 3120 2648 obvolvat,
3149 2582 3232 2636 vel
3260 2582 3531 2636 incertum
3557 2581 3674 2632 vita:
3694 2587 3849 2630 cursum

2338 2686 2441 2742 iter
2484 2694 2681 2749 teneat,
2713 2682 2800 2738 vel
2847 2679 3158 2751 ignorantia:
3189 2694 3292 2732 nox
3327 2679 3454 2732 fidei
3511 2671 3849 2731 inluminatione

2338 2777 2570 2844 deficiat.
2598 2775 2679 2831 vel
2699 2775 2818 2830 οωιί
2835 2774 3010 2828 aditus
3039 2770 3265 2826 orationi
3295 2786 3402 2825 non
3436 2777 3636 2840 pateat,
3661 2765 3730 2818 vel
3751 2760 3852 2831 panis

2336 2871 2488 2927 vivus
2520 2870 2707 2934 vitam,
2761 2881 2821 2923 se
2849 2865 3127 2936 negando,
3177 2879 3281 2918 non
3313 2863 3577 2931 praebeat,
3609 2857 3692 2913 sed
3725 2857 3764 2909 in
3799 2866 3850 2904 re

2338 2963 2696 3033 demptionem
2750 2957 3143 3027 adquisitionis,
3191 2965 3352 3026 atque
3399 2953 3454 3009 in
3500 2952 3700 3008 laudem
3725 2943 3850 3016 gloria

2337 3070 2480 3124 suae,
2521 3053 2662 3124 quod
2712 3051 2895 3107 tribuit
2936 3050 3242 3120 aenigmate,
3284 3047 3492 3102 tribuat
3535 3039 3743 3099 veritati.
3787 3034 3849 3086 Per

2339 3146 2625 3202 Dominum
2682 3150 2924 3198 nostrum
2954 3139 3137 3196 Jesum
3185 3137 3464 3194 Christum
3495 3134 3678 3192 Filium
3722 3139 3845 3187 suum.
3876 3167 3879 3170 -

654 3218 754 3276 bus
781 3222 1004 3278 oriatur.
1039 3223 1138 3278 Per
1169 3223 1453 3280 Dominum
1477 3234 1716 3279 nostrum
1745 3223 1925 3279 Jesum
1950 3221 2225 3278 Christum
2258 3237 2310 3302 ρ
2339 3239 2431 3311 φη
2460 3238 2589 3294 vim
2611 3245 2666 3294 οι
2693 3244 2900 3308 regnat.

655 3314 871 3385 Filium,
903 3316 994 3388 qui
1019 3326 1194 3374 tecum
1221 3317 1353 3372 vivit
1376 3326 1431 3372 et
1461 3325 1666 3386 regnat.

1330 3408 1572 3458 Prefatio.

724 3491 894 3548 Deum
922 3491 1363 3563 omnipotentem,
1391 3493 1478 3562 qui
1508 3491 1660 3546 nobis
1690 3489 1848 3560 hujus
1871 3488 2041 3546 noctis
2076 3487 2230 3545 festi-

653 3585 874 3641 vitatem
899 3586 1140 3652 indulsit,
1191 3587 1386 3642 fratres
1413 3586 1715 3653 carissimi,
1767 3586 2141 3654 deprecemur,
2175 3594 2236 3640 ut

654 3677 744 3733 det
767 3679 922 3734 nobis
937 3679 1096 3734 etiam
1115 3678 1428 3734 munditiam
1443 3678 1644 3746 cordis,
1666 3687 1726 3732 ut
1746 3677 1884 3733 sicut
1898 3677 2060 3746 magi,
2079 3677 2233 3732 stella

655 3781 945 3840 praeeunte,
981 3772 1266 3826 Dominum
1294 3771 1477 3826 Jesum
1499 3770 1768 3826 Christum
1811 3771 2149 3836 invenerunt,
2179 3778 2232 3826 et

656 3872 833 3934 optata
859 3865 1131 3920 consecuti
1157 3872 1282 3920 sunt
1309 3866 1520 3936 gaudia,
1551 3875 1707 3934 atque
1733 3865 1933 3934 apertis
1961 3867 2225 3920 thesauris

655 3957 788 4024 suis,
816 3956 1125 4012 obtulerunt
1151 3959 1199 4012 ei
1223 3972 1444 4013 munera
1457 3973 1665 4023 aurum,
1685 3958 1827 4024 thus,
1856 3967 1911 4012 et
1936 3959 2232 4028 myrrham,

657 4047 729 4102 ita
773 4055 828 4102 et
876 4062 974 4103 nos
1027 4047 1207 4103 famuli
1251 4048 1380 4114 sui,
1435 4047 1676 4119 ejusdem
1725 4048 2019 4103 Salvatoris
2061 4051 2231 4105 nostri

657 4139 854 4196 auxilio
877 4141 1196 4210 prtemoniti,
1247 4148 1442 4195 terram
1497 4140 1864 4208 promissionis
1920 4155 2226 4197 mereamur

658 4231 881 4301 ingredi,
907 4240 963 4286 ut
990 4233 1312 4303 gaudeamus
1345 4248 1444 4288 nos
1471 4242 1670 4287 aeterna
1694 4235 1837 4303 regni
1864 4234 2095 4289 crelestis
2107 4249 2240 4305 pos-

657 4323 898 4379 sessione
925 4323 1104 4380 ditari.
1138 4325 1238 4380 Per
1268 4325 1547 4380 Dominum
1576 4334 1814 4380 nostrum
1836 4325 2020 4382 Jesum
2061 4325 2222 4383 Chri-

659 4427 800 4470 stum
831 4415 1020 4472 Filium
1046 4431 1223 4485 suum,
1254 4430 1435 4472 secum
1469 4416 1757 4485 viventem,
1809 4433 2128 4490 semperque
2152 4435 2240 4477 re-

659 4515 927 4577 guantem.

1184 4597 1418 4651 Collectio
1439 4601 1687 4662 sequitur.

738 4702 894 4771 Deus,
926 4704 1016 4775 qui
1043 4702 1199 4760 Verbi
1232 4706 1307 4760 tui
1359 4705 1779 4761 incarnationem
1815 4705 2056 4777 praeclari
2086 4707 2242 4764 testi-

664 4800 842 4854 monio
871 4797 1062 4854 sideris
1084 4797 1352 4864 indicasti,
1393 4799 1538 4869 quod
1565 4799 1806 4855 videntes
1854 4801 2014 4871 magi,
2050 4800 2243 4858 oblatis

667 4891 993 4961 Maiestatem
1027 4902 1170 4946 tuam
1195 4891 1501 4948 muneribus
1545 4893 1866 4958 adorarunt,
1919 4892 2156 4950 concede
2185 4902 2244 4949 ut

666 4999 876 5055 semper
905 4985 958 5040 in
1005 4985 1272 5041 mentibus
1302 4985 1498 5041 nostris
1527 4997 1629 5042 tuae
1666 4996 1922 5057 appareat
1949 4988 2117 5043 stella:
2147 5003 2243 5042 no-

666 5077 800 5142 titia,
825 5090 888 5131 ac
914 5083 1096 5131 noster
1123 5076 1178 5131 in
1207 5083 1295 5131 tua
1327 5076 1751 5133 sitconfessione
1793 5077 2095 5134 thesaurus.
2137 5077 2242 5134 Per

668 5167 953 5225 Dominum
984 5177 1224 5222 nostrum
1258 5166 1440 5223 Jesum
1469 5169 1740 5226 Christum
1771 5170 1965 5227 Filium
1998 5181 2169 5227 tuum.

1351 5257 1595 5310 Praefatio.

739 5339 1170 5411 Omnipotentem
1211 5341 1591 5410 sempiternum
1618 5343 1923 5410 Dominum,
1955 5342 2106 5413 cujus
2137 5358 2242 5398 non

673 5431 848 5486 minor
894 5439 979 5488 est
1023 5421 1390 5488 misericordia
1444 5449 1600 5503 quam
1650 5445 1918 5504 potestas,
1978 5433 2069 5504 qui
2120 5433 2246 5490 licet

673 5523 1027 5581 aestimatione
1075 5540 1296 5596 operum
1359 5527 1724 5584 universorum
1764 5543 1978 5584 suorum
2035 5527 2243 5593 vicerit,

669 5616 787 5686 ipse
847 5625 1024 5672 tamen
1096 5633 1311 5674 suorum
1386 5634 1605 5690 operum
1661 5621 2077 5692 magnitudinem
2137 5619 2247 5688 pie-

672 5717 780 5764 tate
803 5708 962 5775 vicit,
1000 5707 1259 5765 mittendo
1288 5710 1440 5768 nobis
1493 5713 1676 5768 .lesum
1726 5711 1998 5768 Christum
2054 5711 2247 5767 Filium

675 5817 830 5859 suum
865 5800 1146 5858 Dominum
1173 5813 1437 5873 nostrum,
1467 5803 1620 5875 cujus
1644 5814 1698 5861 et
1727 5819 1863 5859 onus
1889 5805 2005 5860 leve
2026 5814 2105 5859 est
2127 5845 2141 5869 ,
2193 5813 2249 5861 et

680 5895 860 5968 jugum
886 5908 1074 5965 suave,
1104 5894 1345 5965 virginali
1369 5905 1522 5952 utero
1553 5908 1862 5968 procreatus
1903 5899 1967 5954 ad
1999 5897 2096 5953 hoc
2136 5907 2248 5954 tra-

2858 3346 3092 3398 Collectio
3115 3347 3360 3407 sequitur.

2407 3436 2640 3504 Operum
2689 3442 2921 3497 tuorum,
2955 3431 3118 3496 Deus,
3173 3439 3430 3498 quantum
3461 3423 3689 3482 miranda
3713 3425 3842 3488 palen.

2337 3528 2431 3598 tia,
2457 3537 2662 3584 tantum
2705 3525 2875 3596 magis
2897 3534 2978 3579 est
3004 3523 3172 3594 gratia
3201 3520 3494 3591 diligenda.
3549 3516 3655 3572 Tuo
3678 3516 3844 3598 namque

2336 3593 2561 3692 imperio
2591 3619 2742 3674 stella
2771 3593 2936 3688 magis
2967 3593 3214 3670 ducatum
3249 3612 3501 3682 praebuit,
3554 3619 3603 3663 et
3644 3593 3837 3692 usquead

2338 3688 2608 3772 Christum
2647 3720 2791 3767 certa
2845 3709 3049 3764 itineris
3101 3705 3398 3762 directione
3431 3701 3668 3774 perduxit
3702 3688 3842 3756 :cujus

2339 3807 2639 3866 humanitas
2679 3817 2803 3859 vera
2832 3803 2910 3856 sic
2947 3801 3045 3855 fuit
3097 3800 3148 3853 in
3179 3813 3359 3862 carne,
3415 3805 3474 3851 ut
3516 3807 3632 3848 vera
3659 3783 3840 3875 maia-$95

2340 3899 2707 3971 resplenderet
2733 3894 2785 3950 in
2816 3907 2999 3962 opere.
3033 3889 3209 3944 Infans
3233 3888 3378 3944 enim
3427 3885 3583 3941 astris
3605 3875 3836 3971 famulam“

2340 3964 2783 4052 bus—ostenditur,
2833 3995 2888 4042 et
2923 3999 2954 4038 a
2984 3983 3153 4054 magis
3181 3980 3436 4051 parvulus
3461 3978 3709 4032 adoratur.
3734 3964 3839 4062 093'

2341 4100 2523 4141 sumus
2544 4097 2695 4153 ergo,
2728 4079 2976 4146 Domine,
3012 4075 3253 4132 utetiam
3279 4081 3494 4128 nostros
3525 4076 3714 4124 errores
3736 4062 3842 4153 tnISC'

2340 4149 2632 4236 ricorditer'
2669 4174 2942 4243 corrigas,
2995 4177 3052 4224 et
3094 4171 3159 4223 ad
3197 4167 3436 4222 veritatis
3470 4173 3568 4218 tuae
3593 4149 3840 4251 salutiferam

2341 4274 2622 4339 visionem,
2650 4269 2987 4341 praecedente
3015 4282 3113 4322 nos
3142 4274 3245 4320 tuae
3267 4251 3841 4341 miserationisinlumtnt'

2342 4368 2512 4435 tione,
2541 4337 2821 4436 perducas.
2852 4362 2957 4419 Per
2981 4359 3267 4417 Dominum
3294 4368 3534 4413 nostrum
3559 4351 3718 4408 Iesum
3735 4337 3838 4393 ῧδη·

2343 4470 2482 4518 stum
2512 4458 2703 4517 Filium
2730 4467 2899 4514 tuum.

3008 4546 3253 4599 Praefatio.
3775 4624 3782 4629 -
3811 4620 3817 4629 ι

2267 4636 2325 4703 D
2420 4661 2606 4725 Deum,
2634 4657 2724 4728 qui
2747 4653 3098 4712 sanctificavit
3120 4650 3368 4709 Jordanis
3395 4650 3607 4711 fluenta,
3634 4627 3835 4695 benedill‘

2344 4752 2587 4823 coniugia
2611 4727 2962 4821 nuptialium,
2988 4747 3182 4805 fratres
3202 4744 3496 4810 carissimi,
3542 4727 3833 4823 deprecemu't“.

2345 4858 2406 4905 ut
2440 4846 2592 4917 cujus
2642 4843 2902 4900 miracula
2930 4843 3123 4898 annuis
3177 4839 3464 4897 recolimus
3519 4827 3715 4888 vicibus,
3758 4807 3831 4917 ⁶⁰Ϊ²

2345 4941 2462 5012 ejus
2504 4912 2678 5011 gratia
2737 4951 3040 4994 mereamur
3103 4933 3482 5003 indulgentiam
3551 4912 3833 5012 Peccwrfnj'

2347 4996 2644 5106 d‘md'lpse
2666 5042 2921 5105 Ρηεειθτθ
2947 5031 3211 5100 dignetur,
3245 4996 3337 5097 qui
3382 5038 3505 5083 cum
3534 5020 3674 5077 Patre
3697 5009 3741 5062 et
3754 4996 3834 5063 Sl‘l‘

2345 5129 2450 5184 ritu
2477 5136 2665 5185 sancto
2692 5124 2822 5182 vivit
2851 5133 2904 5180 et
2931 5132 3136 5194 regnat.

2893 5240 3131 5294 Collectio
3163 5238 3403 5302 sequitur.

2424 5345 2628 5403 Exaudi
2657 5360 2776 5415 nos,
2806 5344 3050 5409 Domine,
3092 5342 3148 5397 in
3172 5339 3331 5411 hujus
3357 5314 3827 5416 sollemnium???

2348 5440 2480 5507 bias,
2527 5449 2582 5496 et
2606 5408 2909 5510 quaesumus
2939 5447 2996 5492 ut
3023 5435 3192 5506 plebis
3231 5408 3386 5502 hujus
3414 5427 3567 5488 corda
3591 5420 3636 5474 ίη
3659 5408 3824 5510 αξξ-’Ἐξ

2346 5495 2600 5587 rabilibus
2625 5495 2857 5585 sacratas
2887 5528 2980 5582 tibi
3009 5495 3260 5582 excubias
3287 5495 3669 5579 celebrantibus,

2349 5582 2998 5689 nus—adessendigneris;
3039 5626 3094 5674 et
3148 5617 3236 5686 qui
3291 5610 3530 5670 Jordanis
3573 5582 3823 5690 sanctiﬁch

2349 5712 2595 5783 dignatus
2620 5726 2680 5767 es
2707 5677 2894 5782 aquas,
2936 5677 3037 5765 nos
3056 5677 3266 5779 quoque
3289 5706 3382 5761 tibi
3403 5707 3597 5760 sanctos

2350 5767 2554 5858 culatos
2582 5767 2772 5858 sistere
2801 5767 2982 5856 facias.
3016 5767 3116 5867 Qui
3158 5767 3276 5855 cum
3303 5796 3459 5854 Patre
3483 5797 3535 5848 et
3557 5773 3722 5851 Spiri‘“
3740 5767 3802 5813 ⁵³¹¹

2351 5908 2440 5954 cto
2468 5897 2601 5954 vivis
2627 5904 2680 5955 et
2705 5909 2915 5964 regnas.
