4048 6350
245 377 348 435 241

567 495 633 552 Χ.
667 510 816 555 κιεει
840 513 890 554 IN
921 513 1124 555 VIGILIIS
1156 515 1510 559 arumnam.

922 591 1164 644 Praefatio.

317 676 475 747 207
505 673 939 746 lncorruptarum
969 688 1278 735 naturarum
1311 680 1697 736 beneficiorum
1729 682 1835 736 Do-

236 765 445 822 m'mum
473 783 536 822 ac
564 768 730 824 Deum
765 772 1004 825 nastrum
1023 814 1038 837 ,
1087 771 1281 828 fratres
1310 772 1606 840 carissimi,
1639 774 1834 844 depre-

235 874 450 925 cemur,
479 869 537 915 ut
576 875 675 915 nos
714 862 765 916 in
813 862 1146 933 Epiphanim,
1181 865 1233 920 id
1272 873 1356 920 est
1393 865 1836 923 Manifestationis

233 970 352 1009 suae
382 955 542 1020 diem,
575 953 642 1008 ad
673 969 877 1010 sacram
908 957 1250 1012 excubiarum
1283 957 1704 1014 sollemnitatem
1722 960 1839 1015 col-

238 1048 431 1112 lectos,
463 1049 594 1103 tales
633 1048 820 1114 faciat,
855 1051 942 1118 qui
987 1051 1418 1106 inlustrationem
1452 1052 1836 1108 incarnationis

236 1141 380 1209 ejus,
411 1141 490 1196 vel
521 1140 851 1196 nativitatem
877 1158 941 1197 ex
968 1142 1205 1212 Virgine,
1229 1144 1312 1199 vel
1342 1144 1666 1213 baptismum
1694 1145 1838 1214 apud

234 1232 562 1296 Jordanem,
594 1233 951 1291 velmirabile
982 1236 1118 1304 apud
1166 1234 1313 1289 Cana
1356 1236 1564 1305 signum
1599 1250 1696 1305 pro
1739 1252 1840 1292 no-

237 1336 352 1380 stra
387 1325 557 1378 salute
595 1325 864 1380 credimus
906 1325 1135 1396 factum,
1165 1335 1352 1382 nostro
1392 1328 1444 1382 in
1484 1329 1641 1383 nobis
1669 1343 1838 1399 opere

235 1416 695 1481 demonstremus,
742 1425 797 1471 ut
846 1417 1223 1473 beneliciorum
1273 1421 1690 1476 immensitatem
1741 1435 1839 1476 no-

236 1509 368 1560 stris
384 1506 806 1562 confessionibus
827 1510 1146 1566 lucidemur.
1162 1511 1264 1566 Per
1283 1511 1564 1567 Dominum
1589 1522 1836 1569 nostrum

244 1602 430 1657 Jesum
461 1603 728 1658 Christum
760 1603 956 1658 Filium
985 1619 1140 1660 suum
1168 1623 1181 1658 :
1214 1607 1303 1675 qui
1330 1621 1511 1662 secum
1539 1608 1691 1662 vivit.

805 1695 1040 1744 Collectio
1061 1698 1310 1758 sequitur.

324 1778 480 1843 Deus,
504 1778 623 1847 qui,
656 1792 750 1846 per
772 1777 1112 1847 Unigenitum
1141 1779 1320 1836 Jesnm
1347 1778 1620 1836 Christum
1641 1780 1837 1836 Filium

241 1882 393 1928 tuum
443 1873 730 1928 Dominum
790 1883 1070 1939 nostrum,
1121 1874 1598 1930 sanctificationem
1647 1876 1833 1930 salutis
1865 1893 1916 1956 Β

235 1975 458 2021 interna:
478 1981 643 2036 aquas
669 1968 1107 2037 regenerantibus
1129 1968 1457 2037 praestitisti;
1484 1978 1560 2034 et,
1584 1968 1838 2026 veniente

234 2075 404 2129 super
451 2070 610 2130 caput
657 2061 798 2114 illius
840 2061 1064 2129 spiritali
1105 2061 1373 2127 columba,
1424 2077 1522 2132 per
1570 2061 1833 2133 Spiritum

235 2163 488 2204 sanctum
517 2151 629 2218 ipse
653 2151 876 2216 venisti;
909 2150 1070 2219 dona,
1096 2166 1419 2222 quaesumus,
1452 2162 1510 2208 ut
1535 2154 1716 2235 veniat
1738 2169 1833 2209 su-

238 2258 339 2314 per
363 2243 499 2298 hanc
527 2258 738 2298 omnem
764 2244 1055 2300 Ecclesiam
1080 2255 1221 2299 tuam
1247 2247 1332 2298 illa
1361 2246 1687 2311 benedictio,
1713 2261 1833 2314 quae

237 2347 464 2392 cunctos
500 2336 700 2407 jugiter
746 2346 1017 2407 protegat,
1049 2353 1166 2408 quae
1197 2339 1439 2393 diversos
1480 2338 1601 2393 sine
1645 2353 1831 2394 cessa-

239 2429 388 2483 tione
415 2429 724 2495 benedicat,
751 2444 869 2499 quae
896 2444 1110 2485 cursum
1152 2438 1205 2485 te
1234 2431 1572 2500 sequentium
1599 2429 1829 2499 dirigat,

237 2534 364 2589 quae
392 2532 452 2574 se
477 2519 834 2586 expectationi
865 2520 1100 2574 omnium
1135 2519 1355 2591 januam
1398 2522 1545 2589 regni
1586 2521 1830 2576 cmlestis

237 2614 466 2683 aperiat.
499 2613 600 2668 Per
628 2613 912 2667 Dominum
951 2623 1192 2668 nostrum
1227 2613 1410 2669 Jesum
1439 2613 1711 2670 Christum
1744 2614 1836 2670 Fi~

239 2708 374 2763 lium
402 2716 546 2761 tuum
565 2746 580 2771 ,
608 2706 696 2776 qui
727 2720 940 2774 semper
969 2715 1144 2760 tecum
1173 2705 1303 2759 vivit
1324 2714 1399 2759 et.

741 2798 978 2850 Collectio
1001 2807 1109 2861 post
1131 2802 1344 2848 nomina.

319 2884 540 2950 Praesta,
571 2883 908 2952 omnipotens
940 2883 1100 2947 Deus,
1139 2898 1231 2950 per
1260 2881 1582 2939 ineffabilem
1629 2885 1840 2940 miseri-

238 2975 441 3031 cordiae
467 2990 568 3030 tuae
592 2976 866 3030 caritatem
886 3015 902 3041 ,
934 2983 994 3030 ut
1017 2975 1169 3044 cujus
1200 2977 1368 3030 virtus
1398 2986 1556 3045 atque
1588 2977 1841 3046 majeStas

239 3069 298 3124 in
344 3069 661 3124 mirabilium
691 3077 902 3123 tuorum
941 3068 1247 3123 diversitate
1275 3070 1500 3135 claruit,
1533 3070 1586 3124 in
1620 3080 1836 3127 nostra-

240 3177 362 3215 rum
408 3177 620 3231 quoque
658 3161 916 3216 mentium
966 3161 1337 3230 purificatione
1367 3161 1651 3218 clarescat.
1693 3163 1844 3218 Pra-

240 3262 449 3308 sentem
494 3253 670 3321 itaque
713 3253 1035 3307 oblationem
1070 3254 1141 3307 ita
1173 3253 1433 3319 inlabere,
1468 3265 1524 3308 ut
1569 3255 1836 3312 medelam
1864 3279 1914 3342 ο

241 3345 564 3412 viventibus,
594 3346 857 3401 defunctis
881 3345 1218 3417 refrigerium
1245 3355 1494 3418 praestet;
1527 3357 1582 3403 et
1604 3364 1833 3419 quorum

243 3440 413 3494 texuit
435 3437 674 3492 recitatio
699 3441 972 3508 praemissa
995 3447 1226 3507 sortem,
1257 3440 1396 3495 inter
1419 3442 1620 3498 electos
1641 3443 1835 3513 jubeas

241 3533 552 3601 adgregare.
587 3532 686 3585 Per
717 3532 1000 3587 Dominum
1047 3544 1289 3589 nostrum
1332 3533 1517 3591 Jesum
1563 3537 1838 3595 Christum

243 3623 440 3680 Filium
468 3637 637 3681 tuum.

784 3719 1020 3771 Collectio
1041 3722 1098 3770 ad
1127 3733 1313 3785 pacem.

321 3807 460 3862 Deus
489 3807 833 3861 inluminator
853 3807 1090 3862 omnium
1114 3810 1350 3878 gentium
1368 3852 1382 3876 ,
1409 3808 1477 3864 da
1499 3810 1712 3879 populis
1733 3812 1843 3867 tuis

242 3910 497 3970 perpetua
539 3915 666 3969 pace
708 3903 970 3972 gaudere;
1004 3910 1058 3956 et
1096 3901 1224 3956 illud
1275 3901 1454 3958 lumen
1499 3903 1840 3972 splendidum

241 3992 464 4047 infunde
486 3993 736 4048 cordibus
765 3995 984 4060 nostris,
1011 4008 1167 4064 quem
1192 3994 1354 4048 trium
1384 4010 1658 4063 magorum
1690 4012 1844 4052 men-

241 4086 384 4139 tibus
399 4085 661 4152 aspirasti.
680 4086 778 4140 Per
794 4085 1076 4140 Dominum
1099 4096 1342 4142 nostrum
1363 4085 1545 4142 Iesum
1557 4086 1829 4145 Christum

244 4177 440 4235 Filium
467 4189 614 4236 tuum
634 4220 650 4246 ,
681 4190 857 4236 tecum
886 4180 960 4234 vi.

802 4291 1074 4344 Immolatio
1097 4295 1277 4344 missae.

317 4377 543 4448 Dignum
573 4386 626 4434 et
652 4379 851 4447 justum
879 4388 980 4433 est.
1009 4375 1151 4434 Vere
1172 4377 1390 4450 dignum
1419 4387 1474 4434 et
1496 4379 1696 4449 justum
1724 4391 1838 4449 est,

239 4485 341 4524 nos
374 4480 425 4525 te
473 4470 709 4537 laudare,
753 4470 1091 4540 omnipotens
1135 4473 1460 4541 sempiterne
1505 4474 1679 4542 Deus;
1713 4481 1837 4548 quia

238 4573 422 4618 notam
457 4563 626 4619 fecisti
676 4565 727 4618 in
760 4563 965 4632 populis
995 4563 1244 4618 virtutem
1292 4575 1466 4632 tuam,
1497 4575 1550 4621 et
1591 4567 1840 4627 Salutare

241 4671 390 4714 tuum
421 4661 625 4716 cunctis
667 4661 912 4730 gentibus
940 4661 1224 4716 declarasti
1244 4701 1260 4726 ,
1292 4660 1608 4716 hodiernum
1655 4663 1838 4719 decla-
1867 4681 1923 4743 ι)

238 4768 368 4808 rans
398 4753 538 4808 diem
559 4795 573 4819 ,
607 4755 657 4807 in
686 4767 810 4823 qua,
843 4753 909 4807 ad
946 4753 1273 4808 adorandam
1305 4753 1419 4807 veri
1467 4750 1627 4823 Regis
1659 4754 1842 4810 infan-

241 4844 401 4911 tiam,
434 4846 694 4899 cxcitatos
725 4845 793 4898 de
830 4845 1012 4901 mundi
1055 4844 1291 4914 partibus
1331 4847 1476 4901 viros
1516 4846 1714 4902 clarior
1749 4861 1842 4904 ce-

243 4938 372 4991 teris
419 4935 703 5001 sideribus,
748 4937 910 5008 208
945 4936 1098 4991 stella
1150 4937 1499 5006 perduceret,
1530 4947 1583 4992 et
1623 4940 1739 4994 caeli
1771 4955 1834 4996 ac

242 5039 405 5084 terra:
434 5029 714 5084 Dominum
733 5070 748 5095 ,
773 5030 824 5084 in
847 5030 1072 5085 salutem
1099 5032 1337 5086 omnium
1361 5032 1712 5102 corporaliter
1738 5048 1832 5088 na-

239 5129 352 5175 tum
372 5161 388 5188 ,
416 5122 599 5176 radius
627 5131 730 5176 tute
761 5123 896 5178 lucis
921 5123 1247 5179 ostenderet.
1277 5123 1566 5194 Propterea
1596 5124 1831 5193 profusis

236 5214 447 5284 gaudiis
476 5223 619 5269 totus
648 5229 742 5284 per
767 5215 951 5270 orbem
976 5224 1265 5286 terrarum
1313 5215 1546 5271 mundus
1577 5217 1781 5272 exultat
1811 5233 1826 5272 :

237 5309 336 5364 sed
363 5316 419 5364 et
445 5323 691 5378 superna:
728 5309 1016 5365 concinunt
1044 5317 1334 5378 potestates
1362 5310 1617 5381 hymnum
1647 5311 1830 5383 gloriae

241 5412 372 5467 tum,
400 5402 520 5456 sine
549 5401 654 5458 fine
679 5403 957 5459 dicentes:
984 5401 1234 5468 Sanctus,
1261 5403 1510 5471 Sanctus,
1542 5404 1790 5460 Sanctus.

792 5494 1086 5545 Benedictio
1109 5493 1293 5557 p0puli.

311 5575 476 5642 Deus,
502 5578 592 5647 qui
624 5585 940 5648 praesentem
967 5579 1110 5634 diem
1133 5579 1205 5634 ita
1235 5579 1470 5650 dignaris
1497 5579 1739 5651 diligere,
1772 5592 1832 5638 ut

234 5679 360 5720 cum
403 5675 480 5720 tot
508 5665 736 5735 elegeris
766 5666 1032 5722 miraculis
1061 5667 1369 5723 inlustrare.
1399 5671 1588 5724 Amen.
1617 5670 1718 5736 Qui
1747 5671 1829 5726 di-

231 5765 426 5826 gnatus
453 5771 512 5811 es
542 5773 638 5826 pro
681 5757 852 5812 forma
894 5759 1112 5814 factum
1157 5769 1262 5815 tua:
1303 5759 1491 5815 salutis
1520 5771 1738 5826 nostrae,
1772 5762 1825 5818 in

234 5848 489 5905 Jordanis
515 5849 714 5905 fontem
747 5848 888 5906 Fons
915 5865 1066 5922 aqua:
1093 5853 1227 5907 vivae
1254 5850 1602 5908 descendere.
1631 5856 1822 5910 Amen.

1253 379 1344 436 DE
1388 381 1715 441 LITURGIA
1755 385 2144 444 GALLICANA
2185 388 2386 446 LIBER
2421 391 2511 448 Ill.

3423 407 3528 463 242

1863 513 1918 574 Α
1943 507 2116 577 pallor
2142 509 2263 563 vina
2293 512 2563 580 produxit.
2611 515 2803 572 Amen.
2837 517 2968 574 Esto
3008 528 3108 575 tus:
3153 521 3366 578 familia:
3417 525 3530 595 ipse

1939 598 2033 655 lu:
2058 601 2283 668 itineris,
2315 603 2406 674 qui
2435 605 2587 661 stella
2618 607 2797 664 indice
2839 611 3160 669 clarificatus
3203 629 3261 670 es
3294 615 3406 671 Rex
3445 633 3533 673 sa-

1939 691 2082 746 lutis.
2129 696 2323 749 Amen.
2372 695 2636 755 Converte
2673 700 2740 755 ad
2787 710 2841 757 te
2881 706 3230 773 quaerendum
3283 708 3532 778 stupidas

1939 793 2147 840 mentes
2188 786 2493 856 hominum,
2521 791 2634 859 qui'
2658 795 2894 861 nuptiale
2933 798 3183 854 convivio
3213 800 3424 856 vertisti
3458 801 3538 858 lao

1938 876 2071 932 tices
2100 878 2152 932 in
2201 878 2481 934 falernum.
2524 883 2718 939 Amen.
2754 885 2821 941 Ut
2847 885 3031 956 juncta
3073 905 3193 945 cum
3240 891 3446 961 angelis
3476 893 3532 951 in

1940 970 2204 1033 excelsis.
2258 971 2368 1027 Deo
2415 972 2512 1028 tibi
2563 983 2743 1030 cantet
2793 977 3016 1046 gloriam
3068 982 3216 1051 plebs
3267 993 3530 1052 protecta.

1937 1061 2132 1119 Amen.
2165 1064 2395 1134 Praesta,
2437 1066 2683 1124 Salvator
2725 1071 2944 1142 mundi,
2985 1075 3076 1145 qui
3117 1090 3240 1133 cum
3283 1078 3443 1135 Patre
3481 1088 3536 1139 et

1945 1151 2146 1224 Spiritu
2171 1169 2359 1241 sancto
2384 1160 2535 1216 vivis.

2158 1269 2248 1326 XI.
2283 1287 2432 1328 IISSA
2461 1290 2514 1330 ut
2543 1292 2668 1333 mnu
2696 1293 2938 1337 sanorum
2970 1298 3320 1343 BPHIPHANM-I.

2016 1359 2385 1419 Venerabilem
2429 1381 2491 1422 ac
2537 1370 2865 1438 primitivum
2895 1374 2946 1428 in
3003 1377 3338 1433 mirabilibus
3369 1377 3536 1449 Ephi-

1940 1453 2151 1524 phanize
2178 1455 2347 1524 diem,
2382 1459 2436 1513 in
2480 1475 2584 1529 quo
2621 1454 2805 1518 neSter
2834 1464 3164 1537 Redemptor
3191 1479 3243 1524 et
3274 1468 3535 1528 Dominus

1942 1545 2155 1601 virtutis
2185 1562 2294 1602 sua:
2323 1548 2646 1607 documenta
2679 1556 3042 1626 praetendens,
3077 1559 3145 1613 ab
3171 1561 3326 1616 annis
3358 1561 3532 1616 infan-

1944 1633 2031 1689 tite
2072 1645 2347 1704 paternam
2390 1642 2609 1708 protulit
2637 1653 2989 1714 potestatem,
3032 1648 3412 1720 obsequiorum
3441 1667 3538 1707 no-

1939 1735 2174 1784 strorum
2216 1731 2594 1790 famulantibus
2633 1737 2790 1803 votis,
2824 1748 2879 1793 et
2916 1739 3117 1795 celebri
3147 1742 3532 1813 sollemnitate,

1942 1819 2135 1877 fratres
2173 1823 2469 1894 carissimi,
2512 1840 2852 1898 veneremur,
2891 1830 2976 1900 pia
3021 1831 3392 1888 obsecratione
3437 1848 3538 1904 po-

1941 1922 2155 1969 scentes
2179 1923 2240 1969 ut
2277 1916 2369 1986 qui
2397 1927 2524 1972 tunc
2559 1933 2725 1990 aquas
2767 1921 2821 1976 in
2854 1921 2974 1977 vina
3004 1925 3263 1992 mutavit,
3295 1939 3435 1981 nunc
3477 1926 3533 1982 in

1943 2006 2256 2075 sanguinem
2287 2022 2442 2064 suum
2467 2010 2796 2068 oblationum
2825 2025 3129 2071 nostrarum
3153 2016 3274 2072 vina
3303 2031 3534 2073 conver-

1944 2108 2046 2167 tat,
2075 2111 2127 2154 et
2154 2103 2244 2171 qui
2265 2101 2386 2157 aliis
2409 2106 2739 2161 saturitatem
2771 2109 2905 2163 meri
2937 2111 3213 2177 potatione
3234 2111 3526 2178 concessit,

1944 2206 2043 2247 nos
2073 2193 2358 2261 potationis
2383 2209 2499 2252 sua:
2541 2197 2795 2255 libamine
2821 2209 2875 2255 et
2904 2201 3152 2257 Paracliti
3184 2204 3418 2272 Spiritus
3450 2203 3533 2259 in-

1942 2285 2151 2339 fusione
2196 2287 2508 2344 sanctiflcet.
2565 2288 2668 2344 Per
2717 2290 3001 2348 Dominum
3051 2302 3293 2350 nostrum
3343 2295 3528 2351 Iesum

1942 2373 2214 2431 Christum
2245 2375 2434 2433 Filium
2462 2394 2617 2446 suum
2635 2422 2649 2445 ,
2674 2383 2762 2452 qui
2791 2398 2972 2439 secum
2997 2385 3145 2440 vivit.

2497 2471 2734 2524 Collectio
2765 2479 3008 2540 sequitur.

2016 2549 2178 2616 Deus,
2206 2551 2295 2619 qui
2335 2551 2572 2608 miriﬁcis
2598 2555 2854 2611 virtutum
2888 2568 3098 2614 tuarum
3131 2559 3298 2630 signis
3345 2559 3535 2620 salutis

1943 2651 2143 2698 nostra:
2190 2643 2388 2698 indicia
2421 2644 2738 2714 declarasti,
2782 2651 2904 2720 qui,
2936 2652 3106 2723 magis
3135 2654 3286 2709 stella
3326 2653 3538 2724 praeful-

1943 2744 2103 2805 gente
2126 2735 2410 2806 degressis,
2434 2738 2661 2796 adorare
2685 2751 2737 2795 et
2761 2747 3052 2811 promereri
3081 2754 3132 2801 te
3154 2743 3352 2818 Regem
3381 2757 3551 2820 teter:

1942 2842 2070 2881 num
2124 2829 2511 2901 Dominumque
2558 2845 2872 2904 perpetuum
2919 2840 3164 2910 mysticis
3217 2841 3530 2898 muneribus

1946 2920 2236 2988 praestitisti
2256 2961 2272 2987 ,
2299 2923 2390 2991 qui
2431 2924 2483 2980 in
2511 2938 2739 2996 corpore
2770 2939 2956 2985 nostro
2999 2932 3261 2988 mirabilis
3289 2933 3541 3004 baptismi

1943 3024 2278 3071 sacramento
2317 3028 2659 3087 regeneratos
2689 3037 2756 3077 ex
2794 3023 2995 3091 Spiritu
3037 3041 3134 3081 nos
3160 3026 3333 3082 abluis
3378 3042 3541 3082 rena-

1945 3104 2167 3171 scendo,
2195 3115 2249 3160 et
2288 3106 2568 3164 ineffabilis
2600 3114 2852 3181 potentiae
2895 3113 3037 3169 dono
3066 3114 3225 3170 hodie
3263 3130 3432 3186 aquas
3483 3117 3541 3173 in

1947 3193 2068 3248 vina
2095 3196 2368 3262 mutando,
2392 3199 2666 3268 discipulis
2687 3204 2792 3258 tuis
2821 3213 2964 3259 tuam
2990 3206 3343 3263 manifestasti
3372 3209 3538 3281 209

1945 3284 2314 3353 divinitatem,
2346 3290 2540 3345 exaudi
2581 3307 2679 3347 nos
2715 3296 2985 3365 supplices
3017 3307 3137 3354 tuos
3164 3299 3238 3355 ob
3265 3299 3404 3355 diem
3448 3317 3539 3357 sa-

1954 3377 2268 3432 cratissima:
2312 3379 2710 3449 sollemnitatis,
2756 3396 2810 3441 et
2856 3399 3048 3457 praesta
3096 3399 3187 3457 ut,
3235 3391 3406 3460 gloria
3453 3402 3541 3449 tua

1948 3466 2278 3534 inluminati,
2304 3475 2501 3527 saeculo
2528 3476 2840 3544 moriamur,
2872 3478 2965 3533 tibi
2995 3480 3126 3550 Regi
3152 3481 3366 3537 Christo
3394 3483 3534 3537 viva.

1949 3577 2092 3628 mus,
2135 3564 2383 3620 Salvator
2432 3567 2650 3637 mundi,
2695 3571 2786 3640 qui
2836 3585 2957 3627 cum
3007 3573 3186 3640 Patre,
3234 3583 3289 3630 et
3335 3575 3538 3648 Spiritu

1947 3665 2136 3711 sancto
2161 3657 2294 3713 vivis
2320 3667 2374 3714 et
2401 3675 2594 3731 regnas
2623 3661 2677 3717 in
2700 3664 2916 3718 saecula.

2451 3771 2685 3823 Cohectio
2710 3783 2818 3837 post
2838 3777 3050 3827 nomina.

2020 3873 2232 3930 Auditis
2257 3877 2559 3933 nominibus
2583 3893 2647 3934 ac
2668 3878 2952 3938 desideriis
2976 3882 3320 3954 offerentum,
3348 3887 3538 3946 fratres

1947 3967 2242 4035 carissimi,
2285 3969 2380 4025 Dei
2421 3969 2592 4026 Patris
2631 3975 3017 4043 omnipotentis
3062 3978 3398 4037 clementiam
3449 3983 3552 4040 de-

1950 4072 2250 4129 precemur,
2297 4072 2354 4118 ut
2396 4065 2488 4134 qui
2534 4064 2692 4122 hodie
2737 4083 2832 4137 per
2878 4070 3070 4126 Filium
3111 4089 3265 4128 suum
3312 4075 3538 4132 mirifice

1945 4164 2098 4220 aqua:
2137 4155 2370 4221 speciem
2411 4158 2567 4214 vertit
2612 4162 2663 4216 in
2703 4160 2927 4231 viuum,
2969 4165 3039 4220 ita
3087 4169 3326 4222 omnium
3378 4169 3538 4224 simul

1946 4245 2245 4302 oblationes
2272 4258 2326 4304 et
2353 4259 2472 4306 vota
2503 4265 2817 4312 convertere
2847 4257 3096 4328 dignetur
3126 4261 3179 4316 in
3209 4262 3536 4318 sacrificium

1945 4337 2181 4394 divinum
2202 4382 2217 4407 ,
2247 4350 2302 4397 et
2330 4354 2551 4415 accepto
2581 4348 2738 4416 ferre,
2767 4360 2825 4406 ut
2848 4362 3068 4423 accepto
3097 4354 3218 4409 tulit
3246 4353 3386 4411 Abel
3409 4354 3537 4425 justi

1945 4432 2026 4485 sui
2075 4448 2294 4488 munera
2337 4447 2391 4491 et
2431 4438 2660 4494 Abrahze
2710 4442 3039 4500 Patriarcha:
3087 4444 3169 4500 sui
3217 4445 3440 4502 hostias.
3471 4445 3542 4504 Et

1944 4533 2169 4593 quorum
2201 4528 2413 4583 nomina
2443 4531 2572 4588 texit
2601 4537 2842 4592 recitatio
2875 4540 3173 4607 prmmissa,
3204 4556 3392 4597 eorum
3419 4556 3539 4598 sor-

1946 4623 2050 4670 tem
2100 4617 2238 4672 inter
2288 4621 2489 4676 electos
2522 4624 2705 4693 jubeat
2745 4628 3056 4699 adgregare.
3100 4629 3202 4686 Per
3253 4621 3539 4692 Dominum

1953 4720 2195 4766 nostrum
2240 4714 2423 4769 Jesum
2463 4717 2734 4774 Christum
2781 4721 2970 4778 Filium
3016 4739 3206 4794 suum,
3237 4741 3420 4784 secum
3459 4726 3540 4782 vi-

1950 4817 2162 4862 ventem
2181 4850 2194 4874 ,
2226 4823 2544 4882 semperque
2574 4823 2906 4884 regnantem.

2473 4922 2704 4976 Collectio
2727 4927 2785 4976 ad
2814 4940 3001 4991 pacem.

2019 5025 2240 5082 Domine
2277 5027 2487 5084 Christe
2526 5028 2683 5098 Jesu,
2714 5035 2804 5104 qui
2852 5034 3134 5105 majestate
3179 5036 3423 5093 sublimis
3452 5053 3539 5108 es,

1936 5124 1990 5169 et
2028 5125 2292 5186 potestate
2333 5119 2616 5202 subnixus,
2656 5139 2779 5180 cum
2819 5125 2874 5181 in
2916 5127 3112 5185 virtute
3153 5129 3326 5185 Patris
3367 5122 3542 5188 obse-'

1937 5207 2115 5276 queris
2138 5208 2469 5277 jussionibus
2498 5213 2706 5283 Matris,
2739 5226 2796 5272 ut
2830 5228 2886 5273 et
2926 5217 3121 5275 Filium
3163 5221 3396 5276 hominis
3443 5238 3537 5280 os-
3612 5268 3617 5274 .

1938 5298 2186 5356 tenderes
2223 5302 2514 5375 obsequiis,
2544 5317 2601 5364 et
2648 5307 2815 5366 Deum
2847 5311 3132 5367 virtutibus
3175 5312 3529 5386 adprobares,
3618 5312 3625 5317 ⁷

1935 5392 2027 5462 qui
2053 5392 2120 5448 ad
2145 5397 2382 5452 omnium
2415 5400 2654 5468 gentium
2685 5403 3010 5461 lavationem
3040 5404 3292 5463 Jordanis
3315 5408 3528 5466 alveum

1937 5486 2360 5545 sanctificaturus
2400 5491 2640 5561 intrasti,
2675 5505 2734 5550 ut
2773 5507 2988 5566 peccata
3039 5506 3223 5554 nostra
3251 5501 3524 5570 ablueres,

1939 5579 2402 5650 conscientiasque
2432 5598 2707 5656 purgares,
2738 5588 2892 5642 visita
2925 5589 3222 5648 Ecclesiam
3256 5603 3403 5652 tuam
3422 5636 3438 5662 ,
3465 5606 3524 5653 et

1939 5670 2137 5740 perﬁce
2166 5675 2404 5729 omnium
2449 5687 2602 5744 vota;
2650 5694 2834 5748 pacem
2873 5682 3036 5741 etiam
3068 5700 3172 5742 non
3220 5690 3528 5757 petentibus

1932 5774 2147 5831 praesta,
2182 5774 2240 5819 ut
2267 5768 2507 5824 osculum
2537 5770 2678 5839 quod
2711 5773 2762 5827 in
2796 5773 2951 5831 labiis
2977 5776 3157 5846 datur,
3187 5779 3240 5834 in
3270 5781 3524 5836 cordibus

1932 5869 2036 5909 non
2077 5866 2320 5925 negetur.
2350 5859 2500 5927 Quod
2537 5862 2653 5933 ipse
2682 5876 2939 5935 przestare
2976 5869 3231 5941 digneris,
3271 5874 3362 5942 qui
3393 5886 3520 5928 cum

239 5941 303 5997 In
344 5953 451 6009 quo
483 5948 537 5997 te
562 5939 892 5997 adorandum
936 5940 1109 6016 stella.
1133 5955 1317 6014 magos
1354 5941 1564 6012 docuit,
1589 5952 1645 6001 et
1670 5958 1825 6016 aqua
1930 5945 2088 6004 Patre
2113 5957 2170 6006 et
2190 5949 2394 6019 Spiritu
2418 5963 2607 6014 sancto
2631 5957 2766 6013 vivis
2786 5969 2839 6015 et
2861 5939 3072 6031 regnas.
