4048 6350
618 427 725 486 2‘3

1246 551 1251 557 υ
1272 528 1584 584 Ουιιωειαῑὶο.

691 628 832 685 Vere
857 624 1073 695 dignum
1099 628 1151 677 et
1178 617 1372 688 justum
1400 619 1512 677 est,
1542 620 1748 679 aequum
1776 612 1831 659 et
1854 603 2055 674 justum
2086 607 2198 695 est,

556 704 585 785 ’,ι
620 737 721 778 nos
759 719 851 775 tibi
901 690 1112 785 semper
1156 720 1209 765 et
1254 708 1449 775 ubique
1494 702 1694 773 gratias
1736 711 1928 765 agere,
1977 690 2203 749 Domine

569 812 576 820 ’
620 823 825 876 sancte,
856 784 1409 870 Pateriomnipotens,
1455 805 1653 849 :eterne
1696 791 1857 845 Deus.
1900 786 2001 856 Qui
2049 784 2205 839 nobis

621 921 785 976 super
807 898 1058 960 Iordanis
1088 896 1299 950 alveum
1342 888 1409 943 de
1456 885 1601 941 erelis
1648 896 1834 937 vocem
1888 878 1940 933 in
1987 875 2202 931 modum

623 970 842 1054 tonitrui
871 988 1175 1065 praebuisti,
1203 993 1259 1038 ut
1288 982 1620 1037 Salvatorem
1649 973 1832 1029 saecull
1864 970 2201 1024 demonstra-

620 1107 729 1159 res,
755 1100 809 1147 et
833 1088 1044 1145 Patrem
1068 1082 1282 1138 luminis
1310 1075 1492 1131 aeterni
1520 1069 1861 1133 ostenderes;
1891 1065 2053 1120 crelos
2077 1075 2202 1132 ape-

621 1158 773 1241 ruisti
793 1223 807 1247 ,
829 1194 1008 1235 aerem
1038 1170 1383 1233 henedixisti,
1413 1168 1613 1221 fontem
1641 1158 1957 1232 puriﬁcasti,
1978 1166 2033 1212 et
2056 1165 2203 1211 tuum

622 1274 848 1331 Unicum
879 1283 975 1339 per
1000 1264 1303 1323 columbam
1332 1258 1501 1314 sancti
1533 1253 1766 1324 Spiritus
1798 1248 2204 1306 demonstrasti.

620 1365 981 1432 Susceperunt
1018 1359 1193 1412 fontes
1242 1353 1402 1408 hodie
1453 1345 1886 1403 benedictionem
1933 1351 2110 1404 tuam,
2154 1351 2210 1395 et

608 1458 854 1513 tulerunt
892 1449 1318 1506 maledictionem
1361 1453 1639 1498 nostram:
1675 1440 1747 1492 ita
1780 1445 1835 1489 ut
1864 1434 2209 1491 credentibus

623 1548 1043 1623 puriﬁcationem
1074 1543 1311 1599 omnium
1338 1537 1652 1593 delictorum
1682 1531 1996 1595 exhibeant,
2022 1538 2075 1583 et
2100 1528 2208 1581 Deo

622 1617 759 1698 iilios
791 1634 1154 1709 regenerando
1182 1631 1373 1686 faciant
1400 1627 1466 1681 ad
1496 1626 1657 1680 vitam
1680 1631 1960 1683 aeternam,
1986 1633 2120 1689 quos
2144 1617 2208 1671 ad

610 1730 975 1801 temporalem
993 1728 1154 1781 vitam
1168 1720 1399 1779 carnalis
1416 1717 1663 1773 nativitas
1674 1713 1902 1769 fuderat.
1920 1711 2052 1766 Nam
2073 1722 2206 1781 quos

624 1837 772 1879 mors
802 1834 896 1889 per
932 1813 1423 1887 praevaricationem
1462 1814 1710 1875 ceperat,
1744 1804 1843 1857 hos
1872 1802 1982 1856 vita
2008 1809 2208 1855 eterna

1263 410 1609 471 serenum
1655 408 1741 462 AD
1779 404 2010 461 orsus
2048 398 2297 457 suam
2336 380 2645 454 centiam
2689 394 3131 453 ramsreusrs.
3224 350 3237 365 ’
3282 470 3290 479 ι
3741 402 3806 458 ω

2232 512 2284 575 Α
2308 511 2603 569 recurrenti
2633 506 2872 575 tempore
2903 504 3264 578 multiplieasti
3287 508 3477 564 Pastor
3506 509 3614 565 vina
3641 515 3752 579 prius
3772 518 3806 571 in

2307 605 2528 677 hydriis,
2562 604 2753 659 deinde
2781 604 2931 659 cibos
2958 603 3009 657 in
3052 600 3329 672 cophanis.
3364 605 3551 658 Amen.
3583 604 3805 662 Descendit

2306 710 2337 751 a
2366 684 2582 752 sedibus
2616 698 2721 751 tuis
2749 686 2908 765 super
2936 695 3108 766 capita
3139 694 3455 775 famulorum
3485 705 3535 750 et
3562 692 3802 757 famularum

2307 792 2515 847 tuarum
2542 790 2772 862 Spiritus
2799 782 3015 845 sanctus
3044 800 3165 843 tuus
3188 788 3294 853 ille,
3320 789 3409 859 qui
3440 790 3491 844 in
3519 784 3731 855 Iordane.
3752 794 3809 848 ba-

2307 885 2542 959 ptizante
2569 882 2834 952 Iohanne,
2877 884 2930 938 in
2967 884 3215 939 columba
3252 884 3595 952 corporaliter
3631 885 3745 939 visus
3762 900 3812 942 est

2308 970 2669 1035 descendisse.
2701 980 2893 1035 Amen.
2922 976 3085 1047 Reple
3129 979 3334 1030 animas
3363 992 3545 1031 eorum
3574 976 3681 1032 vino
3707 978 3813 1049 justi-

2307 1064 2417 1135 tite,
2452 1070 2537 1139 qui
2567 1084 2816 1124 sermone
2848 1079 2937 1123 tuo
2970 1067 3127 1123 hodie
3157 1083 3221 1123 ex
3254 1083 3508 1135 aquarum
3540 1083 3706 1137 sapore
3737 1088 3811 1125 mu-

2309 1164 2452 1223 tasti.
2482 1166 2674 1221 Amen.
2706 1166 2906 1221 Adesto
2936 1174 3039 1219 ture
3069 1163 3210 1234 plebi
3256 1163 3537 1220 devotione
3582 1152 3717 1239 2n
3750 1166 3817 1221 sin-
3894 1144 3895 1157 1

2310 1252 2476 1329 gulari
2507 1266 2558 1313 te
2597 1272 2747 1312 sacra
2781 1273 2873 1328 per
2906 1256 3159 1328 mysteria
3208 1256 3509 1311 veneranti.
3544 1256 3709 1311 Amen.
3735 1248 3818 1311 Pni-

2310 1346 2444 1419 rige,
2487 1348 2693 1416 Pastor,
2723 1350 2937 1415 epulum
2957 1394 2969 1417 ,
3002 1363 3130 1419 quo,
3164 1347 3299 1401 vieta
3330 1347 3469 1401 fame
3509 1350 3675 1403 saeculi
3695 1391 3707 1413 ,
3731 1350 3817 1403 cibis

2312 1442 2626 1497 aeternitatis
2666 1442 2857 1496 anime
2905 1441 3235 1509 saginentur.
3281 1437 3505 1495 lnfunde
3545 1440 3689 1493 etiam
3720 1456 3823 1507 super

2313 1548 2404 1587 eos
2435 1532 2750 1602 spiritalium
2782 1533 2919 1586 dona
2953 1531 3243 1595 virtutum,
3276 1539 3332 1584 ut
3363 1529 3495 1585 nihil
3533 1529 3582 1585 in
3610 1531 3678 1585 eis
3702 1530 3817 1584 inimi~

2314 1641 2409 1681 cus
2432 1636 2520 1681 aut
2542 1625 2790 1681 violentia
2813 1625 3091 1693 subrepat,
3120 1632 3209 1677 aut
3233 1620 3421 1678 fraude
3444 1622 3675 1693 decipiat.
3692 1622 3819 1677 Amen.

2314 1716 2419 1771 Sed
2450 1732 2544 1785 per
2574 1717 2726 1771 bona:
2765 1713 3189 1771 conversationis
3230 1714 3669 1785 perseverantiam
3696 1712 3752 1780 ii,
3774 1711 3827 1777 qui

2318 1808 2599 1877 adoptione
2627 1807 2799 1861 vocati
2830 1810 2955 1860 sunt
2997 1806 3259 1865 ﬁliorum,
3296 1808 3497 1859 intrare
3524 1804 3573 1859 in
3607 1802 3823 1873 possessio-

625 1930 654 1969 a
686 1878 859 1968 morie
888 1878 1172 1976 recipiens,
1205 1902 1270 1957 ad
1300 1900 1555 1957 calorum
1598 1911 1757 1963 regna
1787 1900 2023 1949 revocat.
2059 1890 2209 1946 Unde

2317 1916 2435 1954 nem
2470 1907 2774 1953 mereantur
2806 1896 3085 1953 heredum.
3117 1902 3303 1953 Amen.
3339 1897 3409 1953 Ut
3439 1912 3556 1952 cum
3587 1896 3693 1950 hinc
3716 1905 3827 1949 trans-

628 2006 813 2063 debita
836 2001 1163 2057 exultatione
1189 2010 1347 2052 voces
1386 2002 1596 2048 nostras
1621 1990 1892 2060 iungimus
1918 1984 2211 2041 confessio-

620 2100 790 2155 nibus
819 2094 1157 2166 angelorum,
1188 2092 1275 2161 qui
1318 2088 1539 2160 gloriam
1573 2092 1715 2138 trram
1759 2080 2001 2135 mirabile
2038 2092 2214 2131 sacra-

630 2198 809 2245 mento
855 2186 1111 2240 hodierna
1161 2179 1519 2236 sollemnitate
1560 2180 1894 2237 venerantes,
1926 2170 2090 2241 210
2120 2183 2215 2235 pro

618 2280 963 2353 apparitione
986 2278 1112 2334 Jesu
1140 2272 1335 2329 Christi
1364 2270 1572 2326 Domini
1599 2266 1791 2332 nostri,
1812 2273 1864 2320 et
1890 2278 1989 2332 pro
2022 2269 2215 2315 nostrae

628 2372 927 2430 voeationis
955 2368 1180 2425 exordio
1218 2364 1537 2421 sacriﬁcium
1577 2359 1673 2415 tibi
1701 2356 1874 2413 laudis
1914 2354 2213 2414 oﬂ‘erimus,

628 2480 726 2536 per
752 2467 921 2533 ipsum
964 2460 1246 2516 Dominum
1275 2465 1537 2512 nostrum.
1574 2452 1673 2506 Per
1693 2463 1854 2520 quem
1882 2446 2215 2517 maiestatem

612 2566 774 2613 'tuam
800 2555 1016 2610 laudant
1042 2552 1236 2622 angeli.

1127 2639 1360 2693 Collectio
1383 2647 1490 2703 post
1512 2641 1733 2691 Sanctus.

539 2772 547 2780 -
608 2764 613 2767 >
707 2736 847 2792 Vere
871 2741 1108 2797 sanctus,
1141 2744 1264 2784 vere
1294 2726 1604 2782 benedictus
1635 2723 1893 2778 Dominus
1924 2730 2106 2775 noster
2130 2719 2218 2774 Je-

633 2844 727 2886 sus
762 2827 1008 2883 Christus
1048 2821 1214 2878 Filius
1258 2826 1398 2883 tuus,
1443 2818 1531 2887 qui
1574 2815 1641 2869 ad
1687 2812 1949 2883 puerperii
1988 2810 2218 2868 caelestis

632 2920 919 2985 indicium,
954 2917 1068 2972 hac
1106 2914 1265 2968 hodie
1301 2908 1526 2966 contulit
1570 2907 1772 2963 mundo
1802 2921 1913 2963 suae
1961 2904 2217 2959 miracula

606 3010 947 3085 .majestatis,
978 3017 1036 3062 ut
1071 3004 1397 3061 adorandam
1426 3002 1599 3070 magis
1630 2998 1938 3054 ostenderet
1974 2996 2215 3055 stellam;

633 3118 688 3163 et
718 3114 988 3161 transacto
1007 3098 1265 3170 temporis
1292 3094 1594 3162 intervallo,
1619 3105 1787 3162 aquas
1816 3091 1868 3145 in
1900 3090 2028 3143 vino
2051 3096 2218 3141 muta-

610 3206 747 3264 ret,
774 3208 978 3266 suoque
999 3191 1317 3263 baptismate
1342 3184 1697 3243 sanctillearet
1722 3180 1918 3236 ﬂuenta
1945 3178 2218 3239 Jordanis,

2316 1982 2440 2046 ferri
2466 1990 2741 2059 migrando
2774 1988 3132 2059 praecipietur,
3162 1990 3271 2043 illic
3309 1990 3520 2044 admitti
3546 1989 3821 2059 permittatur,

2314 2081 2453 2136 unde
2493 2091 2542 2136 te
2583 2081 2749 2136 Deum
2799 2080 3041 2135 adoravit
3090 2080 3256 2149 magis
3308 2080 3618 2133 admiratum
3662 2079 3821 2131 adstans

2313 2172 2462 2228 sidus
2493 2174 2775 2242 priesepio.
2809 2175 2999 2227 Amen.
3026 2171 3176 2239 Quod
3208 2171 3321 2241 ipse
3358 2182 3607 2241 praestare
3634 2169 3821 2239 digneris,

2316 2264 2406 2335 qui
2439 2265 2490 2319 in
2519 2264 2780 2349 Trinitate
2810 2262 3043 2335 perfecta
3077 2262 3231 2329 vivis,
3276 2263 3571 2318 dominaris
3594 2272 3652 2319 et
3686 2274 3829 2330 regnas.

2321 2358 2514 2413 Amen.

2858 2448 2976 2499 Post
2996 2449 3364 2499 Eucharistiam.

2390 2554 2628 2609 Divinam
2678 2528 3127 2611 misericordiam,
3181 2549 3382 2627 fratres
3424 2550 3701 2610 carissimi.
3742 2561 3832 2601 con-

2318 2647 2465 2703 cordi
2508 2650 2747 2703 oratione
2778 2663 3079 2716 poscamus,
3114 2647 3188 2700 uti
3242 2648 3356 2702 haec
3405 2643 3661 2701 salutifera
3698 2645 3828 2698 Sarra-

2320 2750 2500 2795 menta
2532 2740 2727 2795 nostris
2770 2750 2980 2810 recepta
3025 2740 3331 2807 pectoribus
3374 2738 3831 2809 purificentanimam

2319 2849 2620 2904 corpusque
2664 2833 3023 2894 sanetificeut,
3056 2843 3215 2901 atque
3248 2835 3296 2886 in
3329 2848 3482 2903 Spem
3515 2827 3834 2887 celestiumri

2320 2940 2471 2981 scera
2498 2927 2696 2994 pariter
2719 2932 2773 2979 et
2794 2924 2957 2979 corda
2978 2924 3317 2979 confirment.
3342 2923 3498 2992 Quod
3524 2924 3629 2993 ipse
3654 2925 3836 2991 praestare

2322 3021 2590 3090 dignetur,
2615 3020 2705 3089 qui
2734 3020 2863 3073 vivit
2894 3029 2945 3073 et
2976 3028 3185 3087 regnat.

2874 3109 3108 3161 Collectio
3131 3110 3379 3173 sequitur.
3438 3170 3443 3185 ι

2395 3195 2640 3263 ReSpire,
2675 3194 2919 3260 Domine,
2966 3193 3224 3264 propitius
3273 3192 3339 3248 ad
3391 3194 3596 3263 plebem
3635 3202 3777 3251 tuam;
3807 3196 3838 3237 et

608 3288 795 3345 Jesus
823 3286 1062 3342 Christus
1104 3280 1356 3337 Dominus
1386 3284 1584 3333 noster.
1614 3274 1715 3343 Qui
1755 3272 1893 3345 prid.
1925 3283 2086 3342 quam
2126 3282 2213 3338 pa-

2321 3302 2478 3357 quam
2509 3286 2705 3343 divinis
2754 3287 2946 3342 tribuis
2994 3287 3249 3353 proficere
3292 3287 3655 3350 sacramentis,
3682 3284 3833 3334 ahnnn

606 3404 609 3409 '
638 3389 793 3439 teret.

1210 3444 1327 3495 Post
1348 3441 1651 3504 mysterium.

709 3532 997 3593 Sacrificiis
1051 3525 1424 3600 prwsentibus,
1468 3524 1719 3588 Durnine,
1766 3530 2095 3590 quaesumus,
2145 3514 2225 3568 in.

641 3632 798 3688 tende
837 3632 1074 3700 placatus
1108 3646 1119 3680 :
1162 3624 1352 3696 quibus
1393 3637 1502 3676 non
1546 3620 1656 3688 jam
1685 3624 1708 3652 ι
1736 3627 1957 3676 aurum,
1990 3610 2133 3675 thus,
2166 3616 2224 3664 et

636 3727 853 3800 myrrha
896 3724 1185 3795 profertur,
1219 3720 1312 3775 sed
1352 3716 1540 3792 [quod]
1571 3712 1760 3769 iisdem
1792 3710 2102 3765 muneribus
2130 3706 2223 3761 de-

638 3822 887 3881 claratur,
912 3818 1151 3876 oiiertur,
1177 3813 1506 3874 immolatur,
1535 3808 1783 3863 sumitur.
1812 3804 1913 3859 Per
1940 3802 2221 3858 Dominum

639 3922 878 3968 nostrum
910 3909 1091 3966 Jesum
1124 3906 1394 3962 Christum
1438 3900 1629 3959 Filium
1672 3907 1851 3962 tuum,
1882 3897 1969 3966 qui
2015 3906 2219 3959 tecum,

518 3982 523 3986 θ
594 3998 603 4004 ’
636 4015 831 4062 etcum
853 4001 1055 4072 Spiritu
1080 4006 1262 4054 sancto
1290 3998 1361 4051 vi.

1051 4086 1180 4159 Ante
1202 4109 1471 4158 orationem
1494 4104 1810 4155 Domiuieam.

710 4219 824 4275 Non
874 4224 1056 4272 nostro
1106 4220 1509 4283 praesumentes,
1568 4207 1811 4275 Domine,
1867 4205 2083 4269 merito,
2126 4202 2220 4260 sed

636 4310 850 4367 Domini
884 4307 1051 4363 nostri
1083 4304 1214 4361 Iesu
1251 4303 1451 4359 Christi
1493 4300 1611 4356 Filii
1644 4300 1748 4365 tui,
1779 4314 1937 4369 quem
1968 4306 2029 4352 ut
2062 4310 2160 4351 nos
2192 4312 2222 4351 a

606 4476 611 4481 _
636 4401 873 4458 tenebris
902 4408 957 4455 et
984 4399 1171 4451 umbra
1203 4396 1391 4450 mortis
1420 4394 1671 4448 liberaret
1711 4391 1932 4459 misisti,
1963 4389 2220 4445 obedien—

608 4504 720 4563 _tes
744 4490 988 4563 imperio.
1020 4488 1225 4557 lndigni
1254 4486 1467 4555 quidem
1497 4500 1680 4539 sumus
1710 4484 1926 4539 nomine
1958 4482 2219 4547 ﬁliorum,

618 4586 733 4644 κά
758 4568 1009 4657 iubemur
1033 4584 1247 4640 dicere:
1284 4582 1440 4636 Pater
1471 4588 1673 4633 noster.

610 4744 615 4749 ἢ
1060 4674 1178 4737 Post
1198 4674 1465 4723 orationem
1490 4671 1802 4720 Dominicam.

708 4756 897 4815 Libera
927 4760 1024 4813 nos
1061 4774 1091 4813 a
1124 4758 1285 4820 malo,
1329 4755 1671 4824 omnipotens
1718 4762 1916 4808 aeterne
1966 4751 2125 4819 Deus,
2166 4759 2219 4805 et

636 4851 910 4908 dominare
938 4858 992 4903 tu
1032 4849 1227 4912 nostri,
1260 4846 1348 4917 qui
1382 4845 1566 4899 mortis
1607 4860 1635 4897 a
1667 4843 1821 4899 nobis
1866 4844 2099 4898 dominia
2136 4859 2222 4897 re-

634 4941 846 5012 pulisti,
879 4950 935 4993 ut
961 4951 1049 4993 tua
1078 4953 1313 5006 semper,
1347 4936 1589 4998 Domine,
1622 4936 1915 5007 cogitemus
1944 4949 2063 4988 cum
2111 4934 2221 4988 ala-

633 5037 826 5088 critate
846 5030 1117 5090 mandata.
1139 5043 1260 5083 cum
1284 5030 1475 5082 timore
1497 5026 1721 5096 judicia,
1744 5041 1864 5081 cum
1889 5025 2219 5079 exultatione

616 5125 920 5196 promissa.
965 5117 1069 5176 Per
1109 5136 1230 5177 eum
1276 5121 1369 5189 qui
1418 5126 1589 5175 tecum
1636 5117 1795 5183 vivit,-
1836 5116 2140 5171 dominatur
2168 5126 2219 5170 et

632 5225 823 5288 regnat
836 5216 977 5272 Deus
1005 5217 1059 5271 in
1084 5217 1289 5271 unitate
1308 5214 1537 5286 Spiritus
1551 5210 1721 5268 sancti
1747 5211 1799 5266 in
1826 5211 2021 5265 saecula
2050 5216 2220 5264 szecn-

620 5311 830 5365 lorum.

1196 5399 1487 5451 Beneder
1512 5398 1694 5462 populi.

708 5483 1057 5553 Omnipotens
1078 5482 1306 5550 Artifex,
1331 5485 1422 5555 qui
1444 5496 1591 5551 saepe
1610 5480 2037 5551 quamplurimis,
2065 5480 2223 5537 hodie

640 5587 817 5631 tamen
845 5579 1137 5649 insignibus
1178 5588 1230 5633 te
1255 5577 1541 5633 deelarasti
1572 5574 1862 5629 miraculis.
1892 5574 2080 5629 Amen.
2115 5576 2217 5643 Qui

712 5743 736 5769 ⁸
769 5732 894 5790 Haec
919 5735 1102 5805 eadem
1147 5732 1300 5805 verba
1349 5732 1406 5805 in‘
1430 5729 1666 5805 oratione
1708 5729 1924 5805 Secreta
1956 5749 2051 5803 pro
2098 5734 2222 5805 Epi-

642 5806 833 5871 phania
865 5806 915 5859 in
944 5802 1141 5861 Ordine
1190 5800 1537 5871 Gregoriano.
1582 5800 1719 5856 Ulim
1767 5800 2090 5860 Francorum
2132 5800 2219 5862 re-

632 5890 752 5948 »ges,
773 5878 1028 5948 ριριιιριρ
1053 5887 1354 5948 magorum,
1382 5887 1601 5948 aurum,
1632 5873 1752 5928 thus
1778 5882 1833 5929 et
1863 5876 2133 5948 myrrham
2169 5878 2219 5934 in

639 5946 727 6002 die
770 5942 1079 6017 Epiphania
1106 5942 1174 6001 ad
1203 5946 1371 6000 altare
1398 5942 1723 6012 oderam,
1761 5956 1827 6002 ea
1872 5942 2061 6019 Naugii
2091 5949 2217 6005 Cal-

2328 3378 2484 3434 nibus
2530 3379 2750 3433 absolve
2796 3379 3047 3450 peccatis.
3078 3378 3177 3432 Per
3212 3377 3495 3434 Dominum
3526 3387 3739 3435 nostrum
3778 3371 3835 3425 Je-

2326 3490 2443 3530 sum
2471 3466 2741 3529 Christum
2776 3466 2969 3530 Filium
3002 3482 3171 3527 tuum.

2362 3562 2476 3618 Xll.
2518 3578 2665 3619 IISIA
2696 3580 2747 3618 IN
2779 3580 3144 3620 unsuurrroas
3172 3562 3199 3603 ι)
3226 3579 3448 3623 διδους
3487 3580 3651 3621 itania;
3677 3572 3821 3618 Intus

2916 3672 3095 3713 DOIINI
3127 3673 3332 3714 NOSTRI.

2398 3748 2682 3805 Generosa;
2729 3744 2833 3803 diei
2878 3748 3159 3803 dominica:
3206 3747 3497 3806 Genitricis
3540 3741 3841 3817 inexplicabile

2325 3832 2748 3905 sacramentum,
2776 3848 2921 3894 tanto
2946 3840 3111 3909 magis
3140 3841 3519 3909 prmconahile,
3544 3847 3766 3910 quantum
3788 3840 3843 3881 ed

2326 3932 2465 3987 inter
2496 3932 2733 3986 homines
2765 3932 3141 3999 Assumptione
3170 3931 3402 4000 Virginis
3435 3929 3720 4002 singulare:
3743 3920 3839 3989 apud

2325 4024 2482 4095 Quem
2510 4025 2631 4079 vita:
2680 4025 2951 4092 integritas
2998 4025 3225 4077 obtinuit
3270 4020 3494 4087 Filium,
3535 4032 3585 4078 et
3614 4034 3739 4075 mors
3774 4027 3841 4065 non

2326 4110 2525 4172 invenit
2552 4132 2646 4185 par
2666 4120 2970 4185 exemplum
2996 4133 3009 4169 :
3038 4132 3137 4171 nec
3164 4115 3339 4170 minus
3369 4117 3614 4186 ingerens
3637 4117 3841 4186 stuporem

2324 4208 2393 4265 de
2422 4210 2678 4273 transitu,
2721 4224 2877 4278 quam
2910 4209 3288 4262 exultationem
3333 4184 3511 4263 ferens
3562 4204 3703 4261 unici
3739 4184 3844 4253 belli

2325 4303 2392 4357 de
2432 4310 2601 4371 partu.
2651 4300 2759 4353 Non
2805 4300 2975 4354 solum
3023 4298 3281 4354 mira‘b‘ilis
3329 4300 3575 4370 pignore,
3618 4292 3737 4365 quod
3776 4286 3843 4339 ﬁde

2326 4393 2599 4461 concepit;
2625 4391 2718 4446 sed
2743 4388 3088 4445 translatione
3113 4386 3491 4461 prmdicabilis,
3516 4403 3609 4458 qua
3634 4376 3842 4453 migravit.

2326 4483 2554 4553 Specinli
2588 4483 2837 4552 tripudio,
2871 4480 3063 4536 afl‘ectu
3096 4481 3430 4552 multimodo,
3465 4476 3600 4535 fideli
3623 4486 3746 4535 voto,
3777 4467 3845 4521 [η’

2326 4583 2435 4631 tres
2466 4574 2825 4639 dilectissimi,
2858 4573 3019 4629 corde
3060 4573 3415 4644 deprecemur
3459 4581 3670 4634 attento,
3699 4572 3743 4619 ut
3766 4558 3845 4627 eius

2248 4670 2302 4742 Ῑ)
2324 4667 2487 4737 adjuti
2518 4667 2821 4721 muniamnr
2842 4665 3113 4735 suffragio,
3136 4680 3253 4736 quae
3275 4666 3521 4721 foecunda
3549 4662 3711 4730 Virgo,
3735 4654 3842 4710 beati

2323 4758 2389 4814 de
2417 4767 2597 4826 partu,
2626 4758 2767 4812 clara
2793 4756 2858 4811 de
2885 4757 3098 4825 merito,
3127 4754 3249 4811 felix
3278 4757 3594 4826 praedicatur
3616 4752 3839 4807 abscessu:

2325 4848 2673 4905 obsecrantes
2728 4848 3145 4904 misericordiam
3194 4848 3561 4918 Redemptoris
3606 4837 3779 4899 nostri.
3809 4839 3845 4883 υι

2322 4940 2755 4995 circumstantem
2814 4939 3019 5007 plebem
3071 4940 3195 4996 illuc
3244 4936 3494 5011 dignetur
3544 4931 3841 4992 introducere

2323 5048 2428 5103 quo
2458 5034 2665 5088 beatam
2699 5044 2921 5087 matrem
2958 5032 3207 5100 Mariam,
3235 5031 3603 5088 famulantibus‘
3625 5016 3843 5095 apostons,

2328 5126 2600 5180 transtulit
2627 5123 2690 5178 ad
2722 5124 3002 5181 hunorem.
3031 5116 3184 5194 Quod
3213 5127 3325 5195 ipse
3357 5120 3609 5196 ιιι-σεςιείέὲ
3634 5116 3843 5187 dignetur.

2330 5221 2416 5289 qui
2441 5234 2561 5273 cum
2592 5217 2765 5285 Patre,
2791 5230 2844 5274 et
2870 5219 3069 5290 Spiritu
3101 5230 3285 5275 sancto
3308 5216 3468 5293 212
3493 5212 3617 5274 viiii
3636 5206 3686 5269 et
3706 5206 3845 5275 τθεηθί

2332 5310 2472 5367 Deus
2500 5313 2553 5366 in
2581 5310 2764 5365 sarcul.

2872 5402 3109 5455 Collectio
3130 5403 3371 5466 sequitur.

2402 5484 2559 5551 Deus,
2586 5486 2677 5555 qui
2703 5484 2830 5541 dum
2859 5499 2995 5557 opus
3024 5486 3154 5542 illud
3188 5463 3406 5542 fabrica:
3436 5479 3723 5543 mundialis,
3743 5463 3846 5541 quod

2330 5580 2440 5634 sola
2484 5578 2693 5649 imperii
2729 5580 2967 5649 iussione
2995 5592 3298 5647 creaveras,
3335 5577 3507 5649 perire
3535 5582 3633 5630 non
3674 5559 3847 5639 ριιαίεο

2330 5735 2434 5791 lico
2456 5738 2848 5803 continuatore,
2877 5744 2944 5791 ad
2973 5750 3169 5792 annum
3200 5733 3358 5791 1678.

2346 5866 2373 5885 ιν
2402 5806 2427 5877 _b
2460 5809 2848 5885 assumptionis
2882 5810 3048 5885 beata:
3097 5808 3508 5885 Marizefestutq
3538 5814 3642 5885 apti

2337 5866 2428 5931 seu
2460 5859 3058 5949 signa:urinae-ir.
3072 5859 3362 5949 quarunt;
3374 5859 3683 5937 Baianum
3703 5859 3849 5920 falsae,

2337 5896 2428 5931 SCII
2462 5896 2695 5936 rrancos
2723 5898 2774 5934 Ill
2806 5896 3058 5935 Jalillal'IO
3123 5896 3150 5932 ll

2332 5949 2564 6007 diximus
2595 5946 2647 6006 iii
2677 5949 2769 6007 lib.
2797 5958 2864 6022 ιι,
2889 5964 3034 6007 num.

3895 1164 3900 1414 κ
