4048 6350
246 370 355 431 245

1243 340 1334 426 tit:
1373 346 1699 428 LITURGIA
1740 350 2127 425 GALLICANA
2168 364 2365 425 usus
2406 356 2494 425 nt.

3408 365 3512 420 Qui

243 476 465 546 domum
488 466 585 541 tibi
609 484 659 540 in
685 466 1111 567 alvanIii-ginis
1137 466 1439 565 fabricasti,
1453 482 1513 567 et
1532 500 1598 540 ne
1625 485 1827 554 periret
1846 466 1901 543 Ἀ
1930 479 2265 537 ledictionem
2299 482 2351 537 in
2380 483 2563 538 dolore
2588 490 2839 553 generat,
2870 480 2969 537 ista
3000 480 3424 536 benedictionem
3456 480 3510 534 in

238 575 380 655 gens
409 570 437 632 ὀ
472 566 521 634 te
552 564 1108 655 plaSmata,ﬂr'evelasti
1136 570 1345 633 saeculis
1366 564 1598 632 inaudita
1631 587 1831 649 myste-

240 652 349 733 ria;
383 658 468 734 ut,
510 654 665 739 atterit
694 652 946 722 c'ﬂ'df-um
974 656 1188 723 'excelsa'
1222 678 1324 723 non
1355 669 1603 738 capiunt,
1632 681 1827 738 parvus

244 761 494 833 puellula:
523 759 671 815 alvus
696 760 1020 824 includeret,
1050 758 1325 837 precamur
1356 757 1646 828 supplices,
1676 748 1733 812 ut
1760 758 1828 813 de

242 853 460 921 quibus,
491 864 544 907 et
570 866 682 929 pro
721 840 912 920 quibus
953 848 1230 918 suscepisti
1275 838 1513 905 inembra
1554 850 1824 918 mortalia,

240 930 612 999 intercedente
636 934 788 996 beata
815 932 972 996 statua
1001 941 1256 1010 genitrice
1279 951 1388 1009 tua,
1410 956 1603 1009 capere
1625 941 1815 1011 facias,

241 1032 453 1090 devicta
477 1030 658 1089 sabuli
685 1031 997 1101 ambitione,
1021 1033 1317 1100 victoriam,
1349 1026 1599 1088 Salvator
1620 1026 1826 1100 mundi,

175 1193 185 1202 .
240 1120 335 1197 qni
359 1130 479 1180 cum
506 1124 707 1179 aeterno
736 1124 893 1179 Patre
917 1122 1050 1178 vivis
1080 1132 1134 1179 et
1164 1132 1354 1194 regnas
1377 1118 1518 1180 Deus
1546 1120 1598 1178 in
1627 1126 1828 1181 unitate

236 1206 474 1289 Spiritus
502 1214 669 1272 sancti
700 1212 840 1272 Deus
864 1214 919 1270 in
947 1214 1128 1271 szecul.

743 1305 975 1357 Collectio
996 1310 1105 1368 post
1130 1307 1341 1355 nomina.

320 1392 677 1449 Habitaturum
731 1390 1002 1463 virginalis
1058 1390 1310 1461 hOSpitii,
1358 1390 1621 1460 Sponsum
1685 1390 1828 1447 beati

240 1482 493 1551 thalami,
528 1480 809 1538 Dominum
858 1480 1215 1546 tabernaculi,
1258 1478 1435 1549 regem
1489 1477 1706 1547 templi,
1739 1481 1829 1550 qui

242 1582 365 1634 eam
393 1572 746 1631 innocentiam
788 1575 1012 1630 contulit
1051 1562 1339 1638 Cenitrici,
1367 1580 1471 1642 qua
1517 1570 1830 1643 dignaretur

246 1671 517 1725 incantata
546 1664 726 1723 Deitas
753 1666 1025 1738 generari;
1057 1681 1177 1736 qua:
1204 1664 1335 1720 nihil
1372 1664 1552 1721 saeculi
1585 1666 1822 1734 conscia,

242 1762 451 1815 tantum
497 1757 743 1826 precibus
792 1758 940 1813 mens
978 1765 1199 1823 attenta,
1232 1755 1402 1812 tenuit
1445 1755 1729 1827 puritatem
1773 1756 1828 1813 iu

1934 573 2106 630 salute
2150 577 2447 631 confirmat.
2476 574 2623 632 Illius
2655 574 2872 647 perfidia
2916 575 3153 645 serpenti
3200 574 3507 642 consensit,

1932 656 2212 737 conjugem
2241 667 2477 738 decepit,
2508 668 2709 738 prolem
2740 667 3044 735 damnavit;
3079 666 3233 737 hujus
3257 663 3511 721 obedien-

1935 756 2002 813 tia
2042 757 2252 814 Patrem
2282 748 2610 826 conciliavit,
2657 759 2845 815 Filium
2887 758 3109 829 meruit,
3144 757 3506 829 posteritatem

1932 853 2176 910 absolvit.
2204 854 2291 911 Illa
2316 854 2721 911 amaritudinem
2754 856 2894 925 pomi
2922 869 3081 911 succo
3101 851 3381 925 propinat;
3408 850 3510 905 ista

1930 934 2218 1018 perennem
2249 948 2581 1005 dulcedinem
2610 948 2727 1004 Nati
2754 949 2897 1004 fonte
2924 948 3164 1005 desudat.
3192 946 3285 1002 Ilia
3314 943 3507 1000 acerbo

1930 1048 2087 1111 gustu
2108 1050 2350 1096 natorum
2375 1042 2561 1098 dentes
2582 1043 2870 1110 deterruit;
2896 1042 3009 1099 htcc
3029 1039 3331 1098 suavissimi
3357 1038 3509 1110 panis

1930 1130 2220 1189 blandienti
2268 1134 2391 1190 cibo
2435 1134 2712 1205 formavit,
2754 1135 2839 1191 cui
2888 1137 3070 1192 nullus
3120 1135 3361 1205 deperit,
3404 1131 3506 1187 nisi

1931 1225 2019 1295 qui
2049 1224 2113 1279 de
2141 1212 2243 1281 hoc
2284 1241 2419 1295 pane
2447 1226 2676 1282 saturari
2708 1227 2857 1283 fauce
2884 1225 3106 1282 fastidit.
3140 1225 3243 1282 Sed
3272 1225 3383 1296 jam
3414 1238 3509 1280 ve-

1933 1304 2073 1374 teres
2113 1318 2338 1388 gemitus
2378 1319 2428 1372 in
2459 1318 2645 1389 gaudia
2676 1335 2809 1373 nova
2849 1328 3137 1376 vertamus.
3179 1315 3260 1373 Ad
3290 1325 3343 1372 te
3383 1328 3514 1385 ergo

1934 1410 2269 1479 revertimur,
2304 1410 2465 1482 Virgo
2494 1408 2643 1478 freta,
2677 1411 2838 1466 Mater
2880 1413 3097 1480 intacta,
3141 1410 3387 1466 nesciens
3426 1410 3511 1465 vi-

1931 1516 2050 1556 rum
2094 1517 2374 1571 puerpera,
2416 1502 2670 1556 honorata
2718 1518 2811 1572 per
2858 1504 3084 1570 Filium,
3136 1517 3239 1557 non
3288 1501 3509 1573 polluta.

1932 1591 2106 1660 Felix,
2132 1609 2226 1662 per
2247 1611 2401 1664 quam
2428 1593 2582 1650 nobis
2607 1596 2876 1665 insperata
2896 1597 3087 1663 gaudia
3112 1606 3511 1652 successerunt.

1932 1684 2093 1755 Cujus
2148 1687 2284 1741 sicut
2336 1688 2579 1755 gratulati
2654 1705 2839 1745 sumus
2892 1702 3049 1759 ortu,
3108 1690 3509 1759 tripudiavimus

1933 1787 2121 1849 partu,
2156 1781 2226 1833 ita
2268 1778 2628 1850 glorificantur
2668 1782 2718 1836 in
2765 1784 3007 1836 transitu.
3052 1782 3245 1837 Parum
3290 1782 3513 1839 fortasse

236 1852 505 1919 muribus;
532 1854 691 1925 quam
718 1858 1029 1923 perceperat
1057 1853 1231 1924 angeli
1258 1852 1627 1910 benedictione
1657 1857 1826 1937 visce-

1936 1869 2137 1935 fuerat,
2183 1872 2227 1924 si
2274 1880 2325 1926 te
2370 1870 2620 1927 Christus
2667 1876 2784 1929 solo
2830 1875 3216 1930 sanctificasset
3264 1874 3516 1940 introitu,

237 1934 425 2010 usus;
454 1946 555 2000 nec
580 1948 678 2014 per
706 1938 1139 2015 ASSumptio'nem
1169 1942 1234 1999 de
1263 1955 1435 1999 morte
1474 1946 1643 2000 sensit
1689 1934 1828 1999 inlu-

236 2038 411 2101 vietn,
440 2040 560 2106 quas
586 2037 706 2090 vitae
727 2034 956 2105 portavit
982 2036 1299 2100 Auctorem;
1325 2035 1514 2091 fratres
1538 2036 1822 2101 carissimi,

238 2128 376 2186 fusis
405 2126 649 2200 precibus
681 2128 965 2185 Dominum
996 2128 1363 2201 lmploremus,
1397 2136 1455 2183 ut
1492 2128 1610 2197 ejus
1651 2124 1823 2183 indul-

239 2219 416 2292 gentia
445 2219 569 2274 illuc
601 2218 832 2274 defuncti
872 2218 1162 2275 liberentur
1192 2218 1219 2272 a
1254 2216 1476 2288 tartara,
1508 2228 1612 2288 quo
1654 2206 1823 2274 beatae

243 2311 475 2382 Virginis
504 2312 815 2366 translatum
861 2318 1053 2380 Corpus
1082 2308 1109 2348 δ
1137 2320 1217 2365 est
1260 2310 1327 2365 de
1370 2308 1639 2380 sepulcro.
1671 2302 1820 2379 Quod

237 2400 358 2473 ipse
386 2410 638 2475 praestare
663 2404 928 2475 dignetur,
954 2405 1041 2475 qui
1073 2404 1127 2458 in
1154 2396 1421 2459 Trinitate
1453 2404 1683 2475 perfecta
1716 2406 1789 2461 vi.

784 2495 1020 2547 Collectio
1043 2497 1101 2545 ad
1124 2500 1308 2559 pacem.

317 2581 454 2638 Deus
478 2582 795 2637 universalis
839 2584 1097 2636 machina:
1128 2588 1469 2652 propagator,
1500 2582 1588 2653 qui
1623 2585 1671 2638 in
1706 2596 1829 2638 sau-

240 2671 345 2727 ctls
388 2671 718 2741 spiritaliter,
750 2673 801 2726 in
844 2672 1007 2727 Matre
1035 2686 1162 2728 vero
1191 2673 1406 2742 Virgine
1435 2662 1598 2730 etiam
1629 2684 1823 2741 corpo-

243 2763 428 2819 raliter
471 2764 748 2827 habitasti;
779 2777 898 2834 quas
926 2764 1089 2818 ditata
1130 2773 1234 2819 tua:
1278 2766 1622 2834 plenitudinis
1671 2767 1830 2823 uber-

242 2863 382 2919 tate;
434 2855 839 2911 mansuetudine
887 2856 1117 2921 florens,
1166 2859 1389 2913 caritate
1443 2860 1650 2930 vigens,
1702 2876 1829 2928 pace

242 2946 497 3018 gaudens,
530 2948 728 3017 pietate
770 2950 1099 3018 praseeltens,
1131 2944 1199 3002 ab
1227 2950 1415 3019 angelo
1443 2953 1611 3021 gratia
1644 2954 1819 3021 plena,

247 3040 314 3094 ab
342 3038 608 3096 Elisabeth
650 3040 943 3104 benedicta,
978 3055 1005 3093 a
1038 3040 1295 3096 Gentibus
1338 3042 1528 3097 merito
1568 3042 1828 3114 prmdica-

247 3140 332 3186 tur
357 3132 541 3198 beata;
573 3131 727 3203 cujus
764 3134 917 3189 nobis
946 3133 1078 3189 fides
1108 3135 1420 3205 mysterium
1442 3176 1455 3200 ,
1488 3144 1673 3204 partus
1697 3138 1829 3207 g‘au-

244 3221 414 3287 dium,
443 3224 548 3277 vita
573 3233 899 3293 provectum,
923 3224 1190 3279 discessus
1214 3224 1394 3278 attulit
1417 3225 1519 3278 hoc
1539 3224 1828 3295 festivum;

246 3329 525 3383 precantur
550 3316 839 3385 supplices,
870 3324 929 3371 nt
958 3330 1173 3385 pacem,
1205 3330 1325 3386 quas
1358 3318 1410 3371 in
1438 3318 1830 3387 Adsumptione

230 3407 430 3466 .Ilatris
474 3416 600 3463 tunc
644 3410 913 3479 praebuisti
958 3409 1251 3478 discipulis,
1296 3410 1543 3465 sollemni
1588 3410 1619 3451 δ
1666 3426 1835 3481 nuper

245 3498 493 3569 iargiaris
520 3499 573 3554 in
601 3500 827 3565 cunctis,
857 3498 1105 3554 Salvator
1130 3498 1348 3569 mundi,
1372 3500 1463 3572 qui
1490 3515 1612 3557 cum
1643 3501 1828 3571 Patre,

245 3596 307 3646 et
329 3587 533 3659 Spiritu
559 3597 748 3646 sancto
781 3588 943 3643 vivis.

866 3680 1182 3732 Coutestatio.

318 3764 549 3837 Dignum
575 3775 631 3820 et
655 3773 858 3833 ,ustum
889 3774 1000 3831 est,
1045 3765 1386 3835 omnipotens
1418 3765 1580 3832 Deus,
1612 3780 1711 3823 nos
1741 3766 1834 3823 tibi

246 3872 467 3928 magnas
505 3857 693 3913 merito
736 3855 933 3925 gratias
963 3871 1141 3926 agere,
1174 3864 1417 3925 tempore
1455 3856 1831 3921 celeberrimo,

246 3950 335 4007 die
364 3965 472 4020 prae
498 3950 688 4005 reteris
718 3949 1047 4005 honorando.
1076 3949 1194 4017 Qun
1224 3946 1397 4003 fidelis
1424 3947 1628 4003 lsrahel
1656 3963 1837 4019 egres-

245 4057 339 4099 sus
364 4040 533 4099 estde
560 4037 813 4111 Egypto,
838 4055 941 4110 quo
971 4040 1129 4110 Virgo
1157 4039 1200 4094 D
1224 4040 1251 4094 vi
1277 4039 1517 4095 Genitrix
1540 4038 1610 4095 de
1636 4040 1837 4095 mundo

245 4133 495 4204 migravit
516 4134 582 4189 ad
605 4134 896 4191 Christum.
923 4134 1052 4201 Quae
1080 4148 1180 4189 nec
1198 4133 1266 4189 de
1286 4133 1634 4202 corruptione
1655 4148 1838 4189 susce-

244 4230 328 4300 pit
371 4229 702 4298 contagium.
737 4228 895 4300 213
936 4243 1034 4284 nec
1080 4229 1464 4284 resolutionem
1518 4229 1736 4294 pertulit
1784 4230 1838 4284 in

246 4319 531 4390 sepulcro;
577 4319 865 4390 pollutione
912 4320 1110 4385 libera,
1159 4320 1403 4391 germine
1445 4320 1708 4390 gloriosa,
1752 4335 1837 4377 as-

232 4413 555 4483 sumptione
581 4427 791 4479 secura,
824 4412 1071 4483 paradiso
1116 4412 1241 4469 dote
1290 4412 1537 4483 pmlata;
1590 4412 1838 4468 nesciens

248 4501 445 4559 damna
475 4502 543 4558 de
567 4503 708 4558 coitu
726 4541 741 4566 ,
772 4516 990 4559 sumens
1014 4510 1135 4559 vota
1162 4502 1230 4559 de
1257 4503 1461 4569 fructu;
1490 4519 1597 4558 non
1626 4503 1838 4559 subdita

248 4598 423 4654 dolori
474 4612 567 4667 per
614 4607 853 4667 partum,
896 4612 999 4651 non
1047 4597 1214 4650 labori
1262 4611 1355 4665 per
1398 4596 1708 4666 transitum,
1743 4612 1839 4653 nec

249 4690 359 4744 vita
385 4688 679 4753 voluntate,
712 4701 814 4744 nec
845 4688 1003 4742 funus
1031 4688 1259 4743 solvitur
1286 4688 1335 4741 vi
1367 4697 1593 4743 naturas.
1622 4689 1840 4757 Specio-

248 4794 347 4836 sus
388 4778 675 4844 thalamus,
716 4777 784 4833 de
819 4793 927 4847 quo
963 4778 1154 4849 dignus
1200 4778 1377 4848 prodit
1418 4778 1700 4847 Sponsus,
1751 4780 1840 4835 lux

252 4872 521 4941 gentium,
552 4884 673 4938 spes
715 4866 981 4934 fidelium,
1024 4884 1149 4938 spes
1196 4868 1462 4935 fidelium,
1506 4870 1687 4939 praedo
1726 4872 1841 4927 da:-

252 4980 504 5031 monutn,
536 4963 776 5020 confusio
804 4962 1139 5033 Judaorum,
1170 4963 1441 5019 vasculum
1485 4962 1630 5032 vitae,
1661 4965 1842 5021 taber-

254 5058 504 5114 naculum
534 5056 734 5125 glorite,
769 5056 1019 5125 templum
1061 5054 1276 5111 cteleste
1302 5072 1317 5108 :
1346 5054 1499 5123 cujus
1540 5055 1844 5123 juvenculte

258 5148 451 5205 melius
482 5148 836 5218 medicantur
865 5149 1077 5211 merita,
1117 5161 1237 5201 cum
1276 5148 1473 5203 veteris
1505 5147 1629 5201 Eva;
1656 5145 1837 5202 confe-

259 5251 451 5296 runtur
477 5240 744 5309 exempla.
779 5238 1049 5309 Siquidem
1081 5237 1179 5292 ista
1212 5238 1411 5293 mundo
1454 5238 1611 5293 vitam
1656 5250 1841 5307 protu-

262 5334 320 5387 lit
340 5373 355 5396 ,
384 5331 469 5387 illa
501 5331 673 5403 legem
706 5329 892 5386 mortis
922 5329 1155 5393 invexit;
1187 5329 1277 5384 illa
1316 5328 1716 5397 praevaricando
1746 5345 1842 5384 nos

261 5422 520 5492 perdidit,
554 5422 651 5476 ista
679 5419 983 5490 generando
1022 5419 1267 5474 salvavit.
1300 5419 1391 5473 Illa
1433 5434 1531 5473 nos
1568 5435 1724 5486 pomo
1752 5434 1840 5475 ar-

260 5514 407 5570 boris
444 5514 498 5568 in
543 5513 654 5584 ipsa
697 5513 879 5568 radice
921 5510 1213 5582 percussit;
1244 5527 1308 5565 ex
1351 5510 1508 5579 hujus
1552 5512 1696 5581 virga
1741 5511 1840 5566 flos

260 5605 420 5670 exiit,
450 5604 538 5674 qui
570 5618 665 5657 nos
692 5602 857 5659 odore
882 5602 1157 5669 reﬁceret,
1181 5599 1329 5671 fruge
1349 5609 1582 5655 curaret.
1610 5600 1701 5655 illa
1732 5616 1842 5655 ma-

340 5768 363 5795 ⁸
397 5740 595 5813 Eadem
628 5744 725 5811 fuit
750 5756 1024 5821 persuasio
1052 5752 1291 5827 Gregorii
1322 5756 1492 5824 episc.
1518 5754 1844 5811 Turonensis

263 5830 320 5885 in
351 5828 444 5881 lib.
471 5828 579 5883 tde
603 5827 776 5882 Gibria
808 5834 1099 5896 martyrum
1118 5867 1132 5890 ,
1162 5832 1278 5895 cap.
1309 5828 1361 5879 4.

338 5896 369 5941 δ
396 5898 697 5971 [agendum
742 5908 891 5970 puto,
918 5895 1251 5969 sauciauit",
1282 5910 1409 5961 seu,
1454 5906 1510 5950 ut
1542 5903 1747 5950 veteres
1777 5896 1841 5949 ii-

1934 1963 2033 2015 nisi
2072 1962 2231 2016 etiam
2265 1964 2422 2017 talem
2469 1974 2689 2021 matrem
2731 1966 3045 2023 adornasset
3081 1982 3325 2037 egressu.
3353 1965 3519 2023 Recte

1932 2053 2001 2108 ab
2029 2055 2143 2123 ipso
2180 2066 2423 2121 suscepta
2453 2071 2511 2112 es
2552 2058 2603 2110 in
2647 2060 3025 2128 Assumptione
3068 2060 3314 2127 feliciter,
3356 2076 3513 2131 quem

1934 2146 2017 2216 pie
2048 2149 2326 2217 suscepisti
2376 2157 2695 2219 conceptura
2738 2167 2832 2221 per
2863 2151 3019 2207 fidem
3042 2195 3055 2221 ,
3089 2161 3147 2207 ut
3190 2168 3308 2222 qua:
3358 2161 3516 2208 terrm

1934 2257 2039 2297 non
2076 2257 2196 2297 eras
2241 2245 2473 2307 conscia,
2518 2259 2623 2298 non
2670 2254 2873 2299 teneret
2915 2259 3077 2313 rupes
3123 2245 3344 2300 inclusa.
3380 2244 3519 2300 Vere

1933 2332 2157 2387 diversis
2188 2332 2365 2388 infulis
2390 2335 2560 2387 anima
2592 2334 2900 2404 redempta:
2928 2336 3011 2389 cui
3041 2336 3271 2404 aposmli
3296 2350 3511 2392 sacrum

1934 2423 2161 2478 reddunt
2204 2423 2553 2493 obsequium,
2595 2424 2769 2495 angeli
2812 2433 3058 2492 cantum,
3107 2426 3352 2485 Christus
3405 2440 3518 2481 am-

1934 2515 2177 2584 plexum,
2203 2516 2359 2569 nubis
2387 2515 2683 2571 vehiculum
2704 2558 2717 2576 .
2742 2518 3035 2585 assumptio
3065 2518 3369 2587 paradisum
3388 2559 3404 2582 ,
3436 2518 3517 2572 in-

1935 2613 2016 2659 ter
2035 2605 2228 2661 choros
2248 2606 2505 2675 virginum
2528 2607 2696 2679 gloria
2725 2608 3099 2678 principatum,
3124 2624 3217 2677 per
3238 2608 3511 2664 Christum

1935 2695 2214 2754 Dominum
2241 2710 2501 2757 nostrum.
2530 2700 2628 2757 Cui
2652 2702 2841 2773 Angeli
2870 2712 3030 2774 atque
3059 2702 3378 2774 Archangeli
3407 2718 3512 2759 non

1937 2802 2076 2844 cess.
2455 2860 2690 2912 Collectio
2716 2869 2821 2925 post
2846 2864 3068 2913 Sanctus.

2004 2936 2147 2997 Vere
2184 2951 2419 3005 sanctus,
2452 2958 2577 2999 vere
2601 2942 2867 3014 gloriosus
2911 2942 3229 3015 Unigenitus
3262 2955 3382 3000 tuus
3418 2946 3522 3001 Do-

1934 3033 2108 3086 minus
2139 3042 2319 3089 noster
2342 3031 2496 3089 Iesus
2528 3034 2788 3099 Christus,
2821 3035 2908 3107 qui
2941 3052 3059 3091 Clllll
3100 3037 3163 3091 de
3196 3054 3315 3103 suo,
3355 3037 3518 3094 Geni-

1935 3126 2036 3180 tori
2067 3120 2208 3180 esset
2237 3127 2477 3197 aequalis,
2509 3127 2573 3181 de
2604 3139 2786 3183 nostro
2817 3126 2982 3183 factus
3008 3139 3091 3184 est
3124 3131 3295 3185 minor
3331 3130 3397 3185 ab
3428 3146 3524 3185 an-

1936 3216 2091 3286 gelis,
2122 3227 2175 3274 et
2202 3232 2267 3273 ex
2299 3219 2455 3273 Patre
2502 3218 2704 3274 habens
2743 3222 3233 3289 immortalitatem,
3267 3240 3329 3277 ex
3365 3214 3525 3279 Matre

1937 3310 2078 3381 quod
2117 3321 2415 3367 moreretur
2452 3312 2782 3382 adsumpsit,
2816 3323 2873 3368 ut
2906 3312 2957 3368 in
2986 3330 3045 3369 se
3076 3314 3329 3371 liberaret
3360 3329 3525 3384 genus

1940 3401 2227 3457 humanum
2257 3403 2323 3458 de
2354 3412 2575 3468 tartaro,
2606 3404 2728 3459 dum
2758 3405 2925 3473 ipsum
2955 3421 3098 3459 mors
3128 3422 3234 3461 non
3268 3406 3436 3461 tenuit
3467 3407 3517 3460 in

1938 3496 2203 3568 sepulcro.
2230 3496 2391 3570 214
2419 3498 2535 3569 Ipse
2560 3497 2700 3553 enim
2724 3496 2861 3568 prid.
2885 3514 3042 3568 quam
3070 3508 3179 3569 pat.

2504 3590 2622 3641 Post
2645 3592 2943 3655 mysterium.

2016 3664 2340 3739 Descendat,
2376 3672 2619 3741 Domine,
2664 3672 2716 3728 in
2751 3670 2831 3727 his
2860 3673 3134 3729 sacrificiis
3167 3682 3270 3729 tuze
3305 3672 3524 3729 benedi-

1939 3760 2130 3822 ctionis
2158 3776 2457 3822 coaeternus
2498 3777 2549 3821 et
2592 3778 2904 3836 cooperator
2947 3766 3240 3821 Paraclitus
3263 3766 3514 3837 Spiritus,

1940 3848 1999 3915 ut
2025 3848 2347 3915 oblationem
2394 3874 2551 3930 quam
2594 3854 2689 3913 tibi
2728 3858 2795 3913 de
2843 3867 2928 3912 tua
2980 3846 3120 3913 terra
3167 3857 3522 3914 fructificante

1940 3956 2294 4024 porregimus,
2346 3953 2544 4009 ctelesti
2575 3963 2598 3991 ο
2648 3951 3138 4023 permuueratione,
3184 3960 3237 4007 te
3283 3944 3523 4005 Sanctifi-

1939 4057 2115 4112 cante,
2144 4060 2438 4110 sumamus,
2470 4056 2527 4099 ut
2552 4045 2805 4100 translata
2836 4046 2983 4116 fruge
3008 4046 3057 4098 in
3081 4060 3327 4115 corpore,
3355 4046 3522 4101 calice

1941 4138 1994 4194 in
2024 4152 2235 4203 cruore,
2285 4138 2527 4207 proficiat
2555 4137 2782 4203 meritis,
2809 4137 2948 4205 quod
2981 4136 3269 4192 obtulimus
3298 4151 3394 4204 pro
3423 4136 3518 4192 de-

1941 4230 2102 4287 lictis.
2134 4229 2332 4285 Praesta
2380 4229 2718 4299 omnipotens
2743 4228 2907 4295 Deus,
2940 4229 3031 4299 qui
3074 4227 3211 4284 vivis
3239 4238 3293 4284 et
3332 4242 3523 4300 regnas

1945 4322 1999 4377 in
2024 4321 2244 4378 stecula.
2378 4372 2383 4379 .

2353 4391 2480 4441 Ante
2505 4393 2782 4442 orationem
2806 4389 3120 4440 Dominicam.

2020 4460 2221 4528 Eiaudi
2242 4514 2257 4541 ,
2289 4464 2627 4544 omnipofens
2655 4486 2856 4529 aeterne
2880 4470 3042 4555 Dens
3088 4468 3380 4544 supplicem
3413 4472 3523 4543 ple-

1947 4566 2065 4622 bem
2094 4572 2236 4621 tuam
2267 4566 2335 4621 ob
2366 4556 2620 4621 honorem
2651 4566 2827 4622 Marias
2871 4556 3191 4620 beatissima;
3220 4565 3529 4635 genitricis;

1867 4628 1922 4716 b
1944 4664 1997 4716 et
2026 4663 2095 4715 ita
2129 4676 2314 4729 preces
2343 4670 2554 4714 nostras
2586 4660 2841 4729 benignus
2885 4658 3118 4725 intende,
3151 4628 3356 4714 utwcum
3388 4628 3523 4713 ίίάὰί

1945 4751 2023 4807 cia
2050 4750 2229 4805 dicere
2260 4738 2557 4805 mereamur
2583 4747 2910 4813 orationem,
2942 4762 3099 4816 quam
3138 4761 3234 4800 nos
3267 4746 3526 4802 Dominus

1948 4856 2129 4901 noster
2155 4844 2307 4900 Jesus
2347 4830 2588 4899 Christus
2628 4839 2795 4897 Filius
2839 4834 2960 4897 tu'us'
3002 4844 3157 4895 orare
3198 4838 3275 4895 sic
3310 4838 3524 4907 docuit,

1947 4936 2130 4993 dicens
2157 4954 2169 4989 :
2206 4926 2380 4992 Pater.

2363 5048 2481 5100 Post
2503 5050 2773 5100 orationem
2795 5030 3117 5100 Dominicam.

2023 5146 2213 5219 Libera
2245 5160 2340 5200 nos
2370 5144 2437 5199 ab
2463 5145 2606 5199 omni
2634 5144 2797 5209 malo,
2818 5145 2885 5198 ab
2913 5141 3060 5198 omni
3092 5141 3312 5219 delicto,
3343 5152 3532 5201 auctor

1950 5218 2184 5293 omnium
2217 5236 2475 5291 bonorum
2505 5245 2558 5289 et
2585 5236 2853 5302 conditor,
2882 5234 3055 5299 Deus;
3083 5218 3139 5289 et
3162 5234 3531 5291 intercedente

1953 5328 2104 5383 beata
2143 5327 2307 5382 Maria
2333 5325 2587 5396 genitrice
2617 5335 2728 5392 tua,
2755 5328 2943 5380 contra
2966 5324 3218 5380 cotidiani
3249 5324 3417 5380 hostis
3449 5328 3529 5379 in-

1947 5420 2112 5474 sidias
2153 5416 2417 5473 cotidiana
2462 5432 2561 5471 nus
2606 5417 2936 5487 protectione
2979 5415 3237 5481 defende,
3283 5415 3529 5474 Salvator

1949 5510 2162 5575 mundi,
2200 5510 2286 5582 qui
2332 5525 2454 5566 cum
2500 5509 2677 5571 Patro.
2721 5516 2777 5563 et
2816 5506 3018 5576 Spiritu
3062 5517 3249 5566 sancto
3294 5510 3431 5567 vivis
3478 5521 3531 5568 et

1948 5619 2159 5675 regnas.

1949 5756 2032 5811 bri
2047 5798 2062 5822 ,
2080 5730 2455 5829 sollemniter,
2485 5770 2591 5829 pro
2606 5726 2845 5829 sollemni,
2867 5774 3049 5829 nuper.

2024 5808 2062 5865 ε’
2079 5808 2205 5879 Noti
2223 5808 2418 5881 militia
2435 5808 2557 5895 quin
2581 5808 2766 5898 legend
2771 5808 3155 5898 uini-hocﬂloco,
3183 5808 3377 5885 cwfesfi

1948 5897 2249 5965 mentione,
2282 5906 2340 5951 ut
2367 5896 2640 5965 sequentia
2671 5895 2916 5964 probant.
