4048 6350
572 293 670 355 si?

1102 404 1396 459 Benedictio
1418 403 1597 470 populi.

643 493 803 562 Deus,
831 494 948 566 qui,
993 506 1112 548 cum
1157 503 1210 547 te
1239 506 1344 546 non
1387 491 1601 562 capiunt
1639 487 1788 554 caeli,
1815 485 2062 558 dignatus
2091 501 2150 543 es

573 588 625 643 in
660 590 859 657 templo
903 588 1037 642 uteri
1070 585 1354 656 Virginalis
1393 583 1608 639 includi.
1648 585 1839 638 Amen.
1873 579 1944 636 Ut
1981 589 2152 636 mater

573 682 776 750 integra
812 681 1032 735 haberet
1069 679 1298 735 fructum
1326 677 1394 732 de
1434 675 1656 744 spiritu,
1695 682 1749 730 et
1794 673 2153 738 incorruptio-

573 789 694 832 nem
726 774 792 827 de
823 782 999 836 partu.
1029 773 1220 826 Amen.
1251 770 1324 824 Da
1357 769 1496 840 plebi
1538 765 1798 836 Angelum
1845 763 2150 830 custodem,

573 864 662 930 qui
693 863 881 917 Filium
912 862 1113 926 Mariae,
1145 861 1248 915 ﬁde
1273 858 1627 928 concipiente,
1661 855 1924 926 praedixit.
1958 857 2148 910 Amen.

575 955 884 1009 Sanctiﬁcet
911 968 1126 1024 gregem
1156 961 1301 1006 tuum
1333 950 1418 1004 illa
1442 948 1763 1012 benedictio,
1786 962 1903 1017 quae
1928 946 2044 1002 sine
2068 960 2155 1002 se-

576 1049 721 1106 mine
771 1047 1004 1102 humano
1052 1046 1496 1116 Dedemptorem,
1542 1041 1774 1112 Virginis
1824 1040 2053 1094 ﬁrmavit
2099 1040 2152 1095 in

573 1151 748 1195 utero.
783 1143 976 1196 Amen.
1007 1139 1109 1206 Ut,
1140 1148 1192 1194 te
1235 1145 1562 1206 protegente,
1596 1133 1799 1189 exultet
1829 1130 2064 1186 Ecclesia
2088 1130 2156 1186 de

573 1243 896 1304 congregato
945 1232 1171 1302 populo;
1217 1230 1356 1285 sicut
1395 1229 1555 1284 Maria
1606 1226 1801 1281 meruit
1835 1223 2048 1296 gloriari
2088 1222 2158 1280 de

574 1327 764 1379 fructu.
797 1326 990 1379 Amen.
1018 1322 1170 1391 Quod
1201 1321 1316 1391 ipse
1345 1328 1601 1390 prestare
1633 1317 1892 1389 digneris,
1915 1315 2005 1386 qui
2035 1330 2154 1370 cum

572 1415 729 1470 Patre
750 1425 801 1469 et
828 1415 1026 1485 Spiritu
1052 1423 1237 1471 sancto
1256 1413 1394 1467 vivis
1419 1419 1474 1466 et
1499 1424 1690 1485 regnas
1718 1409 1859 1465 Deus
1882 1408 1935 1464 in
1961 1407 2155 1464 saecula

573 1509 912 1563 smculorum.
936 1510 1129 1563 Amen.

1095 1600 1214 1652 Post
1234 1600 1611 1655 Eucharistiam.

644 1685 862 1752 Adesto,
895 1700 1224 1756 quaesumus,
1258 1685 1481 1740 Domine
1511 1681 1756 1738 ﬁdelibus
1789 1680 1914 1748 tuis,
1947 1687 2007 1736 ut
2035 1694 2158 1751 quat

1278 285 1628 348 APPENDIX
1668 287 1758 343 AD
1795 283 2025 342 OPERA
2065 283 2308 344 SANCTI
2345 281 2652 341 GERMANI
2693 279 3136 342 PARISIENSIS.

2176 399 2352 464 Avit.
2403 398 2540 457 Vere
2583 409 2668 457 est
2713 400 2857 458 enim
2900 397 3244 456 honorandus
3299 394 3494 470 hujus
3525 393 3845 466 dieinatalis,

3767 285 3846 342 ω

2254 509 2374 565 qua:
2400 495 2480 551 sic
2510 503 2720 550 terrena
2759 493 3106 566 generatione
3134 492 3428 565 processit
3448 532 3467 558 ,
3501 498 3568 547 ut
3593 491 3664 546 ad
3689 490 3849 548 divini-

2256 586 2383 641 tatis
2410 588 2741 644 consortium
2773 603 2867 658 per
2885 587 3367 646 consecrationem
3399 582 3740 655 virginitatis
3761 599 3851 656 pet-

2255 679 2488 738 veniret.
2521 681 2624 738 Per
2653 681 2954 740 Dominum.

2775 772 3009 826 Collectio
3033 775 3091 825 ad
3115 786 3308 839 pacem.

2325 859 2472 914 Laeta
2519 872 2650 926 nos,
2695 857 2956 926 Domine,
3006 874 3324 930 quaesumus
3351 900 3373 930 ,
3411 858 3610 918 beata
3636 863 3850 934 martyris

2263 958 2368 1005 tute
2399 953 2582 1020 Agnes
2608 949 2868 1006 festivitas
2896 965 3111 1020 semper
3139 953 3420 1024 excipiat,
3463 968 3601 1022 quae
3628 963 3687 1010 et
3705 955 3852 1024 jucun-

2257 1041 2477 1097 ditatem
2509 1041 2664 1097 nobis
2713 1057 2824 1098 suae
2851 1043 3255 1113 gloriﬁcationis
3277 1087 3296 1111 ,
3355 1055 3423 1100 et
3471 1047 3634 1116 pacis
3665 1046 3850 1102 sinceri-

2265 1143 2429 1191 tatem
2458 1135 2721 1204 infundat,
2751 1143 2807 1191 et
2837 1135 2929 1192 tibi
2953 1151 3049 1193 nos
3074 1137 3265 1195 reddat
3283 1148 3604 1210 acceptos.
3656 1139 3753 1197 Per
3775 1141 3853 1196 Do-

2262 1229 2488 1284 minum.

2910 1323 3204 1378 lmmolatio.

2333 1403 2476 1462 Vere
2503 1403 2718 1474 dignum
2739 1447 2754 1473 ,
2785 1414 2840 1462 et
2875 1404 3078 1477 justum
3107 1416 3212 1464 est.
3243 1407 3376 1464 Tibi
3413 1410 3577 1466 enim
3597 1453 3614 1477 ,
3649 1409 3849 1476 Domine,

2261 1495 2393 1552 festa
2417 1496 2730 1552 solemnitas
2761 1498 2955 1568 agitur,
3005 1497 3098 1553 tibi
3130 1498 3248 1555 dies
3275 1510 3517 1555 sacrata
3557 1502 3724 1573 εις
3747 1504 3853 1557 cele-

2261 1587 2469 1657 bratur,
2498 1605 2656 1658 quam
2699 1591 2868 1647 beatae
2915 1593 3094 1664 Agnes
3122 1594 3352 1664 virginis
3393 1597 3639 1667 sanguis
3669 1596 3718 1650 in
3743 1596 3846 1652 veri-

2263 1683 2388 1736 tatis
2435 1691 2540 1738 tute
2571 1684 2944 1742 testiﬁcatione
2977 1686 3230 1756 profusus
3251 1731 3269 1757 ,
3309 1689 3632 1760 magniﬁco
3660 1689 3849 1744 nominis

575 1781 802 1852 sumpsit
831 1781 1077 1845 ﬁdeliter,
1105 1788 1160 1836 et
1187 1788 1367 1835 mente
1389 1777 1490 1832 sibi
1514 1787 1564 1832 et
1587 1790 1832 1847 corpore,
1859 1776 2027 1830 beata:
2049 1774 2158 1829 Μαι
2189 1789 2238 1852 Β
2266 1776 2340 1829 tui
2392 1775 2596 1832 honore
2641 1779 2894 1850 signavit.
2941 1780 3037 1834 Cui
3085 1781 3152 1835 ad
3202 1781 3630 1839 miriﬁcandam
3665 1782 3842 1852 gratiam

575 1872 668 1927 riae
699 1872 1084 1927 intercessione
1110 1869 1393 1925 custodiat.
1439 1867 1592 1936 Quod
1635 1869 1748 1937 ipse
1793 1873 2049 1934 praestare
2078 1864 2161 1919 di-

576 1965 779 2032 gneris,
808 1965 895 2034 qui
925 1979 1045 2019 cum
1075 1972 1278 2020 aeterno
1306 1963 1464 2018 Patre
1486 1961 1620 2016 vivis
1647 1949 1714 2015 ρι’
1730 1973 1942 2029 regnas.

1132 2055 1364 2107 Collectio
1386 2058 1623 2118 sequitur.

654 2141 991 2208 Qiimsumtts,
1017 2139 1238 2194 Domine
1261 2139 1402 2194 Deus
1429 2148 1633 2204 noster,
1661 2145 1748 2202 ut,
1773 2134 2162 2190 interveniente

583 2233 734 2288 beata
765 2231 952 2298 Maria,
979 2239 1315 2287 sacrosancta
1353 2229 1629 2301 mysteria,
1664 2243 1782 2298 qua:
1813 2227 2159 2297 sumpsimus,

581 2332 700 2378 actu
747 2322 1135 2391 subsequamur
1175 2330 1228 2375 et
1267 2334 1463 2385 sensu,
1504 2328 1557 2373 et
1605 2332 1720 2387 ejus
1764 2315 1917 2370 nobis
1961 2315 2166 2369 indulta

583 2415 803 2472 refectio
831 2416 993 2469 vitam
1033 2414 1274 2469 conferat
1321 2413 1724 2482 sempiternam.
1772 2409 1873 2464 Per
1909 2425 2034 2465 eum
2076 2408 2167 2480 qui

585 2517 760 2563 tecum
791 2497 845 2561 et
872 2521 993 2563 cum
1018 2505 1215 2574 Spiritu
1239 2513 1426 2558 sancto
1451 2503 1583 2557 vivit
1609 2510 1663 2556 et
1689 2510 1893 2570 regnat.

626 2598 762 2654 XIII.
795 2612 942 2652 HISSA
973 2611 1026 2651 In
1055 2611 1267 2650 ΝΑτΑιιε
1299 2609 1462 2650 sones
1491 2607 1720 2648 vtnctms
1746 2607 1816 2647 ετ
1843 2605 2129 2647 nn'rvttts.

666 2687 825 2759 215
853 2688 904 2740 In
937 2689 1105 2742 beatte
1127 2685 1376 2755 martyris
1403 2685 1582 2753 Agnes
1612 2682 1847 2736 natalitia
1875 2681 2172 2752 tripudian-

597 2789 697 2842 tes,
724 2778 918 2832 fratres
942 2776 1236 2844 carissimi,
1270 2775 1467 2830 devoto
1501 2773 1661 2828 corde
1690 2771 2170 2827 Dominoaadsista-

592 2885 733 2930 mus.
768 2868 903 2924 Vere
930 2867 1072 2923 enim
1119 2866 1279 2938 hujus
1305 2875 1388 2921 est
1432 2866 1775 2921 honorandus
1802 2865 2025 2930 natalis,
2053 2879 2172 2933 qua:

594 2964 675 3017 sic
705 2970 825 3015 nata
863 2959 1192 3023 est'mundo,
1211 2968 1271 3014 ut
1297 2959 1368 3013 sit
1391 2959 1531 3015 coelo
1560 2968 1773 3023 renata;
1805 2960 1882 3012 sic
1911 2957 2010 3013 sub
2030 2971 2175 3011 mor-

593 3062 646 3108 te
675 3052 806 3123 legis
839 3059 1113 3121 procreata
1140 3093 1154 3118 ,
1202 3060 1260 3106 ut
1304 3058 1610 3106 contereret
1638 3050 1826 3106 mortis
1867 3058 2170 3115 auctorem;

596 3146 680 3200 sic
704 3143 917 3199 inﬁrmo
946 3157 1076 3196 sexu
1107 3140 1318 3196 condita
1343 3182 1358 3207 ,
1391 3150 1450 3196 ut
1479 3141 1759 3196 metuenda
1791 3139 1917 3195 viris
1947 3138 2174 3194 fortibus

601 3235 904 3306 despiceret
933 3242 1229 3298 tormenta;
1257 3233 1334 3288 sic
1361 3231 1531 3304 fragili
1561 3231 1865 3286 conditione
1894 3231 2172 3300 producta,

598 3336 660 3382 ut
713 3326 884 3396 puella
943 3325 1234 3396 virginibus
1290 3333 1345 3381 et
1397 3324 1749 3395 potestatibus
1799 3322 2171 3392 triumpharet.

594 3415 640 3469 0
669 3430 792 3471 vera
839 3415 1086 3471 nobilitas
1109 3458 1123 3481 ,
1175 3430 1292 3486 qua:
1336 3415 1412 3470 sic
1441 3425 1652 3470 terrena
1682 3414 2027 3484 generatione
2054 3427 2178 3481 pro-

593 3509 777 3572 cessit,
810 3517 864 3561 ut
893 3509 957 3562 ad
990 3507 1285 3562 divinitatis
1314 3507 1643 3562 consortium
1674 3505 2012 3574 perveniret!
2045 3503 2176 3558 Ore-

591 3617 712 3656 mus
761 3615 888 3670 ergo
933 3609 992 3654 ut
1042 3617 1138 3668 pro
1187 3599 1340 3654 nobis
1385 3597 1708 3652 interveniat
1745 3594 2027 3664 precibus,
2058 3607 2176 3664 quin

603 3693 761 3761 digna
794 3692 1006 3747 adsistit
1031 3691 1225 3746 divinis
1267 3688 1560 3744 obtutibus.
1601 3687 1752 3755 Quod
1783 3687 1895 3756 ipse
1921 3695 2178 3758 praestare

596 3785 844 3854 dignetur
870 3785 960 3854 qui
987 3798 1110 3840 cum
1158 3783 1351 3850 Patre,
1402 3789 1460 3838 et
1503 3778 1704 3851 Spiritu
1753 3788 1939 3836 saneto
1967 3779 2095 3836 vivit
2122 3789 2176 3837 et

587 3883 797 3947 regnat.

1134 3944 1370 3996 Collectio
1390 3945 1631 4008 sequitur.

669 4030 812 4087 Deus
837 4029 1073 4086 victricis
1104 4029 1280 4100 Agnes
1306 4028 1516 4100 adjutor
1551 4039 1605 4085 et
1635 4027 1914 4100 prmmium
1937 4070 1952 4094 ,
1981 4027 2174 4085 exaudi

589 4138 693 4180 nos
722 4122 866 4178 illius
891 4124 1192 4178 interventu
1218 4163 1236 4188 ,
1286 4120 1439 4192 cujus
1481 4121 1741 4191 passionis
1769 4122 2000 4177 natalem
2035 4123 2178 4177 cele-

589 4217 841 4281 bramus;
885 4215 971 4270 cui
1021 4215 1150 4270 tanti
1199 4215 1437 4270 muneris
1483 4214 1708 4285 gratiam
1754 4213 2065 4283 contulisti,
2117 4223 2177 4270 ut

590 4305 887 4373 diabolum,
919 4308 1009 4376 qui
1039 4321 1133 4377 per
1164 4305 1328 4360 Evam
1357 4305 1642 4362 humanum
1671 4321 1835 4376 genus
1863 4321 2024 4363 omne
2050 4307 2177 4363 sub-

597 4406 854 4464 verterat,
887 4407 1071 4455 tenera
1099 4396 1255 4454 aetate
1292 4399 1471 4468 Agnes
1494 4405 1827 4463 contereret,
1854 4406 1910 4454 et
1930 4413 2066 4453 sexu
2097 4400 2176 4452 itt-

594 4491 775 4546 becilli
801 4499 1103 4562 superaret,
1136 4490 1376 4544 veritatis
1404 4487 1742 4545 coniessione
1769 4498 2169 4559 prosterneret:

2263 1876 2408 1922 tuam
2436 1911 2450 1934 ,
2483 1869 2536 1924 in
2568 1879 2754 1925 tenero
2783 1871 2958 1928 adhuc
2978 1887 3238 1944 corpore,
3273 1884 3333 1930 et
3365 1876 3624 1930 necdum
3651 1875 3846 1944 puellm

2261 1963 2394 2017 flore
2420 1971 2658 2025 maturo.
2692 1963 2830 2020 hanc
2861 1965 3108 2021 virtutem
3141 1965 3268 2022 ﬁdei
3307 1977 3372 2022 et
3409 1968 3697 2036 patientia:
3727 1967 3840 2022 forti-

2262 2053 2502 2110 tudinem
2531 2055 2802 2111 contulisti
2827 2097 2842 2120 ,
2894 2065 2953 2112 ut
2981 2057 3204 2113 saevitia:
3230 2061 3628 2128 persecutoris
3654 2073 3751 2114 non
3775 2073 3839 2112 ce-

2263 2148 2416 2204 deret
2436 2149 2734 2204 constantia
2761 2149 3035 2220 virginalis
3054 2190 3072 2217 ,
3097 2165 3205 2222 quo
3231 2151 3551 2224 gloriosior
3577 2153 3726 2207 ﬁeret
3765 2166 3834 2206 co-

2263 2255 2393 2296 rona
2426 2242 2704 2314 martyrii;
2734 2243 2858 2311 quia
2889 2243 3029 2299 inter
3053 2245 3245 2300 acerba
3276 2245 3565 2316 supplicia
3597 2258 3695 2301 nec
3721 2244 3834 2298 sexui

2266 2336 2438 2406 potuit
2467 2336 2695 2404 eripere,
2729 2349 2828 2390 nec
2849 2338 3012 2392 aetati.
3042 2336 3208 2408 Hujus
3232 2339 3404 2409 igitur
3438 2339 3711 2409 passionis
3729 2336 3833 2391 diem

2268 2430 2525 2486 hodierna
2575 2431 2858 2488 devotione
2902 2433 3274 2501 celebrantes,
3342 2435 3704 2490 immolamus
3743 2431 3830 2493 tibi,

2268 2523 2494 2579 Domine
2542 2523 2685 2579 Deus
2729 2534 2930 2590 noster,
2976 2526 3243 2582 victimam
3268 2526 3483 2583 laudis.
3546 2527 3712 2594 Quam
3746 2537 3835 2579 cunt

2271 2614 2410 2671 Filio
2455 2624 2547 2670 tuo
2575 2615 2802 2672 Domino
2831 2625 3016 2673 nostro
3039 2627 3092 2672 et
3131 2629 3322 2673 sancto
3352 2619 3573 2688 Spiritu
3591 2661 3606 2684 ,
3634 2633 3724 2688 per
3746 2617 3832 2671 cla-

2272 2709 2484 2764 ritatem
2513 2717 2823 2779 regnantem
2851 2749 2868 2774 ,
2912 2724 3036 2764 cum
3076 2709 3280 2780 angelis
3306 2720 3368 2767 et
3398 2707 3738 2781 archangelis
3761 2707 3830 2760 do-

2274 2800 2628 2869 minationes,
2670 2799 3020 2870 principatus,
3060 2809 3475 2870 etpotestates,
3507 2802 3666 2868 caeli,
3703 2800 3832 2856 celo-

2274 2905 2502 2960 rumque
2531 2889 2774 2955 virtutes,
2809 2905 2871 2946 ac
2900 2891 3051 2947 beata
3075 2893 3328 2962 seraphin
3361 2893 3526 2950 socia
3552 2890 3833 2948 exultatione

2277 2981 2675 3049 concelebrant,
2708 2982 2983 3039 dicentes:
3009 2982 3255 3040 Sanctus.

2349 3090 2492 3151 XIV.
2521 3107 2670 3149 IISSA
2701 3109 2752 3148 IN
2782 3110 2992 3150 NATALE
3021 3109 3237 3151 SANCTE
3265 3110 3526 3153 czcmm
3552 3108 3777 3153 vmems.

2204 3179 2250 3243 C
2352 3184 2726 3242 Venerabilem
2757 3200 2820 3241 ac
2844 3187 3126 3243 sublimem
3160 3189 3330 3244 beata:
3361 3190 3626 3263 martyris
3647 3183 3829 3242 Caecilia

2280 3279 2582 3350 passionem
2606 3320 2623 3347 ,
2650 3287 2706 3334 et
2751 3289 2989 3335 sanctam
3027 3281 3431 3338 solemnitatem
3466 3283 3555 3353 pia
3595 3278 3828 3334 devotione

2277 3371 2648 3438 celebrantes,
2696 3382 3130 3430 conservatorem
3177 3376 3424 3430 omnium
3458 3375 3652 3438 Deum,
3680 3369 3826 3423 fratret

2278 3463 2580 3530 carissimi,
2608 3463 2981 3532 deprecemur,
3035 3473 3090 3520 ut
3133 3465 3235 3536 piis
3268 3466 3536 3521 Ecclesiae
3559 3476 3667 3518 suae
3694 3454 3824 3529 preti-

2279 3555 2380 3612 bus
2407 3555 2722 3626 propitiatus
2751 3557 3004 3624 adsistat;
3035 3565 3091 3612 et
3117 3556 3254 3613 sicut
3293 3558 3373 3612 illi
3421 3557 3584 3611 hodie
3614 3561 3822 3609 coronam

2279 3646 2465 3716 dedit,
2518 3648 2673 3704 nobis
2711 3663 2920 3720 quoque
2966 3649 3393 3706 misericordiam
3437 3649 3704 3720 largiatur.
3750 3641 3823 3696 Per

2278 3740 2560 3797 Dominum
2610 3751 2851 3798 nostrum
2901 3742 3084 3798 Jesum
3124 3743 3398 3799 Christum
3457 3742 3645 3798 Filium
3681 3747 3816 3795 suum.

2277 3848 2458 3890 secum
2481 3836 2778 3891 viventem.

2821 3925 3055 3978 Collectio
3085 3930 3326 3991 sequitur.

2348 4007 2696 4079 Omnipotens
2724 4012 3050 4079 sempiterna
3081 4009 3224 4066 Deus
3244 4051 3259 4076 ,
3289 4011 3382 4079 qui
3445 4007 3600 4080 eligis
3653 4001 3818 4059 inﬁrm!

2277 4099 2485 4167 mundi,
2517 4109 2574 4154 ut
2598 4099 2753 4154 fortia
2784 4115 3012 4171 quaeque
3055 4101 3388 4166 confundas,
3444 4101 3512 4156 da
3538 4096 3680 4154 nobis
3700 4092 3742 4145 in
3765 4085 3814 4140 fe

2276 4195 2510 4249 stivitate
2538 4202 2738 4250 sanctae
2767 4195 2996 4250 Caecilia:
3037 4205 3288 4267 martyras
3314 4209 3554 4266 congrua
3583 4184 3815 4245 devouom

2276 4288 2529 4358 gaudere,
2554 4297 2613 4343 ut
2639 4297 2694 4344 et
2722 4287 3012 4359 potentiam
3053 4297 3196 4344 tuam
3229 4289 3281 4343 in
3312 4288 3433 4360 ejus
3465 4285 3698 4358 passione
3722 4279 3808 4330 lau-

2275 4382 2504 4451 demus,
2551 4390 2607 4438 et
2651 4384 2923 4454 provisum
2973 4383 3131 4438 nobis
3174 4383 3534 4454 percipiamus
3580 4372 3808 4432 auxilium.

2277 4475 2381 4532 Per
2439 4477 2719 4532 Dominum
2787 4487 3025 4532 nostrttm
3081 4476 3265 4533 Jesum
3338 4476 3609 4532 Christum
3661 4463 3807 4522 Filium

587 4583 872 4639 evidenter
900 4581 1194 4638 ostendens
1231 4579 1371 4650 quod
1415 4595 1520 4635 non
1551 4581 1723 4635 solum
1755 4590 2026 4650 perpetua:
2065 4579 2170 4634 vir-
2193 4563 2252 4628 D
2276 4580 2448 4628 tuum.

588 4674 822 4745 ginitatis
854 4681 1086 4744 martyra
1133 4681 1282 4728 esset
1329 4680 1386 4727 et
1424 4672 1571 4740 virgo
1601 4686 1872 4738 mansura,
1914 4671 2008 4726 sed
2036 4673 2172 4743 Agni

591 4768 918 4824 immaculati
949 4781 1144 4839 sponsa
1177 4765 1293 4821 ﬁeri
1336 4773 1633 4822 mereretur
1675 4765 1879 4837 integre
1908 4768 1973 4822 de
2003 4767 2172 4820 nomi-

590 4876 681 4916 ne.
709 4862 947 4918 Adsume
973 4877 1103 4935 ergo
1129 4861 1287 4932 hujus
1315 4860 1563 4920 sacriﬁcii
1594 4860 2014 4917 immolationem
2042 4875 2170 4931 gra-

585 4962 783 5022 tanter,
836 4955 925 5026 qui
971 4952 1244 5010 coronasti
1291 4954 1575 5025 gloriosam
1624 4968 1721 5024 pro
1766 4955 1925 5008 tantis
1967 4955 2172 5010 meritis

586 5045 868 5117 virginem.
923 5043 1028 5101 Per
1073 5043 1357 5100 Dominum
1411 5053 1651 5100 nostrum
1680 5044 1862 5101 Iesum
1894 5044 2166 5102 Christum

585 5137 781 5194 Filium
807 5147 978 5194 tuum.

1081 5207 1320 5260 Collectio
1341 5211 1450 5270 post
1471 5210 1684 5265 nomina.

656 5290 799 5347 Deus
819 5330 836 5359 ,
857 5292 948 5362 qui
973 5291 1274 5363 virgineum
1303 5289 1490 5347 ﬂorem
1521 5295 1616 5362 p'er
1644 5291 1826 5347 Maria:
1853 5299 2063 5348 uterum
2087 5305 2170 5347 re-

584 5396 794 5451 novas,
833 5382 1066 5440 reddens
1113 5381 1269 5440 nobis
1310 5383 1364 5438 in
1411 5383 1578 5438 Matre
1620 5385 1844 5453 virgine,
1903 5385 2044 5453 quod
2075 5398 2170 5452 per

586 5479 1012 5535 incontinentem
1060 5478 1325 5549 perditum
1373 5475 1544 5532 fuerat
1573 5486 1832 5544 matrem,
1879 5492 2037 5548 quam
2082 5491 2168 5532 se-

592 5579 820 5643 quentes
843 5578 1040 5626 sanctaa
1059 5571 1296 5641 virgines
1311 5566 1434 5625 cum
1460 5569 1633 5639 palma
1661 5569 1900 5641 martyrii
1924 5569 1992 5624 ad
2019 5578 2168 5626 tuum

587 5679 760 5735 usque
807 5663 1097 5720 thalamum
1145 5673 1524 5734 pervenerunt.
1573 5662 1652 5717 Ex
1682 5663 1876 5733 quibus
1905 5673 1988 5719 est
2015 5663 2168 5718 beata

584 5757 769 5829 Agnes
816 5766 1052 5828 martyra
1084 5797 1100 5824 ,
1151 5755 1305 5825 cujus
1353 5754 1510 5810 hodie
1551 5755 1815 5826 passionis
1856 5755 2170 5812 solemnitas

585 5853 784 5922 agitur,
831 5864 954 5923 quae
994 5864 1093 5906 nos
1127 5848 1193 5904 ad
1227 5847 1464 5905 laetitiam
1508 5864 1619 5904 suae
1646 5849 1944 5909 devotionis
1969 5853 2172 5909 excita-

1811 5940 1831 5972 ἱ

2776 4641 3008 4695 Collectio
3025 4649 3135 4706 post
3157 4643 3369 4694 nomina.

2351 4744 2576 4816 Respice
2601 4789 2615 4814 ,
2663 4744 2887 4800 Domine
2913 4786 2929 4812 ,
2975 4759 3282 4816 quaesumus
3308 4785 3322 4811 ,
3374 4741 3580 4814 plebem
3619 4743 3737 4790 tuam
3760 4724 3805 4777 άο

2279 4846 2478 4893 sanctae
2506 4837 2734 4894 Carciliae
2765 4838 3018 4910 martyris
3057 4836 3445 4910 gloriﬁcatione
3484 4827 3800 4906 gratulantem,

2278 4939 2334 4986 et
2405 4932 2791 5002 beneplacitum
2838 4931 3014 4988 tribue
3060 4939 3390 4986 sacratarum
3452 4927 3544 4984 tibi
3594 4915 3797 4978 mentium

2281 5021 2590 5078 famulatum
2616 5063 2633 5090 ,
2675 5032 2731 5077 ut
2776 5024 2865 5093 qui
2915 5023 2969 5077 in
3009 5023 3211 5078 sanctis
3240 5023 3343 5078 tuis
3376 5031 3428 5077 te
3458 5020 3701 5074 honorare
3722 5013 3797 5057 ηοη

2274 5115 2564 5185 desinunt,
2598 5125 2851 5187 perpetua
2901 5117 3163 5173 donorum
3217 5127 3427 5171 tuorum
3478 5111 3695 5181 largitate
3725 5108 3794 5187 P9‘

2275 5207 2473 5262 tiantur
2499 5224 2515 5274 ;
2539 5185 2761 5278 etquod
2787 5209 3068 5264 visibiliter
3089 5209 3374 5275 exhibent,
3396 5201 3705 5264 invisibiliter
3724 5185 3792 5285 aq-

2273 5299 2642 5370 prehendant;
2699 5308 2758 5355 ut
2807 5300 2946 5356 sicut
2991 5300 3137 5356 illius
3181 5308 3333 5370 grata
3359 5306 3483 5356 sunt
3519 5289 3701 5350 merita,
3737 5288 3789 5330 διο

2273 5403 2471 5449 nostrte
2495 5393 2764 5450 servitutis
2791 5404 3010 5466 accepta
3035 5395 3330 5451 reddantur
3356 5393 3548 5451 ofﬁcia.
3601 5384 3688 5438 Per
3709 5373 3788 5429 Μ’

2273 5488 2478 5544 minum
2507 5497 2751 5544 nostrum
2777 5488 2961 5545 Jesum
2990 5488 3269 5545 Christum
3297 5488 3485 5545 Filium
3514 5489 3659 5537 tuum.

2793 5584 3026 5636 Collectio
3048 5585 3108 5636 ad
3132 5597 3322 5650 pacem.
3689 5644 3713 5658 η

2342 5665 2554 5723 Sancta:
2579 5677 2828 5740 martyra:
2860 5678 2964 5725 tuae
2993 5645 3225 5726 Caeciliae
3249 5713 3264 5739 ,
3299 5669 3514 5726 Domine
3533 5705 3547 5732 ,
3575 5645 3778 5723 supplica-

2275 5761 2507 5816 tionibus
2558 5761 2730 5817 trihue
2779 5777 2878 5818 nos
2925 5763 3131 5834 foveri,
3182 5774 3241 5821 ut
3293 5765 3441 5835 cujus
3485 5741 3775 5814 venerabilem

2273 5852 2688 5911 sollemnitatem
2719 5855 3076 5924 praevenimus
3103 5858 3380 5926 obsequio,
3431 5853 3539 5923 ejus
3573 5839 3771 5901 interea?

3924 5644 3931 5868 δ

3924 5644 3931 5868 δ

3936 3794 3939 3911 ι

3936 3932 3939 4099 l

3936 4124 3939 4287 l

3936 3794 3939 3911 ι

3936 3932 3939 4099 l

3936 4124 3939 4287 l
