4048 6350
207 357 322 413 249

1249 346 1337 406 DE
1383 346 1712 407 LITURGIA
1750 350 2141 411 GALLICANA
2183 356 2387 413 LIBER
2431 358 2517 413 Ill.

3380 359 3484 413 Ὧδέ)

206 470 450 527 sionibus
475 464 914 523 commondemur
937 473 992 523 et
1023 464 1248 521 meritis.
1284 463 1351 519 Et
1380 473 1574 535 praesta
1600 506 1614 532 ,
1649 481 1796 537 quaa-
1825 471 1875 530 Α
1903 470 2048 534 simi,
2071 472 2457 543 omnipotentis
2482 472 2574 528 Dei
2602 473 3025 529 misericordiam
3062 475 3331 545 supplices
3362 492 3491 532 exo-

203 577 394 619 sumus
421 603 434 628 ,
467 561 691 616 Domine
717 603 733 629 ,
771 562 933 634 217
965 569 1022 616 ιιι
1051 575 1152 631 pax
1182 575 1302 630 quae
1327 558 1600 630 profertur
1629 560 1683 616 in
1710 559 1791 614 la-

208 658 316 712 biis
339 657 499 713 etiam
528 653 780 711 cordibus
807 670 912 709 non
940 663 1184 724 negetur.
1211 653 1333 708 Per.

765 744 1039 796 Immolatio
1066 745 1242 795 misse.
1310 738 1316 743 ’

283 831 507 901 Dignum
531 838 583 885 et
608 829 814 900 justum
837 839 941 895 est,
972 844 1182 901 aequum
1213 836 1268 883 et
1296 827 1532 885 salutare
1565 836 1671 893 est,
1703 843 1803 884 nos

203 923 308 978 tibi
336 938 548 993 semper
595 912 795 993 gratias
824 937 984 992 agere
1011 963 1028 990 ,
1078 922 1422 991 omnipotens
1472 921 1801 991 sempiterna

201 1019 370 1083 Deus,
394 1017 484 1088 qui
506 1016 728 1088 perﬁcis
760 1017 812 1071 in
844 1016 1152 1071 inﬁrmitate
1179 1015 1450 1071 virtutem.
1479 1015 1613 1082 Quia
1643 1015 1799 1070 beata

201 1109 544 1180 gloriosaque
587 1105 804 1163 Caecilia
833 1149 848 1175 ,
902 1108 1162 1177 despecto
1204 1106 1388 1162 mundi
1430 1106 1704 1177 coningio,
1736 1107 1801 1162 ad

199 1201 473 1256 consortia
518 1215 749 1271 superna
798 1201 1132 1256 contendens
1158 1244 1173 1268 ,
1216 1213 1317 1254 nec
1358 1207 1516 1254 aetate
1545 1199 1788 1254 mutabili

201 1292 496 1364 praepedita
527 1304 608 1348 εει
637 1334 654 1360 ,
685 1308 782 1349 nec
817 1293 1103 1348 inlecebris
1145 1301 1230 1348 est
1269 1304 1522 1348 revocata
1555 1295 1798 1349 carnali-

200 1387 325 1452 bus,
357 1401 455 1441 nec
481 1401 612 1442 sexu
644 1384 946 1457 fragilitatis
978 1385 1267 1450 deterrita;
1299 1385 1393 1441 sed
1423 1384 1561 1440 inter
1580 1386 1788 1456 puella-

199 1493 293 1534 res
322 1493 492 1533 annos
518 1519 533 1545 ,
583 1479 725 1533 inter
759 1478 942 1533 sreculi
970 1477 1330 1532 blandimenta
1358 1522 1374 1546 ,
1422 1479 1562 1532 inter
1587 1479 1799 1548 suppli-

199 1571 346 1626 cium
395 1571 871 1642 persequentium,
915 1570 1265 1640 multiplicem
1313 1568 1589 1624 victoriim
1643 1570 1794 1640 virgo

203 1670 354 1717 casta
400 1672 629 1732 martyra
658 1660 940 1733 implevit,
971 1669 1026 1715 et
1065 1662 1130 1715 ad
1171 1661 1433 1730 potiorem
1465 1660 1794 1730 triumphum

201 1768 388 1809 secum
435 1753 500 1808 ad
553 1767 718 1823 regna
774 1752 1006 1808 caelestia
1061 1751 1437 1814 Valerianum.
1492 1754 1578 1806 cui
1622 1751 1795 1808 fuerat

1903 577 2122 630 remus,
2174 573 2230 618 ut
2274 566 2575 620 interventu
2601 567 2769 619 sancti
2818 564 3114 622 Clementis
3156 567 3408 623 antistitis
3438 579 3492 624 et

1901 656 2153 726 martyris
2203 657 2328 722 sui,
2400 657 2663 712 defunctis
2713 658 3142 726 absolutionem,
3195 661 3494 717 viventibus

1903 747 2104 802 tribuat
2160 750 2410 806 salutem.
2461 751 2726 805 Memores
2765 751 2924 806 etiam
2969 752 3134 807 simus
3163 752 3498 807 ﬁdelissimo-

1905 855 2022 894 rum
2057 857 2283 896 suorum
2325 842 2561 899 Sisennii
2592 853 2618 881 ι
2647 852 2807 913 atque
2837 843 3162 912 Theodoraa,
3208 854 3266 900 ut
3305 845 3496 916 quibus

1907 947 2002 1003 per
2036 933 2250 989 beatum
2288 947 2575 1009 martyrem
2606 936 2760 993 fidem
2790 954 2848 994 se
2868 940 3119 995 credendi
3151 939 3393 1012 inseruit,
3417 944 3495 999 eis

1910 1027 2141 1095 paradisi
2189 1043 2352 1098 regna
2399 1029 2702 1101 participet.
2770 1031 2872 1086 Per
2914 1032 3198 1090 Dominum
3244 1044 3487 1091 nostrum

1904 1115 2086 1173 Jesum
2113 1118 2382 1175 Christum
2415 1122 2604 1176 Filium
2634 1139 2809 1189 suum,
2843 1138 3024 1179 secum
3053 1125 3127 1179 vi.

2437 1215 2671 1267 Collectio
2696 1217 2754 1266 ad
2780 1231 2965 1280 pacem.

1985 1295 2356 1353 Concordator
2380 1299 2686 1367 discordia,
2715 1310 2766 1355 et
2795 1302 2946 1371 origo
2976 1302 3247 1357 societatis
3277 1312 3494 1360 aeternae

1908 1385 2138 1441 indivisa
2173 1387 2408 1444 Trinitas
2428 1431 2445 1457 ,
2476 1391 2651 1459 Deus,
2671 1390 2762 1461 qui
2787 1389 3015 1447 Sisennii
3044 1391 3408 1449 inﬁdelitatem
3429 1395 3498 1450 ab

1913 1478 2166 1534 Ecclesiaa
2223 1482 2424 1536 unitate
2453 1482 2772 1551 disjunctam
2799 1525 2814 1549 ,
2858 1501 2952 1553 per
2981 1495 3222 1541 sanctum
3250 1487 3499 1542 Clemen-

1911 1576 2018 1622 tem
2055 1569 2347 1625 antistitem
2392 1582 2445 1627 et
2473 1573 2658 1628 subdis
2693 1575 2968 1630 catholicae
2998 1575 3120 1631 ﬁdei
3145 1617 3162 1644 ,
3191 1586 3245 1632 et
3273 1577 3499 1636 inuectis

1911 1672 2188 1732 perpetuae
2213 1666 2422 1720 caritati
2449 1709 2464 1735 ,
2497 1667 2696 1722 exaudi
2745 1684 2931 1738 preces
2960 1681 3173 1727 nostras
3198 1712 3212 1735 ,
3250 1672 3500 1742 illamque

1911 1757 2065 1810 nobis
2094 1773 2276 1827 pacem
2311 1759 2509 1828 tribue,
2541 1777 2697 1831 quam
2726 1764 2994 1833 quondam
3023 1767 3278 1820 aetherem
3307 1781 3498 1822 ascen-

202 1851 402 1914 nupta,
445 1844 713 1914 perduxit.
765 1843 828 1898 Et
872 1843 949 1898 sic
993 1857 1248 1899 coronam
1282 1841 1549 1912 pudicitice
1575 1846 1791 1910 meruit,
1828 1839 1876 1916 Β
1907 1863 2069 1903 surns
2099 1852 2359 1920 apostolis
2402 1854 2702 1924 reliquisti,
2732 1865 2791 1910 ut
2821 1857 2908 1926 qui
2953 1858 3294 1927 praesentium
3328 1860 3498 1914 labio-

199 1946 261 1991 ut
287 1936 492 2007 regium
542 1936 830 1991 thalamum
881 1950 985 1990 non
1034 1935 1208 1990 solum
1259 1935 1442 2007 virgo,
1487 1937 1581 1991 sed
1630 1937 1796 1993 etiam

198 2035 442 2098 mat-lyra
473 2026 729 2092 intraret,
778 2041 875 2096 per
897 2026 1170 2081 Christum
1204 2026 1488 2082 Dominum
1520 2037 1786 2085 nostrum.

202 2116 312 2173 Per.
338 2131 495 2187 quem
532 2118 862 2188 Majestatem
894 2127 1036 2173 tuam
1067 2119 1288 2174 laudant
1314 2119 1504 2191 Angeli
1524 2161 1540 2186 ,
1572 2119 1799 2176 adorant

201 2212 364 2270 Dom.

757 2304 1045 2356 Benedictio
1077 2304 1260 2369 pepuli.

273 2407 518 2472 Summe,
549 2408 782 2481 optime,
807 2409 1314 2466 misericordissime
1355 2411 1528 2477 Deus,
1564 2410 1792 2467 benedic

207 2502 439 2558 famulos
468 2511 520 2558 et
564 2502 789 2557 famulas
819 2513 955 2558 tuas.
1001 2504 1193 2559 Amen.
1245 2504 1441 2560 Tribue
1487 2507 1566 2560 eis
1596 2519 1692 2574 per
1717 2506 1796 2560 in-

204 2603 508 2651 terventum
533 2607 732 2651 sanctae
757 2594 985 2651 Caeciliae
1008 2596 1252 2666 virginis,
1284 2612 1378 2652 cor
1407 2599 1458 2651 in
1491 2607 1582 2651 tuo
1605 2613 1791 2654 amore

205 2690 496 2747 sollicitum
521 2731 538 2756 ,
588 2690 642 2744 in
674 2696 765 2744 tuo
792 2689 984 2744 timore
1011 2689 1263 2745 devotum
1291 2733 1307 2760 ,
1351 2691 1404 2744 in
1455 2698 1545 2744 tuo
1591 2691 1792 2746 honore

208 2786 533 2855 perfectum;
563 2784 756 2839 Amen.
788 2781 863 2837 Da
893 2781 973 2838 eis
1003 2782 1438 2852 tranquillitatem
1471 2793 1796 2851 temporum,

208 2876 578 2932 salubritatem
606 2890 890 2947 corporum
915 2915 933 2944 ,
977 2876 1200 2930 salutem
1250 2875 1570 2931 animarum.
1606 2879 1798 2931 Amen.

219 2970 529 3025 Mereantur
560 2979 612 3025 te
640 2967 746 3024 ﬁde
772 2983 1038 3039 quaerere,
1069 2967 1322 3039 Operibns
1347 2969 1608 3038 invenire,
1638 2971 1810 3040 gratia

225 3062 554 3134 promereri.
577 3061 772 3117 Amen.
823 3061 891 3116 Et
938 3061 1029 3116 illa
1058 3062 1306 3116 studeant
1349 3076 1531 3132 agere,
1560 3074 1609 3117 te
1644 3073 1812 3129 teste;

225 3172 348 3227 quae
375 3155 534 3226 digna
563 3155 691 3210 ﬁant
724 3157 776 3210 in
804 3153 1269 3220 remuneratione,
1294 3164 1344 3210 te
1367 3155 1568 3224 judice.
1617 3154 1810 3211 Amen.

1915 1957 2031 1996 rum
2063 1943 2420 2012 impressione
2451 1945 2651 2018 inligati
2682 1947 2879 2004 fuerint
2901 1950 3106 2017 osculo,
3145 1960 3232 2006 tua
3258 1953 3501 2008 custodia

1918 2033 2130 2101 paciﬁci
2175 2049 2528 2105 permaneant
2574 2040 2627 2093 in
2671 2040 2867 2097 futuro.
2915 2042 3066 2112 Quod
3095 2043 3211 2114 ipse
3243 2056 3503 2117 praestare

1911 2121 2168 2195 digneris,
2200 2127 2290 2196 qui
2323 2143 2442 2182 cum
2477 2128 2657 2185 Patre.

2469 2238 2742 2294 Immolatio
2768 2247 2945 2298 missae.

1986 2320 2210 2393 Dignum
2246 2329 2300 2377 et
2323 2322 2524 2392 justum
2555 2333 2654 2379 est.
2708 2325 2848 2382 Vere
2890 2329 3106 2399 dignum
3135 2338 3249 2398 est,
3282 2347 3379 2388 nos
3409 2333 3503 2390 tibi

1907 2417 2107 2484 gratias
2155 2433 2354 2488 agere,
2403 2418 2629 2476 Domine
2675 2433 2897 2489 sancte,
2938 2422 3096 2480 Pater
3141 2427 3502 2497 omnipotens,

1909 2519 2109 2565 aeterne
2138 2509 2300 2575 Deus,
2332 2511 2383 2564 in
2416 2511 2772 2568 sollemnitate
2801 2517 2968 2570 sancti
3001 2519 3252 2589 martyris
3281 2520 3357 2574 tui
3381 2520 3504 2576 Cle-

1918 2602 2134 2655 mentis.
2168 2603 2268 2667 Qui
2300 2606 2671 2671 cognationem
2700 2604 2916 2675 reliquit
2943 2616 2996 2663 et
3023 2611 3247 2678 patriam
3266 2653 3280 2677 ,
3308 2620 3363 2668 et
3383 2621 3506 2683 post

1913 2693 2134 2748 odorem
2187 2695 2262 2748 tui
2328 2697 2561 2750 nominis
2600 2705 2771 2752 terras
2817 2699 3092 2770 mariaque
3146 2709 3500 2773 transmeans,

1921 2786 2299 2856 abnegansque
2349 2787 2736 2858 semetipsum,
2794 2804 3007 2846 crucem
3060 2794 3502 2862 peregrintionis

1920 2877 2258 2945 adsumpsit,
2313 2888 2372 2932 ut
2416 2890 2468 2933 te
2516 2895 2609 2949 per
2636 2882 3003 2948 apostolorum
3044 2892 3252 2939 tuorum
3285 2885 3504 2954 vestigia

1916 2978 2247 3039 sequeretur.
2282 2970 2378 3024 Cui
2429 2981 2506 3038 tu,
2544 2973 2802 3039 Domine,
2850 2975 3146 3031 secundum
3190 2979 3503 3048 promissio-

1918 3078 2038 3117 nem
2071 3064 2192 3118 Filii
2225 3065 2320 3129 tui,
2347 3076 2453 3120 tam
2484 3067 2536 3120 in
2561 3069 2810 3136 praesenti
2836 3072 3033 3126 saeculo
3061 3087 3219 3140 quam
3249 3075 3301 3129 in
3324 3075 3504 3132 futuro

1917 3157 2273 3225 centuplicata
2308 3159 2544 3213 muneris
2579 3163 2795 3228 praemia
2828 3166 3144 3232 repensasti.
3193 3165 3325 3222 Nam
3375 3169 3502 3223 bea-

233 3246 390 3314 Quod
430 3247 546 3316 ipse
587 3255 844 3317 praestare
872 3247 1108 3317 digneris
1135 3288 1148 3312 ,
1193 3247 1286 3316 qui
1316 3247 1369 3301 in
1397 3245 1656 3302 Trinitate
1686 3262 1806 3317 per-
1838 3263 1885 3327 ρ
1919 3249 2108 3302 tissimi
2141 3249 2282 3304 Petri
2312 3266 2436 3305 mox
2469 3253 2692 3308 traditus
2722 3255 3048 3326 disciplinis,
3082 3270 3327 3328 parentes
3368 3277 3502 3332 quos

221 3341 364 3397 fecta
391 3341 549 3407 vivis,
579 3341 898 3408 dominaris,
923 3351 980 3409 et
1009 3355 1221 3411 regnas.

297 3434 409 3488 XV.
456 3448 603 3489 mssa
627 3450 677 3490 IN
705 3450 913 3490 sum:
942 3448 1126 3489 SANC'I'I
1160 3448 1455 3488 cuustms
1486 3447 1738 3488 EPISCOPI.

297 3525 446 3580 Diem
476 3526 616 3581 hunc
643 3527 892 3596 gloriosae
915 3525 1183 3596 passionis
1210 3526 1378 3579 sancti
1402 3539 1464 3579 ac
1494 3525 1812 3580 venerabilis

226 3619 522 3676 Clementis
553 3619 809 3689 episcopi,
838 3633 932 3688 per
959 3633 1116 3688 quem
1149 3617 1515 3687 superstitiosa
1541 3616 1810 3687 gentilitas

229 3713 446 3768 conruit
470 3711 803 3776 Judaaorum,
834 3719 888 3766 et
918 3710 1052 3765 ﬁdes
1082 3709 1341 3764 catholica
1371 3710 1424 3762 in
1451 3709 1613 3762 corda
1642 3710 1812 3764 homi-

222 3821 353 3860 num
407 3804 671 3870 radiavit,
707 3804 900 3857 fratres
927 3801 1234 3866 carissimi,
1286 3801 1528 3855 revoluto
1559 3801 1682 3854 anni
1707 3802 1812 3856 cir-

224 3896 349 3950 culo
373 3935 390 3962 ,
420 3895 603 3950 debito
650 3908 976 3949 veneremur
1019 3893 1274 3961 obsequio
1297 3935 1312 3960 ,
1368 3891 1574 3946 Domini
1603 3891 1812 3947 miseri-

219 3991 459 4047 cordiam
512 4000 836 4058 exorantes,
892 3999 949 4045 ut
994 3990 1084 4060 qui
1126 4005 1247 4045 eum
1307 3990 1484 4044 lumen
1537 3991 1810 4044 teterrimo

221 4085 544 4158 gentilitatis
574 4085 744 4139 errori
773 4084 1023 4154 praebuit,
1050 4099 1150 4139 nos
1178 4097 1276 4138 suo
1305 4082 1505 4137 lumine
1531 4082 1710 4137 oriens
1740 4096 1806 4136 ex

223 4179 335 4232 alto
361 4177 649 4233 clariﬁcet:
696 4178 787 4246 qui
837 4176 986 4231 illum
1016 4190 1184 4230 sacra:
1215 4175 1504 4245 praeposuit
1530 4174 1798 4238 ecclesiae,

213 4284 315 4325 nos
343 4270 446 4324 sub
492 4269 839 4323 mundialium
871 4270 1009 4323 fasce
1039 4282 1286 4323 curarum
1315 4276 1590 4339 gementes
1617 4307 1632 4333 ,
1676 4268 1796 4336 ipso

207 4373 520 4430 exorante,
571 4364 852 4420 sublevare
898 4364 1165 4434 dignetur.
1231 4362 1334 4420 Per
1381 4363 1662 4418 Dominum
1709 4377 1808 4418 no-

224 4471 397 4520 strum
421 4461 605 4519 Jesum
633 4461 904 4518 Christum
935 4463 1124 4519 Filium
1156 4478 1334 4530 suum,
1361 4478 1542 4519 secum
1574 4465 1646 4518 vi.

754 4553 988 4606 Collectio
1023 4557 1268 4619 sequitur.

1920 3340 1974 3394 in
2005 3340 2223 3410 genitali
2255 3341 2372 3395 solo
2404 3343 2732 3411 perdiderat,
2764 3345 2815 3399 in
2847 3358 3069 3402 externa
3101 3352 3316 3420 regione
3343 3352 3502 3407 resti-

1917 3432 2058 3496 tuis;
2111 3447 2245 3501 quos
2297 3443 2528 3488 terrente
2577 3438 2936 3502 generationis
2983 3441 3269 3506 amiserat,
3305 3443 3503 3499 divinae

1915 3523 2100 3578 reddis
2126 3533 2328 3578 naturae
2360 3526 2673 3596 participes.
2741 3528 2940 3583 Deinde
2979 3531 3214 3600 magistri
3246 3534 3327 3588 sui
3360 3536 3504 3591 vica-

1914 3615 2055 3670 rium
2092 3630 2191 3685 per
2238 3616 2479 3672 ordinem
2511 3621 2869 3689 subrogando,
2917 3621 3174 3678 Romanae
3205 3626 3381 3693 urbis,
3409 3645 3502 3684 cu-

1910 3705 1998 3777 jus
2028 3718 2248 3778 propter
2283 3717 2336 3762 te
2366 3709 2684 3778 despexerat
2715 3713 3056 3782 dignitatem,
3090 3725 3274 3771 tenere
3301 3719 3502 3772 consti-

1915 3799 2020 3852 tuis
2051 3799 2432 3869 principatum.
2485 3801 2588 3856 Pro
2615 3818 2721 3870 quo
2752 3803 3056 3858 transituris
3088 3805 3328 3862 claritate
3350 3848 3367 3874 ,
3397 3824 3503 3864 caa-

1914 3889 2037 3945 lesti
2076 3890 2206 3945 facis
2253 3892 2458 3947 honore
2504 3893 2870 3962 conspicuum.
2923 3895 3205 3951 Postremo
3255 3902 3493 3971 martyrii

1916 3983 2084 4052 gloria
2119 3985 2279 4056 219
2307 3985 2673 4052 sublimatum,
2705 4002 2800 4057 pro
2833 3989 3218 4057 temporalibus
3241 3993 3403 4059 gestis
3431 3992 3498 4047 ad

1918 4083 2173 4129 aeternam
2209 4077 2458 4144 provehis
2485 4091 2760 4144 coronam,
2784 4093 2881 4147 per
2906 4077 3176 4134 Christum
3212 4080 3488 4136 Dominum

1910 4176 2173 4223 nostrum.
2205 4168 2307 4224 Per
2331 4186 2486 4240 quem
2511 4171 2838 4240 Maiestatem
2864 4182 3005 4226 tuam
3041 4174 3256 4229 laudant
3286 4157 3495 4247 Ang'eli,

1914 4269 2072 4330 atque
2121 4261 2429 4332 archangeli
2490 4279 2594 4318 non
2655 4276 2865 4320 cessant
2909 4267 3181 4336 clamare,
3232 4269 3497 4340 dicentes,

1913 4352 2168 4419 Sanctus,
2197 4354 2449 4419 Sanctus,
2479 4355 2727 4411 Sanctus.

2450 4446 2738 4496 Benedictio
2763 4449 2941 4512 populi.

1985 4526 2180 4582 Custos
2210 4527 2518 4594 sacerdotii,
2552 4530 2759 4584 dicator
2810 4532 3082 4602 martyrii,
3115 4533 3288 4600 palma
3314 4536 3499 4589 trium-

289 4640 506 4696 Christe
533 4639 870 4711 omnipotens
896 4640 1065 4707 Deus,
1097 4616 1187 4710 hui
1219 4640 1433 4696 beatum
1465 4639 1798 4696 Clementem
1831 4645 1881 4708 υ
1911 4616 2021 4687 phi,
2057 4619 2196 4672 Deus
2225 4619 2452 4673 benedic
2479 4619 2708 4675 famulos
2757 4631 2811 4675 et
2853 4623 3078 4677 famulas
3136 4633 3274 4679 tuas.
3307 4630 3494 4684 Amen.

219 4735 513 4790 antistitem
546 4741 765 4804 propter
793 4748 987 4789 nomen
1023 4744 1168 4789 tuum
1201 4735 1252 4789 in
1285 4734 1568 4789 altitudine
1613 4735 1797 4801 maris,

221 4840 553 4896 paganorum
585 4835 904 4895 tempestate
930 4829 1093 4898 218
1117 4828 1433 4894 dimersum,
1463 4836 1522 4882 ut
1551 4828 1602 4883 in
1631 4837 1802 4883 certa-

214 4917 361 4973 mine
408 4918 643 4988 probasti
690 4917 950 4974 bellorum
980 4961 997 4988 ,
1045 4921 1115 4974 ita
1157 4928 1275 4990 post
1297 4919 1494 4976 bellum
1521 4920 1801 4991 patefactis

219 5011 401 5067 arenis
423 5009 608 5066 educis
633 5009 923 5079 gloriosum
951 5056 966 5081 ,
1012 5026 1318 5082 qumsumus
1348 5011 1597 5081 pietatem
1630 5021 1796 5080 tuam,

221 5114 282 5161 ut
308 5119 407 5160 nos
453 5119 482 5158 a
534 5102 982 5176 concupiscenda:
1013 5107 1265 5176 procellis
1290 5118 1471 5164 erutos
1499 5153 1513 5178 ,
1559 5108 1800 5165 Paterna:

216 5194 407 5268 gloria:
434 5207 790 5267 repraesentes
824 5198 1071 5254 innoxios
1097 5238 1113 5265 ,
1145 5199 1395 5255 Salvator
1446 5201 1651 5256 mundi.
1701 5202 1801 5266 Qui

213 5303 337 5343 cum
370 5298 573 5344 aeterno
599 5287 758 5345 Patre
803 5289 939 5344 vivis
987 5299 1042 5345 et
1085 5305 1275 5360 regnas
1316 5290 1459 5347 Deus
1505 5292 1557 5346 in
1599 5293 1802 5347 unitate

210 5379 464 5450 Spiritus.

711 5472 947 5524 Collectio
969 5475 1075 5535 post
1097 5474 1306 5522 nomina.

287 5556 573 5613 Nominum
601 5558 743 5614 serie
769 5559 932 5614 relata
959 5558 1331 5614 defunctorum
1357 5599 1370 5625 ,
1404 5560 1597 5614 fratres
1633 5559 1798 5615 caris-

286 5697 313 5729 ·
343 5689 477 5745 Hinc
520 5691 778 5759 probatur
818 5692 1104 5762 antiquitas
1150 5693 1400 5748 Actorum
1468 5691 1636 5746 sancti
1678 5690 1799 5747 Cle-

213 5764 433 5825 mentis,
470 5762 521 5816 iu
550 5763 741 5832 quibus
771 5762 1054 5817 laudantur
1083 5762 1347 5819 Sisinnius
1372 5804 1387 5828 ,
1415 5762 1604 5818 Nervae
1651 5762 1786 5831 Imp.

211 5833 491 5888 familiaris
514 5875 529 5899 ,
581 5834 804 5904 ejusque
851 5849 991 5890 uxor
1015 5833 1294 5892 Theodora
1313 5874 1328 5903 ,
1360 5849 1390 5888 a
1419 5835 1696 5890 Clemente
1726 5832 1793 5887 ad

209 5903 372 5960 ﬁdem
401 5903 670 5961 conversi;

1913 4712 2056 4766 Dona
2085 4711 2162 4766 eis
2193 4713 2441 4784 martyris
2477 4711 2636 4783 hujus
2677 4713 2894 4768 obtentu
2925 4726 3070 4770 recte
3093 4717 3291 4781 vivere,
3318 4719 3496 4774 sobrie

1915 4817 2097 4870 agere,
2129 4803 2417 4857 salubriter
2446 4803 2981 4859 conversari.Amen.
3007 4807 3071 4860 Ut
3102 4809 3187 4862 illa
3217 4823 3369 4880 agant
3400 4829 3496 4866 suo

1916 4894 2160 4959 arbitrio,
2193 4909 2310 4962 quae
2339 4893 2494 4962 digna
2521 4894 2817 4965 habeaﬂur
2845 4905 2934 4950 tuo
2960 4897 3159 4967 judicio
3198 4912 3252 4956 et
3285 4904 3494 4974 indigna

1915 4987 2259 5042 inveniantur
2313 4986 2593 5056 subjacere
2639 4989 2917 5060 supplicio.
2973 4994 3164 5049 Amen.
3189 4996 3339 5064 Quod
3385 4999 3496 5065 ipse

1916 5087 2177 5148 prmstare
2198 5077 2455 5147 digneris,
2485 5077 2575 5148 qui
2608 5078 2659 5133 in
2707 5080 2966 5139 Trinitate
2999 5084 3230 5153 perfecta
3281 5087 3416 5142 vivis
3441 5100 3493 5144 ct

1907 5184 2118 5240 regnas.

2023 5278 2163 5334 XVI.
2204 5294 2355 5336 mssa
2394 5297 2583 5339 sane"
2632 5297 2912 5341 SATURNINI
2949 5285 2978 5326 1³
3019 5303 3254 5343 EPISCOPI
3301 5304 3370 5346 ετ

2552 5371 2834 5412 ΜΑΙΠὙΒΙδ.

1980 5466 2170 5533 Deum,
2202 5466 2291 5537 qui
2324 5468 2661 5525 immortales
2685 5471 3039 5540 gloriosorum
3069 5484 3365 5547 martyrum
3390 5476 3492 5546 pal-

1906 5573 2021 5614 mas
2043 5558 2354 5627 triumphali
2384 5574 2576 5616 cruore
2599 5562 2848 5630 perfudit,
2877 5571 2932 5616 et
2955 5563 3168 5620 beatam
3193 5568 3296 5623 diei
3327 5568 3484 5640 hujus

1976 5692 2003 5732 δ
2031 5693 2357 5770 Tolosatium
2380 5696 2583 5770 scilicet
2603 5696 2858 5770 episcopi,
2886 5699 3039 5770 cujus
3060 5700 3254 5758 festum
3280 5721 3337 5760 tn
3360 5705 3478 5764 Kal.

1907 5764 2187 5848 Deceme
2217 5767 2266 5848 id
2303 5774 2384 5821 est
2408 5768 2460 5848 in
2509 5767 2728 5848 Vigilia_
2753 5764 3234 5848 sancti__'andrete,
3259 5778 3328 5833 de
3377 5793 3483 5848 quo

1907 5829 2064 5905 infra,
2096 5836 2182 5892 ubi
2217 5837 2379 5892 Roma
2403 5829 2658 5892 Garunna
2687 5836 2881 5894 Tolosa
2904 5841 3121 5900 dicitur.
