4048 6350
620 402 719 467 951

1338 413 1683 474 APPENDIX
1723 417 1813 472 AD
1851 393 2080 473 orauit
2119 415 2365 474 SANC'l‘l
2408 399 2719 479 causam
2766 427 3205 492 PARISIENSIS.

3791 447 3894 504 εἰ

627 530 1044 586 sollemnitatem
1067 533 1177 588 suis
1220 549 1314 603 pro
1341 549 1399 589 se
1430 538 1762 592 vincentibus
1785 537 2071 607 dedicavit,
2102 538 2208 592 fra-
2311 551 2432 591 cum
2462 547 2564 595 tua
2594 540 2886 612 Majestatis
2907 561 3071 618 super
3098 564 3196 604 nos
3223 556 3531 628 appanterit
3549 557 3752 628 gloria,
3785 578 3892 618 me-

628 632 739 678 tres
779 626 1076 693 carissimi,
1109 629 1425 698 suppliciter
1452 645 1688 699 oremus,
1710 640 1769 684 ut
1796 631 1886 700 qui
1915 631 2061 688 dedit
2096 632 2199 688 diei

636 714 796 786 hujus
813 718 1257 787 sollemnitatem,
1283 721 1375 775 det
1423 724 1633 790 plenum
1667 724 2042 781 sollemnitatis
2073 724 2200 781 effe-

625 815 792 864 ctum.
815 809 913 876 Qui
943 811 1093 867 dedit
1119 812 1220 868 hoc
1246 813 1387 882 quod
1415 816 1590 870 cultus
1602 815 1902 872 festivitatis
1924 819 2198 889 amplecti-

633 907 736 966 tur,
761 901 850 958 det
881 914 935 956 ιιι
965 904 1156 962 affectu
1191 907 1487 964 devotionis
1526 908 1814 964 imitemur.
1847 911 1914 965 Et
1951 913 2198 982 quicquid

623 1004 809 1049 sancto
835 996 949 1051 viro
975 1013 1037 1053 ac
1063 999 1368 1055 beatissimo
1399 1005 1616 1075 martyri
1655 1020 1754 1059 suo
1794 1006 2081 1062 Saturnino
2102 1007 2195 1062 ho-

624 1084 809 1140 dierno
833 1088 918 1143 die
947 1091 1142 1159 profuit
1165 1092 1232 1148 ad
1252 1095 1500 1164 gloriam,
1526 1096 1680 1152 nobis
1705 1097 1941 1168 proficiat
1961 1099 2026 1154 ad
2055 1100 2196 1156 salu-

621 1181 751 1230 tem.
777 1177 876 1232 Per
906 1179 1183 1238 Dominum
1213 1194 1453 1242 nostrum
1485 1186 1666 1242 Jesum
1705 1188 1972 1245 Christum
2003 1190 2194 1246 Filium

620 1280 796 1337 suum,
827 1271 916 1338 qui
942 1285 1124 1328 secum
1155 1286 1207 1330 et
1235 1292 1358 1331 eum
1387 1277 1590 1348 Spiritu
1612 1292 1816 1335 sancto.

1156 1365 1388 1416 Cullectio
1409 1371 1648 1431 sequitur.

691 1437 937 1510 Dehitas,
969 1448 1308 1516 omnipotens
1357 1454 1680 1520 sempiterne
1725 1454 1884 1520 Deus,
1912 1455 2193 1514 referimus

625 1533 823 1599 gratias
851 1533 975 1589 Jesu
1004 1536 1224 1594 Christo
1249 1541 1476 1598 Domino
1519 1556 1718 1614 nostro,
1750 1549 1801 1603 in
1827 1549 1980 1620 cujus
2001 1553 2193 1609 simili-

627 1631 860 1686 tudinem
894 1634 1235 1695 beatissimus
1271 1641 1613 1713 Saturninus,
1659 1647 1782 1702 dum
1806 1649 2020 1706 offerret
2045 1652 2193 1710 victi-

616 1736 777 1786 mam,
808 1725 923 1796 ipse
953 1726 1012 1782 fit
1033 1730 1270 1798 victima;
1291 1733 1416 1788 dum
1444 1738 1808 1795 sacerdotium
1831 1743 2034 1797 electus
2059 1745 2188 1814 agit,

617 1817 927 1886 martyrium
957 1818 1183 1878 devotus
1211 1825 1470 1895 implevit,
1500 1839 1556 1882 ut
1588 1845 1679 1898 per
1707 1831 2050 1890 eminentiam
2075 1835 2192 1905 jus-

2305 628 2529 684 ritorum
2557 642 2858 690 nostrorum
2905 639 3108 695 tribuas
3155 635 3556 715 indulgentiam,
3605 665 3706 718 per
3734 653 3890 709 Chri-

2307 731 2449 776 stum
2471 721 2759 779 Dominum
2791 738 3056 786 nostrum.
3107 733 3202 789 Cui
3241 739 3435 793 merito
3471 755 3668 797 omnes
3697 749 3893 814 angeli,

2301 821 2466 883 atque
2490 816 2816 888 archangeli,
2843 821 3118 878 cherubim
3145 841 3357 897 quoque
3377 838 3432 884 et
3466 834 3751 901 serapbim
3784 837 3892 892 sine

2306 904 2714 964 intermissione
2750 912 3111 982 proclamant,
3141 917 3381 977 dicentes
3421 939 3437 976 :
3467 922 3730 988 Sanctus.
3764 927 3892 983 Satt-

2300 1003 2442 1064 ctus,
2475 998 2723 1058 Sanetus.

2334 1085 2496 1145 XVII.
2527 1107 2675 1148 mssa
2714 1109 2765 1150 tn
2805 1110 3018 1153 unus
3073 1115 3262 1158 sauc'rt
3301 1118 3526 1163 suam
3564 1123 3859 1167 nosam.

2977 1188 3219 1244 Praefatio.
3373 1253 3378 1260 l

2373 1267 2740 1340 Apostolicum
2771 1280 2826 1327 et
2857 1273 2950 1328 toti
2995 1275 3193 1333 almum
3223 1281 3420 1336 saeculo
3448 1281 3636 1352 diem,
3667 1302 3784 1357 quo
3807 1304 3896 1344 te-

2309 1359 2434 1416 tifex
2468 1362 2560 1416 ille
2592 1365 2877 1439 praeclarus
2907 1370 3151 1426 Andreas
3179 1382 3298 1440 post
3354 1375 3737 1434 inluminatam
3764 1397 3895 1448 pra:-

2301 1453 2572 1512 dicatione
2594 1459 2851 1514 Achaiam
2886 1461 3025 1517 felici
3045 1468 3302 1536 martyrio
3331 1469 3626 1536 decoravit,
3669 1474 3756 1528 vel
3789 1492 3894 1544 pro-

2297 1547 2399 1618 prii
2422 1550 2666 1618 corporis
2711 1552 2942 1608 hostiam
2995 1555 3172 1611 crucis
3222 1559 3447 1626 insignia
3503 1565 3890 1632 amplectende

2305 1639 2552 1708 gestavit,
2578 1640 2771 1698 fratres
2797 1645 3084 1714 carissimi,
3119 1648 3339 1706 intentis
3368 1653 3650 1719 setisibus,
3675 1667 3733 1712 et
3778 1662 3893 1715 totis

2300 1731 2594 1789 visceribus
2653 1739 2983 1807 excolamus,
3045 1742 3293 1813 inclytam
3362 1749 3765 1817 omnipotentis
3809 1752 3892 1807 Dei

2297 1824 2721 1882 misericordiam
2748 1829 3126 1901 deprecantes,
3150 1837 3224 1891 uti
3249 1838 3389 1892 hunc
3433 1842 3702 1909 populum
3730 1847 3892 1898 crucis

617 1905 749 1961 titiie
782 1917 942 1980 atque
992 1913 1245 1977 victoriae,
1273 1927 1326 1971 et
1377 1919 1525 1973 testis
1563 1919 1720 1977 fuerit
1764 1935 1817 1980 et
1845 1927 2102 1982 antistes:
2137 1928 2178 1984 in

2301 1931 2411 1972 sua:
2449 1917 2721 1989 signaculo
2743 1926 2900 1996 221
2926 1929 3318 1998 prtemonitum,
3347 1905 3474 1988 illuc
3498 1905 3704 2002 iubeat
3729 1938 3891 2002 adire,

619 2012 727 2066 quo
752 2001 1036 2068 proﬁciens
1065 2004 1185 2060 fidei
1210 2008 1450 2076 latitudo,
1482 2011 1605 2066 dum
1639 2015 1945 2070 cathedram
1970 2020 2191 2088 su~eipit

613 2091 935 2156 sanctitatis,
962 2110 1210 2153 coronam
1239 2103 1410 2168 rapuit
1448 2106 1728 2174 passionis.
1758 2109 1830 2165 Ita
1858 2111 2188 2181 Majestatem

617 2193 780 2252 tuam,
820 2185 1062 2259 Domine,
1094 2193 1364 2262 supplices
1393 2212 1695 2266 eatiramus,
1728 2205 1888 2273 utqui
1917 2205 1964 2258 ei
1989 2213 2187 2260 tantam

611 2290 709 2344 pro
737 2279 952 2334 nomine
983 2291 1072 2336 tuo
1109 2285 1400 2352 praestitisti
1435 2288 1794 2356 tolerantiam,
1829 2309 1923 2362 per
1968 2295 2083 2368 ejus
2110 2297 2189 2351 in-

609 2369 987 2456 tercessionem
1043 2375 1243 2433 tribuas
1299 2395 1395 2449 pro
1458 2383 1654 2440 dilictis
1709 2388 1848 2456 plebi
1915 2390 2037 2446 huic
2095 2409 2183 2449 ve‘

607 2460 771 2536 niam.
801 2461 898 2519 l’er
948 2466 1228 2524 Dominum
1281 2479 1522 2528 nostrum
1597 2474 1775 2531 desum
1809 2477 2076 2536 Christum
2101 2483 2186 2538 Fi-

605 2545 734 2604 fiutn
769 2563 933 2608 tuum.

1103 2625 1335 2681 Collectio
1360 2641 1466 2696 post
1491 2635 1702 2688 nomina.

679 2716 921 2795 Magnum
980 2730 1132 2786 nobis
1173 2746 1254 2788 est
1301 2752 1620 2810 semperque
1671 2741 1938 2815 festivum,
1992 2746 2184 2807 fratres

605 2815 889 2884 carissimi,
919 2821 1109 2876 Summi
1141 2827 1410 2894 pontificis
1436 2839 1488 2885 et
1510 2835 1761 2905 martyris
1781 2835 2049 2895 Saturnini
2078 2858 2184 2899 me-

613 2907 756 2973 ritis,
785 2907 1037 3000 depensis
1071 2914 1302 2975 fideliter
1329 2925 1577 2992 precibus
1603 2940 1847 2998 exorare,
1881 2931 1971 3000 qui
2000 2932 2183 2989 Salva-

573 2992 576 2994 ’
611 2992 739 3055 tofis
983 3007 1150 3063 nostri
1197 3025 1466 3085 praecepta
1513 3001 1842 3089 custodiens,
1875 3039 1979 3078 non
2010 3026 2178 3081 solum

610 3083 971 3178 sacerdotium
1002 3113 1065 3154 ac
1089 3104 1211 3155 vitae
1245 3083 1624 3162 beatitudinem
1655 3113 1870 3178 meruit,
1902 3117 1994 3170 sed
2019 3117 2178 3173 etiam

610 3175 739 3237 talui
770 3171 988 3242 honoris
1030 3191 1266 3248 officium
1323 3197 1462 3252 felici
1514 3205 1772 3275 martyrio
1821 3211 2174 3284 consecravit.

607 3272 709 3330 Pc‘r
733 3279 883 3346 'cujus
907 3283 1113 3338 meritis
1137 3285 1487 3356 deprecemur
1527 3272 1944 3364 omnipotentem
1987 3281 2173 3369 Deum,

601 3363 656 3418 ut
699 3362 812 3424 illic
855 3365 1222 3429 defunctorum
1279 3377 1484 3435 animas
1537 3362 1820 3462 trans—ferat
1872 3404 1899 3442 a
1957 3397 2175 3463 tartaro,

596 3474 702 3530 quo
729 3461 874 3519 illum
916 3481 1072 3523 causa
1119 3459 1317 3527 amoris
1349 3472 1431 3528 sui
1488 3459 1769 3534 adsumere
1799 3476 2044 3550 dignatus
2097 3495 2178 3542 est

600 3563 717 3620 post
748 3557 1094 3626 triumphum.
1121 3559 1223 3616 Per
1245 3559 1529 3621 Dominum
1554 3563 1796 3624 nostrum
1817 3569 1998 3629 Jesum
2021 3574 2176 3632 Chri-

591 3635 732 3700 stum
757 3645 952 3705 Filium
983 3667 1164 3720 suum,
1190 3670 1395 3712 secum.

1123 3741 1356 3800 Collectio
1379 3751 1437 3800 ad
1466 3745 1653 3815 pacem.

671 3819 835 3889 Deus,
866 3825 952 3892 qtti
977 3827 1181 3883 viscera
1209 3829 1594 3891 misericordia;
1619 3829 1777 3907 atque
1804 3833 1954 3894 uberi
1995 3843 2177 3899 multi-

599 3901 745 3984 plici,
777 3918 854 3972 sic
878 3919 1091 3975 sanctos
1119 3931 1236 3978 tuos
1267 3943 1494 3983 coronas
1519 3946 1612 3998 pro
1635 3934 1859 4002 meritis,
1890 3944 1947 3990 ut
1973 3937 2176 3994 discor-

603 4003 840 4062 dantium
868 4011 1075 4067 animos
1104 4029 1288 4072 eorum
1322 4017 1704 4080 intercessione
1727 4026 1996 4096 pacificos,
2029 4025 2172 4100 qua:-

593 4109 778 4152 sumus
811 4115 903 4168 per
931 4102 1287 4164 interventum
1321 4113 1488 4167 saneti
1521 4111 1794 4171 Saturnini
1847 4119 2100 4176 antistitis
2121 4133 2174 4180 et

596 4193 846 4260 martyris
881 4194 952 4248 ttti
987 4206 1042 4250 ut
1071 4201 1398 4266 pacificatam
1449 4207 1678 4274 plebem,
1712 4209 1868 4280 hujus
1905 4209 2171 4271 festivitati

599 4277 899 4350 collectam,
936 4287 1014 4341 sic
1037 4289 1104 4343 ali
1129 4295 1272 4347 omni
1331 4296 1602 4355 simultate
1629 4317 1866 4371 separes,
1913 4297 1970 4360 ut
2004 4308 2171 4375 perfe-

596 4382 736 4428 ctam
763 4387 851 4432 tuo
874 4386 1180 4452 conspectui
1209 4387 1407 4445 habere
1439 4391 1694 4462 digneris.
1748 4395 1848 4452 Per
1887 4391 2168 4456 Dominum

592 4478 832 4525 nostrum
858 4471 1038 4529 Jesum
1069 4476 1340 4535 Christum
1375 4482 1566 4539 Filium
1592 4495 1760 4542 tuum.

1266 4575 1509 4627 Contestat
1519 4581 1581 4629 io.

665 4643 886 4716 Dignum
913 4662 962 4706 ct
991 4652 1192 4722 justum
1217 4669 1318 4713 est.
1351 4661 1618 4729 Optimum
1649 4678 1779 4722 sane
1825 4676 1932 4735 est,
1983 4671 2168 4727 nobis-

587 4750 692 4806 que
720 4741 939 4808 speciali
989 4739 1274 4803 devotione
1330 4755 1680 4823 prmcipuum,
1728 4761 2168 4830 omnipotentiam

590 4841 754 4902 tuam,
789 4836 1019 4894 Trinitas
1057 4840 1217 4908 Deus,
1269 4861 1363 4924 pro
1394 4857 1708 4904 cunctorum
1761 4853 2169 4924 triumphalibus

588 4927 762 4992 pretiis
804 4929 1030 4983 servitio
1085 4917 1686 5007 linguas'supplicantis
1744 4945 2020 5010 extollere,
2074 4949 2166 5003 sed

589 5015 858 5084 praecipue
885 5019 982 5072 hoc
1004 5025 1242 5090 témpore
1267 5024 1480 5080 beatum
1509 5029 1874 5099 Saturninum,
1908 5025 2165 5092 tremendi

584 5106 816 5160 nominis
847 5103 920 5161 iui
975 5113 1552 5172 conclamantissimum
1613 5130 1828 5192 testem,
1863 5109 2041 5180 debito
2072 5127 2168 5181 ho-

588 5213 720 5254 tiore
749 5202 1025 5270 suscipere
1055 5221 1068 5257 :
1101 5221 1258 5272 quem
1286 5210 1432 5262 turba
1475 5215 1750 5283 gentilium
1782 5234 1904 5273 cum
1958 5221 2164 5289 impulit

579 5305 612 5345 e
644 5290 784 5356 fzt't'io,
814 5289 988 5347 intulii
1015 5295 1172 5350 co‘elo.
1201 5293 1470 5366 Siquidem
1524 5303 1637 5375 ipse
1669 5297 1904 5376 p‘untifex
1935 5299 2052 5365 fuus
2099 5312 2166 5364 ab

585 5381 821 5436 Orientis
850 5385 1092 5450 partibus
1141 5387 1192 5442 in
1241 5388 1424 5446 urhem
1481 5394 1807 5453 Tolos..tiunt
1847 5400 2161 5467 destinatus,

581 5473 753 5526 Roma
783 5473 1048 5533 Garunna:
1072 5478 1126 5533 in
1169 5481 1336 5536 vicem
1365 5481 1510 5539 P.-tri
1544 5487 1637 5552 tui,
1691 5485 1797 5544 tarn'
1853 5481 2159 5547 cathedram

581 5569 748 5634 quam
794 5573 1108 5640 martyrium
1152 5577 1558 5633 consummavit.
1595 5580 1743 5638 Unde
1796 5583 2162 5644 benedicimus

584 5663 664 5723 te,
701 5657 947 5726 Domine,
978 5661 1028 5714 in
1061 5667 1312 5732 operibus
1342 5673 1468 5735 tuis,
1499 5683 1554 5724 et
1595 5675 1862 5743 supplices
1903 5676 2160 5746 depreca-

582 5767 726 5817 mur,
758 5762 815 5807 ut
840 5755 1097 5824 spiritalia
1129 5760 1417 5817 Christiani
1443 5768 1622 5833 populi
1655 5768 1920 5824 desideria
1948 5772 2162 5830 sollem-

586 5846 730 5901 niter
769 5847 1111 5917 impleantur,
1141 5863 1192 5907 et
1252 5855 1620 5914 misericordia
1667 5859 1698 5914 a
1749 5871 1801 5919 te
1851 5867 2008 5933 petita
2069 5871 2162 5938 per

575 5942 749 6000 sancti
778 5942 852 6000 tui
873 5945 1422 6020 Saturuiu-isufl’ragia
1462 5950 1706 6010 celeriter
1728 5957 2057 6029 impetretur.
2092 5959 2163 6019 Ut

2299 2008 2714 2068 adminiculante
2755 2017 2881 2082 fide,
2930 2035 3036 2086 quo
3081 2031 3286 2092 martyr
3344 2027 3620 2093 praecessit
3673 2028 3891 2098 implete

2299 2105 2614 2159 certamine.
2647 2105 2797 2174 Quod
2831 2109 2944 2177 ipse
2997 2122 3251 2178 praestare
3295 2116 3567 2186 dignetur,
3616 2119 3724 2189 qui
3781 2134 3890 2175 cal

2299 2192 2457 2249 Patre
2487 2207 2541 2250 et
2568 2197 2769 2267 Spiritu
2802 2212 2988 2258 sancto
3018 2206 3220 2262 vivitet
3245 2224 3355 2279 reg.

2837 2293 3072 2346 Collectio
3088 2301 3330 2361 sequitur.

2364 2365 2572 2424 Christe
2595 2370 2839 2444 Domine,
2861 2378 3094 2433 crucifer
3123 2381 3377 2450 gloriose,
3410 2386 3496 2454 qui
3520 2391 3889 2458 constantiam

2302 2455 2441 2516 beati
2474 2451 2702 2519 Atidreat
2724 2468 2950 2537 apostoli
3001 2484 3217 2542 propter
3256 2451 3476 2546 gloriam
3535 2455 3610 2533 tui
3658 2471 3890 2539 nominis

2292 2547 2533 2607 crucifixi
2583 2557 2650 2608 ita
2705 2559 3017 2615 confortasti
3070 2564 3118 2616 in
3152 2567 3364 2634 pratlio,
3396 2551 3451 2621 ut
3490 2571 3795 2628 extolleres
3845 2576 3890 2630 in

2297 2644 2591 2716 triumpio,
2619 2651 2812 2704 cauudi
2839 2637 2978 2708 hunc
2999 2666 3195 2709 emtum
3225 2658 3518 2729 supplicent
3550 2677 3614 2740 ac
3647 2679 3887 2733 praesen-

2302 2737 2429 2796 tem,
2459 2743 2513 2787 et
2545 2746 2735 2803 praesta
2766 2745 2822 2791 ut
2845 2731 2931 2808 qui
2965 2737 3066 2796 ho'c
3095 2749 3336 2812 tempore
3366 2745 3482 2816 ejus
3524 2731 3885 2806 Sollemnitati

2293 2819 2530 2879 debitum
2565 2829 2738 2883 ftenu's
2760 2825 3104 2900 cxsolvi'mus,
3152 2821 3340 2889 futuris
3397 2827 3737 2907 tempoi-ibus
3770 2857 3883 2897 mo-

2287 2907 2413 2970 dum
2445 2917 2566 2973 vitae
2593 2917 2929 2991 'castissimie,
2965 2924 3081 2995 ipso
3105 2917 3422 2996 opitulante,
3450 2933 3760 2986 servemus.
3789 2932 3886 2990 Per

2299 3015 2370 3074 te,
2405 2995 2617 3067 Christe
2644 3009 2890 3071 salvatoi‘
2917 3006 3120 3086 mundi,
3145 2995 3238 3088 qui
3291 3010 3414 3077 eum
3467 3013 3678 3079 aeterno
3729 3015 3884 3080 Patre

2286 3101 2438 3170 vivis,
2468 3103 2763 3164 dominaris
2792 3111 2846 3165 et
2895 3103 3088 3183 iegnas
3117 3107 3257 3170 Deus
3291 3105 3344 3171 iri
3391 3107 3594 3172 unitate
3643 3117 3884 3188 Spiritus

2283 3198 2454 3250 sancti
2481 3198 2531 3252 itt
2564 3199 2761 3256 saecula
2792 3204 3128 3260 Saaculorum.

2762 3283 2999 3346 COliectio
3021 3285 3130 3381 μηδὲ
3150 3287 3357 3350 nomina.
3782 3377 3787 3381 .

2357 3372 2789 3442 Omnipmentem
2817 3379 2984 3432 Deum
3014 3379 3075 3435 a‘c
3109 3369 3390 3436 hominum
3461 3391 3736 3450 nostrum,
3777 3377 3880 3440 fta-

2287 3467 2396 3517 πρε
2427 3458 2714 3535 carISSimi,
2763 3459 3134 3539 “deprecemur”,
3164 3481 3222 3527 ut
3256 3469 3510 3530 hbiliérna'
3563 3478 3875 3544 sollemnia,

2277 3573 2404 3628 quae
2431 3555 2526 3628 pro‘
2575 3561 2748 3616 natale
2778 3559 3070 3618 beaiiss'in'ti
3113 3565 3336 3636 apostoli
3387 3563 3440 3623 et
3481 3571 3746 3641 martyris
3801 3575 3876 3628 Sui

2283 3641 2511 3705 Andreae
2533 3647 2888 3722 suscepimus,
2917 3653 3018 3710 sibi
3050 3656 3162 3726 ipse
3207 3659 3581 3728 commendet;
3643 3677 3710 3716 ac
3744 3669 3880 3718 sEcut

2285 3734 2364 3794 illi
2415 3731 2574 3796 hodie
2622 3743 2690 3798 ob
2723 3741 3158 3814 p'raedicatidnem
3189 3747 3335 3804 Verbi
3385 3749 3464 3806 sui
3517 3751 3700 3821 capto,
3741 3755 3878 3810 inter

2282 3823 2504 3886 vincula
2539 3830 2792 3902 carceris,
2826 3831 3032 3906 flagella
3063 3843 3117 3893 ει
3163 3843 3336 3896 crucis
3366 3857 3548 3897 necem
3599 3845 3798 3910 adfuit,
3827 3855 3877 3901 et

2278 3913 2343 3976 de
2394 3923 2659 3992 triumpho
2709 3927 2874 3982 nobili
2935 3944 3190 3986 coronant
3243 3929 3409 4002 dedit,
3443 3935 3512 3990 ita
3567 3937 3872 3995 interventu

2277 4015 2394 4080 ejus
2445 4013 2598 4070 nobis
2656 4017 2707 4071 tn
2745 4035 2802 4074 se
2849 4023 3212 4091 credentibus,
3258 4025 3348 4094 qui
3399 4029 3665 4097 p‘r'essuris
3716 4029 3871 4101 hujus

2282 4105 2484 4172 intmdi,
2518 4109 2571 4162 et
2598 4107 2805 4166 insidiis
2853 4111 3147 4170 adversarii
3196 4117 3498 4187 fatigantur,
3529 4121 3579 4173 itt
3620 4117 3869 4180 omnibus

2283 4197 2671 4256 tentatiottibus
2694 4203 2900 4270 adesse,
2933 4220 2994 4261 ac
3020 4208 3442 4264 misericordiam
3475 4212 3654 4283 largiri
3683 4217 3868 4285 digne.

2281 4295 2387 4354 tur,
2420 4297 2475 4346 et
2506 4293 2820 4349 ollerentum
2845 4311 2906 4352 ac
2937 4307 3281 4368 pausantum,
3325 4311 3444 4370 qua:
3487 4305 3712 4360 recitata
3744 4317 3868 4363 sum

2281 4387 2518 4454 nemina,
2573 4383 2812 4458 Aivosidli
2839 4392 2922 4446 sui
2972 4389 3360 4451 intercessione
3415 4399 3734 4454 sancticet.
3771 4401 3868 4458 re

2279 4475 2558 4532 Domitium
2602 4491 2840 4536 nostrum
2862 4483 3045 4540 Jesum
3103 4485 3381 4544 Christtltn
3431 4489 3628 4547 Filium
3683 4501 3863 4566 ευω,

2275 4582 2456 4622 secum
2490 4586 2593 4624 νιν.

2796 4665 3032 4721 Collectio
3055 4673 3114 4722 a‘d
3135 4679 3324 4736 pacem:

2197 4718 2250 4778 D
2349 4744 2702 4816 Omnipotens
2724 4718 3374 4829 sempiternewlleusfq-ui
3414 4767 3559 4818 tanta
3591 4763 3688 4820 tibi
3724 4767 3860 4820 cari-

2284 4846 2388 4892 tate
2440 4839 2654 4895 beatum
2703 4843 2976 4901 Andrt-am
3027 4851 3325 4918 apestolum
3385 4855 3623 4923 vinxisti,
3661 4867 3718 4913 ut
3780 4869 3860 4913 tuo

2275 4930 2476 4984 auxilio
2533 4935 2716 4987 mttndi
2767 4937 3003 4993 tittceret
3056 4939 3270 5007 ﬂuetus,
3326 4947 3508 5000 carnis
3553 4960 3857 5004 contereret

2276 5028 2475 5084 motus,
2507 5021 2828 5092 nitentisqtte
2849 5027 3008 5094 gladii
3038 5044 3147 5082 non
3171 5040 3382 5097 paveret
3408 5035 3673 5103 adsultus,
3703 5053 3855 5108 quem

2273 5121 2401 5162 crux
2442 5110 2652 5165 elevata
2681 5117 2918 5185 sust-epit
2944 5109 3219 5186 humilem,
3261 5118 3315 5176 tit
3345 5127 3660 5184 restitueret
3677 5133 3856 5186 trium-

2272 5197 2564 5265 phautem,
2627 5203 2861 5268 pacifica.
2896 5222 3219 5273 quasnmns,
3250 5210 3386 5267 hanc
3442 5215 3700 5271 fmilia
3745 5219 3854 5288 ejus

2269 5289 2622 5347 sollemnitati
2663 5295 2967 5363 collectam,
3001 5309 3062 5352 ut
3078 5299 3204 5354 dum
3237 5303 3435 5371 pmbel
3473 5307 3658 5361 oscula
3685 5309 3853 5376 proxi-

2277 5387 2397 5454 mis,
2435 5389 2712 5459 indulgens
2745 5393 3084 5462 Ia‘dcttlibus,
3113 5399 3320 5452 veniam
3353 5401 3594 5456 obtineat
3623 5411 3727 5471 pro
3755 5403 3845 5458 de.

2266 5476 2431 5532 lictis.
2469 5479 2569 5533 Per
2602 5481 2884 5539 Dominum
2943 5495 3188 5544 nostrum
3216 5489 3396 5546 Jesum
3448 5491 3722 5550 Christum
3769 5492 3851 5550 Fi-

2270 5564 2400 5626 lium
2424 5580 2593 5643 tuum,
2625 5575 2716 5645 qui
2747 5585 2945 5633 tecum.

2893 5689 3211 5745 Conteslatio.

2341 5776 2564 5847 Dignum
2585 5789 2639 5836 et
2654 5780 2857 5851 justum
2882 5789 2987 5852 εει,
3033 5781 3245 5856 :eqtfum
3272 5797 3328 5844 et
3368 5783 3571 5858 jttsrum
3603 5801 3712 5862 est,
3737 5792 3844 5866 pie-

2271 5865 2500 5925 tati'tuat
2523 5870 2819 5929 ineffabiles
2841 5869 3043 5946 gratias
3067 5873 3289 5947 rc'f'érré,
3324 5873 3686 5969 omnipotens,
3718 5891 3847 5966 sem-

2269 5963 2475 6034 pitcrne
2505 5963 2680 6036 Deus;
2707 5975 2761 6023 et
2789 5967 3150 6031 inmstimabdi
3175 5963 3373 6046 gaudio
3398 5963 3704 6047 passionem
3738 5963 3845 6035 tuo-
