4048 6350
205 428 330 486 233

1233 424 1323 481 ne
1362 410 1689 481 Ltrun'ctA
1734 394 2122 477 ciuem
2163 394 2368 474 LIBER
2405 408 2496 475 ιιι.

3386 411 3492 477 ΞΜ

211 562 346 603 rum
381 544 674 617 praedicare
723 556 1051 608 sanctorum,
1088 558 1180 613 per
1220 542 1491 597 Christum
1518 532 1805 594 Dominnm’
1829 536 2036 598 Adera
2079 535 2294 613 sedens,
2324 528 2521 591 almum
2576 506 2728 590 nobis
2778 510 2947 603 sidus,
2978 534 3166 592 beatos
3219 538 3499 607 apostolos

222 649 501 693 nostrum.
525 637 622 705 Qui
654 636 812 690 beato
835 638 1060 692 Andreae
1090 637 1140 689 in
1166 636 1334 707 prima
1364 626 1640 688 vocatione
1665 629 1812 684 dedit

210 730 408 793 (idem,
438 736 493 781 et
531 729 580 780 in
615 727 862 796 passione
914 727 1132 781 donavit
1172 725 1469 801 victoriam.
1505 725 1802 790 Acceperat

209 823 341 879 haec
369 834 591 893 utraque
617 823 802 877 beatus
824 821 1095 888 Andreas;
1123 821 1243 877 ideo
1265 821 1495 876 habebat
1516 828 1569 873 et
1597 820 1646 873 in
1674 832 1809 889 prae-

207 916 490 971 dicatione
536 917 912 982 constantiam,
938 925 994 971 et
1045 917 1095 969 in
1147 917 1394 987 passione
1442 913 1807 969 tolerantiam.

209 1008 322 1075 Qui
354 1019 469 1077 post
514 1008 692 1078 iniqua
741 1007 986 1075 verbera,
1017 1011 1176 1080 zﬁz
1207 1018 1322 1075 post
1353 1005 1587 1061 carceris
1615 1014 1803 1074 saepta,

210 1102 470 1176 alligatus
508 1102 798 1174 suspendio
825 1117 885 1157 se
907 1117 1095 1172 purum
1127 1102 1450 1157 sacrificium
1484 1100 1579 1156 tibi
1608 1100 1809 1154 obtulit

212 1195 356 1250 Deo.
388 1194 637 1249 Extendit
686 1196 1000 1251 mitissimus
1046 1196 1263 1250 brachia
1293 1194 1359 1250 ad
1388 1195 1572 1257 etelos,
1599 1192 1804 1263 ample-

214 1290 388 1342 etitnr
438 1290 613 1344 crucis
645 1290 920 1355 vexillum,
955 1290 1140 1361 deﬁgit
1178 1290 1230 1346 in
1271 1289 1468 1345 osculis
1516 1304 1635 1352 ora,
1666 1288 1802 1358 Agni

210 1372 496 1449 cognoscit
526 1394 739 1435 arcana.
774 1381 1012 1451 Denique
1042 1380 1165 1435 dum
1208 1381 1273 1435 ad
1305 1380 1600 1450 patibulum
1632 1380 1800 1434 duce-

214 1481 391 1536 retur,
422 1478 472 1528 in
516 1489 673 1529 cruce
699 1476 1137 1544 suspenderetur,
1188 1490 1349 1529 carne
1396 1474 1721 1545 patiebatur.
1751 1482 1806 1529 et

214 1565 409 1631 spiritu
432 1565 766 1636 loquebatur.
792 1566 1133 1620 Obliviscitur
1161 1565 1336 1619 crucis
1362 1573 1648 1628 tormenta,
1678 1563 1805 1619 dum

220 1655 296 1709 de
320 1671 473 1711 cruce
493 1656 760 1713 Christum
793 1666 1080 1729 przeconat.
1108 1658 1375 1726 Quantum
1430 1657 1572 1712 eni-n
1603 1672 1801 1726 corpus

218 1749 344 1831 ejus
372 1751 421 1804 in
476 1751 618 1821 ligno
665 1754 1070 1815 extendebatur,
1104 1761 1306 1806 tantum
1350 1753 1403 1806 in
1457 1751 1633 1820 lingua
1688 1749 1809 1819 ejus

214 1836 467 1897 Christus
490 1844 844 1912 exaltabattir,
870 1845 1260 1921 quiapendens
1318 1846 1368 1899 in
1403 1845 1566 1916 ligno,
1601 1843 1792 1899 sociari

1916 630 2197 701 reliquisti,
2227 646 2455 700 quorum
2482 629 2776 698 speciosam
2818 618 3123 697 cohortem,
3156 630 3292 686 felici
3324 631 3487 685 clari-

1886 710 2021 793 tate
2062 722 2372 792 pollentem,
2399 723 2546 793 prius
2570 723 2889 795 przeelegisti
2924 723 3135 791 merito,
3170 731 3227 777 ut
3279 722 3490 792 praede-

1914 816 2140 871 Stinares
2200 816 2251 869 in
2295 830 2481 885 regno.
2526 817 2717 870 Amen.
2761 814 3008 870 Concede
3070 813 3331 883 propitius
3382 812 3490 867 cir-

1912 916 2265 963 cumstantem
2319 907 2524 976 plebem
2577 906 2750 961 crucis
2801 916 2904 960 tute
2945 906 3139 960 muniri
3194 904 3495 973 signaculo,

1914 1010 1971 1054 ut
1999 1000 2300 1053 universum
2324 1006 2539 1067 superet
2576 982 2817 1053 adversa:
2850 997 3131 1065 potestatis
3188 998 3485 1052 incursum.

1914 1095 2105 1149 Amen.
2135 1078 2353 1145 lntunde
2374 1091 2620 1146 sensibus
2644 1091 2759 1158 ejus
2789 1089 3080 1159 apostolica
3107 1088 3375 1158 dogmata,
3395 1102 3500 1154 qua

1915 1172 1966 1238 te
1991 1182 2376 1250 contempletur
2406 1190 2579 1235 mente
2624 1176 2835 1235 serena.
2862 1162 3052 1234 Amen.
3086 1178 3152 1235 Ut
3178 1177 3232 1233 in
3259 1177 3353 1232 illo
3387 1188 3497 1232 tre-

1916 1273 2107 1330 mendo
2135 1274 2480 1328 discussionis
2506 1282 2765 1341 tempore,
2806 1288 2989 1327 eorum
3016 1268 3329 1326 defensetur
3354 1284 3486 1338 prae-

1913 1354 2068 1435 sidio,
2099 1382 2323 1438 quorum
2370 1364 2452 1420 est
2502 1374 2683 1420 secuta
2736 1362 3083 1435 praeceptum.
3119 1358 3501 1438 Amen._Quod

1912 1459 2028 1530 ipse
2061 1436 2314 1529 praestare
2361 1457 2619 1528 digneris,
2667 1450 2757 1526 qui
2815 1470 2935 1510 cum
2992 1446 3170 1517 l'atre,
3203 1462 3258 1508 et
3297 1436 3502 1522 Spiritu

1911 1561 2095 1608 sancto
2135 1546 2269 1606 vivis
2292 1546 2347 1606 et
2373 1564 2562 1620 regnas
2594 1548 2752 1603 Deus.

1913 1664 2100 1721 XVIII.
2143 1680 2287 1720 mssa
2332 1681 2381 1719 ut
2422 1679 2629 1719 NATALE
2668 1678 2885 1718 sanam
2926 1677 3172 1733 suum;
3200 1658 3228 1699 δ
3253 1671 3500 1715 νιιιεικιε.

1986 1779 2153 1835 Deum
2179 1780 2621 1848 omnipotentem,
2666 1777 2881 1831 Fratres
2929 1774 3227 1841 carissimi,
3258 1771 3350 1843 qui
3379 1782 3496 1826 tan-

1911 1879 2023 1927 tum
2050 1871 2366 1942 prudentem
2390 1869 2741 1940 virginitatem
2769 1868 2890 1923 lidei
2919 1866 3174 1921 sociatum
3201 1865 3356 1931 apice
3380 1862 3501 1933 glo—

215 1947 283 1988 se
306 1934 353 1987 ei
376 1935 773 2021 gratulabatur.
809 1936 1025 2031 Ahsolvi
1054 1946 1078 1972 ἰ
1111 1951 1169 1990 se
1201 1952 1307 1990 non
1339 1936 1536 2005 patitur
1556 1950 1584 1989 3
1615 1951 1800 2001 cruce,
1837 1943 1888 2004 Β
1917 1965 2010 2019 πίε
2040 1934 2400 2029 éonsecravil,
2429 1934 2497 2017 ut:
2519 1977 2613 2031 per
2642 1976 2799 2030 quem
2845 1960 2979 2014 facta
3007 1966 3090 2011 est
3120 1966 3292 2010 mater
3324 1954 3507 2019 Maria,

214 2038 292 2079 ne
314 2034 541 2094 tepescat
566 2035 835 2081 certamen
863 2028 913 2082 in
970 2039 1229 2097 tempore.
1263 2028 1438 2082 Turba
1489 2030 1810 2096 circumSpi-

217 2110 315 2199 cit,
349 2112 400 2170 et
422 2115 714 2211 'lamentat;
744 2119 948 2174 demitti
1001 2136 1025 2171 τι
1074 2120 1287 2174 vinculo
1336 2122 1504 2190 cupit,
1531 2135 1687 2191 quem
1719 2111 1811 2175 re-

219 2209 523 2272 paratorem
556 2210 747 2263 mentis
774 2209 1033 2280 intelligit.
1072 2210 1261 2265 Laxari
1317 2211 1545 2279 postulat
1571 2209 1798 2281 justum,

222 2314 294 2355 ne
322 2294 500 2369 pereat
534 2302 756 2372 populus
784 2302 884 2357 hoc
914 2302 1131 2358 delicto.
1163 2299 1369 2357 [nterea
1403 2302 1573 2356 fundit
1603 2288 1802 2373 illartyr

219 2386 494 2462 spiritum,
550 2406 894 2464 possessurus
945 2392 1257 2463 sempiterni
1309 2380 1513 2450 Iudicis
1561 2410 1807 2464 regnum.

217 2479 328 2541 Per
352 2482 504 2554 cujus
548 2480 752 2541 tneritis
781 2487 1018 2541 concede
1060 2486 1231 2554 nobis,
1263 2484 1600 2553 omnipOIeus
1631 2487 1794 2553 Deus,

223 2588 278 2630 ut
313 2591 343 2631 a
375 2572 527 2633 malis
566 2576 813 2634 omnibus
855 2578 949 2632 tuti
990 2586 1150 2648 atque
1190 2578 1415 2643 defensi,
1448 2579 1536 2633 tibi
1584 2577 1808 2633 Domino

221 2668 411 2725 nosn'o
441 2668 547 2725 Deo
578 2674 889 2741 martyrum,
916 2679 971 2725 et
1002 2669 1229 2738 Principi
1274 2671 1661 2739 apostolorum,
1691 2671 1804 2722 Iau-

222 2762 325 2818 des
347 2756 562 2831 se‘mper‘
588 2772 641 2818 et
666 2764 864 2834 gratias
902 2750 1200 2819 reteramus
1254 2777 1374 2818 cum
1407 2764 1608 2836 angelis
1640 2771 1694 2818 et
1723 2762 1808 2815 ar-

220 2850 525 2925 changelis,
554 2850 640 2925 q'ui
687 2855 907 2925 gloriam
947 2863 1090 2909 tuam
1141 2870 1242 2910 non
1290 2864 1501 2911 cessant
1551 2855 1808 2921 clamare,

229 2947 497 3004 dicentes.

721 3020 955 3070 Collectio
980 3024 1085 3082 post
1110 3020 1335 3070 Sanctus.

306 3099 557 3156 Hosanna
580 3101 632 3156 in
664 3101 915 3156 excelsis.
955 3102 1090 3157 Vere
1118 3110 1357 3166 sanctus,
1402 3114 1529 3155 vere
1566 3099 1822 3156 benedic-

226 3200 339 3259 tus,
375 3208 501 3248 vere
525 3194 789 3265 gloriosus
832 3186 1089 3249 Dominus
1141 3203 1326 3249 noster
1354 3194 1511 3249 .lesus
1560 3191 1810 3247 Christus

224 3285 397 3341 Filius
418 3296 558 3351 tuus,
588 3288 676 3355 qui
709 3288 919 3343 beatum
948 3287 1212 3342 Andream
1244 3286 1549 3357 apostolum
1584 3285 1813 3351 primum

222 3378 519 3449 electione,
549 3381 746 3438 exinde
771 3384 1064 3438 certamine
1098 3378 1455 3436 consecravit.
1491 3380 1607 3448 Ipse
1659 3377 1808 3433 enim

227 3471 409 3542 pridie
431 3488 610 3544 quam.

708 3566 944 3619 Collectio
969 3573 1078 3630 post
1103 3572 1314 3615 secreta.
1757 3612 1774 3626 ,

307 3649 613 3705 ltecolimus
635 3658 709 3717 te,
741 3649 984 3715 Domine,
1028 3663 1242 3720 passum
1274 3662 1372 3717 pro
1413 3644 1596 3700 mundi
1646 3643 1820 3699 salute

229 3743 509 3807 humilem,
533 3745 625 3799 sed
652 3745 925 3800 credimus
973 3742 1266 3798 subsistere
1294 3755 1507 3809 seraper
1554 3740 1609 3793 iu
1639 3736 1815 3793 Geni-

231 3843 353 3890 tore
381 3843 646 3904 potentem
682 3852 693 3888 :
726 3848 1032 3904 precamur,
1059 3842 1114 3888 ut
1142 3833 1234 3902 qui
1256 3831 1325 3885 de
1354 3830 1547 3884 altario
1579 3839 1670 3883 tuo
1702 3842 1820 3897 par-

233 3927 539 3994 ticipamur,
570 3940 690 3982 cum
719 3926 891 3982 beatis
911 3925 1167 3994 apostolis
1195 3925 1249 3977 in
1272 3921 1583 3978 cmlestibus
1612 3920 1817 3990 glorie-

233 4034 375 4074 mur.
408 4019 631 4086 Praesta,
670 4018 921 4073 Salvator
953 4016 1152 4082 mundi,
1180 4017 1268 4086 qui
1301 4029 1422 4069 cum
1474 4022 1682 4069 aeterno
1709 4014 1822 4068 Pa-

236 4123 321 4169 tre
357 4124 409 4169 et
440 4112 643 4184 Spiritu
664 4122 853 4167 sancto
871 4111 1025 4166 vivis.

538 4204 776 4257 Collectio
798 4207 917 4253 ante
935 4202 1207 4252 orationem
1224 4196 1542 4248 Dominicam.

310 4290 470 4355 Deus,
524 4291 615 4360 qui
670 4298 887 4343 sanctos
936 4285 1211 4355 apostolos
1253 4290 1393 4350 tuos,
1423 4285 1705 4347 exemptos
1750 4275 1819 4330 ab

236 4384 396 4454 hujus
424 4385 600 4439 saeculi
631 4382 900 4447 fluctibus,
931 4379 1191 4450 angelicis
1230 4376 1439 4446 iussisti
1468 4374 1700 4430 cratibus
1725 4374 1821 4428 ad-

236 4494 480 4550 gregare,
503 4493 636 4548 quos
664 4478 825 4533 etiam
856 4477 961 4532 tuis
989 4473 1438 4544 praceptionibus
1465 4470 1811 4531 inhaerentes,

235 4569 465 4641 qualiter
492 4578 545 4624 te
581 4570 999 4639 deprecarentur
1044 4567 1358 4623 exhortator
1411 4563 1685 4633 piissimus
1743 4561 1828 4614 in-

238 4662 499 4729 t'ormasti,
533 4661 800 4731 supplices
855 4672 1183 4729 quaesumus,
1241 4667 1299 4711 ut
1348 4655 1435 4726 qui
1497 4654 1622 4707 illos
1668 4652 1822 4707 hilari
1856 4690 1905 4771 ὑ

436 4751 713 4771 --μμ-ε.--
744 4749 978 4771 ε..ι.--ι-.ξ
1040 4748 1192 4771 --..:..
1227 4748 1393 4771 in“.
1448 4758 1657 4771 “.an
1692 4757 1817 4771 ,,,,,,,

238 4751 398 4807 aﬂatu
431 4751 715 4806 salubriter
742 4749 1003 4817 imbuisti,
1040 4748 1194 4803 nobis
1227 4748 1393 4816 ipsam
1448 4758 1658 4813 precem
1692 4757 1817 4797 cum

241 4848 432 4903 ﬁducia
456 4848 730 4917 permittas
758 4846 989 4900 clamare
1018 4842 1102 4897 vel
1131 4840 1313 4895 dicere
1346 4857 1359 4893 :
1393 4838 1546 4892 Pater
1580 4843 1784 4892 noster.

548 4938 779 4991 Collectio
798 4944 905 5000 post
922 4937 1194 4987 orationem
1213 4931 1533 4983 Dominicam.

314 5025 474 5097 223
506 5025 584 5078 Ab
608 5024 752 5078 omni
784 5021 927 5075 malo
953 5033 1051 5074 nos
1089 5018 1263 5085 eripe,
1286 5013 1626 5083 omnipotens
1660 5011 1821 5075 Deus,

240 5129 299 5178 et
321 5129 515 5189 praasta
533 5117 762 5187 utjubar
783 5113 1062 5185 apostolici
1094 5108 1312 5165 tuminis
1336 5104 1676 5170 circumdati,
1710 5118 1824 5158 om-

240 5229 366 5272 nem
394 5226 603 5267 naevum
654 5206 897 5264 criminis
955 5220 1076 5259 cum
1108 5199 1322 5271 pompis
1362 5196 1544 5253 saaculi
1600 5208 1824 5264 respua-

240 5322 383 5364 mus.
409 5304 512 5361 Per
536 5301 817 5357 Dominum
846 5307 1087 5355 nostrum
1116 5295 1302 5351 .lesum
1332 5289 1601 5346 Christum
1636 5286 1829 5341 Filium

242 5409 414 5455 tuum.

778 5459 1072 5513 Benedictio
1095 5456 1277 5522 populi.

318 5550 544 5610 Domine
571 5546 712 5605 Deus
738 5545 1105 5616 omnipotens,
1137 5539 1226 5610 qui
1257 5534 1523 5608 gloriosus
1568 5547 1730 5601 super
1753 5530 1826 5583 si-

319 5699 345 5728 ιι
372 5688 498 5743 Haec
524 5685 735 5753 aliaque
763 5682 926 5753 verba
960 5680 1238 5745 desumpta
1266 5671 1519 5753 videntur
1547 5683 1616 5753 es
1644 5665 1830 5753 vulgar

247 5764 318 5819 tis
339 5760 505 5817 sancti
536 5743 764 5811 Andreae
793 5751 959 5819 Actis,
992 5764 1110 5820 quze
1155 5743 1354 5820 steculo
1388 5746 1480 5820 γη(
1506 5746 1629 5820 nota
1672 5743 1827 5820 erant

246 5804 1103 5903 ξίιτίι”‹ῑ·ῖῖξέιςιῖῇδέ,ῐεέδῑίιείιυῖεηεμ
1147 5817 1235 5903 qui
1357 5804 1829 5903 E‘§.Y$T.‘ia.'.f"fai‘

248 5875 697 5962 ZEBYtHJniiitiEi
714 5875 746 5952 ἶ
763 5875 958 5951 Bantia
981 5875 1309 5964 rElipauduin
1323 5926 1335 5939 .
1351 5883 1607 5964 “Libellus
1641 5880 1708 5964 ge
1741 5875 1834 5964 tu.

252 5949 666 6033 Hiai‘é'sé'néu'
684 5949 920 6026 snit-ea
962 5949 1209 6021 laudatur
1261 5958 1315 6014 in
1345 5953 1596 6013 Chronici
1639 5949 1834 6007 Fonta-

1923 2058 2075 2113 tieret
2127 2065 2364 2128 martyra
2419 2055 2668 2110 Eulalia:
2706 2054 2793 2108 illa
2844 2052 3077 2121 pariendi
3130 2051 3323 2106 etl'ectu
3362 2048 3508 2117 felix,

1933 2150 2034 2203 ista
2065 2148 2342 2204 moriendo
2376 2166 2390 2201 :
2422 2148 2510 2201 illa
2556 2147 2786 2215 iinplens
2842 2145 3223 2199 incarnationis
3251 2142 3509 2209 ofﬁcium,

1920 2240 2018 2295 ista
2042 2242 2260 2310 rapiens
2310 2239 2576 2308 passioois
2605 2237 2948 2307 exemplum;
2997 2236 3084 2290 illa
3115 2234 3344 2289 credidit
3392 2239 3509 2288 An-

1919 2336 2059 2406 gelo,
2096 2338 2194 2389 ista
2230 2334 2427 2389 restitit
2455 2332 2711 2388 inimico:
2742 2330 2831 2385 illa
2864 2331 3057 2391 electa,
3090 2344 3184 2398 per
3223 2341 3381 2398 quam
3419 2342 3511 2379 na-

1922 2435 2167 2484 sceretur
2185 2426 2453 2490 Christus,
2476 2426 2576 2479 ista
2605 2439 2696 2492 per
2709 2438 2867 2493 quam
2898 2422 3204 2478 vinceretur
3226 2419 3504 2474 diabolus:

1932 2520 2160 2590 supplici
2188 2519 2435 2572 oratione
2464 2530 2772 2586 poscamus,
2803 2524 2863 2569 ut
2892 2515 3100 2569 beatam
3128 2511 3388 2566 Eulaliam
3415 2523 3511 2589 pro

1928 2613 2083 2670 nobis
2113 2620 2357 2667 orantem
2412 2608 2671 2666 exaudiat
2703 2625 2716 2662 :
2748 2619 2798 2663 et
2850 2609 3049 2676 omnia,
3083 2621 3223 2675 quae,
3278 2594 3509 2672 peccatis

1922 2710 2357 2772 adversantibus,
2389 2705 2713 2776 impedimur
2731 2741 2747 2770 ,
2770 2701 2886 2772 ejus
2910 2699 3108 2755 auxilio
3137 2698 3202 2751 ab
3220 2696 3363 2752 omni
3387 2693 3507 2749 labe

1925 2804 2290 2872 peccaminum
2317 2813 2588 2853 eruamur.
2623 2797 2725 2851 Per
2748 2794 3028 2849 Dominum
3056 2797 3296 2846 nostrum
3324 2786 3507 2842 Jesum

1922 2893 2194 2948 Christum
2227 2890 2416 2947 Filium
2448 2902 2626 2955 suum,
2658 2901 2861 2943 secum.
2888 2900 2906 2916 '

2455 2981 2690 3033 Collectio
2712 2981 2934 3040 sequitur

2005 3070 2166 3132 Deus,
2204 3070 2291 3141 qui
2322 3078 2522 3123 sanctae
2550 3073 2799 3135 tuartyrze
2832 3072 2935 3116 tua:
2980 3058 3197 3113 Eulalia:
3226 3070 3322 3127 pro
3352 3070 3508 3125 paena

1939 3166 2185 3235 gloriam,
2221 3177 2316 3233 pro
2344 3167 2515 3213 morte
2568 3158 2751 3219 vitam,
2781 3170 2876 3224 pro
2906 3152 3211 3207 inﬁrmitate
3236 3148 3507 3215 virtutem,

1946 3272 2039 3326 pro
2065 3254 2313 3324 passione
2350 3265 2602 3306 coronant
2633 3244 2857 3301 tribuisti
2885 3261 2899 3311 ;
2930 3251 3139 3314 prmsta,
3175 3250 3231 3295 ut
3261 3239 3394 3295 sicut
3421 3238 3512 3293 illa

1922 3348 2129 3404 exultat
2152 3346 2205 3400 in
2228 3343 2414 3414 gloria,
2449 3341 2526 3395 sic
2558 3352 2657 3394 nos
2684 3339 2750 3393 de
2772 3347 2857 3392 tua
2889 3333 3248 3391 misericordia
3280 3332 3513 3403 gratule-

1928 3454 2090 3504 mur;
2117 3447 2174 3494 et
2218 3441 2272 3491 in
2316 3441 2576 3492 attentum
2623 3431 2855 3497 veniam,
2883 3440 2933 3482 te
2980 3428 3233 3489 donante,
3260 3422 3514 3491 consequi

1934 3538 2263 3590 mereamur.
2316 3530 2418 3584 Per
2482 3527 2759 3582 Dominum
2824 3519 2986 3593 224
3040 3529 3283 3574 nostrum
3331 3515 3513 3571 Jesum

1923 3627 2207 3682 Christum
2232 3622 2428 3678 Filium
2463 3631 2634 3686 tuum,
2663 3616 2751 3686 qui
2784 3624 2980 3669 tecum.

2422 3720 2655 3772 Colleetlo
2677 3722 2785 3780 post
2806 3715 3017 3766 nomina.

2006 3818 2174 3878 Deum
2206 3819 2297 3890 qui
2320 3822 2518 3872 sanctae
2556 3813 2773 3869 famulae
2820 3820 2930 3864 suae
2966 3802 3188 3863 Eulaliae
3227 3797 3514 3890 gloriosam

1933 3922 1987 3972 et
2015 3889 2516 3969 immarcescibilem
2547 3917 2798 3960 coronam
2846 3897 3085 3969 martyrii
3136 3894 3378 3957 contulit,
3405 3889 3515 3944 fra-

1938 4011 2047 4062 tres
2084 4000 2371 4063 carissimi,
2423 3997 2698 4067 supplices
2740 3993 3110 4059 deprecemur,
3146 3995 3203 4037 ut
3233 3990 3519 4052 praestante

1938 4101 2117 4156 divina
2150 4092 2543 4156 misericordia,
2576 4088 2743 4159 ipsius
2786 4083 3034 4155 precibus
3064 4078 3401 4134 obtineamus
3428 4087 3519 4129 ve-

1933 4195 2099 4258 utam,
2134 4188 2227 4261 qui
2275 4167 2503 4257 gloriam
2552 4197 2657 4238 non
2694 4184 2985 4235 merentur.
3020 4172 3175 4228 Caris
3214 4170 3373 4225 etiam
3417 4182 3520 4261 no-

1928 4288 2081 4353 stris,
2105 4286 2195 4357 qtti
2226 4292 2323 4337 nos
2344 4282 2402 4335 in
2426 4290 2618 4335 somno
2663 4272 2808 4345 pacis
2835 4272 3246 4342 praecesserunt,
3267 4260 3519 4333 perennis

1939 4384 2038 4437 am
2067 4375 2453 4434 beatitudinem
2479 4382 2532 4427 et
2557 4370 2832 4442 perpetuae
2860 4364 2993 4419 lucis
3019 4359 3245 4432 gratiam
3273 4369 3515 4412 remune-

1940 4482 2059 4528 rare
2086 4472 2353 4539 dignetur.
2388 4466 2490 4521 Per
2529 4461 2815 4517 Dominum
2870 4464 3114 4510 nostrum
3156 4450 3340 4507 Jesum
3367 4446 3519 4502 Chri-

1932 4575 2071 4621 stum
2105 4562 2295 4619 Fitlum
2323 4573 2498 4623 suum,
2530 4567 2716 4611 secum
2747 4550 2852 4604 viv.

2472 4667 2703 4721 Collectio
2725 4665 2785 4715 ad
2810 4672 2997 4724 pacem.

2012 4768 2154 4836 Deus
2185 4776 2517 4833 simultatum
2548 4769 2839 4826 discussor,
2870 4760 3015 4831 pacis
3064 4756 3337 4828 quaesitor,
3366 4769 3520 4825 cuius
3559 4835 3562 4838 ἢ

1934 4887 1992 4932 ut
2020 4870 2236 4945 pietatis
2283 4876 2364 4922 est
2402 4863 2666 4935 disjuncta
2722 4856 3062 4924 conjungere,
3105 4847 3176 4903 ita
3218 4847 3417 4901 amoris
3440 4855 3521 4899 est

1939 4941 2084 5023 casta
2112 4962 2329 5032 pacilice
2352 4956 2597 5026 alligare,
2630 4960 2684 5007 tu
2717 4946 2856 5005 nunc
2883 4954 3002 5014 nos,
3032 4941 3277 5006 Domine,
3319 4946 3521 5009 aposto-

1941 5044 2115 5118 lorum
2152 5050 2363 5111 tuol‘um
2387 5052 2636 5120 dogmate
2664 5036 3022 5113 obsequentes
3054 5042 3182 5109 pace
3222 5032 3395 5099 necte,
3426 5044 3519 5087 ca-

1958 5156 2115 5213 ritate
2146 5170 2299 5223 orna,
2331 5149 2576 5207 castitate
2606 5144 2900 5203 sanctilica,
2926 5149 2983 5194 ut
3013 5139 3101 5210 qui
3126 5137 3191 5191 de
3222 5135 3390 5189 beatae
3414 5131 3521 5185 vir-

1936 5249 2074 5324 ginis
2108 5247 2324 5303 Eulalia:
2369 5240 2615 5313 passione
2649 5230 2937 5293 meruimus
2960 5230 3156 5284 habere
3196 5224 3517 5324 exemplum,

1938 5302 2237 5397 :nereamur
2265 5378 2279 5403 ,
2305 5334 2513 5390 devicta
2570 5328 2867 5390 iraéundia,
2896 5302 3515 5403 obtineregtriumphum.

1942 5416 2038 5490 l‘er
2066 5400 2344 5487 Dominum
2373 5426 2616 5482 nostrum
2639 5423 2819 5478 Jesum
2838 5412 3108 5473 Christum
3133 5400 3324 5466 Filium
3348 5400 3518 5474 tuum,

1938 5528 2026 5598 qui
2052 5534 2222 5580 tecum
2251 5518 2354 5575 viv.

1937 5659 2191 5716 nellensis
2219 5671 2333 5725 cap.
2374 5654 2460 5708 14.
2595 5720 2623 5725 Δγ
2734 5708 2735 5711 η
2797 5714 2816 5725 _
2874 5713 2911 5725 _
2979 5710 3103 5725 μ
3174 5706 3188 5725 ι
3416 5712 3419 5725 τ

2010 5706 2188 5784 ii'r’t'aii
2225 5706 2665 5785 Diarrcin—oncml's;
2721 5708 2816 5771 sed
2872 5706 3242 5785 Emerite'nsls,
3296 5710 3363 5764 de‘
3382 5712 3514 5785 ⁸(ιιιει

1942 5779 2259 5857 mndata;
2291 5798 2343 5849 in
2376 5779 2791 5858 remetiuntur.
2820 5786 3015 5858 hymno
3044 5783 3096 5835 5.
3132 5785 3203 5837 De
3232 5784 3330 5834 hac
3376 5779 3513 5833 Gre-

1974 5856 2119 5927 orius
2146 5867 2477 5924 Tumnensis
2499 5864 2549 5918 iu
2584 5856 2677 5915 lib.
2709 5874 2725 5913 ι
2756 5859 2823 5912 de
2843 5856 3021 5912 Gloria
3044 5863 3363 5927 martyrum,
3394 5860 3516 5918 cap.

1974 5889 2119 5927 ortus
2158 5889 2477 5924 Illl'UllCIISIS
2500 5889 2549 5918 III
2586 5889 2677 5915 ιιυ.
2711 5889 2724 5913 ι
2756 5889 2823 5912 uc
2843 5889 3021 5912 υιυιια
3053 5889 3083 5907 ιι

1934 5889 2034 6015 gi,
2064 5952 2119 6000 et
2142 5940 2466 5997 Fortunatus
2494 5935 2547 5991 in
2571 5933 2664 5990 lib.
2695 5932 2999 5999 "Mearm.
3029 5925 3083 5979 4.
