  <div class='ocr_page' id='page_1' title='image "/cluster/home/n/w/nwhite01/storage/ocr_20150623/72/hvd.32044015469364/135.png"; bbox 0 0 4048 6350; ppageno 0'>
   <div class='ocr_carea' id='block_1_1' title="bbox 613 334 712 391">
    <p class='ocr_par' dir='ltr' id='par_1_1' title="bbox 613 334 712 391">
     <span class='ocr_line' id='line_1_1' title="bbox 613 334 712 391; baseline -0.04 0"><span class='ocrx_word' id='word_1_1' title='bbox 613 334 712 391; x_wconf 69' lang='lat'><strong>255</strong></span> 
     </span>
    </p>
   </div>
   <div class='ocr_carea' id='block_1_2' title="bbox 1180 449 1654 503">
    <p class='ocr_par' dir='ltr' id='par_1_2' title="bbox 1180 449 1654 503">
     <span class='ocr_line' id='line_1_2' title="bbox 1180 449 1654 503; baseline -0.015 0"><span class='ocrx_word' id='word_1_2' title='bbox 1180 449 1454 503; x_wconf 80' lang='lat' dir='ltr'><strong>lmmolatio</strong></span> <span class='ocrx_word' id='word_1_3' title='bbox 1473 451 1654 500; x_wconf 69' lang='lat' dir='ltr'><strong>misse.</strong></span> 
     </span>
    </p>
   </div>
   <div class='ocr_carea' id='block_1_3' title="bbox 694 528 2200 607">
    <p class='ocr_par' dir='ltr' id='par_1_3' title="bbox 694 528 2200 607">
     <span class='ocr_line' id='line_1_3' title="bbox 694 528 2200 607; baseline -0.007 -15"><span class='ocrx_word' id='word_1_4' title='bbox 694 537 917 607; x_wconf 88' lang='lat' dir='ltr'><strong>Dignum</strong></span> <span class='ocrx_word' id='word_1_5' title='bbox 950 542 1005 592; x_wconf 89' lang='lat' dir='ltr'><strong>et</strong></span> <span class='ocrx_word' id='word_1_6' title='bbox 1055 533 1254 605; x_wconf 83' lang='lat' dir='ltr'><strong>justum</strong></span> <span class='ocrx_word' id='word_1_7' title='bbox 1309 543 1412 600; x_wconf 90' lang='lat' dir='ltr'><strong>est,</strong></span> <span class='ocrx_word' id='word_1_8' title='bbox 1461 545 1671 601; x_wconf 66' lang='lat' dir='ltr'><strong>aequum</strong></span> <span class='ocrx_word' id='word_1_9' title='bbox 1712 538 1768 585; x_wconf 92' lang='lat' dir='ltr'><strong>et</strong></span> <span class='ocrx_word' id='word_1_10' title='bbox 1805 528 2040 584; x_wconf 87' lang='lat' dir='ltr'><strong>salutare</strong></span> <span class='ocrx_word' id='word_1_11' title='bbox 2097 536 2200 595; x_wconf 89' lang='lat' dir='ltr'><strong>est,</strong></span> 
     </span>
    </p>
   </div>
   <div class='ocr_carea' id='block_1_4' title="bbox 625 619 2204 701">
    <p class='ocr_par' dir='ltr' id='par_1_4' title="bbox 625 619 2204 701">
     <span class='ocr_line' id='line_1_4' title="bbox 625 619 2204 701; baseline -0.009 -9"><span class='ocrx_word' id='word_1_12' title='bbox 625 651 720 692; x_wconf 87' lang='lat' dir='ltr'><strong>nos</strong></span> <span class='ocrx_word' id='word_1_13' title='bbox 763 634 855 688; x_wconf 89' lang='lat' dir='ltr'><strong>tibi</strong></span> <span class='ocrx_word' id='word_1_14' title='bbox 883 645 1095 701; x_wconf 83' lang='lat' dir='ltr'><strong>semper</strong></span> <span class='ocrx_word' id='word_1_15' title='bbox 1146 638 1202 684; x_wconf 92' lang='lat' dir='ltr'><strong>et</strong></span> <span class='ocrx_word' id='word_1_16' title='bbox 1249 619 1441 697; x_wconf 84' lang='lat' dir='ltr'><strong>ubique</strong></span> <span class='ocrx_word' id='word_1_17' title='bbox 1489 624 1686 695; x_wconf 90' lang='lat' dir='ltr'><strong>gratias</strong></span> <span class='ocrx_word' id='word_1_18' title='bbox 1740 637 1923 694; x_wconf 86' lang='lat' dir='ltr'><strong>agere,</strong></span> <span class='ocrx_word' id='word_1_19' title='bbox 1977 622 2204 677; x_wconf 86' lang='lat' dir='ltr'><strong>Domine</strong></span> 
     </span>
    </p>
   </div>
   <div class='ocr_carea' id='block_1_5' title="bbox 629 712 2202 791">
    <p class='ocr_par' dir='ltr' id='par_1_5' title="bbox 629 712 2202 791">
     <span class='ocr_line' id='line_1_5' title="bbox 629 712 2202 791; baseline -0.009 -11"><span class='ocrx_word' id='word_1_20' title='bbox 629 735 837 791; x_wconf 89' lang='lat' dir='ltr'><strong>sancte,</strong></span> <span class='ocrx_word' id='word_1_21' title='bbox 869 724 1024 778; x_wconf 88' lang='lat' dir='ltr'><strong>Pater</strong></span> <span class='ocrx_word' id='word_1_22' title='bbox 1063 722 1423 786; x_wconf 85' lang='lat' dir='ltr'><strong>omnipotens,</strong></span> <span class='ocrx_word' id='word_1_23' title='bbox 1457 727 1656 772; x_wconf 78' lang='lat' dir='ltr'><strong>aeterne</strong></span> <span class='ocrx_word' id='word_1_24' title='bbox 1695 715 1861 783; x_wconf 86' lang='lat' dir='ltr'><strong>Deus,</strong></span> <span class='ocrx_word' id='word_1_25' title='bbox 1890 722 2051 784; x_wconf 86' lang='lat' dir='ltr'><strong>teque</strong></span> <span class='ocrx_word' id='word_1_26' title='bbox 2086 712 2202 767; x_wconf 90' lang='lat' dir='ltr'><strong>lau-</strong></span> 
     </span>
    </p>
   </div>
   <div class='ocr_carea' id='block_1_6' title="bbox 630 807 2201 883">
    <p class='ocr_par' dir='ltr' id='par_1_6' title="bbox 630 807 2201 883">
     <span class='ocr_line' id='line_1_6' title="bbox 630 807 2201 883; baseline -0.009 -12"><span class='ocrx_word' id='word_1_27' title='bbox 630 817 758 871; x_wconf 87' lang='lat' dir='ltr'><strong>dare</strong></span> <span class='ocrx_word' id='word_1_28' title='bbox 790 817 842 870; x_wconf 91' lang='lat' dir='ltr'><strong>in</strong></span> <span class='ocrx_word' id='word_1_29' title='bbox 866 814 1116 870; x_wconf 86' lang='lat' dir='ltr'><strong>omnibus</strong></span> <span class='ocrx_word' id='word_1_30' title='bbox 1145 812 1394 883; x_wconf 86' lang='lat' dir='ltr'><strong>operibus</strong></span> <span class='ocrx_word' id='word_1_31' title='bbox 1424 810 1545 864; x_wconf 90' lang='lat' dir='ltr'><strong>tuis.</strong></span> <span class='ocrx_word' id='word_1_32' title='bbox 1579 807 1680 876; x_wconf 84' lang='lat' dir='ltr'><strong>Qui</strong></span> <span class='ocrx_word' id='word_1_33' title='bbox 1706 807 1849 862; x_wconf 92' lang='lat' dir='ltr'><strong>dono</strong></span> <span class='ocrx_word' id='word_1_34' title='bbox 1877 807 2063 877; x_wconf 68' lang='lat' dir='ltr'><strong>gratiae</strong></span> <span class='ocrx_word' id='word_1_35' title='bbox 2095 813 2201 858; x_wconf 65' lang='lat' dir='ltr'><strong>tua:</strong></span> 
     </span>
    </p>
   </div>
   <div class='ocr_carea' id='block_1_7' title="bbox 627 900 2204 968">
    <p class='ocr_par' dir='ltr' id='par_1_7' title="bbox 627 900 2204 968">
     <span class='ocr_line' id='line_1_7' title="bbox 627 900 2204 968; baseline -0.006 -5"><span class='ocrx_word' id='word_1_36' title='bbox 627 908 883 964; x_wconf 87' lang='lat' dir='ltr'><strong>famulam</strong></span> <span class='ocrx_word' id='word_1_37' title='bbox 918 917 1060 961; x_wconf 88' lang='lat' dir='ltr'><strong>tuam</strong></span> <span class='ocrx_word' id='word_1_38' title='bbox 1096 905 1356 961; x_wconf 87' lang='lat' dir='ltr'><strong>Eulaliam</strong></span> <span class='ocrx_word' id='word_1_39' title='bbox 1408 902 1668 957; x_wconf 85' lang='lat' dir='ltr'><strong>nobiliore</strong></span> <span class='ocrx_word' id='word_1_40' title='bbox 1710 901 1903 956; x_wconf 90' lang='lat' dir='ltr'><strong>mentis</strong></span> <span class='ocrx_word' id='word_1_41' title='bbox 1954 900 2204 968; x_wconf 79' lang='lat' dir='ltr'><strong>stigmate</strong></span> 
     </span>
    </p>
   </div>
   <div class='ocr_carea' id='block_1_8' title="bbox 631 992 2203 1066">
    <p class='ocr_par' dir='ltr' id='par_1_8' title="bbox 631 992 2203 1066">
     <span class='ocr_line' id='line_1_8' title="bbox 631 992 2203 1066; baseline -0.008 -9"><span class='ocrx_word' id='word_1_42' title='bbox 631 1001 929 1066; x_wconf 88' lang='lat' dir='ltr'><strong>decorasti,</strong></span> <span class='ocrx_word' id='word_1_43' title='bbox 971 1009 1028 1054; x_wconf 91' lang='lat' dir='ltr'><strong>ut</strong></span> <span class='ocrx_word' id='word_1_44' title='bbox 1056 999 1292 1054; x_wconf 69' lang='lat' dir='ltr'><strong>inlaesam</strong></span> <span class='ocrx_word' id='word_1_45' title='bbox 1322 997 1374 1051; x_wconf 92' lang='lat' dir='ltr'><strong>in</strong></span> <span class='ocrx_word' id='word_1_46' title='bbox 1428 1010 1487 1051; x_wconf 90' lang='lat' dir='ltr'><strong>se</strong></span> <span class='ocrx_word' id='word_1_47' title='bbox 1515 996 1762 1066; x_wconf 78' lang='lat' dir='ltr'><strong>imaginis</strong></span> <span class='ocrx_word' id='word_1_48' title='bbox 1791 1005 1893 1048; x_wconf 67' lang='lat' dir='ltr'><strong>tuae</strong></span> <span class='ocrx_word' id='word_1_49' title='bbox 1943 992 2203 1063; x_wconf 86' lang='lat' dir='ltr'><strong>pulcritu-</strong></span> 
     </span>
    </p>
   </div>
   <div class='ocr_carea' id='block_1_9' title="bbox 619 1087 2202 1164">
    <p class='ocr_par' dir='ltr' id='par_1_9' title="bbox 619 1087 2202 1164">
     <span class='ocr_line' id='line_1_9' title="bbox 619 1087 2202 1164; baseline -0.006 -14"><span class='ocrx_word' id='word_1_50' title='bbox 619 1095 800 1151; x_wconf 88' lang='lat' dir='ltr'><strong>dinem</strong></span> <span class='ocrx_word' id='word_1_51' title='bbox 830 1095 1146 1150; x_wconf 85' lang='lat' dir='ltr'><strong>custodiret.</strong></span> <span class='ocrx_word' id='word_1_52' title='bbox 1181 1094 1344 1164; x_wconf 87' lang='lat' dir='ltr'><strong>Digna</strong></span> <span class='ocrx_word' id='word_1_53' title='bbox 1390 1107 1517 1146; x_wconf 84' lang='lat' dir='ltr'><strong>vere</strong></span> <span class='ocrx_word' id='word_1_54' title='bbox 1562 1105 1745 1144; x_wconf 90' lang='lat' dir='ltr'><strong>comes</strong></span> <span class='ocrx_word' id='word_1_55' title='bbox 1804 1087 1925 1143; x_wconf 86' lang='lat' dir='ltr'><strong>Filii</strong></span> <span class='ocrx_word' id='word_1_56' title='bbox 1967 1088 2059 1154; x_wconf 88' lang='lat' dir='ltr'><strong>tui,</strong></span> <span class='ocrx_word' id='word_1_57' title='bbox 2082 1101 2202 1157; x_wconf 64' lang='lat' dir='ltr'><strong>quas</strong></span> 
     </span>
    </p>
   </div>
   <div class='ocr_carea' id='block_1_10' title="bbox 623 1177 2203 1249">
    <p class='ocr_par' dir='ltr' id='par_1_10' title="bbox 623 1177 2203 1249">
     <span class='ocr_line' id='line_1_10' title="bbox 623 1177 2203 1249; baseline -0.008 -5"><span class='ocrx_word' id='word_1_58' title='bbox 623 1200 808 1246; x_wconf 84' lang='lat' dir='ltr'><strong>tenero</strong></span> <span class='ocrx_word' id='word_1_59' title='bbox 837 1205 967 1245; x_wconf 83' lang='lat' dir='ltr'><strong>sexu</strong></span> <span class='ocrx_word' id='word_1_60' title='bbox 1018 1187 1215 1243; x_wconf 91' lang='lat' dir='ltr'><strong>bellum</strong></span> <span class='ocrx_word' id='word_1_61' title='bbox 1258 1186 1408 1241; x_wconf 89' lang='lat' dir='ltr'><strong>fortis</strong></span> <span class='ocrx_word' id='word_1_62' title='bbox 1456 1184 1761 1248; x_wconf 82' lang='lat' dir='ltr'><strong>invaderet;</strong></span> <span class='ocrx_word' id='word_1_63' title='bbox 1806 1192 1856 1236; x_wconf 92' lang='lat' dir='ltr'><strong>et</strong></span> <span class='ocrx_word' id='word_1_64' title='bbox 1910 1179 2051 1234; x_wconf 77' lang='lat' dir='ltr'><strong>ultra</strong></span> <span class='ocrx_word' id='word_1_65' title='bbox 2088 1177 2203 1249; x_wconf 82' lang='lat' dir='ltr'><strong>opi-</strong></span> 
     </span>
    </p>
   </div>
   <div class='ocr_carea' id='block_1_11' title="bbox 623 1277 2199 1344">
    <p class='ocr_par' dir='ltr' id='par_1_11' title="bbox 623 1277 2199 1344">
     <span class='ocr_line' id='line_1_11' title="bbox 623 1277 2199 1344; baseline -0.008 -4"><span class='ocrx_word' id='word_1_66' title='bbox 623 1288 837 1340; x_wconf 88' lang='lat' dir='ltr'><strong>nionem</strong></span> <span class='ocrx_word' id='word_1_67' title='bbox 888 1287 1132 1340; x_wconf 72' lang='lat' dir='ltr'><strong>humana:</strong></span> <span class='ocrx_word' id='word_1_68' title='bbox 1171 1282 1383 1336; x_wconf 88' lang='lat' dir='ltr'><strong>virtutis</strong></span> <span class='ocrx_word' id='word_1_69' title='bbox 1437 1280 1502 1333; x_wconf 89' lang='lat' dir='ltr'><strong>ad</strong></span> <span class='ocrx_word' id='word_1_70' title='bbox 1538 1277 1872 1332; x_wconf 85' lang='lat' dir='ltr'><strong>tolerantiam</strong></span> <span class='ocrx_word' id='word_1_71' title='bbox 1922 1288 2199 1344; x_wconf 74' lang='lat' dir='ltr'><strong>poenarum</strong></span> 
     </span>
    </p>
   </div>
   <div class='ocr_carea' id='block_1_12' title="bbox 623 1371 2201 1444">
    <p class='ocr_par' dir='ltr' id='par_1_12' title="bbox 623 1371 2201 1444">
     <span class='ocr_line' id='line_1_12' title="bbox 623 1371 2201 1444; baseline -0.008 -10"><span class='ocrx_word' id='word_1_72' title='bbox 623 1393 702 1444; x_wconf 84' lang='lat' dir='ltr'><strong>se.</strong></span> <span class='ocrx_word' id='word_1_73' title='bbox 733 1380 848 1433; x_wconf 80' lang='lat' dir='ltr'><strong>zelo</strong></span> <span class='ocrx_word' id='word_1_74' title='bbox 879 1379 951 1432; x_wconf 86' lang='lat' dir='ltr'><strong>tui</strong></span> <span class='ocrx_word' id='word_1_75' title='bbox 979 1377 1176 1431; x_wconf 89' lang='lat' dir='ltr'><strong>amoris</strong></span> <span class='ocrx_word' id='word_1_76' title='bbox 1199 1417 1211 1439; x_wconf 93' lang='lat'><strong>,</strong></span> <span class='ocrx_word' id='word_1_77' title='bbox 1245 1374 1531 1435; x_wconf 86' lang='lat' dir='ltr'><strong>obtulerit;</strong></span> <span class='ocrx_word' id='word_1_78' title='bbox 1566 1387 1684 1442; x_wconf 72' lang='lat' dir='ltr'><strong>qua:</strong></span> <span class='ocrx_word' id='word_1_79' title='bbox 1713 1371 1764 1424; x_wconf 89' lang='lat' dir='ltr'><strong>in</strong></span> <span class='ocrx_word' id='word_1_80' title='bbox 1824 1371 2054 1436; x_wconf 79' lang='lat' dir='ltr'><strong>speciem</strong></span> <span class='ocrx_word' id='word_1_81' title='bbox 2080 1381 2201 1437; x_wconf 80' lang='lat' dir='ltr'><strong>pre-</strong></span> 
     </span>
    </p>
   </div>
   <div class='ocr_carea' id='block_1_13' title="bbox 622 1460 2202 1540">
    <p class='ocr_par' dir='ltr' id='par_1_13' title="bbox 622 1460 2202 1540">
     <span class='ocr_line' id='line_1_13' title="bbox 622 1460 2202 1540; baseline -0.008 -16"><span class='ocrx_word' id='word_1_82' title='bbox 622 1471 741 1524; x_wconf 91' lang='lat' dir='ltr'><strong>tiosi</strong></span> <span class='ocrx_word' id='word_1_83' title='bbox 777 1469 1040 1540; x_wconf 85' lang='lat' dir='ltr'><strong>Unigeniti</strong></span> <span class='ocrx_word' id='word_1_84' title='bbox 1064 1466 1378 1535; x_wconf 87' lang='lat' dir='ltr'><strong>sanguinem</strong></span> <span class='ocrx_word' id='word_1_85' title='bbox 1409 1479 1562 1518; x_wconf 87' lang='lat' dir='ltr'><strong>suum</strong></span> <span class='ocrx_word' id='word_1_86' title='bbox 1588 1463 1686 1517; x_wconf 87' lang='lat' dir='ltr'><strong>sub</strong></span> <span class='ocrx_word' id='word_1_87' title='bbox 1717 1460 2020 1517; x_wconf 85' lang='lat' dir='ltr'><strong>testimonio</strong></span> <span class='ocrx_word' id='word_1_88' title='bbox 2051 1461 2202 1513; x_wconf 71' lang='lat' dir='ltr'><strong>bonae</strong></span> 
     </span>
    </p>
   </div>
   <div class='ocr_carea' id='block_1_14' title="bbox 620 1551 2206 1624">
    <p class='ocr_par' dir='ltr' id='par_1_14' title="bbox 620 1551 2206 1624">
     <span class='ocr_line' id='line_1_14' title="bbox 620 1551 2206 1624; baseline -0.009 -6"><span class='ocrx_word' id='word_1_89' title='bbox 620 1562 975 1618; x_wconf 80' lang='lat' dir='ltr'><strong>confessionis</strong></span> <span class='ocrx_word' id='word_1_90' title='bbox 1020 1559 1338 1621; x_wconf 85' lang='lat' dir='ltr'><strong>effunderet,</strong></span> <span class='ocrx_word' id='word_1_91' title='bbox 1371 1567 1424 1611; x_wconf 81' lang='lat' dir='ltr'><strong>et</strong></span> <span class='ocrx_word' id='word_1_92' title='bbox 1477 1557 1782 1624; x_wconf 89' lang='lat' dir='ltr'><strong>incorrupta</strong></span> <span class='ocrx_word' id='word_1_93' title='bbox 1833 1553 2058 1606; x_wconf 87' lang='lat' dir='ltr'><strong>flammis</strong></span> <span class='ocrx_word' id='word_1_94' title='bbox 2098 1551 2206 1604; x_wconf 85' lang='lat' dir='ltr'><strong>vis-</strong></span> 
     </span>
    </p>
   </div>
   <div class='ocr_carea' id='block_1_15' title="bbox 618 1644 2200 1716">
    <p class='ocr_par' dir='ltr' id='par_1_15' title="bbox 618 1644 2200 1716">
     <span class='ocr_line' id='line_1_15' title="bbox 618 1644 2200 1716; baseline -0.008 -7"><span class='ocrx_word' id='word_1_95' title='bbox 618 1669 742 1709; x_wconf 84' lang='lat' dir='ltr'><strong>crra</strong></span> <span class='ocrx_word' id='word_1_96' title='bbox 787 1654 838 1707; x_wconf 92' lang='lat' dir='ltr'><strong>in</strong></span> <span class='ocrx_word' id='word_1_97' title='bbox 890 1652 1110 1706; x_wconf 88' lang='lat' dir='ltr'><strong>odorem</strong></span> <span class='ocrx_word' id='word_1_98' title='bbox 1162 1648 1463 1705; x_wconf 85' lang='lat' dir='ltr'><strong>suavissimi</strong></span> <span class='ocrx_word' id='word_1_99' title='bbox 1519 1644 1882 1716; x_wconf 83' lang='lat' dir='ltr'><strong>thymiamatis</strong></span> <span class='ocrx_word' id='word_1_100' title='bbox 1938 1644 2200 1697; x_wconf 76' lang='lat' dir='ltr'><strong>adoleret.</strong></span> 
     </span>
    </p>
   </div>
   <div class='ocr_carea' id='block_1_16' title="bbox 628 1737 2202 1812">
    <p class='ocr_par' dir='ltr' id='par_1_16' title="bbox 628 1737 2202 1812">
     <span class='ocr_line' id='line_1_16' title="bbox 628 1737 2202 1812; baseline -0.007 -12"><span class='ocrx_word' id='word_1_101' title='bbox 628 1743 787 1800; x_wconf 66' lang='lat' dir='ltr'><strong>Vadit</strong></span> <span class='ocrx_word' id='word_1_102' title='bbox 807 1744 871 1798; x_wconf 91' lang='lat' dir='ltr'><strong>ad</strong></span> <span class='ocrx_word' id='word_1_103' title='bbox 898 1744 1130 1799; x_wconf 86' lang='lat' dir='ltr'><strong>tribunal</strong></span> <span class='ocrx_word' id='word_1_104' title='bbox 1161 1742 1368 1798; x_wconf 90' lang='lat' dir='ltr'><strong>cruenti</strong></span> <span class='ocrx_word' id='word_1_105' title='bbox 1398 1742 1644 1812; x_wconf 84' lang='lat' dir='ltr'><strong>praesidis</strong></span> <span class='ocrx_word' id='word_1_106' title='bbox 1694 1755 1793 1794; x_wconf 92' lang='lat' dir='ltr'><strong>nec</strong></span> <span class='ocrx_word' id='word_1_107' title='bbox 1845 1737 2089 1807; x_wconf 70' lang='lat' dir='ltr'><strong>quaesita,</strong></span> <span class='ocrx_word' id='word_1_108' title='bbox 2122 1737 2202 1790; x_wconf 87' lang='lat' dir='ltr'><strong>lu-</strong></span> 
     </span>
    </p>
   </div>
   <div class='ocr_carea' id='block_1_17' title="bbox 1320 321 3865 397">
    <p class='ocr_par' dir='ltr' id='par_1_17' title="bbox 1320 321 3865 397">
     <span class='ocr_line' id='line_1_17' title="bbox 1320 321 3865 397; baseline -0.01 1"><span class='ocrx_word' id='word_1_109' title='bbox 1320 330 1664 397; x_wconf 64' lang='lat' dir='ltr'><strong>APPENDIX</strong></span> <span class='ocrx_word' id='word_1_110' title='bbox 1703 331 1794 387; x_wconf 80' lang='lat' dir='ltr'><strong>AD</strong></span> <span class='ocrx_word' id='word_1_111' title='bbox 1832 330 2066 390; x_wconf 77' lang='lat' dir='ltr'><strong>OPERA</strong></span> <span class='ocrx_word' id='word_1_112' title='bbox 2103 328 2344 388; x_wconf 77' lang='lat' dir='ltr'><strong>SANCTI</strong></span> <span class='ocrx_word' id='word_1_113' title='bbox 2385 323 2695 386; x_wconf 77' lang='lat' dir='ltr'><strong>GERMANI</strong></span> <span class='ocrx_word' id='word_1_114' title='bbox 2736 321 3174 380; x_wconf 76' lang='lat' dir='ltr'><strong>PARISIENSIS.</strong></span> 
     </span>
    </p>
   </div>
   <div class='ocr_carea' id='block_1_18' title="bbox 2227 448 2284 506">
    <p class='ocr_par' dir='ltr' id='par_1_18' title="bbox 2227 448 2284 506">
     <span class='ocr_line' id='line_1_18' title="bbox 2227 448 2284 506; baseline 0 0"><span class='ocrx_word' id='word_1_115' title='bbox 2227 448 2284 506; x_wconf 76' lang='grc' dir='ltr'>Α</span> 
     </span>
    </p>
   </div>
   <div class='ocr_carea' id='block_1_19' title="bbox 2830 436 3360 498">
    <p class='ocr_par' dir='ltr' id='par_1_19' title="bbox 2830 436 3360 498">
     <span class='ocr_line' id='line_1_19' title="bbox 2830 436 3360 498; baseline -0.004 -11"><span class='ocrx_word' id='word_1_116' title='bbox 2830 436 3068 487; x_wconf 86' lang='lat' dir='ltr'><strong>Collectio</strong></span> <span class='ocrx_word' id='word_1_117' title='bbox 3085 436 3143 486; x_wconf 90' lang='lat' dir='ltr'><strong>ad</strong></span> <span class='ocrx_word' id='word_1_118' title='bbox 3165 449 3360 498; x_wconf 83' lang='lat' dir='ltr'><strong>pacem.</strong></span> 
     </span>
    </p>
   </div>
   <div class='ocr_carea' id='block_1_20' title="bbox 2381 519 3869 594">
    <p class='ocr_par' dir='ltr' id='par_1_20' title="bbox 2381 519 3869 594">
     <span class='ocr_line' id='line_1_20' title="bbox 2381 519 3869 594; baseline -0.002 -15"><span class='ocrx_word' id='word_1_119' title='bbox 2381 523 2541 592; x_wconf 87' lang='lat' dir='ltr'><strong>Deus,</strong></span> <span class='ocrx_word' id='word_1_120' title='bbox 2566 522 2653 594; x_wconf 90' lang='lat' dir='ltr'><strong>qui</strong></span> <span class='ocrx_word' id='word_1_121' title='bbox 2672 521 2897 594; x_wconf 81' lang='lat' dir='ltr'><strong>justitiae</strong></span> <span class='ocrx_word' id='word_1_122' title='bbox 2924 521 3069 591; x_wconf 86' lang='lat' dir='ltr'><strong>leges</strong></span> <span class='ocrx_word' id='word_1_123' title='bbox 3099 522 3150 575; x_wconf 94' lang='lat' dir='ltr'><strong>in</strong></span> <span class='ocrx_word' id='word_1_124' title='bbox 3181 521 3460 576; x_wconf 81' lang='lat' dir='ltr'><strong>cordibus</strong></span> <span class='ocrx_word' id='word_1_125' title='bbox 3486 519 3804 575; x_wconf 86' lang='lat' dir='ltr'><strong>credentium</strong></span> <span class='ocrx_word' id='word_1_126' title='bbox 3822 525 3869 577; x_wconf 79' lang='lat' dir='ltr'><strong>di-</strong></span> 
     </span>
    </p>
   </div>
   <div class='ocr_carea' id='block_1_21' title="bbox 2306 611 3870 686">
    <p class='ocr_par' dir='ltr' id='par_1_21' title="bbox 2306 611 3870 686">
     <span class='ocr_line' id='line_1_21' title="bbox 2306 611 3870 686; baseline 0 -18"><span class='ocrx_word' id='word_1_127' title='bbox 2306 615 2418 686; x_wconf 90' lang='lat' dir='ltr'><strong>gito</strong></span> <span class='ocrx_word' id='word_1_128' title='bbox 2443 623 2536 670; x_wconf 89' lang='lat' dir='ltr'><strong>tuo</strong></span> <span class='ocrx_word' id='word_1_129' title='bbox 2566 614 2779 680; x_wconf 88' lang='lat' dir='ltr'><strong>scribis,</strong></span> <span class='ocrx_word' id='word_1_130' title='bbox 2812 613 3009 683; x_wconf 86' lang='lat' dir='ltr'><strong>quique</strong></span> <span class='ocrx_word' id='word_1_131' title='bbox 3064 613 3114 666; x_wconf 92' lang='lat' dir='ltr'><strong>in</strong></span> <span class='ocrx_word' id='word_1_132' title='bbox 3141 612 3372 667; x_wconf 87' lang='lat' dir='ltr'><strong>Paulum</strong></span> <span class='ocrx_word' id='word_1_133' title='bbox 3420 611 3691 666; x_wconf 90' lang='lat' dir='ltr'><strong>hodierna</strong></span> <span class='ocrx_word' id='word_1_134' title='bbox 3722 611 3790 668; x_wconf 88' lang='lat' dir='ltr'><strong>die</strong></span> <span class='ocrx_word' id='word_1_135' title='bbox 3813 631 3870 668; x_wconf 55' lang='lat' dir='ltr'><strong>re</strong></span> 
     </span>
    </p>
   </div>
   <div class='ocr_carea' id='block_1_22' title="bbox 2305 704 3870 776">
    <p class='ocr_par' dir='ltr' id='par_1_22' title="bbox 2305 704 3870 776">
     <span class='ocr_line' id='line_1_22' title="bbox 2305 704 3870 776; baseline 0.001 -14"><span class='ocrx_word' id='word_1_136' title='bbox 2305 709 2536 762; x_wconf 75' lang='lat' dir='ltr'><strong>cntionis</strong></span> <span class='ocrx_word' id='word_1_137' title='bbox 2559 707 2676 776; x_wconf 84' lang='lat' dir='ltr'><strong>ejus</strong></span> <span class='ocrx_word' id='word_1_138' title='bbox 2717 705 2786 760; x_wconf 90' lang='lat' dir='ltr'><strong>de</strong></span> <span class='ocrx_word' id='word_1_139' title='bbox 2833 705 3003 768; x_wconf 72' lang='lat' dir='ltr'><strong>caelis,</strong></span> <span class='ocrx_word' id='word_1_140' title='bbox 3033 720 3138 759; x_wconf 93' lang='lat' dir='ltr'><strong>non</strong></span> <span class='ocrx_word' id='word_1_141' title='bbox 3193 713 3551 769; x_wconf 88' lang='lat' dir='ltr'><strong>atramento,</strong></span> <span class='ocrx_word' id='word_1_142' title='bbox 3607 704 3699 757; x_wconf 90' lang='lat' dir='ltr'><strong>sed</strong></span> <span class='ocrx_word' id='word_1_143' title='bbox 3729 705 3870 773; x_wconf 72' lang='lat' dir='ltr'><strong>Spiritu</strong></span> 
     </span>
    </p>
   </div>
   <div class='ocr_carea' id='block_1_23' title="bbox 2316 795 3871 868">
    <p class='ocr_par' dir='ltr' id='par_1_23' title="bbox 2316 795 3871 868">
     <span class='ocr_line' id='line_1_23' title="bbox 2316 795 3871 868; baseline -0.004 -12"><span class='ocrx_word' id='word_1_144' title='bbox 2316 809 2415 856; x_wconf 87' lang='lat' dir='ltr'><strong>tuo</strong></span> <span class='ocrx_word' id='word_1_145' title='bbox 2446 801 2588 868; x_wconf 87' lang='lat' dir='ltr'><strong>vivo,</strong></span> <span class='ocrx_word' id='word_1_146' title='bbox 2621 799 2866 852; x_wconf 88' lang='lat' dir='ltr'><strong>caritatis</strong></span> <span class='ocrx_word' id='word_1_147' title='bbox 2898 809 2999 851; x_wconf 68' lang='lat' dir='ltr'><strong>tua:</strong></span> <span class='ocrx_word' id='word_1_148' title='bbox 3060 798 3321 852; x_wconf 81' lang='lat' dir='ltr'><strong>fervorem</strong></span> <span class='ocrx_word' id='word_1_149' title='bbox 3361 797 3445 850; x_wconf 88' lang='lat' dir='ltr'><strong>ita</strong></span> <span class='ocrx_word' id='word_1_150' title='bbox 3479 795 3699 861; x_wconf 83' lang='lat' dir='ltr'><strong>scribis,</strong></span> <span class='ocrx_word' id='word_1_151' title='bbox 3731 809 3775 852; x_wconf 91' lang='lat' dir='ltr'><strong>ut</strong></span> <span class='ocrx_word' id='word_1_152' title='bbox 3796 814 3871 868; x_wconf 71' lang='lat' dir='ltr'><strong>pra-</strong></span> 
     </span>
    </p>
   </div>
   <div class='ocr_carea' id='block_1_24' title="bbox 2304 888 3872 964">
    <p class='ocr_par' dir='ltr' id='par_1_24' title="bbox 2304 888 3872 964">
     <span class='ocr_line' id='line_1_24' title="bbox 2304 888 3872 964; baseline -0.001 -18"><span class='ocrx_word' id='word_1_153' title='bbox 2304 894 2487 964; x_wconf 89' lang='lat' dir='ltr'><strong>prium</strong></span> <span class='ocrx_word' id='word_1_154' title='bbox 2511 890 2873 962; x_wconf 88' lang='lat' dir='ltr'><strong>quassandum</strong></span> <span class='ocrx_word' id='word_1_155' title='bbox 2910 905 3107 960; x_wconf 90' lang='lat' dir='ltr'><strong>corpus</strong></span> <span class='ocrx_word' id='word_1_156' title='bbox 3137 905 3232 960; x_wconf 93' lang='lat' dir='ltr'><strong>pro</strong></span> <span class='ocrx_word' id='word_1_157' title='bbox 3290 888 3581 944; x_wconf 69' lang='lat' dir='ltr'><strong>Ecclesia:</strong></span> <span class='ocrx_word' id='word_1_158' title='bbox 3631 899 3729 941; x_wconf 69' lang='lat' dir='ltr'><strong>tuae</strong></span> <span class='ocrx_word' id='word_1_159' title='bbox 3755 894 3872 945; x_wconf 64' lang='lat' dir='ltr'><strong>tradat</strong></span> 
     </span>
    </p>
   </div>
   <div class='ocr_carea' id='block_1_25' title="bbox 2307 981 3870 1054">
    <p class='ocr_par' dir='ltr' id='par_1_25' title="bbox 2307 981 3870 1054">
     <span class='ocr_line' id='line_1_25' title="bbox 2307 981 3870 1054; baseline -0.01 -12"><span class='ocrx_word' id='word_1_160' title='bbox 2307 986 2586 1047; x_wconf 85' lang='lat' dir='ltr'><strong>membris,</strong></span> <span class='ocrx_word' id='word_1_161' title='bbox 2619 985 2706 1054; x_wconf 92' lang='lat' dir='ltr'><strong>qui</strong></span> <span class='ocrx_word' id='word_1_162' title='bbox 2732 983 2898 1052; x_wconf 83' lang='lat' dir='ltr'><strong>ipsius</strong></span> <span class='ocrx_word' id='word_1_163' title='bbox 2929 984 3184 1038; x_wconf 59' lang='lat' dir='ltr'><strong>Ecclesiae</strong></span> <span class='ocrx_word' id='word_1_164' title='bbox 3213 983 3340 1035; x_wconf 88' lang='lat' dir='ltr'><strong>olim</strong></span> <span class='ocrx_word' id='word_1_165' title='bbox 3381 981 3733 1035; x_wconf 83' lang='lat' dir='ltr'><strong>contrivcrat</strong></span> <span class='ocrx_word' id='word_1_166' title='bbox 3759 991 3870 1031; x_wconf 77' lang='lat' dir='ltr'><strong>mem-</strong></span> 
     </span>
    </p>
   </div>
   <div class='ocr_carea' id='block_1_26' title="bbox 2308 1072 3871 1145">
    <p class='ocr_par' dir='ltr' id='par_1_26' title="bbox 2308 1072 3871 1145">
     <span class='ocr_line' id='line_1_26' title="bbox 2308 1072 3871 1145; baseline -0.003 -15"><span class='ocrx_word' id='word_1_167' title='bbox 2308 1077 2426 1143; x_wconf 89' lang='lat' dir='ltr'><strong>bra,</strong></span> <span class='ocrx_word' id='word_1_168' title='bbox 2465 1077 2541 1132; x_wconf 84' lang='lat' dir='ltr'><strong>sic</strong></span> <span class='ocrx_word' id='word_1_169' title='bbox 2573 1078 2730 1131; x_wconf 87' lang='lat' dir='ltr'><strong>nobis</strong></span> <span class='ocrx_word' id='word_1_170' title='bbox 2782 1077 2947 1145; x_wconf 84' lang='lat' dir='ltr'><strong>ipsius</strong></span> <span class='ocrx_word' id='word_1_171' title='bbox 2992 1077 3293 1130; x_wconf 84' lang='lat' dir='ltr'><strong>interventu</strong></span> <span class='ocrx_word' id='word_1_172' title='bbox 3343 1074 3620 1128; x_wconf 85' lang='lat' dir='ltr'><strong>doctoris</strong></span> <span class='ocrx_word' id='word_1_173' title='bbox 3661 1081 3713 1126; x_wconf 87' lang='lat' dir='ltr'><strong>et.</strong></span> <span class='ocrx_word' id='word_1_174' title='bbox 3751 1072 3871 1126; x_wconf 77' lang='lat' dir='ltr'><strong>fidelis</strong></span> 
     </span>
    </p>
   </div>
   <div class='ocr_carea' id='block_1_27' title="bbox 2307 1164 3870 1239">
    <p class='ocr_par' dir='ltr' id='par_1_27' title="bbox 2307 1164 3870 1239">
     <span class='ocr_line' id='line_1_27' title="bbox 2307 1164 3870 1239; baseline -0.006 -13"><span class='ocrx_word' id='word_1_175' title='bbox 2307 1171 2565 1239; x_wconf 80' lang='lat' dir='ltr'><strong>magistri,</strong></span> <span class='ocrx_word' id='word_1_176' title='bbox 2595 1170 2840 1224; x_wconf 83' lang='lat' dir='ltr'><strong>fraternae</strong></span> <span class='ocrx_word' id='word_1_177' title='bbox 2864 1169 3104 1222; x_wconf 90' lang='lat' dir='ltr'><strong>caritatis</strong></span> <span class='ocrx_word' id='word_1_178' title='bbox 3119 1169 3346 1222; x_wconf 71' lang='lat' dir='ltr'><strong>sincera:</strong></span> <span class='ocrx_word' id='word_1_179' title='bbox 3375 1166 3730 1220; x_wconf 76' lang='lat' dir='ltr'><strong>consortium</strong></span> <span class='ocrx_word' id='word_1_180' title='bbox 3752 1164 3870 1228; x_wconf 72' lang='lat' dir='ltr'><strong>dona;</strong></span> 
     </span>
    </p>
   </div>
   <div class='ocr_carea' id='block_1_28' title="bbox 2307 1258 3872 1330">
    <p class='ocr_par' dir='ltr' id='par_1_28' title="bbox 2307 1258 3872 1330">
     <span class='ocr_line' id='line_1_28' title="bbox 2307 1258 3872 1330; baseline -0.004 -13"><span class='ocrx_word' id='word_1_181' title='bbox 2307 1262 2455 1317; x_wconf 89' lang='lat' dir='ltr'><strong>etde</strong></span> <span class='ocrx_word' id='word_1_182' title='bbox 2488 1273 2587 1318; x_wconf 67' lang='lat' dir='ltr'><strong>tuae</strong></span> <span class='ocrx_word' id='word_1_183' title='bbox 2644 1261 2964 1327; x_wconf 89' lang='lat' dir='ltr'><strong>dilectionis,</strong></span> <span class='ocrx_word' id='word_1_184' title='bbox 3028 1276 3184 1330; x_wconf 83' lang='lat' dir='ltr'><strong>quam</strong></span> <span class='ocrx_word' id='word_1_185' title='bbox 3237 1261 3323 1314; x_wconf 85' lang='lat' dir='ltr'><strong>ille</strong></span> <span class='ocrx_word' id='word_1_186' title='bbox 3381 1259 3616 1320; x_wconf 80' lang='lat' dir='ltr'><strong>habuit,</strong></span> <span class='ocrx_word' id='word_1_187' title='bbox 3650 1258 3872 1328; x_wconf 75' lang='lat' dir='ltr'><strong>multiplici</strong></span> 
     </span>
    </p>
   </div>
   <div class='ocr_carea' id='block_1_29' title="bbox 2306 1351 3870 1423">
    <p class='ocr_par' dir='ltr' id='par_1_29' title="bbox 2306 1351 3870 1423">
     <span class='ocr_line' id='line_1_29' title="bbox 2306 1351 3870 1423; baseline -0.004 -15"><span class='ocrx_word' id='word_1_188' title='bbox 2306 1353 2542 1419; x_wconf 88' lang='lat' dir='ltr'><strong>ﬂamma,</strong></span> <span class='ocrx_word' id='word_1_189' title='bbox 2575 1354 2660 1407; x_wconf 86' lang='lat' dir='ltr'><strong>vel</strong></span> <span class='ocrx_word' id='word_1_190' title='bbox 2694 1370 2850 1407; x_wconf 91' lang='lat' dir='ltr'><strong>unam</strong></span> <span class='ocrx_word' id='word_1_191' title='bbox 2882 1353 3168 1406; x_wconf 80' lang='lat' dir='ltr'><strong>scintillam</strong></span> <span class='ocrx_word' id='word_1_192' title='bbox 3201 1352 3439 1423; x_wconf 75' lang='lat' dir='ltr'><strong>dignare</strong></span> <span class='ocrx_word' id='word_1_193' title='bbox 3508 1351 3717 1420; x_wconf 82' lang='lat' dir='ltr'><strong>largiri,</strong></span> <span class='ocrx_word' id='word_1_194' title='bbox 3745 1358 3792 1402; x_wconf 89' lang='lat' dir='ltr'><strong>ut</strong></span> <span class='ocrx_word' id='word_1_195' title='bbox 3815 1364 3870 1402; x_wconf 75' lang='lat' dir='ltr'><strong>se-</strong></span> 
     </span>
    </p>
   </div>
   <div class='ocr_carea' id='block_1_30' title="bbox 2306 1445 3871 1520">
    <p class='ocr_par' dir='ltr' id='par_1_30' title="bbox 2306 1445 3871 1520">
     <span class='ocr_line' id='line_1_30' title="bbox 2306 1445 3871 1520; baseline -0.004 -16"><span class='ocrx_word' id='word_1_196' title='bbox 2306 1466 2650 1520; x_wconf 87' lang='lat' dir='ltr'><strong>quamur.per</strong></span> <span class='ocrx_word' id='word_1_197' title='bbox 2672 1450 3012 1504; x_wconf 83' lang='lat' dir='ltr'><strong>dilectionem</strong></span> <span class='ocrx_word' id='word_1_198' title='bbox 3049 1449 3341 1503; x_wconf 77' lang='lat' dir='ltr'><strong>ferventem</strong></span> <span class='ocrx_word' id='word_1_199' title='bbox 3381 1448 3741 1516; x_wconf 84' lang='lat' dir='ltr'><strong>magistrum,</strong></span> <span class='ocrx_word' id='word_1_200' title='bbox 3769 1445 3871 1513; x_wconf 81' lang='lat' dir='ltr'><strong>cujus</strong></span> 
     </span>
    </p>
   </div>
   <div class='ocr_carea' id='block_1_31' title="bbox 2306 1542 3690 1614">
    <p class='ocr_par' dir='ltr' id='par_1_31' title="bbox 2306 1542 3690 1614">
     <span class='ocr_line' id='line_1_31' title="bbox 2306 1542 3690 1614; baseline -0.003 -16"><span class='ocrx_word' id='word_1_201' title='bbox 2306 1543 2580 1614; x_wconf 78' lang='lat' dir='ltr'><strong>ﬂagrantia</strong></span> <span class='ocrx_word' id='word_1_202' title='bbox 2615 1545 2665 1597; x_wconf 91' lang='lat' dir='ltr'><strong>in</strong></span> <span class='ocrx_word' id='word_1_203' title='bbox 2689 1545 2906 1598; x_wconf 87' lang='lat' dir='ltr'><strong>caritate</strong></span> <span class='ocrx_word' id='word_1_204' title='bbox 2931 1542 3331 1612; x_wconf 79' lang='lat' dir='ltr'><strong>frequentamus</strong></span> <span class='ocrx_word' id='word_1_205' title='bbox 3365 1550 3690 1612; x_wconf 69' lang='lat' dir='ltr'><strong>praecepta.</strong></span> 
     </span>
    </p>
   </div>
   <div class='ocr_carea' id='block_1_32' title="bbox 3887 1057 3890 1093">
    <p class='ocr_par' dir='ltr' id='par_1_32' title="bbox 3887 1057 3890 1093">
     <span class='ocr_line' id='line_1_32' title="bbox 3887 1057 3890 1093; baseline 0 -3"><span class='ocrx_word' id='word_1_206' title='bbox 3887 1057 3890 1093; x_wconf 78' lang='grc' dir='ltr'>ἱ</span> 
     </span>
    </p>
   </div>
   <div class='ocr_carea' id='block_1_33' title="bbox 2866 1656 3332 1705">
    <p class='ocr_par' dir='ltr' id='par_1_33' title="bbox 2866 1656 3332 1705">
     <span class='ocr_line' id='line_1_33' title="bbox 2866 1656 3332 1705; baseline -0.002 0"><span class='ocrx_word' id='word_1_207' title='bbox 2866 1656 3136 1705; x_wconf 85' lang='lat' dir='ltr'><strong>Imrnolalio</strong></span> <span class='ocrx_word' id='word_1_208' title='bbox 3160 1656 3332 1704; x_wconf 71' lang='lat' dir='ltr'><strong>missae.</strong></span> 
     </span>
    </p>
   </div>
   <div class='ocr_carea' id='block_1_34' title="bbox 2383 1735 3870 1809">
    <p class='ocr_par' dir='ltr' id='par_1_34' title="bbox 2383 1735 3870 1809">
     <span class='ocr_line' id='line_1_34' title="bbox 2383 1735 3870 1809; baseline -0.004 -15"><span class='ocrx_word' id='word_1_209' title='bbox 2383 1739 2609 1809; x_wconf 84' lang='lat' dir='ltr'><strong>Dignum</strong></span> <span class='ocrx_word' id='word_1_210' title='bbox 2633 1747 2684 1793; x_wconf 90' lang='lat' dir='ltr'><strong>ct</strong></span> <span class='ocrx_word' id='word_1_211' title='bbox 2725 1739 2925 1809; x_wconf 77' lang='lat' dir='ltr'><strong>justum</strong></span> <span class='ocrx_word' id='word_1_212' title='bbox 2957 1749 3059 1792; x_wconf 86' lang='lat' dir='ltr'><strong>est.</strong></span> <span class='ocrx_word' id='word_1_213' title='bbox 3089 1738 3227 1792; x_wconf 79' lang='lat' dir='ltr'><strong>Vere</strong></span> <span class='ocrx_word' id='word_1_214' title='bbox 3279 1737 3458 1809; x_wconf 78' lang='lat'><strong>226</strong></span> <span class='ocrx_word' id='word_1_215' title='bbox 3512 1750 3726 1806; x_wconf 64' lang='lat' dir='ltr'><strong>aequum</strong></span> <span class='ocrx_word' id='word_1_216' title='bbox 3762 1735 3870 1801; x_wconf 85' lang='lat' dir='ltr'><strong>etju-</strong></span> 
     </span>
    </p>
   </div>
   <div class='ocr_carea' id='block_1_35' title="bbox 625 1827 3868 1912">
    <p class='ocr_par' dir='ltr' id='par_1_35' title="bbox 625 1827 3868 1912">
     <span class='ocr_line' id='line_1_35' title="bbox 625 1827 3868 1912; baseline -0.004 -21"><span class='ocrx_word' id='word_1_217' title='bbox 625 1846 840 1892; x_wconf 89' lang='lat' dir='ltr'><strong>cratura</strong></span> <span class='ocrx_word' id='word_1_218' title='bbox 874 1851 1119 1906; x_wconf 86' lang='lat' dir='ltr'><strong>regnum,</strong></span> <span class='ocrx_word' id='word_1_219' title='bbox 1150 1843 1522 1903; x_wconf 89' lang='lat' dir='ltr'><strong>contemptura</strong></span> <span class='ocrx_word' id='word_1_220' title='bbox 1549 1831 1893 1903; x_wconf 70' lang='lat' dir='ltr'><strong>supplicium.</strong></span> <span class='ocrx_word' id='word_1_221' title='bbox 1922 1830 2201 1884; x_wconf 65' lang='lat' dir='ltr'><strong>inventura</strong></span> <span class='ocrx_word' id='word_1_222' title='bbox 2235 1851 2281 1912; x_wconf 78' lang='grc' dir='ltr'><strong>Β</strong></span> <span class='ocrx_word' id='word_1_223' title='bbox 2317 1842 2458 1888; x_wconf 92' lang='lat' dir='ltr'><strong>stum</strong></span> <span class='ocrx_word' id='word_1_224' title='bbox 2491 1843 2593 1894; x_wconf 87' lang='lat' dir='ltr'><strong>est,</strong></span> <span class='ocrx_word' id='word_1_225' title='bbox 2629 1848 2725 1887; x_wconf 90' lang='lat' dir='ltr'><strong>nos</strong></span> <span class='ocrx_word' id='word_1_226' title='bbox 2757 1833 2847 1886; x_wconf 91' lang='lat' dir='ltr'><strong>tibi</strong></span> <span class='ocrx_word' id='word_1_227' title='bbox 2877 1834 3076 1902; x_wconf 81' lang='lat' dir='ltr'><strong>gratias</strong></span> <span class='ocrx_word' id='word_1_228' title='bbox 3105 1846 3284 1900; x_wconf 83' lang='lat' dir='ltr'><strong>agere,</strong></span> <span class='ocrx_word' id='word_1_229' title='bbox 3319 1831 3572 1884; x_wconf 85' lang='lat' dir='ltr'><strong>Domine</strong></span> <span class='ocrx_word' id='word_1_230' title='bbox 3601 1839 3788 1889; x_wconf 90' lang='lat' dir='ltr'><strong>sancte,</strong></span> <span class='ocrx_word' id='word_1_231' title='bbox 3810 1827 3868 1879; x_wconf 78' lang='lat' dir='ltr'><strong>Pa-</strong></span> 
     </span>
    </p>
   </div>
   <div class='ocr_carea' id='block_1_36' title="bbox 619 1925 2202 2000">
    <p class='ocr_par' dir='ltr' id='par_1_36' title="bbox 619 1925 2202 2000">
     <span class='ocr_line' id='line_1_36' title="bbox 619 1925 2202 2000; baseline -0.004 -15"><span class='ocrx_word' id='word_1_232' title='bbox 619 1931 926 2000; x_wconf 58' lang='lat' dir='ltr'><strong>quaisitum,</strong></span> <span class='ocrx_word' id='word_1_233' title='bbox 978 1930 1155 1984; x_wconf 83' lang='lat' dir='ltr'><strong>visura</strong></span> <span class='ocrx_word' id='word_1_234' title='bbox 1214 1929 1515 1984; x_wconf 81' lang='lat' dir='ltr'><strong>confessum</strong></span> <span class='ocrx_word' id='word_1_235' title='bbox 1543 1945 1558 1995; x_wconf 92' lang='lat'><strong>;</strong></span> <span class='ocrx_word' id='word_1_236' title='bbox 1587 1943 1694 1982; x_wconf 88' lang='lat' dir='ltr'><strong>non</strong></span> <span class='ocrx_word' id='word_1_237' title='bbox 1750 1925 1952 1996; x_wconf 88' lang='lat' dir='ltr'><strong>trepida</strong></span> <span class='ocrx_word' id='word_1_238' title='bbox 1984 1925 2050 1979; x_wconf 93' lang='lat' dir='ltr'><strong>de</strong></span> <span class='ocrx_word' id='word_1_239' title='bbox 2080 1938 2202 1978; x_wconf 88' lang='lat' dir='ltr'><strong>sen-</strong></span> 
     </span>
    </p>
   </div>
   <div class='ocr_carea' id='block_1_37' title="bbox 626 2016 2201 2092">
    <p class='ocr_par' dir='ltr' id='par_1_37' title="bbox 626 2016 2201 2092">
     <span class='ocr_line' id='line_1_37' title="bbox 626 2016 2201 2092; baseline -0.006 -14"><span class='ocrx_word' id='word_1_240' title='bbox 626 2023 812 2087; x_wconf 89' lang='lat' dir='ltr'><strong>tentia,</strong></span> <span class='ocrx_word' id='word_1_241' title='bbox 847 2037 952 2078; x_wconf 93' lang='lat' dir='ltr'><strong>non</strong></span> <span class='ocrx_word' id='word_1_242' title='bbox 983 2021 1228 2092; x_wconf 89' lang='lat' dir='ltr'><strong>ambigua</strong></span> <span class='ocrx_word' id='word_1_243' title='bbox 1256 2021 1323 2075; x_wconf 91' lang='lat' dir='ltr'><strong>de</strong></span> <span class='ocrx_word' id='word_1_244' title='bbox 1361 2033 1582 2086; x_wconf 87' lang='lat' dir='ltr'><strong>corona,</strong></span> <span class='ocrx_word' id='word_1_245' title='bbox 1617 2034 1722 2072; x_wconf 91' lang='lat' dir='ltr'><strong>non</strong></span> <span class='ocrx_word' id='word_1_246' title='bbox 1752 2017 1961 2072; x_wconf 86' lang='lat' dir='ltr'><strong>defessa</strong></span> <span class='ocrx_word' id='word_1_247' title='bbox 1991 2016 2057 2070; x_wconf 89' lang='lat' dir='ltr'><strong>de</strong></span> <span class='ocrx_word' id='word_1_248' title='bbox 2077 2030 2201 2071; x_wconf 90' lang='lat' dir='ltr'><strong>ecu-</strong></span> 
     </span>
    </p>
   </div>
   <div class='ocr_carea' id='block_1_38' title="bbox 627 2109 2198 2182">
    <p class='ocr_par' dir='ltr' id='par_1_38' title="bbox 627 2109 2198 2182">
     <span class='ocr_line' id='line_1_38' title="bbox 627 2109 2198 2182; baseline -0.004 -13"><span class='ocrx_word' id='word_1_249' title='bbox 627 2115 735 2181; x_wconf 91' lang='lat' dir='ltr'><strong>leo,</strong></span> <span class='ocrx_word' id='word_1_250' title='bbox 765 2129 870 2169; x_wconf 90' lang='lat' dir='ltr'><strong>non</strong></span> <span class='ocrx_word' id='word_1_251' title='bbox 903 2114 1076 2168; x_wconf 80' lang='lat' dir='ltr'><strong>diffisa</strong></span> <span class='ocrx_word' id='word_1_252' title='bbox 1104 2114 1170 2167; x_wconf 90' lang='lat' dir='ltr'><strong>de</strong></span> <span class='ocrx_word' id='word_1_253' title='bbox 1217 2112 1459 2182; x_wconf 84' lang='lat' dir='ltr'><strong>praemio.</strong></span> <span class='ocrx_word' id='word_1_254' title='bbox 1487 2111 1870 2181; x_wconf 90' lang='lat' dir='ltr'><strong>lnterrogatnr,</strong></span> <span class='ocrx_word' id='word_1_255' title='bbox 1893 2109 2198 2178; x_wconf 84' lang='lat' dir='ltr'><strong>conﬁtetur,</strong></span> 
     </span>
    </p>
   </div>
   <div class='ocr_carea' id='block_1_39' title="bbox 625 2199 2201 2276">
    <p class='ocr_par' dir='ltr' id='par_1_39' title="bbox 625 2199 2201 2276">
     <span class='ocr_line' id='line_1_39' title="bbox 625 2199 2201 2276; baseline -0.003 -16"><span class='ocrx_word' id='word_1_256' title='bbox 625 2205 934 2276; x_wconf 86' lang='lat' dir='ltr'><strong>ingentique</strong></span> <span class='ocrx_word' id='word_1_257' title='bbox 956 2205 1216 2259; x_wconf 90' lang='lat' dir='ltr'><strong>miraculo</strong></span> <span class='ocrx_word' id='word_1_258' title='bbox 1248 2204 1497 2273; x_wconf 86' lang='lat' dir='ltr'><strong>Majestas</strong></span> <span class='ocrx_word' id='word_1_259' title='bbox 1528 2213 1614 2257; x_wconf 92' lang='lat' dir='ltr'><strong>tua</strong></span> <span class='ocrx_word' id='word_1_260' title='bbox 1647 2204 1937 2258; x_wconf 76' lang='lat' dir='ltr'><strong>exaltatum</strong></span> <span class='ocrx_word' id='word_1_261' title='bbox 1965 2199 2201 2270; x_wconf 76' lang='lat' dir='ltr'><strong>Virginis</strong></span> 
     </span>
    </p>
   </div>
   <div class='ocr_carea' id='block_1_40' title="bbox 619 2292 2203 2370">
    <p class='ocr_par' dir='ltr' id='par_1_40' title="bbox 619 2292 2203 2370">
     <span class='ocr_line' id='line_1_40' title="bbox 619 2292 2203 2370; baseline -0.004 -16"><span class='ocrx_word' id='word_1_262' title='bbox 619 2299 866 2370; x_wconf 83' lang='lat' dir='ltr'><strong>spiritum</strong></span> <span class='ocrx_word' id='word_1_263' title='bbox 892 2341 907 2366; x_wconf 93' lang='lat'><strong>,</strong></span> <span class='ocrx_word' id='word_1_264' title='bbox 929 2315 1088 2369; x_wconf 89' lang='lat' dir='ltr'><strong>quem</strong></span> <span class='ocrx_word' id='word_1_265' title='bbox 1119 2298 1418 2367; x_wconf 89' lang='lat' dir='ltr'><strong>adsumpsit</strong></span> <span class='ocrx_word' id='word_1_266' title='bbox 1442 2311 1538 2367; x_wconf 91' lang='lat' dir='ltr'><strong>per</strong></span> <span class='ocrx_word' id='word_1_267' title='bbox 1588 2295 1856 2350; x_wconf 88' lang='lat' dir='ltr'><strong>ﬂammam</strong></span> <span class='ocrx_word' id='word_1_268' title='bbox 1888 2304 1935 2360; x_wconf 73' lang='grc'><strong>⁸,</strong></span> <span class='ocrx_word' id='word_1_269' title='bbox 1967 2292 2203 2363; x_wconf 86' lang='lat' dir='ltr'><strong>suscepit</strong></span> 
     </span>
    </p>
   </div>
   <div class='ocr_carea' id='block_1_41' title="bbox 633 2387 2204 2461">
    <p class='ocr_par' dir='ltr' id='par_1_41' title="bbox 633 2387 2204 2461">
     <span class='ocr_line' id='line_1_41' title="bbox 633 2387 2204 2461; baseline -0.004 -13"><span class='ocrx_word' id='word_1_270' title='bbox 633 2406 729 2461; x_wconf 89' lang='lat' dir='ltr'><strong>per</strong></span> <span class='ocrx_word' id='word_1_271' title='bbox 757 2392 1084 2458; x_wconf 90' lang='lat' dir='ltr'><strong>columbam,</strong></span> <span class='ocrx_word' id='word_1_272' title='bbox 1120 2399 1179 2445; x_wconf 92' lang='lat' dir='ltr'><strong>ut</strong></span> <span class='ocrx_word' id='word_1_273' title='bbox 1225 2392 1326 2444; x_wconf 91' lang='lat' dir='ltr'><strong>hoc</strong></span> <span class='ocrx_word' id='word_1_274' title='bbox 1371 2389 1616 2460; x_wconf 90' lang='lat' dir='ltr'><strong>prodigio</strong></span> <span class='ocrx_word' id='word_1_275' title='bbox 1644 2389 1696 2442; x_wconf 93' lang='lat' dir='ltr'><strong>in</strong></span> <span class='ocrx_word' id='word_1_276' title='bbox 1751 2388 1897 2443; x_wconf 67' lang='lat' dir='ltr'><strong>caelis</strong></span> <span class='ocrx_word' id='word_1_277' title='bbox 1946 2387 2096 2457; x_wconf 89' lang='lat' dir='ltr'><strong>virgo</strong></span> <span class='ocrx_word' id='word_1_278' title='bbox 2147 2395 2204 2442; x_wconf 91' lang='lat' dir='ltr'><strong>et</strong></span> 
     </span>
    </p>
   </div>
   <div class='ocr_carea' id='block_1_42' title="bbox 628 2479 2204 2554">
    <p class='ocr_par' dir='ltr' id='par_1_42' title="bbox 628 2479 2204 2554">
     <span class='ocr_line' id='line_1_42' title="bbox 628 2479 2204 2554; baseline -0.004 -15"><span class='ocrx_word' id='word_1_279' title='bbox 628 2493 831 2554; x_wconf 88' lang='lat' dir='ltr'><strong>martyr</strong></span> <span class='ocrx_word' id='word_1_280' title='bbox 852 2483 1196 2548; x_wconf 89' lang='lat' dir='ltr'><strong>ascenderet,</strong></span> <span class='ocrx_word' id='word_1_281' title='bbox 1223 2497 1329 2550; x_wconf 92' lang='lat' dir='ltr'><strong>quo</strong></span> <span class='ocrx_word' id='word_1_282' title='bbox 1355 2481 1410 2534; x_wconf 93' lang='lat' dir='ltr'><strong>in</strong></span> <span class='ocrx_word' id='word_1_283' title='bbox 1445 2482 1602 2535; x_wconf 88' lang='lat' dir='ltr'><strong>terris</strong></span> <span class='ocrx_word' id='word_1_284' title='bbox 1634 2479 1824 2534; x_wconf 87' lang='lat' dir='ltr'><strong>Filium</strong></span> <span class='ocrx_word' id='word_1_285' title='bbox 1867 2487 2017 2534; x_wconf 91' lang='lat' dir='ltr'><strong>tuum</strong></span> <span class='ocrx_word' id='word_1_286' title='bbox 2047 2479 2204 2533; x_wconf 87' lang='lat' dir='ltr'><strong>Pater</strong></span> 
     </span>
    </p>
   </div>
   <div class='ocr_carea' id='block_1_43' title="bbox 623 2573 2202 2646">
    <p class='ocr_par' dir='ltr' id='par_1_43' title="bbox 623 2573 2202 2646">
     <span class='ocr_line' id='line_1_43' title="bbox 623 2573 2202 2646; baseline -0.003 -14"><span class='ocrx_word' id='word_1_287' title='bbox 623 2577 960 2632; x_wconf 84' lang='lat' dir='ltr'><strong>ostenderas.</strong></span> <span class='ocrx_word' id='word_1_288' title='bbox 1013 2577 1117 2630; x_wconf 87' lang='lat' dir='ltr'><strong>Per</strong></span> <span class='ocrx_word' id='word_1_289' title='bbox 1172 2590 1331 2646; x_wconf 92' lang='lat' dir='ltr'><strong>quem</strong></span> <span class='ocrx_word' id='word_1_290' title='bbox 1382 2573 1719 2643; x_wconf 82' lang='lat' dir='ltr'><strong>Majestatem</strong></span> <span class='ocrx_word' id='word_1_291' title='bbox 1772 2583 1914 2627; x_wconf 87' lang='lat' dir='ltr'><strong>tuam</strong></span> <span class='ocrx_word' id='word_1_292' title='bbox 1985 2573 2202 2628; x_wconf 87' lang='lat' dir='ltr'><strong>laudant</strong></span> 
     </span>
    </p>
   </div>
   <div class='ocr_carea' id='block_1_44' title="bbox 627 2663 2202 2739">
    <p class='ocr_par' dir='ltr' id='par_1_44' title="bbox 627 2663 2202 2739">
     <span class='ocr_line' id='line_1_44' title="bbox 627 2663 2202 2739; baseline -0.003 -16"><span class='ocrx_word' id='word_1_293' title='bbox 627 2667 786 2739; x_wconf 70' lang='lat'><strong>225</strong></span> <span class='ocrx_word' id='word_1_294' title='bbox 815 2668 1012 2738; x_wconf 87' lang='lat' dir='ltr'><strong>angeli,</strong></span> <span class='ocrx_word' id='word_1_295' title='bbox 1045 2676 1203 2737; x_wconf 91' lang='lat' dir='ltr'><strong>atque</strong></span> <span class='ocrx_word' id='word_1_296' title='bbox 1234 2665 1543 2735; x_wconf 89' lang='lat' dir='ltr'><strong>archangeli</strong></span> <span class='ocrx_word' id='word_1_297' title='bbox 1591 2679 1697 2720; x_wconf 93' lang='lat' dir='ltr'><strong>non</strong></span> <span class='ocrx_word' id='word_1_298' title='bbox 1728 2673 1944 2720; x_wconf 82' lang='lat' dir='ltr'><strong>cessant</strong></span> <span class='ocrx_word' id='word_1_299' title='bbox 1968 2663 2202 2719; x_wconf 84' lang='lat' dir='ltr'><strong>clamare</strong></span> 
     </span>
    </p>
   </div>
   <div class='ocr_carea' id='block_1_45' title="bbox 622 2761 880 2817">
    <p class='ocr_par' dir='ltr' id='par_1_45' title="bbox 622 2761 880 2817">
     <span class='ocr_line' id='line_1_45' title="bbox 622 2761 880 2817; baseline 0.004 -3"><span class='ocrx_word' id='word_1_300' title='bbox 622 2761 880 2817; x_wconf 90' lang='lat' dir='ltr'><strong>dicentes.</strong></span> 
     </span>
    </p>
   </div>
   <div class='ocr_carea' id='block_1_46' title="bbox 740 2870 2080 2928">
    <p class='ocr_par' dir='ltr' id='par_1_46' title="bbox 740 2870 2080 2928">
     <span class='ocr_line' id='line_1_46' title="bbox 740 2870 2080 2928; baseline -0.004 0"><span class='ocrx_word' id='word_1_301' title='bbox 740 2872 880 2928; x_wconf 81' lang='lat' dir='ltr'><strong>XIX.</strong></span> <span class='ocrx_word' id='word_1_302' title='bbox 925 2887 1075 2928; x_wconf 77' lang='lat' dir='ltr'><strong>IIISSA</strong></span> <span class='ocrx_word' id='word_1_303' title='bbox 1115 2888 1164 2927; x_wconf 75' lang='lat' dir='ltr'><strong>1N</strong></span> <span class='ocrx_word' id='word_1_304' title='bbox 1207 2885 1570 2927; x_wconf 72' lang='lat' dir='ltr'><strong>coavzsstons</strong></span> <span class='ocrx_word' id='word_1_305' title='bbox 1610 2870 1637 2909; x_wconf 67' lang='grc' dir='ltr'>δ</span> <span class='ocrx_word' id='word_1_306' title='bbox 1678 2885 1863 2926; x_wconf 68' lang='grc' dir='ltr'><strong>ελμοτι</strong></span> <span class='ocrx_word' id='word_1_307' title='bbox 1904 2884 2080 2924; x_wconf 75' lang='lat' dir='ltr'><strong>PAULI.</strong></span> 
     </span>
    </p>
   </div>
   <div class='ocr_carea' id='block_1_47' title="bbox 695 2983 2203 3060">
    <p class='ocr_par' dir='ltr' id='par_1_47' title="bbox 695 2983 2203 3060">
     <span class='ocr_line' id='line_1_47' title="bbox 695 2983 2203 3060; baseline -0.004 -14"><span class='ocrx_word' id='word_1_308' title='bbox 695 2993 855 3056; x_wconf 90' lang='lat' dir='ltr'><strong>Deus,</strong></span> <span class='ocrx_word' id='word_1_309' title='bbox 888 2989 975 3060; x_wconf 93' lang='lat' dir='ltr'><strong>qui</strong></span> <span class='ocrx_word' id='word_1_310' title='bbox 1019 2988 1160 3044; x_wconf 88' lang='lat' dir='ltr'><strong>beati</strong></span> <span class='ocrx_word' id='word_1_311' title='bbox 1191 2987 1338 3044; x_wconf 86' lang='lat' dir='ltr'><strong>Pauli</strong></span> <span class='ocrx_word' id='word_1_312' title='bbox 1366 2985 1594 3058; x_wconf 89' lang='lat' dir='ltr'><strong>apostoli</strong></span> <span class='ocrx_word' id='word_1_313' title='bbox 1645 2986 1958 3057; x_wconf 89' lang='lat' dir='ltr'><strong>dignitatem</strong></span> <span class='ocrx_word' id='word_1_314' title='bbox 2009 2983 2203 3053; x_wconf 86' lang='lat' dir='ltr'><strong>ubique</strong></span> 
     </span>
    </p>
   </div>
   <div class='ocr_carea' id='block_1_48' title="bbox 619 3079 2202 3155">
    <p class='ocr_par' dir='ltr' id='par_1_48' title="bbox 619 3079 2202 3155">
     <span class='ocr_line' id='line_1_48' title="bbox 619 3079 2202 3155; baseline -0.006 -14"><span class='ocrx_word' id='word_1_315' title='bbox 619 3085 751 3142; x_wconf 87' lang='lat' dir='ltr'><strong>facis</strong></span> <span class='ocrx_word' id='word_1_316' title='bbox 776 3083 1088 3155; x_wconf 88' lang='lat' dir='ltr'><strong>gloriosam,</strong></span> <span class='ocrx_word' id='word_1_317' title='bbox 1141 3092 1355 3153; x_wconf 68' lang='lat' dir='ltr'><strong>prazsta,</strong></span> <span class='ocrx_word' id='word_1_318' title='bbox 1409 3096 1731 3150; x_wconf 66' lang='lat' dir='ltr'><strong>quaesumus,</strong></span> <span class='ocrx_word' id='word_1_319' title='bbox 1777 3089 1908 3135; x_wconf 89' lang='lat' dir='ltr'><strong>utet</strong></span> <span class='ocrx_word' id='word_1_320' title='bbox 1960 3079 2202 3134; x_wconf 87' lang='lat' dir='ltr'><strong>doctrina</strong></span> 
     </span>
    </p>
   </div>
   <div class='ocr_carea' id='block_1_49' title="bbox 623 3176 1832 3254">
    <p class='ocr_par' dir='ltr' id='par_1_49' title="bbox 623 3176 1832 3254">
     <span class='ocr_line' id='line_1_49' title="bbox 623 3176 1832 3254; baseline -0.005 -17"><span class='ocrx_word' id='word_1_321' title='bbox 623 3182 1020 3254; x_wconf 87' lang='lat' dir='ltr'><strong>semperipsius</strong></span> <span class='ocrx_word' id='word_1_322' title='bbox 1053 3181 1348 3247; x_wconf 81' lang='lat' dir='ltr'><strong>foveamur,</strong></span> <span class='ocrx_word' id='word_1_323' title='bbox 1378 3190 1430 3236; x_wconf 92' lang='lat' dir='ltr'><strong>et</strong></span> <span class='ocrx_word' id='word_1_324' title='bbox 1461 3178 1687 3234; x_wconf 88' lang='lat' dir='ltr'><strong>meritis.</strong></span> <span class='ocrx_word' id='word_1_325' title='bbox 1711 3176 1832 3232; x_wconf 93' lang='lat' dir='ltr'><strong>Per.</strong></span> 
     </span>
    </p>
   </div>
   <div class='ocr_carea' id='block_1_50' title="bbox 1159 3294 1652 3357">
    <p class='ocr_par' dir='ltr' id='par_1_50' title="bbox 1159 3294 1652 3357">
     <span class='ocr_line' id='line_1_50' title="bbox 1159 3294 1652 3357; baseline -0.008 -9"><span class='ocrx_word' id='word_1_326' title='bbox 1159 3294 1389 3348; x_wconf 83' lang='lat' dir='ltr'><strong>Collectio</strong></span> <span class='ocrx_word' id='word_1_327' title='bbox 1411 3297 1652 3357; x_wconf 90' lang='lat' dir='ltr'><strong>sequitur.</strong></span> 
     </span>
    </p>
   </div>
   <div class='ocr_carea' id='block_1_51' title="bbox 693 3397 2202 3470">
    <p class='ocr_par' dir='ltr' id='par_1_51' title="bbox 693 3397 2202 3470">
     <span class='ocr_line' id='line_1_51' title="bbox 693 3397 2202 3470; baseline -0.005 -12"><span class='ocrx_word' id='word_1_328' title='bbox 693 3400 1015 3458; x_wconf 88' lang='lat' dir='ltr'><strong>Sanctorum</strong></span> <span class='ocrx_word' id='word_1_329' title='bbox 1046 3401 1233 3469; x_wconf 88' lang='lat' dir='ltr'><strong>decus,</strong></span> <span class='ocrx_word' id='word_1_330' title='bbox 1292 3411 1664 3456; x_wconf 88' lang='lat' dir='ltr'><strong>remunerator</strong></span> <span class='ocrx_word' id='word_1_331' title='bbox 1713 3399 2001 3470; x_wconf 88' lang='lat' dir='ltr'><strong>justorum,</strong></span> <span class='ocrx_word' id='word_1_332' title='bbox 2033 3397 2202 3461; x_wconf 87' lang='lat' dir='ltr'><strong>Deus,</strong></span> 
     </span>
    </p>
   </div>
   <div class='ocr_carea' id='block_1_52' title="bbox 624 3489 2206 3562">
    <p class='ocr_par' dir='ltr' id='par_1_52' title="bbox 624 3489 2206 3562">
     <span class='ocr_line' id='line_1_52' title="bbox 624 3489 2206 3562; baseline -0.003 -15"><span class='ocrx_word' id='word_1_333' title='bbox 624 3494 711 3561; x_wconf 86' lang='lat' dir='ltr'><strong>qui</strong></span> <span class='ocrx_word' id='word_1_334' title='bbox 747 3507 908 3562; x_wconf 87' lang='lat' dir='ltr'><strong>super</strong></span> <span class='ocrx_word' id='word_1_335' title='bbox 937 3507 1123 3549; x_wconf 87' lang='lat' dir='ltr'><strong>omnes</strong></span> <span class='ocrx_word' id='word_1_336' title='bbox 1151 3502 1206 3547; x_wconf 91' lang='lat' dir='ltr'><strong>et</strong></span> <span class='ocrx_word' id='word_1_337' title='bbox 1229 3507 1327 3562; x_wconf 85' lang='lat' dir='ltr'><strong>per</strong></span> <span class='ocrx_word' id='word_1_338' title='bbox 1380 3492 1557 3546; x_wconf 90' lang='lat' dir='ltr'><strong>omnia</strong></span> <span class='ocrx_word' id='word_1_339' title='bbox 1585 3501 1640 3545; x_wconf 90' lang='lat' dir='ltr'><strong>et</strong></span> <span class='ocrx_word' id='word_1_340' title='bbox 1667 3490 1720 3545; x_wconf 94' lang='lat' dir='ltr'><strong>in</strong></span> <span class='ocrx_word' id='word_1_341' title='bbox 1752 3491 2000 3545; x_wconf 91' lang='lat' dir='ltr'><strong>omnibus</strong></span> <span class='ocrx_word' id='word_1_342' title='bbox 2053 3489 2206 3543; x_wconf 91' lang='lat' dir='ltr'><strong>nobis</strong></span> 
     </span>
    </p>
   </div>
   <div class='ocr_carea' id='block_1_53' title="bbox 615 3581 2204 3650">
    <p class='ocr_par' dir='ltr' id='par_1_53' title="bbox 615 3581 2204 3650">
     <span class='ocr_line' id='line_1_53' title="bbox 615 3581 2204 3650; baseline -0.002 -12"><span class='ocrx_word' id='word_1_343' title='bbox 615 3597 699 3650; x_wconf 88' lang='lat' dir='ltr'><strong>es,</strong></span> <span class='ocrx_word' id='word_1_344' title='bbox 730 3584 815 3638; x_wconf 90' lang='lat' dir='ltr'><strong>cui</strong></span> <span class='ocrx_word' id='word_1_345' title='bbox 846 3583 1170 3638; x_wconf 79' lang='lat' dir='ltr'><strong>sacrificium</strong></span> <span class='ocrx_word' id='word_1_346' title='bbox 1198 3592 1279 3637; x_wconf 92' lang='lat' dir='ltr'><strong>est</strong></span> <span class='ocrx_word' id='word_1_347' title='bbox 1303 3596 1399 3637; x_wconf 92' lang='lat' dir='ltr'><strong>cor</strong></span> <span class='ocrx_word' id='word_1_348' title='bbox 1423 3581 1715 3636; x_wconf 91' lang='lat' dir='ltr'><strong>contritum</strong></span> <span class='ocrx_word' id='word_1_349' title='bbox 1737 3589 1793 3635; x_wconf 92' lang='lat' dir='ltr'><strong>et</strong></span> <span class='ocrx_word' id='word_1_350' title='bbox 1814 3582 1987 3635; x_wconf 88' lang='lat' dir='ltr'><strong>oratio</strong></span> <span class='ocrx_word' id='word_1_351' title='bbox 2015 3595 2204 3649; x_wconf 90' lang='lat' dir='ltr'><strong>purum</strong></span> 
     </span>
    </p>
   </div>
   <div class='ocr_carea' id='block_1_54' title="bbox 623 3670 2241 3744">
    <p class='ocr_par' dir='ltr' id='par_1_54' title="bbox 623 3670 2241 3744">
     <span class='ocr_line' id='line_1_54' title="bbox 623 3670 2241 3744; baseline -0.001 -14"><span class='ocrx_word' id='word_1_352' title='bbox 623 3677 927 3744; x_wconf 88' lang='lat' dir='ltr'><strong>incensum,</strong></span> <span class='ocrx_word' id='word_1_353' title='bbox 961 3677 1133 3731; x_wconf 90' lang='lat' dir='ltr'><strong>tribue</strong></span> <span class='ocrx_word' id='word_1_354' title='bbox 1156 3675 1311 3730; x_wconf 88' lang='lat' dir='ltr'><strong>nobis</strong></span> <span class='ocrx_word' id='word_1_355' title='bbox 1343 3689 1438 3744; x_wconf 92' lang='lat' dir='ltr'><strong>per</strong></span> <span class='ocrx_word' id='word_1_356' title='bbox 1486 3673 1928 3729; x_wconf 86' lang='lat' dir='ltr'><strong>intercessionem</strong></span> <span class='ocrx_word' id='word_1_357' title='bbox 1951 3671 2203 3728; x_wconf 86' lang='lat' dir='ltr'><strong>beatissi-</strong></span> <span class='ocrx_word' id='word_1_358' title='bbox 2229 3670 2241 3680; x_wconf 86' lang='grc'><strong>’</strong></span> 
     </span>
    </p>
   </div>
   <div class='ocr_carea' id='block_1_55' title="bbox 622 3765 2202 3836">
    <p class='ocr_par' dir='ltr' id='par_1_55' title="bbox 622 3765 2202 3836">
     <span class='ocr_line' id='line_1_55' title="bbox 622 3765 2202 3836; baseline -0.001 -14"><span class='ocrx_word' id='word_1_359' title='bbox 622 3768 693 3822; x_wconf 88' lang='lat' dir='ltr'><strong>mi</strong></span> <span class='ocrx_word' id='word_1_360' title='bbox 729 3766 879 3822; x_wconf 86' lang='lat' dir='ltr'><strong>Pauli</strong></span> <span class='ocrx_word' id='word_1_361' title='bbox 910 3766 1136 3836; x_wconf 87' lang='lat' dir='ltr'><strong>apostoli</strong></span> <span class='ocrx_word' id='word_1_362' title='bbox 1178 3766 1654 3822; x_wconf 84' lang='lat' dir='ltr'><strong>sanctiﬁcationem</strong></span> <span class='ocrx_word' id='word_1_363' title='bbox 1706 3765 1906 3834; x_wconf 89' lang='lat' dir='ltr'><strong>cordis,</strong></span> <span class='ocrx_word' id='word_1_364' title='bbox 1938 3765 2202 3821; x_wconf 82' lang='lat' dir='ltr'><strong>fervorem</strong></span> 
     </span>
    </p>
   </div>
   <div class='ocr_carea' id='block_1_56' title="bbox 623 3856 2203 3927">
    <p class='ocr_par' dir='ltr' id='par_1_56' title="bbox 623 3856 2203 3927">
     <span class='ocr_line' id='line_1_56' title="bbox 623 3856 2203 3927; baseline 0 -15"><span class='ocrx_word' id='word_1_365' title='bbox 623 3857 868 3927; x_wconf 87' lang='lat' dir='ltr'><strong>spiritus,</strong></span> <span class='ocrx_word' id='word_1_366' title='bbox 900 3860 1141 3926; x_wconf 85' lang='lat' dir='ltr'><strong>corporis</strong></span> <span class='ocrx_word' id='word_1_367' title='bbox 1171 3860 1478 3927; x_wconf 84' lang='lat' dir='ltr'><strong>puritatem,</strong></span> <span class='ocrx_word' id='word_1_368' title='bbox 1513 3867 1570 3912; x_wconf 91' lang='lat' dir='ltr'><strong>ut</strong></span> <span class='ocrx_word' id='word_1_369' title='bbox 1612 3856 1947 3913; x_wconf 81' lang='lat' dir='ltr'><strong>mortificatis</strong></span> <span class='ocrx_word' id='word_1_370' title='bbox 1977 3859 2203 3913; x_wconf 80' lang='lat' dir='ltr'><strong>terrenis</strong></span> 
     </span>
    </p>
   </div>
   <div class='ocr_carea' id='block_1_57' title="bbox 629 3949 2204 4020">
    <p class='ocr_par' dir='ltr' id='par_1_57' title="bbox 629 3949 2204 4020">
     <span class='ocr_line' id='line_1_57' title="bbox 629 3949 2204 4020; baseline 0.002 -17"><span class='ocrx_word' id='word_1_371' title='bbox 629 3950 795 4016; x_wconf 86' lang='lat' dir='ltr'><strong>vitiis,</strong></span> <span class='ocrx_word' id='word_1_372' title='bbox 824 3950 1144 4005; x_wconf 92' lang='lat' dir='ltr'><strong>immaculati</strong></span> <span class='ocrx_word' id='word_1_373' title='bbox 1169 3951 1357 4018; x_wconf 78' lang='lat' dir='ltr'><strong>Spiritu</strong></span> <span class='ocrx_word' id='word_1_374' title='bbox 1385 3960 1441 4006; x_wconf 89' lang='lat' dir='ltr'><strong>et</strong></span> <span class='ocrx_word' id='word_1_375' title='bbox 1465 3964 1688 4020; x_wconf 92' lang='lat' dir='ltr'><strong>corpore</strong></span> <span class='ocrx_word' id='word_1_376' title='bbox 1704 3958 1910 4016; x_wconf 90' lang='lat' dir='ltr'><strong>nostro,</strong></span> <span class='ocrx_word' id='word_1_377' title='bbox 1942 3949 2034 4004; x_wconf 91' lang='lat' dir='ltr'><strong>tibi</strong></span> <span class='ocrx_word' id='word_1_378' title='bbox 2061 3964 2204 4006; x_wconf 85' lang='lat' dir='ltr'><strong>sem-</strong></span> 
     </span>
    </p>
   </div>
   <div class='ocr_carea' id='block_1_58' title="bbox 625 4043 1714 4116">
    <p class='ocr_par' dir='ltr' id='par_1_58' title="bbox 625 4043 1714 4116">
     <span class='ocr_line' id='line_1_58' title="bbox 625 4043 1714 4116; baseline -0.004 -14"><span class='ocrx_word' id='word_1_379' title='bbox 625 4060 721 4116; x_wconf 85' lang='lat' dir='ltr'><strong>per</strong></span> <span class='ocrx_word' id='word_1_380' title='bbox 755 4045 923 4100; x_wconf 89' lang='lat' dir='ltr'><strong>laudis</strong></span> <span class='ocrx_word' id='word_1_381' title='bbox 953 4045 1156 4100; x_wconf 85' lang='lat' dir='ltr'><strong>hostias</strong></span> <span class='ocrx_word' id='word_1_382' title='bbox 1183 4043 1500 4100; x_wconf 88' lang='lat' dir='ltr'><strong>referamus.</strong></span> <span class='ocrx_word' id='word_1_383' title='bbox 1541 4044 1714 4111; x_wconf 85' lang='lat' dir='ltr'><strong>Quod.</strong></span> 
     </span>
    </p>
   </div>
   <div class='ocr_carea' id='block_1_59' title="bbox 701 4137 2200 4210">
    <p class='ocr_par' dir='ltr' id='par_1_59' title="bbox 701 4137 2200 4210">
     <span class='ocr_line' id='line_1_59' title="bbox 701 4137 2200 4210; baseline 0.001 -15"><span class='ocrx_word' id='word_1_384' title='bbox 701 4141 840 4195; x_wconf 90' lang='lat' dir='ltr'><strong>Deus</strong></span> <span class='ocrx_word' id='word_1_385' title='bbox 882 4140 972 4210; x_wconf 92' lang='lat' dir='ltr'><strong>qui</strong></span> <span class='ocrx_word' id='word_1_386' title='bbox 1032 4138 1333 4209; x_wconf 88' lang='lat' dir='ltr'><strong>apostolum</strong></span> <span class='ocrx_word' id='word_1_387' title='bbox 1379 4149 1526 4194; x_wconf 91' lang='lat' dir='ltr'><strong>tuum</strong></span> <span class='ocrx_word' id='word_1_388' title='bbox 1580 4137 1826 4206; x_wconf 88' lang='lat' dir='ltr'><strong>Paulum,</strong></span> <span class='ocrx_word' id='word_1_389' title='bbox 1878 4139 2200 4196; x_wconf 84' lang='lat' dir='ltr'><strong>insolentem</strong></span> 
     </span>
    </p>
   </div>
   <div class='ocr_carea' id='block_1_60' title="bbox 619 4231 2203 4303">
    <p class='ocr_par' dir='ltr' id='par_1_60' title="bbox 619 4231 2203 4303">
     <span class='ocr_line' id='line_1_60' title="bbox 619 4231 2203 4303; baseline -0.003 -13"><span class='ocrx_word' id='word_1_390' title='bbox 619 4242 806 4290; x_wconf 81' lang='lat' dir='ltr'><strong>contra</strong></span> <span class='ocrx_word' id='word_1_391' title='bbox 852 4232 1142 4289; x_wconf 88' lang='lat' dir='ltr'><strong>Christiani</strong></span> <span class='ocrx_word' id='word_1_392' title='bbox 1200 4233 1430 4288; x_wconf 91' lang='lat' dir='ltr'><strong>nominis</strong></span> <span class='ocrx_word' id='word_1_393' title='bbox 1486 4235 1759 4303; x_wconf 88' lang='lat' dir='ltr'><strong>pietatem,</strong></span> <span class='ocrx_word' id='word_1_394' title='bbox 1822 4231 2024 4286; x_wconf 63' lang='lat' dir='ltr'><strong>caelesti</strong></span> <span class='ocrx_word' id='word_1_395' title='bbox 2071 4245 2203 4286; x_wconf 88' lang='lat' dir='ltr'><strong>voce</strong></span> 
     </span>
    </p>
   </div>
   <div class='ocr_carea' id='block_1_61' title="bbox 619 4323 2204 4395">
    <p class='ocr_par' dir='ltr' id='par_1_61' title="bbox 619 4323 2204 4395">
     <span class='ocr_line' id='line_1_61' title="bbox 619 4323 2204 4395; baseline -0.001 -15"><span class='ocrx_word' id='word_1_396' title='bbox 619 4342 741 4381; x_wconf 92' lang='lat' dir='ltr'><strong>cum</strong></span> <span class='ocrx_word' id='word_1_397' title='bbox 775 4336 981 4380; x_wconf 91' lang='lat' dir='ltr'><strong>terrore</strong></span> <span class='ocrx_word' id='word_1_398' title='bbox 1004 4324 1331 4395; x_wconf 75' lang='lat' dir='ltr'><strong>perculsum,</strong></span> <span class='ocrx_word' id='word_1_399' title='bbox 1365 4324 1618 4380; x_wconf 90' lang='lat' dir='ltr'><strong>hodierna</strong></span> <span class='ocrx_word' id='word_1_400' title='bbox 1646 4324 1733 4380; x_wconf 87' lang='lat' dir='ltr'><strong>die</strong></span> <span class='ocrx_word' id='word_1_401' title='bbox 1758 4323 2056 4378; x_wconf 89' lang='lat' dir='ltr'><strong>vocationis</strong></span> <span class='ocrx_word' id='word_1_402' title='bbox 2087 4323 2204 4394; x_wconf 85' lang='lat' dir='ltr'><strong>ejus</strong></span> 
     </span>
    </p>
   </div>
   <div class='ocr_carea' id='block_1_62' title="bbox 628 4419 2202 4490">
    <p class='ocr_par' dir='ltr' id='par_1_62' title="bbox 628 4419 2202 4490">
     <span class='ocr_line' id='line_1_62' title="bbox 628 4419 2202 4490; baseline -0.001 -15"><span class='ocrx_word' id='word_1_403' title='bbox 628 4428 860 4476; x_wconf 89' lang='lat' dir='ltr'><strong>mentem</strong></span> <span class='ocrx_word' id='word_1_404' title='bbox 903 4435 1023 4475; x_wconf 92' lang='lat' dir='ltr'><strong>cum</strong></span> <span class='ocrx_word' id='word_1_405' title='bbox 1066 4419 1284 4474; x_wconf 90' lang='lat' dir='ltr'><strong>nomine</strong></span> <span class='ocrx_word' id='word_1_406' title='bbox 1327 4420 1698 4486; x_wconf 87' lang='lat' dir='ltr'><strong>commutasti;</strong></span> <span class='ocrx_word' id='word_1_407' title='bbox 1738 4427 1793 4474; x_wconf 91' lang='lat' dir='ltr'><strong>et</strong></span> <span class='ocrx_word' id='word_1_408' title='bbox 1845 4433 2004 4490; x_wconf 92' lang='lat' dir='ltr'><strong>quem</strong></span> <span class='ocrx_word' id='word_1_409' title='bbox 2054 4420 2202 4489; x_wconf 87' lang='lat' dir='ltr'><strong>prius</strong></span> 
     </span>
    </p>
   </div>
   <div class='ocr_carea' id='block_1_63' title="bbox 625 4510 2199 4581">
    <p class='ocr_par' dir='ltr' id='par_1_63' title="bbox 625 4510 2199 4581">
     <span class='ocr_line' id='line_1_63' title="bbox 625 4510 2199 4581; baseline 0.001 -16"><span class='ocrx_word' id='word_1_410' title='bbox 625 4521 1021 4581; x_wconf 83' lang='lat' dir='ltr'><strong>persecutorem</strong></span> <span class='ocrx_word' id='word_1_411' title='bbox 1073 4510 1348 4566; x_wconf 90' lang='lat' dir='ltr'><strong>metuebat</strong></span> <span class='ocrx_word' id='word_1_412' title='bbox 1394 4511 1668 4578; x_wconf 85' lang='lat' dir='ltr'><strong>Ecclesia,</strong></span> <span class='ocrx_word' id='word_1_413' title='bbox 1706 4526 1846 4566; x_wconf 91' lang='lat' dir='ltr'><strong>nunc</strong></span> <span class='ocrx_word' id='word_1_414' title='bbox 1905 4512 2199 4566; x_wconf 69' lang='lat' dir='ltr'><strong>crelestium</strong></span> 
     </span>
    </p>
   </div>
   <div class='ocr_carea' id='block_1_64' title="bbox 2318 1921 3869 1996">
    <p class='ocr_par' dir='ltr' id='par_1_64' title="bbox 2318 1921 3869 1996">
     <span class='ocr_line' id='line_1_64' title="bbox 2318 1921 3869 1996; baseline -0.006 -16"><span class='ocrx_word' id='word_1_415' title='bbox 2318 1936 2400 1980; x_wconf 92' lang='lat' dir='ltr'><strong>ter</strong></span> <span class='ocrx_word' id='word_1_416' title='bbox 2427 1925 2793 1996; x_wconf 89' lang='lat' dir='ltr'><strong>omnipotens,</strong></span> <span class='ocrx_word' id='word_1_417' title='bbox 2826 1935 3026 1979; x_wconf 64' lang='lat' dir='ltr'><strong>(uterne</strong></span> <span class='ocrx_word' id='word_1_418' title='bbox 3057 1925 3216 1979; x_wconf 82' lang='lat' dir='ltr'><strong>Deus.</strong></span> <span class='ocrx_word' id='word_1_419' title='bbox 3243 1924 3344 1990; x_wconf 86' lang='lat' dir='ltr'><strong>Qui</strong></span> <span class='ocrx_word' id='word_1_420' title='bbox 3403 1933 3472 1976; x_wconf 88' lang='lat' dir='ltr'><strong>ut</strong></span> <span class='ocrx_word' id='word_1_421' title='bbox 3532 1921 3820 1976; x_wconf 69' lang='lat' dir='ltr'><strong>ostenderes</strong></span> <span class='ocrx_word' id='word_1_422' title='bbox 3842 1931 3869 1972; x_wconf 81' lang='lat' dir='ltr'><strong>te</strong></span> 
     </span>
    </p>
   </div>
   <div class='ocr_carea' id='block_1_65' title="bbox 2311 2020 3866 2092">
    <p class='ocr_par' dir='ltr' id='par_1_65' title="bbox 2311 2020 3866 2092">
     <span class='ocr_line' id='line_1_65' title="bbox 2311 2020 3866 2092; baseline -0.008 -14"><span class='ocrx_word' id='word_1_423' title='bbox 2311 2023 2550 2078; x_wconf 85' lang='lat' dir='ltr'><strong>omnium</strong></span> <span class='ocrx_word' id='word_1_424' title='bbox 2613 2038 2811 2092; x_wconf 90' lang='lat' dir='ltr'><strong>cupcre</strong></span> <span class='ocrx_word' id='word_1_425' title='bbox 2857 2021 3134 2091; x_wconf 73' lang='lat' dir='ltr'><strong>indulgere</strong></span> <span class='ocrx_word' id='word_1_426' title='bbox 3195 2020 3481 2089; x_wconf 78' lang='lat' dir='ltr'><strong>peccatis,</strong></span> <span class='ocrx_word' id='word_1_427' title='bbox 3522 2025 3866 2086; x_wconf 75' lang='lat' dir='ltr'><strong>persecutorem</strong></span> 
     </span>
    </p>
   </div>
   <div class='ocr_carea' id='block_1_66' title="bbox 2311 2105 3867 2171">
    <p class='ocr_par' dir='ltr' id='par_1_66' title="bbox 2311 2105 3867 2171">
     <span class='ocr_line' id='line_1_66' title="bbox 2311 2105 3867 2171; baseline -0.008 0"><span class='ocrx_word' id='word_1_428' title='bbox 2311 2115 2571 2171; x_wconf 70' lang='lat' dir='ltr'><strong>Ecclesiae</strong></span> <span class='ocrx_word' id='word_1_429' title='bbox 2601 2123 2704 2169; x_wconf 67' lang='lat' dir='ltr'><strong>tuae</strong></span> <span class='ocrx_word' id='word_1_430' title='bbox 2733 2115 2797 2169; x_wconf 87' lang='lat' dir='ltr'><strong>ad</strong></span> <span class='ocrx_word' id='word_1_431' title='bbox 2830 2105 3002 2169; x_wconf 74' lang='lat' dir='ltr'><strong>unum</strong></span> <span class='ocrx_word' id='word_1_432' title='bbox 3027 2113 3247 2169; x_wconf 88' lang='lat' dir='ltr'><strong>verbum</strong></span> <span class='ocrx_word' id='word_1_433' title='bbox 3287 2123 3395 2166; x_wconf 80' lang='lat' dir='ltr'><strong>litae</strong></span> <span class='ocrx_word' id='word_1_434' title='bbox 3417 2109 3726 2165; x_wconf 91' lang='lat' dir='ltr'><strong>vocationis</strong></span> <span class='ocrx_word' id='word_1_435' title='bbox 3746 2109 3867 2162; x_wconf 75' lang='lat' dir='ltr'><strong>lucra-</strong></span> 
     </span>
    </p>
   </div>
   <div class='ocr_carea' id='block_1_67' title="bbox 2314 2201 3863 2276">
    <p class='ocr_par' dir='ltr' id='par_1_67' title="bbox 2314 2201 3863 2276">
     <span class='ocr_line' id='line_1_67' title="bbox 2314 2201 3863 2276; baseline -0.006 -14"><span class='ocrx_word' id='word_1_436' title='bbox 2314 2217 2398 2262; x_wconf 92' lang='lat' dir='ltr'><strong>tus</strong></span> <span class='ocrx_word' id='word_1_437' title='bbox 2429 2223 2510 2276; x_wconf 89' lang='lat' dir='ltr'><strong>es,</strong></span> <span class='ocrx_word' id='word_1_438' title='bbox 2543 2217 2597 2262; x_wconf 89' lang='lat' dir='ltr'><strong>et</strong></span> <span class='ocrx_word' id='word_1_439' title='bbox 2625 2208 2804 2262; x_wconf 89' lang='lat' dir='ltr'><strong>statim</strong></span> <span class='ocrx_word' id='word_1_440' title='bbox 2838 2206 3007 2261; x_wconf 79' lang='lat' dir='ltr'><strong>fecisti</strong></span> <span class='ocrx_word' id='word_1_441' title='bbox 3041 2206 3198 2260; x_wconf 91' lang='lat' dir='ltr'><strong>nobis</strong></span> <span class='ocrx_word' id='word_1_442' title='bbox 3240 2220 3303 2260; x_wconf 73' lang='lat' dir='ltr'><strong>ex</strong></span> <span class='ocrx_word' id='word_1_443' title='bbox 3337 2214 3706 2276; x_wconf 89' lang='lat' dir='ltr'><strong>persecutore</strong></span> <span class='ocrx_word' id='word_1_444' title='bbox 3731 2201 3863 2255; x_wconf 73' lang='lat' dir='ltr'><strong>docto-</strong></span> 
     </span>
    </p>
   </div>
   <div class='ocr_carea' id='block_1_68' title="bbox 2308 2299 3863 2370">
    <p class='ocr_par' dir='ltr' id='par_1_68' title="bbox 2308 2299 3863 2370">
     <span class='ocr_line' id='line_1_68' title="bbox 2308 2299 3863 2370; baseline -0.006 -14"><span class='ocrx_word' id='word_1_445' title='bbox 2308 2316 2446 2356; x_wconf 86' lang='lat' dir='ltr'><strong>rem.</strong></span> <span class='ocrx_word' id='word_1_446' title='bbox 2502 2301 2631 2356; x_wconf 83' lang='lat' dir='ltr'><strong>Nam</strong></span> <span class='ocrx_word' id='word_1_447' title='bbox 2678 2302 2766 2370; x_wconf 83' lang='lat' dir='ltr'><strong>qui</strong></span> <span class='ocrx_word' id='word_1_448' title='bbox 2794 2301 2996 2355; x_wconf 88' lang='lat' dir='ltr'><strong>alienas</strong></span> <span class='ocrx_word' id='word_1_449' title='bbox 3048 2301 3298 2369; x_wconf 79' lang='lat' dir='ltr'><strong>epistolas</strong></span> <span class='ocrx_word' id='word_1_450' title='bbox 3349 2301 3424 2354; x_wconf 85' lang='lat' dir='ltr'><strong>ad</strong></span> <span class='ocrx_word' id='word_1_451' title='bbox 3502 2299 3863 2353; x_wconf 79' lang='lat' dir='ltr'><strong>destruction-em</strong></span> 
     </span>
    </p>
   </div>
   <div class='ocr_carea' id='block_1_69' title="bbox 2306 2393 3861 2464">
    <p class='ocr_par' dir='ltr' id='par_1_69' title="bbox 2306 2393 3861 2464">
     <span class='ocr_line' id='line_1_69' title="bbox 2306 2393 3861 2464; baseline -0.006 -13"><span class='ocrx_word' id='word_1_452' title='bbox 2306 2396 2672 2452; x_wconf 89' lang='lat' dir='ltr'><strong>Ecclesiarum</strong></span> <span class='ocrx_word' id='word_1_453' title='bbox 2699 2405 2997 2463; x_wconf 81' lang='lat' dir='ltr'><strong>acceperat.</strong></span> <span class='ocrx_word' id='word_1_454' title='bbox 3030 2396 3191 2464; x_wconf 71' lang='lat' dir='ltr'><strong>cmpit</strong></span> <span class='ocrx_word' id='word_1_455' title='bbox 3222 2410 3347 2450; x_wconf 90' lang='lat' dir='ltr'><strong>suas</strong></span> <span class='ocrx_word' id='word_1_456' title='bbox 3369 2395 3443 2448; x_wconf 87' lang='lat' dir='ltr'><strong>ad</strong></span> <span class='ocrx_word' id='word_1_457' title='bbox 3470 2393 3861 2449; x_wconf 80' lang='lat' dir='ltr'><strong>restaurationem</strong></span> 
     </span>
    </p>
   </div>
   <div class='ocr_carea' id='block_1_70' title="bbox 2310 2487 3863 2556">
    <p class='ocr_par' dir='ltr' id='par_1_70' title="bbox 2310 2487 3863 2556">
     <span class='ocr_line' id='line_1_70' title="bbox 2310 2487 3863 2556; baseline -0.006 -12"><span class='ocrx_word' id='word_1_458' title='bbox 2310 2505 2499 2545; x_wconf 88' lang='lat' dir='ltr'><strong>earum</strong></span> <span class='ocrx_word' id='word_1_459' title='bbox 2531 2489 2796 2555; x_wconf 85' lang='lat' dir='ltr'><strong>scribere;</strong></span> <span class='ocrx_word' id='word_1_460' title='bbox 2826 2499 2879 2544; x_wconf 89' lang='lat' dir='ltr'><strong>et</strong></span> <span class='ocrx_word' id='word_1_461' title='bbox 2907 2499 2964 2543; x_wconf 91' lang='lat' dir='ltr'><strong>ut</strong></span> <span class='ocrx_word' id='word_1_462' title='bbox 2991 2503 3050 2544; x_wconf 89' lang='lat' dir='ltr'><strong>se</strong></span> <span class='ocrx_word' id='word_1_463' title='bbox 3101 2490 3273 2556; x_wconf 89' lang='lat' dir='ltr'><strong>ipsum</strong></span> <span class='ocrx_word' id='word_1_464' title='bbox 3325 2489 3570 2543; x_wconf 87' lang='lat' dir='ltr'><strong>Paulum</strong></span> <span class='ocrx_word' id='word_1_465' title='bbox 3621 2487 3791 2540; x_wconf 83' lang='lat' dir='ltr'><strong>factum</strong></span> <span class='ocrx_word' id='word_1_466' title='bbox 3825 2498 3863 2534; x_wconf 67' lang='lat' dir='ltr'><strong>ex</strong></span> 
     </span>
    </p>
   </div>
   <div class='ocr_carea' id='block_1_71' title="bbox 2317 2578 3859 2652">
    <p class='ocr_par' dir='ltr' id='par_1_71' title="bbox 2317 2578 3859 2652">
     <span class='ocr_line' id='line_1_71' title="bbox 2317 2578 3859 2652; baseline -0.008 -12"><span class='ocrx_word' id='word_1_467' title='bbox 2317 2585 2482 2640; x_wconf 89' lang='lat' dir='ltr'><strong>Saulo</strong></span> <span class='ocrx_word' id='word_1_468' title='bbox 2520 2594 2866 2648; x_wconf 87' lang='lat' dir='ltr'><strong>monstraret,</strong></span> <span class='ocrx_word' id='word_1_469' title='bbox 2898 2591 3121 2652; x_wconf 85' lang='lat' dir='ltr'><strong>repente</strong></span> <span class='ocrx_word' id='word_1_470' title='bbox 3155 2584 3496 2638; x_wconf 85' lang='lat' dir='ltr'><strong>architectus</strong></span> <span class='ocrx_word' id='word_1_471' title='bbox 3539 2581 3746 2650; x_wconf 86' lang='lat' dir='ltr'><strong>sapiens</strong></span> <span class='ocrx_word' id='word_1_472' title='bbox 3785 2578 3859 2630; x_wconf 81' lang='lat' dir='ltr'><strong>fun-</strong></span> 
     </span>
    </p>
   </div>
   <div class='ocr_carea' id='block_1_72' title="bbox 2320 2671 3860 2748">
    <p class='ocr_par' dir='ltr' id='par_1_72' title="bbox 2320 2671 3860 2748">
     <span class='ocr_line' id='line_1_72' title="bbox 2320 2671 3860 2748; baseline -0.008 -16"><span class='ocrx_word' id='word_1_473' title='bbox 2320 2678 2631 2733; x_wconf 89' lang='lat' dir='ltr'><strong>damentum</strong></span> <span class='ocrx_word' id='word_1_474' title='bbox 2664 2678 2858 2748; x_wconf 78' lang='lat' dir='ltr'><strong>posuit,</strong></span> <span class='ocrx_word' id='word_1_475' title='bbox 2893 2687 3156 2732; x_wconf 86' lang='lat' dir='ltr'><strong>utsancta</strong></span> <span class='ocrx_word' id='word_1_476' title='bbox 3208 2677 3458 2732; x_wconf 86' lang='lat' dir='ltr'><strong>Ecclesia</strong></span> <span class='ocrx_word' id='word_1_477' title='bbox 3515 2685 3606 2730; x_wconf 86' lang='lat' dir='ltr'><strong>tua</strong></span> <span class='ocrx_word' id='word_1_478' title='bbox 3662 2671 3860 2727; x_wconf 77' lang='lat' dir='ltr'><strong>catholica</strong></span> 
     </span>
    </p>
   </div>
   <div class='ocr_carea' id='block_1_73' title="bbox 2317 2766 3855 2838">
    <p class='ocr_par' dir='ltr' id='par_1_73' title="bbox 2317 2766 3855 2838">
     <span class='ocr_line' id='line_1_73' title="bbox 2317 2766 3855 2838; baseline -0.007 -16"><span class='ocrx_word' id='word_1_479' title='bbox 2317 2782 2382 2822; x_wconf 81' lang='lat' dir='ltr'><strong>eo</strong></span> <span class='ocrx_word' id='word_1_480' title='bbox 2417 2768 2715 2823; x_wconf 74' lang='lat' dir='ltr'><strong>mdilicante</strong></span> <span class='ocrx_word' id='word_1_481' title='bbox 2738 2767 3016 2838; x_wconf 87' lang='lat' dir='ltr'><strong>gauderet,</strong></span> <span class='ocrx_word' id='word_1_482' title='bbox 3047 2782 3075 2820; x_wconf 87' lang='lat' dir='ltr'><strong>a</strong></span> <span class='ocrx_word' id='word_1_483' title='bbox 3107 2783 3212 2836; x_wconf 88' lang='lat' dir='ltr'><strong>quo</strong></span> <span class='ocrx_word' id='word_1_484' title='bbox 3266 2766 3449 2821; x_wconf 80' lang='lat' dir='ltr'><strong>fuerat</strong></span> <span class='ocrx_word' id='word_1_485' title='bbox 3509 2775 3637 2821; x_wconf 90' lang='lat' dir='ltr'><strong>ante</strong></span> <span class='ocrx_word' id='word_1_486' title='bbox 3677 2771 3855 2820; x_wconf 71' lang='lat' dir='ltr'><strong>Vaslala;</strong></span> 
     </span>
    </p>
   </div>
   <div class='ocr_carea' id='block_1_74' title="bbox 2309 2852 3857 2928">
    <p class='ocr_par' dir='ltr' id='par_1_74' title="bbox 2309 2852 3857 2928">
     <span class='ocr_line' id='line_1_74' title="bbox 2309 2852 3857 2928; baseline -0.006 -14"><span class='ocrx_word' id='word_1_487' title='bbox 2309 2868 2362 2914; x_wconf 92' lang='lat' dir='ltr'><strong>et</strong></span> <span class='ocrx_word' id='word_1_488' title='bbox 2389 2868 2566 2914; x_wconf 85' lang='lat' dir='ltr'><strong>tantus</strong></span> <span class='ocrx_word' id='word_1_489' title='bbox 2596 2859 2712 2928; x_wconf 88' lang='lat' dir='ltr'><strong>ejus</strong></span> <span class='ocrx_word' id='word_1_490' title='bbox 2735 2858 2989 2913; x_wconf 87' lang='lat' dir='ltr'><strong>defensor</strong></span> <span class='ocrx_word' id='word_1_491' title='bbox 3008 2859 3316 2924; x_wconf 76' lang='lat' dir='ltr'><strong>exsisteret,</strong></span> <span class='ocrx_word' id='word_1_492' title='bbox 3352 2869 3415 2913; x_wconf 89' lang='lat' dir='ltr'><strong>ut</strong></span> <span class='ocrx_word' id='word_1_493' title='bbox 3447 2858 3635 2912; x_wconf 88' lang='lat' dir='ltr'><strong>omnia</strong></span> <span class='ocrx_word' id='word_1_494' title='bbox 3660 2852 3857 2924; x_wconf 79' lang='lat' dir='ltr'><strong>supplicia</strong></span> 
     </span>
    </p>
   </div>
   <div class='ocr_carea' id='block_1_75' title="bbox 2311 2944 3852 3023">
    <p class='ocr_par' dir='ltr' id='par_1_75' title="bbox 2311 2944 3852 3023">
     <span class='ocr_line' id='line_1_75' title="bbox 2311 2944 3852 3023; baseline -0.008 -15"><span class='ocrx_word' id='word_1_495' title='bbox 2311 2954 2576 3023; x_wconf 82' lang='lat' dir='ltr'><strong>corporis,</strong></span> <span class='ocrx_word' id='word_1_496' title='bbox 2611 2963 2663 3008; x_wconf 90' lang='lat' dir='ltr'><strong>et</strong></span> <span class='ocrx_word' id='word_1_497' title='bbox 2687 2953 2855 3022; x_wconf 87' lang='lat' dir='ltr'><strong>ipsam</strong></span> <span class='ocrx_word' id='word_1_498' title='bbox 2891 2953 3090 3007; x_wconf 75' lang='lat' dir='ltr'><strong>ctedern</strong></span> <span class='ocrx_word' id='word_1_499' title='bbox 3116 2954 3356 3020; x_wconf 83' lang='lat' dir='ltr'><strong>corporis</strong></span> <span class='ocrx_word' id='word_1_500' title='bbox 3379 2967 3497 3005; x_wconf 90' lang='lat' dir='ltr'><strong>non</strong></span> <span class='ocrx_word' id='word_1_501' title='bbox 3526 2951 3743 3004; x_wconf 83' lang='lat' dir='ltr'><strong>timeret.</strong></span> <span class='ocrx_word' id='word_1_502' title='bbox 3767 2944 3852 2999; x_wconf 73' lang='lat' dir='ltr'><strong>Nam</strong></span> 
     </span>
    </p>
   </div>
   <div class='ocr_carea' id='block_1_76' title="bbox 2314 3040 3857 3113">
    <p class='ocr_par' dir='ltr' id='par_1_76' title="bbox 2314 3040 3857 3113">
     <span class='ocr_line' id='line_1_76' title="bbox 2314 3040 3857 3113; baseline -0.007 -15"><span class='ocrx_word' id='word_1_503' title='bbox 2314 3044 2484 3098; x_wconf 87' lang='lat' dir='ltr'><strong>factus</strong></span> <span class='ocrx_word' id='word_1_504' title='bbox 2507 3055 2590 3100; x_wconf 84' lang='lat' dir='ltr'><strong>est</strong></span> <span class='ocrx_word' id='word_1_505' title='bbox 2613 3053 2774 3113; x_wconf 87' lang='lat' dir='ltr'><strong>caput</strong></span> <span class='ocrx_word' id='word_1_506' title='bbox 2807 3044 3086 3109; x_wconf 58' lang='lat' dir='ltr'><strong>Ecclesiae,</strong></span> <span class='ocrx_word' id='word_1_507' title='bbox 3114 3044 3201 3113; x_wconf 93' lang='lat' dir='ltr'><strong>qui</strong></span> <span class='ocrx_word' id='word_1_508' title='bbox 3225 3043 3475 3097; x_wconf 88' lang='lat' dir='ltr'><strong>membra</strong></span> <span class='ocrx_word' id='word_1_509' title='bbox 3511 3040 3753 3096; x_wconf 75' lang='lat' dir='ltr'><strong>Ecclesia:</strong></span> <span class='ocrx_word' id='word_1_510' title='bbox 3771 3051 3857 3090; x_wconf 84' lang='lat' dir='ltr'><strong>con-</strong></span> 
     </span>
    </p>
   </div>
   <div class='ocr_carea' id='block_1_77' title="bbox 2309 3127 3851 3206">
    <p class='ocr_par' dir='ltr' id='par_1_77' title="bbox 2309 3127 3851 3206">
     <span class='ocr_line' id='line_1_77' title="bbox 2309 3127 3851 3206; baseline -0.006 -18"><span class='ocrx_word' id='word_1_511' title='bbox 2309 3147 2684 3206; x_wconf 76' lang='lat' dir='ltr'><strong>quausaverat;</strong></span> <span class='ocrx_word' id='word_1_512' title='bbox 2711 3145 2876 3205; x_wconf 92' lang='lat' dir='ltr'><strong>cuput</strong></span> <span class='ocrx_word' id='word_1_513' title='bbox 2905 3136 3104 3191; x_wconf 89' lang='lat' dir='ltr'><strong>terreni</strong></span> <span class='ocrx_word' id='word_1_514' title='bbox 3125 3137 3368 3204; x_wconf 91' lang='lat' dir='ltr'><strong>corporis</strong></span> <span class='ocrx_word' id='word_1_515' title='bbox 3395 3133 3646 3196; x_wconf 88' lang='lat' dir='ltr'><strong>tradidit,</strong></span> <span class='ocrx_word' id='word_1_516' title='bbox 3677 3140 3727 3186; x_wconf 88' lang='lat' dir='ltr'><strong>ut</strong></span> <span class='ocrx_word' id='word_1_517' title='bbox 3748 3127 3851 3183; x_wconf 84' lang='lat' dir='ltr'><strong>Chri-</strong></span> 
     </span>
    </p>
   </div>
   <div class='ocr_carea' id='block_1_78' title="bbox 2238 3228 3853 3305">
    <p class='ocr_par' dir='ltr' id='par_1_78' title="bbox 2238 3228 3853 3305">
     <span class='ocr_line' id='line_1_78' title="bbox 2238 3228 3853 3305; baseline 0.002 -21"><span class='ocrx_word' id='word_1_518' title='bbox 2238 3241 2285 3305; x_wconf 70' lang='grc' dir='ltr'>ο</span> <span class='ocrx_word' id='word_1_519' title='bbox 2316 3238 2457 3284; x_wconf 83' lang='lat' dir='ltr'><strong>stum</strong></span> <span class='ocrx_word' id='word_1_520' title='bbox 2499 3239 2657 3300; x_wconf 88' lang='lat' dir='ltr'><strong>caput</strong></span> <span class='ocrx_word' id='word_1_521' title='bbox 2690 3231 2742 3284; x_wconf 91' lang='lat' dir='ltr'><strong>in</strong></span> <span class='ocrx_word' id='word_1_522' title='bbox 2765 3229 2879 3284; x_wconf 86' lang='lat' dir='ltr'><strong>suis</strong></span> <span class='ocrx_word' id='word_1_523' title='bbox 2901 3228 3148 3283; x_wconf 92' lang='lat' dir='ltr'><strong>omnibus</strong></span> <span class='ocrx_word' id='word_1_524' title='bbox 3192 3229 3454 3284; x_wconf 88' lang='lat' dir='ltr'><strong>membris</strong></span> <span class='ocrx_word' id='word_1_525' title='bbox 3489 3228 3769 3296; x_wconf 85' lang='lat' dir='ltr'><strong>acciperet;</strong></span> <span class='ocrx_word' id='word_1_526' title='bbox 3794 3233 3853 3289; x_wconf 66' lang='grc' dir='ltr'><strong>ρετ</strong></span> 
     </span>
    </p>
   </div>
   <div class='ocr_carea' id='block_1_79' title="bbox 2316 3318 3849 3392">
    <p class='ocr_par' dir='ltr' id='par_1_79' title="bbox 2316 3318 3849 3392">
     <span class='ocr_line' id='line_1_79' title="bbox 2316 3318 3849 3392; baseline -0.002 -16"><span class='ocrx_word' id='word_1_527' title='bbox 2316 3323 2456 3391; x_wconf 93' lang='lat' dir='ltr'><strong>quod</strong></span> <span class='ocrx_word' id='word_1_528' title='bbox 2491 3324 2652 3378; x_wconf 85' lang='lat' dir='ltr'><strong>etiam</strong></span> <span class='ocrx_word' id='word_1_529' title='bbox 2688 3323 2792 3377; x_wconf 87' lang='lat' dir='ltr'><strong>Vas</strong></span> <span class='ocrx_word' id='word_1_530' title='bbox 2823 3323 3101 3378; x_wconf 88' lang='lat' dir='ltr'><strong>electionis</strong></span> <span class='ocrx_word' id='word_1_531' title='bbox 3123 3337 3242 3378; x_wconf 87' lang='lat' dir='ltr'><strong>esse</strong></span> <span class='ocrx_word' id='word_1_532' title='bbox 3291 3325 3517 3389; x_wconf 89' lang='lat' dir='ltr'><strong>meruit,</strong></span> <span class='ocrx_word' id='word_1_533' title='bbox 3545 3323 3631 3392; x_wconf 91' lang='lat' dir='ltr'><strong>qui</strong></span> <span class='ocrx_word' id='word_1_534' title='bbox 3664 3318 3849 3375; x_wconf 70' lang='lat' dir='ltr'><strong>eumdem</strong></span> 
     </span>
    </p>
   </div>
   <div class='ocr_carea' id='block_1_80' title="bbox 2321 3404 3850 3471">
    <p class='ocr_par' dir='ltr' id='par_1_80' title="bbox 2321 3404 3850 3471">
     <span class='ocr_line' id='line_1_80' title="bbox 2321 3404 3850 3471; baseline -0.005 -3"><span class='ocrx_word' id='word_1_535' title='bbox 2321 3415 2607 3470; x_wconf 87' lang='lat' dir='ltr'><strong>Dominum</strong></span> <span class='ocrx_word' id='word_1_536' title='bbox 2637 3425 2882 3470; x_wconf 91' lang='lat' dir='ltr'><strong>nostrum</strong></span> <span class='ocrx_word' id='word_1_537' title='bbox 2914 3416 3096 3471; x_wconf 88' lang='lat' dir='ltr'><strong>.lesum</strong></span> <span class='ocrx_word' id='word_1_538' title='bbox 3145 3413 3418 3471; x_wconf 86' lang='lat' dir='ltr'><strong>Christum</strong></span> <span class='ocrx_word' id='word_1_539' title='bbox 3450 3416 3647 3471; x_wconf 85' lang='lat' dir='ltr'><strong>Filium</strong></span> <span class='ocrx_word' id='word_1_540' title='bbox 3678 3420 3794 3464; x_wconf 89' lang='lat' dir='ltr'><strong>tuum</strong></span> <span class='ocrx_word' id='word_1_541' title='bbox 3817 3404 3850 3456; x_wconf 81' lang='lat' dir='ltr'><strong>in</strong></span> 
     </span>
    </p>
   </div>
   <div class='ocr_carea' id='block_1_81' title="bbox 2313 3501 3847 3581">
    <p class='ocr_par' dir='ltr' id='par_1_81' title="bbox 2313 3501 3847 3581">
     <span class='ocr_line' id='line_1_81' title="bbox 2313 3501 3847 3581; baseline 0.005 -19"><span class='ocrx_word' id='word_1_542' title='bbox 2313 3511 2393 3562; x_wconf 90' lang='lat' dir='ltr'><strong>sui</strong></span> <span class='ocrx_word' id='word_1_543' title='bbox 2423 3511 2654 3579; x_wconf 88' lang='lat' dir='ltr'><strong>pectoris</strong></span> <span class='ocrx_word' id='word_1_544' title='bbox 2703 3510 3085 3566; x_wconf 84' lang='lat' dir='ltr'><strong>habitationem</strong></span> <span class='ocrx_word' id='word_1_545' title='bbox 3127 3513 3378 3581; x_wconf 88' lang='lat' dir='ltr'><strong>suscepit.</strong></span> <span class='ocrx_word' id='word_1_546' title='bbox 3408 3512 3520 3567; x_wconf 87' lang='lat' dir='ltr'><strong>Per</strong></span> <span class='ocrx_word' id='word_1_547' title='bbox 3564 3522 3711 3580; x_wconf 84' lang='lat' dir='ltr'><strong>quem</strong></span> <span class='ocrx_word' id='word_1_548' title='bbox 3737 3501 3847 3570; x_wconf 65' lang='lat' dir='ltr'><strong>Male&#39;</strong></span> 
     </span>
    </p>
   </div>
   <div class='ocr_carea' id='block_1_82' title="bbox 2315 3603 2936 3658">
    <p class='ocr_par' dir='ltr' id='par_1_82' title="bbox 2315 3603 2936 3658">
     <span class='ocr_line' id='line_1_82' title="bbox 2315 3603 2936 3658; baseline -0.002 -1"><span class='ocrx_word' id='word_1_549' title='bbox 2315 3612 2506 3657; x_wconf 87' lang='lat' dir='ltr'><strong>statem</strong></span> <span class='ocrx_word' id='word_1_550' title='bbox 2538 3613 2681 3657; x_wconf 93' lang='lat' dir='ltr'><strong>tuam</strong></span> <span class='ocrx_word' id='word_1_551' title='bbox 2701 3603 2936 3658; x_wconf 90' lang='lat' dir='ltr'><strong>laudant.</strong></span> 
     </span>
    </p>
   </div>
   <div class='ocr_carea' id='block_1_83' title="bbox 2312 3694 3843 3754">
    <p class='ocr_par' dir='ltr' id='par_1_83' title="bbox 2312 3694 3843 3754">
     <span class='ocr_line' id='line_1_83' title="bbox 2312 3694 3843 3754; baseline -0.007 -5"><span class='ocrx_word' id='word_1_552' title='bbox 2312 3694 2432 3750; x_wconf 78' lang='lat' dir='ltr'><strong>XX.</strong></span> <span class='ocrx_word' id='word_1_553' title='bbox 2477 3710 2623 3751; x_wconf 70' lang='grc' dir='ltr'><strong>κιεελ</strong></span> <span class='ocrx_word' id='word_1_554' title='bbox 2674 3712 2725 3751; x_wconf 76' lang='lat' dir='ltr'><strong>IN</strong></span> <span class='ocrx_word' id='word_1_555' title='bbox 2779 3713 3057 3752; x_wconf 74' lang='lat' dir='ltr'><strong>CATHEDRA</strong></span> <span class='ocrx_word' id='word_1_556' title='bbox 3114 3709 3136 3737; x_wconf 78' lang='grc' dir='ltr'><strong>ο</strong></span> <span class='ocrx_word' id='word_1_557' title='bbox 3188 3712 3371 3753; x_wconf 67' lang='lat' dir='ltr'><strong>smcn</strong></span> <span class='ocrx_word' id='word_1_558' title='bbox 3425 3713 3586 3754; x_wconf 76' lang='lat' dir='ltr'><strong>PETRI</strong></span> <span class='ocrx_word' id='word_1_559' title='bbox 3635 3701 3843 3749; x_wconf 70' lang='grc' dir='ltr'><strong>Αροετοιι.</strong></span> 
     </span>
    </p>
   </div>
   <div class='ocr_carea' id='block_1_84' title="bbox 2385 3783 3845 3860">
    <p class='ocr_par' dir='ltr' id='par_1_84' title="bbox 2385 3783 3845 3860">
     <span class='ocr_line' id='line_1_84' title="bbox 2385 3783 3845 3860; baseline -0.007 -18"><span class='ocrx_word' id='word_1_560' title='bbox 2385 3788 2768 3844; x_wconf 88' lang='lat' dir='ltr'><strong>Sollemnitatis</strong></span> <span class='ocrx_word' id='word_1_561' title='bbox 2799 3790 3151 3857; x_wconf 67' lang='lat' dir='ltr'><strong>prmdicandm</strong></span> <span class='ocrx_word' id='word_1_562' title='bbox 3179 3791 3320 3845; x_wconf 88' lang='lat' dir='ltr'><strong>diem</strong></span> <span class='ocrx_word' id='word_1_563' title='bbox 3348 3791 3625 3860; x_wconf 73' lang='lat' dir='ltr'><strong>praecipue</strong></span> <span class='ocrx_word' id='word_1_564' title='bbox 3649 3783 3845 3842; x_wconf 82' lang='lat' dir='ltr'><strong>nobilem.</strong></span> 
     </span>
    </p>
   </div>
   <div class='ocr_carea' id='block_1_85' title="bbox 2314 3869 3841 3952">
    <p class='ocr_par' dir='ltr' id='par_1_85' title="bbox 2314 3869 3841 3952">
     <span class='ocr_line' id='line_1_85' title="bbox 2314 3869 3841 3952; baseline -0.009 -15"><span class='ocrx_word' id='word_1_565' title='bbox 2314 3882 2368 3937; x_wconf 88' lang='lat' dir='ltr'><strong>in</strong></span> <span class='ocrx_word' id='word_1_566' title='bbox 2399 3897 2507 3950; x_wconf 94' lang='lat' dir='ltr'><strong>quo</strong></span> <span class='ocrx_word' id='word_1_567' title='bbox 2537 3883 2694 3936; x_wconf 85' lang='lat' dir='ltr'><strong>fidem</strong></span> <span class='ocrx_word' id='word_1_568' title='bbox 2725 3883 3054 3952; x_wconf 68' lang='lat' dir='ltr'><strong>praecellenti</strong></span> <span class='ocrx_word' id='word_1_569' title='bbox 3081 3883 3245 3938; x_wconf 87' lang='lat' dir='ltr'><strong>Filius</strong></span> <span class='ocrx_word' id='word_1_570' title='bbox 3275 3885 3481 3939; x_wconf 78' lang='lat' dir='ltr'><strong>excelsi</strong></span> <span class='ocrx_word' id='word_1_571' title='bbox 3531 3883 3624 3936; x_wconf 92' lang='lat' dir='ltr'><strong>Dei</strong></span> <span class='ocrx_word' id='word_1_572' title='bbox 3653 3879 3724 3934; x_wconf 92' lang='lat' dir='ltr'><strong>ori</strong></span> <span class='ocrx_word' id='word_1_573' title='bbox 3744 3869 3841 3928; x_wconf 82' lang='lat' dir='ltr'><strong>Petri</strong></span> 
     </span>
    </p>
   </div>
   <div class='ocr_carea' id='block_1_86' title="bbox 2313 3966 3841 4045">
    <p class='ocr_par' dir='ltr' id='par_1_86' title="bbox 2313 3966 3841 4045">
     <span class='ocr_line' id='line_1_86' title="bbox 2313 3966 3841 4045; baseline -0.004 -17"><span class='ocrx_word' id='word_1_574' title='bbox 2313 3983 2646 4030; x_wconf 90' lang='lat' dir='ltr'><strong>monstratus</strong></span> <span class='ocrx_word' id='word_1_575' title='bbox 2673 3985 2775 4039; x_wconf 90' lang='lat' dir='ltr'><strong>est,</strong></span> <span class='ocrx_word' id='word_1_576' title='bbox 2805 3985 2853 4030; x_wconf 93' lang='lat' dir='ltr'><strong>et</strong></span> <span class='ocrx_word' id='word_1_577' title='bbox 2881 3976 2934 4029; x_wconf 88' lang='lat' dir='ltr'><strong>in</strong></span> <span class='ocrx_word' id='word_1_578' title='bbox 2979 3976 3319 4045; x_wconf 83' lang='lat' dir='ltr'><strong>coapostolos</strong></span> <span class='ocrx_word' id='word_1_579' title='bbox 3361 3977 3718 4043; x_wconf 89' lang='lat' dir='ltr'><strong>interrogante</strong></span> <span class='ocrx_word' id='word_1_580' title='bbox 3737 3966 3841 4019; x_wconf 69' lang='lat' dir='ltr'><strong>dese</strong></span> 
     </span>
    </p>
   </div>
   <div class='ocr_carea' id='block_1_87' title="bbox 2311 4063 3839 4138">
    <p class='ocr_par' dir='ltr' id='par_1_87' title="bbox 2311 4063 3839 4138">
     <span class='ocr_line' id='line_1_87' title="bbox 2311 4063 3839 4138; baseline -0.007 -14"><span class='ocrx_word' id='word_1_581' title='bbox 2311 4067 2529 4124; x_wconf 86' lang='lat' dir='ltr'><strong>Christo</strong></span> <span class='ocrx_word' id='word_1_582' title='bbox 2557 4069 2675 4138; x_wconf 92' lang='lat' dir='ltr'><strong>quis</strong></span> <span class='ocrx_word' id='word_1_583' title='bbox 2707 4077 2873 4135; x_wconf 84' lang='lat' dir='ltr'><strong>esset,</strong></span> <span class='ocrx_word' id='word_1_584' title='bbox 2907 4084 3032 4125; x_wconf 89' lang='lat' dir='ltr'><strong>vere</strong></span> <span class='ocrx_word' id='word_1_585' title='bbox 3083 4069 3361 4124; x_wconf 83' lang='lat' dir='ltr'><strong>confessus</strong></span> <span class='ocrx_word' id='word_1_586' title='bbox 3407 4079 3517 4136; x_wconf 91' lang='lat' dir='ltr'><strong>est,</strong></span> <span class='ocrx_word' id='word_1_587' title='bbox 3547 4082 3660 4121; x_wconf 83' lang='lat' dir='ltr'><strong>cum</strong></span> <span class='ocrx_word' id='word_1_588' title='bbox 3707 4063 3839 4115; x_wconf 69' lang='lat' dir='ltr'><strong>beatus</strong></span> 
     </span>
    </p>
   </div>
   <div class='ocr_carea' id='block_1_88' title="bbox 2311 4158 3836 4231">
    <p class='ocr_par' dir='ltr' id='par_1_88' title="bbox 2311 4158 3836 4231">
     <span class='ocr_line' id='line_1_88' title="bbox 2311 4158 3836 4231; baseline -0.012 -12"><span class='ocrx_word' id='word_1_589' title='bbox 2311 4163 2576 4219; x_wconf 81' lang='lat' dir='ltr'><strong>Bar-Jona</strong></span> <span class='ocrx_word' id='word_1_590' title='bbox 2605 4178 2739 4218; x_wconf 90' lang='lat' dir='ltr'><strong>voce</strong></span> <span class='ocrx_word' id='word_1_591' title='bbox 2768 4161 3141 4230; x_wconf 77' lang='lat' dir='ltr'><strong>Redemptoris</strong></span> <span class='ocrx_word' id='word_1_592' title='bbox 3173 4162 3276 4218; x_wconf 83' lang='lat' dir='ltr'><strong>ﬁde</strong></span> <span class='ocrx_word' id='word_1_593' title='bbox 3297 4164 3495 4219; x_wconf 87' lang='lat' dir='ltr'><strong>devota</strong></span> <span class='ocrx_word' id='word_1_594' title='bbox 3524 4160 3747 4231; x_wconf 65' lang='lat' dir='ltr'><strong>prmlatus</strong></span> <span class='ocrx_word' id='word_1_595' title='bbox 3770 4158 3836 4210; x_wconf 82' lang='lat' dir='ltr'><strong>est,</strong></span> 
     </span>
    </p>
   </div>
   <div class='ocr_carea' id='block_1_89' title="bbox 2313 4248 3832 4326">
    <p class='ocr_par' dir='ltr' id='par_1_89' title="bbox 2313 4248 3832 4326">
     <span class='ocr_line' id='line_1_89' title="bbox 2313 4248 3832 4326; baseline -0.009 -15"><span class='ocrx_word' id='word_1_596' title='bbox 2313 4265 2371 4311; x_wconf 90' lang='lat' dir='ltr'><strong>ut</strong></span> <span class='ocrx_word' id='word_1_597' title='bbox 2403 4271 2496 4326; x_wconf 90' lang='lat' dir='ltr'><strong>per</strong></span> <span class='ocrx_word' id='word_1_598' title='bbox 2523 4257 2658 4310; x_wconf 90' lang='lat' dir='ltr'><strong>hanc</strong></span> <span class='ocrx_word' id='word_1_599' title='bbox 2680 4255 2822 4310; x_wconf 90' lang='lat' dir='ltr'><strong>Petri</strong></span> <span class='ocrx_word' id='word_1_600' title='bbox 2859 4255 3094 4322; x_wconf 90' lang='lat' dir='ltr'><strong>Petram,</strong></span> <span class='ocrx_word' id='word_1_601' title='bbox 3121 4256 3277 4310; x_wconf 90' lang='lat' dir='ltr'><strong>bases</strong></span> <span class='ocrx_word' id='word_1_602' title='bbox 3326 4254 3585 4310; x_wconf 66' lang='lat' dir='ltr'><strong>Ecclesiae</strong></span> <span class='ocrx_word' id='word_1_603' title='bbox 3628 4249 3743 4303; x_wconf 72' lang='lat' dir='ltr'><strong>fixus</strong></span> <span class='ocrx_word' id='word_1_604' title='bbox 3766 4248 3832 4298; x_wconf 67' lang='lat' dir='ltr'><strong>est.</strong></span> 
     </span>
    </p>
   </div>
   <div class='ocr_carea' id='block_1_90' title="bbox 2314 4342 3833 4416">
    <p class='ocr_par' dir='ltr' id='par_1_90' title="bbox 2314 4342 3833 4416">
     <span class='ocr_line' id='line_1_90' title="bbox 2314 4342 3833 4416; baseline -0.008 -14"><span class='ocrx_word' id='word_1_605' title='bbox 2314 4358 2654 4415; x_wconf 87' lang='lat' dir='ltr'><strong>venerantes,</strong></span> <span class='ocrx_word' id='word_1_606' title='bbox 2686 4346 2880 4403; x_wconf 91' lang='lat' dir='ltr'><strong>fratres</strong></span> <span class='ocrx_word' id='word_1_607' title='bbox 2911 4347 3266 4413; x_wconf 85' lang='lat' dir='ltr'><strong>dilectissimi,</strong></span> <span class='ocrx_word' id='word_1_608' title='bbox 3300 4347 3671 4416; x_wconf 89' lang='lat' dir='ltr'><strong>deprecemur,</strong></span> <span class='ocrx_word' id='word_1_609' title='bbox 3693 4346 3738 4391; x_wconf 91' lang='lat' dir='ltr'><strong>ut</strong></span> <span class='ocrx_word' id='word_1_610' title='bbox 3763 4342 3833 4385; x_wconf 65' lang='lat' dir='ltr'><strong>iam</strong></span> 
     </span>
    </p>
   </div>
   <div class='ocr_carea' id='block_1_91' title="bbox 2311 4420 3832 4510">
    <p class='ocr_par' dir='ltr' id='par_1_91' title="bbox 2311 4420 3832 4510">
     <span class='ocr_line' id='line_1_91' title="bbox 2311 4420 3832 4510; baseline -0.016 -15"><span class='ocrx_word' id='word_1_611' title='bbox 2311 4441 2542 4510; x_wconf 81' lang='lat' dir='ltr'><strong>gloriosa</strong></span> <span class='ocrx_word' id='word_1_612' title='bbox 2574 4439 2729 4493; x_wconf 86' lang='lat' dir='ltr'><strong>laude</strong></span> <span class='ocrx_word' id='word_1_613' title='bbox 2758 4439 2916 4493; x_wconf 83' lang='lat' dir='ltr'><strong>fidem</strong></span> <span class='ocrx_word' id='word_1_614' title='bbox 2970 4439 3112 4493; x_wconf 90' lang='lat' dir='ltr'><strong>Petri</strong></span> <span class='ocrx_word' id='word_1_615' title='bbox 3143 4439 3233 4510; x_wconf 91' lang='lat' dir='ltr'><strong>qui</strong></span> <span class='ocrx_word' id='word_1_616' title='bbox 3280 4439 3545 4507; x_wconf 71' lang='lat' dir='ltr'><strong>prmtulit,</strong></span> <span class='ocrx_word' id='word_1_617' title='bbox 3582 4436 3686 4503; x_wconf 79' lang='lat' dir='ltr'><strong>ipse</strong></span> <span class='ocrx_word' id='word_1_618' title='bbox 3711 4420 3832 4481; x_wconf 76' lang='lat' dir='ltr'><strong>beati-</strong></span> 
     </span>
    </p>
   </div>
   <div class='ocr_carea' id='block_1_92' title="bbox 2313 4529 3830 4601">
    <p class='ocr_par' dir='ltr' id='par_1_92' title="bbox 2313 4529 3830 4601">
     <span class='ocr_line' id='line_1_92' title="bbox 2313 4529 3830 4601; baseline -0.009 -13"><span class='ocrx_word' id='word_1_619' title='bbox 2313 4533 2513 4588; x_wconf 89' lang='lat' dir='ltr'><strong>tudinis</strong></span> <span class='ocrx_word' id='word_1_620' title='bbox 2534 4541 2719 4587; x_wconf 85' lang='lat' dir='ltr'><strong>auctor</strong></span> <span class='ocrx_word' id='word_1_621' title='bbox 2764 4531 2975 4601; x_wconf 90' lang='lat' dir='ltr'><strong>plebem</strong></span> <span class='ocrx_word' id='word_1_622' title='bbox 3007 4529 3348 4586; x_wconf 79' lang='lat' dir='ltr'><strong>conroboret.</strong></span> <span class='ocrx_word' id='word_1_623' title='bbox 3371 4530 3475 4588; x_wconf 90' lang='lat' dir='ltr'><strong>Per</strong></span> <span class='ocrx_word' id='word_1_624' title='bbox 3501 4529 3752 4585; x_wconf 88' lang='lat' dir='ltr'><strong>Dominum</strong></span> <span class='ocrx_word' id='word_1_625' title='bbox 3773 4529 3830 4569; x_wconf 56' lang='lat' dir='ltr'><strong>ne</strong></span> 
     </span>
    </p>
   </div>
   <div class='ocr_carea' id='block_1_93' title="bbox 629 4603 2499 4692">
    <p class='ocr_par' dir='ltr' id='par_1_93' title="bbox 629 4603 2499 4692">
     <span class='ocr_line' id='line_1_93' title="bbox 629 4603 2499 4692; baseline 0.004 -35"><span class='ocrx_word' id='word_1_626' title='bbox 629 4605 997 4658; x_wconf 84' lang='lat' dir='ltr'><strong>mandatorum</strong></span> <span class='ocrx_word' id='word_1_627' title='bbox 1030 4604 1239 4659; x_wconf 69' lang='lat' dir='ltr'><strong>laetatur</strong></span> <span class='ocrx_word' id='word_1_628' title='bbox 1277 4617 1335 4658; x_wconf 87' lang='lat' dir='ltr'><strong>se</strong></span> <span class='ocrx_word' id='word_1_629' title='bbox 1367 4603 1564 4659; x_wconf 89' lang='lat' dir='ltr'><strong>habere</strong></span> <span class='ocrx_word' id='word_1_630' title='bbox 1602 4603 1906 4669; x_wconf 90' lang='lat' dir='ltr'><strong>doctorem;</strong></span> <span class='ocrx_word' id='word_1_631' title='bbox 1939 4618 2206 4673; x_wconf 90' lang='lat' dir='ltr'><strong>quemque</strong></span> <span class='ocrx_word' id='word_1_632' title='bbox 2233 4633 2286 4692; x_wconf 76' lang='grc' dir='ltr'><strong>Ι)</strong></span> <span class='ocrx_word' id='word_1_633' title='bbox 2310 4636 2499 4684; x_wconf 52' lang='lat' dir='ltr'><strong>suum.</strong></span> 
     </span>
    </p>
   </div>
   <div class='ocr_carea' id='block_1_94' title="bbox 630 4693 2199 4761">
    <p class='ocr_par' dir='ltr' id='par_1_94' title="bbox 630 4693 2199 4761">
     <span class='ocr_line' id='line_1_94' title="bbox 630 4693 2199 4761; baseline -0.001 -10"><span class='ocrx_word' id='word_1_634' title='bbox 630 4697 753 4751; x_wconf 86' lang='lat' dir='ltr'><strong>ideo</strong></span> <span class='ocrx_word' id='word_1_635' title='bbox 775 4697 904 4751; x_wconf 85' lang='lat' dir='ltr'><strong>foris</strong></span> <span class='ocrx_word' id='word_1_636' title='bbox 932 4696 1164 4761; x_wconf 77' lang='lat' dir='ltr'><strong>caecasti,</strong></span> <span class='ocrx_word' id='word_1_637' title='bbox 1224 4704 1280 4749; x_wconf 89' lang='lat' dir='ltr'><strong>ut</strong></span> <span class='ocrx_word' id='word_1_638' title='bbox 1333 4696 1595 4750; x_wconf 88' lang='lat' dir='ltr'><strong>introrsus</strong></span> <span class='ocrx_word' id='word_1_639' title='bbox 1643 4695 1908 4750; x_wconf 88' lang='lat' dir='ltr'><strong>videntem</strong></span> <span class='ocrx_word' id='word_1_640' title='bbox 1961 4693 2199 4761; x_wconf 85' lang='lat' dir='ltr'><strong>faceres;</strong></span> 
     </span>
    </p>
   </div>
   <div class='ocr_carea' id='block_1_95' title="bbox 621 4789 2205 4860">
    <p class='ocr_par' dir='ltr' id='par_1_95' title="bbox 621 4789 2205 4860">
     <span class='ocr_line' id='line_1_95' title="bbox 621 4789 2205 4860; baseline 0.001 -16"><span class='ocrx_word' id='word_1_641' title='bbox 621 4791 812 4860; x_wconf 90' lang='lat' dir='ltr'><strong>cuique</strong></span> <span class='ocrx_word' id='word_1_642' title='bbox 835 4800 955 4859; x_wconf 92' lang='lat' dir='ltr'><strong>post</strong></span> <span class='ocrx_word' id='word_1_643' title='bbox 986 4791 1230 4845; x_wconf 91' lang='lat' dir='ltr'><strong>tenebras</strong></span> <span class='ocrx_word' id='word_1_644' title='bbox 1255 4789 1586 4844; x_wconf 89' lang='lat' dir='ltr'><strong>crudelitatis</strong></span> <span class='ocrx_word' id='word_1_645' title='bbox 1614 4789 1842 4858; x_wconf 92' lang='lat' dir='ltr'><strong>ablatas,</strong></span> <span class='ocrx_word' id='word_1_646' title='bbox 1874 4789 1940 4844; x_wconf 93' lang='lat' dir='ltr'><strong>ad</strong></span> <span class='ocrx_word' id='word_1_647' title='bbox 1971 4805 2205 4845; x_wconf 85' lang='lat' dir='ltr'><strong>evocan-</strong></span> 
     </span>
    </p>
   </div>
   <div class='ocr_carea' id='block_1_96' title="bbox 630 4882 2210 4953">
    <p class='ocr_par' dir='ltr' id='par_1_96' title="bbox 630 4882 2210 4953">
     <span class='ocr_line' id='line_1_96' title="bbox 630 4882 2210 4953; baseline 0 -16"><span class='ocrx_word' id='word_1_648' title='bbox 630 4884 728 4937; x_wconf 89' lang='lat' dir='ltr'><strong>das</strong></span> <span class='ocrx_word' id='word_1_649' title='bbox 757 4892 943 4953; x_wconf 86' lang='lat' dir='ltr'><strong>gentes</strong></span> <span class='ocrx_word' id='word_1_650' title='bbox 975 4882 1168 4936; x_wconf 64' lang='lat' dir='ltr'><strong>divina</strong></span> <span class='ocrx_word' id='word_1_651' title='bbox 1198 4882 1329 4951; x_wconf 84' lang='lat' dir='ltr'><strong>legis</strong></span> <span class='ocrx_word' id='word_1_652' title='bbox 1375 4882 1652 4938; x_wconf 87' lang='lat' dir='ltr'><strong>scientiam</strong></span> <span class='ocrx_word' id='word_1_653' title='bbox 1697 4882 2000 4948; x_wconf 86' lang='lat' dir='ltr'><strong>contulisti;</strong></span> <span class='ocrx_word' id='word_1_654' title='bbox 2029 4883 2121 4938; x_wconf 89' lang='lat' dir='ltr'><strong>sed</strong></span> <span class='ocrx_word' id='word_1_655' title='bbox 2151 4891 2210 4939; x_wconf 86' lang='lat' dir='ltr'><strong>et</strong></span> 
     </span>
    </p>
   </div>
   <div class='ocr_carea' id='block_1_97' title="bbox 635 4975 2204 5048">
    <p class='ocr_par' dir='ltr' id='par_1_97' title="bbox 635 4975 2204 5048">
     <span class='ocr_line' id='line_1_97' title="bbox 635 4975 2204 5048; baseline 0.001 -17"><span class='ocrx_word' id='word_1_656' title='bbox 635 4977 795 5032; x_wconf 89' lang='lat' dir='ltr'><strong>tertio</strong></span> <span class='ocrx_word' id='word_1_657' title='bbox 822 4976 1224 5044; x_wconf 82' lang='lat' dir='ltr'><strong>naufragantem</strong></span> <span class='ocrx_word' id='word_1_658' title='bbox 1273 4990 1367 5044; x_wconf 87' lang='lat' dir='ltr'><strong>pro</strong></span> <span class='ocrx_word' id='word_1_659' title='bbox 1421 4975 1526 5032; x_wconf 81' lang='lat' dir='ltr'><strong>fide</strong></span> <span class='ocrx_word' id='word_1_660' title='bbox 1582 4991 1739 5046; x_wconf 90' lang='lat' dir='ltr'><strong>quam</strong></span> <span class='ocrx_word' id='word_1_661' title='bbox 1785 4987 2204 5048; x_wconf 86' lang='lat' dir='ltr'><strong>expugnaverat,</strong></span> 
     </span>
    </p>
   </div>
   <div class='ocr_carea' id='block_1_98' title="bbox 629 5065 2207 5136">
    <p class='ocr_par' dir='ltr' id='par_1_98' title="bbox 629 5065 2207 5136">
     <span class='ocr_line' id='line_1_98' title="bbox 629 5065 2207 5136; baseline 0.003 -17"><span class='ocrx_word' id='word_1_662' title='bbox 629 5065 738 5134; x_wconf 89' lang='lat' dir='ltr'><strong>jam</strong></span> <span class='ocrx_word' id='word_1_663' title='bbox 769 5065 1022 5121; x_wconf 89' lang='lat' dir='ltr'><strong>devotum</strong></span> <span class='ocrx_word' id='word_1_664' title='bbox 1057 5065 1109 5119; x_wconf 93' lang='lat' dir='ltr'><strong>in</strong></span> <span class='ocrx_word' id='word_1_665' title='bbox 1149 5065 1419 5120; x_wconf 87' lang='lat' dir='ltr'><strong>elemento</strong></span> <span class='ocrx_word' id='word_1_666' title='bbox 1460 5066 1662 5136; x_wconf 91' lang='lat' dir='ltr'><strong>liquido</strong></span> <span class='ocrx_word' id='word_1_667' title='bbox 1694 5066 1862 5122; x_wconf 89' lang='lat' dir='ltr'><strong>fecisti</strong></span> <span class='ocrx_word' id='word_1_668' title='bbox 1895 5069 2064 5124; x_wconf 87' lang='lat' dir='ltr'><strong>vitare</strong></span> <span class='ocrx_word' id='word_1_669' title='bbox 2092 5069 2207 5124; x_wconf 83' lang='lat' dir='ltr'><strong>dis-</strong></span> 
     </span>
    </p>
   </div>
   <div class='ocr_carea' id='block_1_99' title="bbox 627 5158 2210 5229">
    <p class='ocr_par' dir='ltr' id='par_1_99' title="bbox 627 5158 2210 5229">
     <span class='ocr_line' id='line_1_99' title="bbox 627 5158 2210 5229; baseline 0.003 -13"><span class='ocrx_word' id='word_1_670' title='bbox 627 5160 864 5224; x_wconf 88' lang='lat' dir='ltr'><strong>crimen;</strong></span> <span class='ocrx_word' id='word_1_671' title='bbox 895 5159 974 5213; x_wconf 86' lang='lat' dir='ltr'><strong>s&#39;ic</strong></span> <span class='ocrx_word' id='word_1_672' title='bbox 997 5158 1524 5229; x_wconf 74' lang='lat' dir='ltr'><strong>nobis,&#39;quzesumus,</strong></span> <span class='ocrx_word' id='word_1_673' title='bbox 1558 5160 1673 5228; x_wconf 89' lang='lat' dir='ltr'><strong>ejus</strong></span> <span class='ocrx_word' id='word_1_674' title='bbox 1697 5171 1752 5216; x_wconf 91' lang='lat' dir='ltr'><strong>et</strong></span> <span class='ocrx_word' id='word_1_675' title='bbox 1782 5163 2126 5218; x_wconf 90' lang='lat' dir='ltr'><strong>mutationem</strong></span> <span class='ocrx_word' id='word_1_676' title='bbox 2153 5171 2210 5220; x_wconf 80' lang='lat' dir='ltr'><strong>et</strong></span> 
     </span>
    </p>
   </div>
   <div class='ocr_carea' id='block_1_100' title="bbox 627 5251 2207 5324">
    <p class='ocr_par' dir='ltr' id='par_1_100' title="bbox 627 5251 2207 5324">
     <span class='ocr_line' id='line_1_100' title="bbox 627 5251 2207 5324; baseline 0.003 -17"><span class='ocrx_word' id='word_1_677' title='bbox 627 5252 787 5307; x_wconf 81' lang='lat' dir='ltr'><strong>fidem</strong></span> <span class='ocrx_word' id='word_1_678' title='bbox 817 5251 1142 5320; x_wconf 89' lang='lat' dir='ltr'><strong>colentibus,</strong></span> <span class='ocrx_word' id='word_1_679' title='bbox 1177 5261 1294 5320; x_wconf 88' lang='lat' dir='ltr'><strong>post</strong></span> <span class='ocrx_word' id='word_1_680' title='bbox 1319 5252 1615 5309; x_wconf 74' lang='lat' dir='ltr'><strong>caecitatem</strong></span> <span class='ocrx_word' id='word_1_681' title='bbox 1642 5264 2004 5324; x_wconf 89' lang='lat' dir='ltr'><strong>peccatorum,</strong></span> <span class='ocrx_word' id='word_1_682' title='bbox 2041 5256 2124 5310; x_wconf 86' lang='lat' dir='ltr'><strong>fac</strong></span> <span class='ocrx_word' id='word_1_683' title='bbox 2153 5265 2207 5312; x_wconf 89' lang='lat' dir='ltr'><strong>te</strong></span> 
     </span>
    </p>
   </div>
   <div class='ocr_carea' id='block_1_101' title="bbox 631 5344 2201 5416">
    <p class='ocr_par' dir='ltr' id='par_1_101' title="bbox 631 5344 2201 5416">
     <span class='ocr_line' id='line_1_101' title="bbox 631 5344 2201 5416; baseline 0.003 -17"><span class='ocrx_word' id='word_1_684' title='bbox 631 5345 816 5401; x_wconf 84' lang='lat' dir='ltr'><strong>videre</strong></span> <span class='ocrx_word' id='word_1_685' title='bbox 840 5344 895 5401; x_wconf 94' lang='lat' dir='ltr'><strong>in</strong></span> <span class='ocrx_word' id='word_1_686' title='bbox 917 5345 1082 5411; x_wconf 69' lang='lat' dir='ltr'><strong>cadis,</strong></span> <span class='ocrx_word' id='word_1_687' title='bbox 1115 5344 1201 5416; x_wconf 91' lang='lat' dir='ltr'><strong>qui</strong></span> <span class='ocrx_word' id='word_1_688' title='bbox 1227 5344 1554 5401; x_wconf 84' lang='lat' dir='ltr'><strong>iniuminasti</strong></span> <span class='ocrx_word' id='word_1_689' title='bbox 1583 5346 1804 5400; x_wconf 86' lang='lat' dir='ltr'><strong>Paulum</strong></span> <span class='ocrx_word' id='word_1_690' title='bbox 1843 5345 1898 5400; x_wconf 91' lang='lat' dir='ltr'><strong>in</strong></span> <span class='ocrx_word' id='word_1_691' title='bbox 1931 5349 2117 5412; x_wconf 90' lang='lat' dir='ltr'><strong>terris;</strong></span> <span class='ocrx_word' id='word_1_692' title='bbox 2146 5357 2201 5403; x_wconf 92' lang='lat' dir='ltr'><strong>et</strong></span> 
     </span>
    </p>
   </div>
   <div class='ocr_carea' id='block_1_102' title="bbox 627 5438 2199 5510">
    <p class='ocr_par' dir='ltr' id='par_1_102' title="bbox 627 5438 2199 5510">
     <span class='ocr_line' id='line_1_102' title="bbox 627 5438 2199 5510; baseline 0.003 -18"><span class='ocrx_word' id='word_1_693' title='bbox 627 5451 849 5492; x_wconf 85' lang='lat' dir='ltr'><strong>munera</strong></span> <span class='ocrx_word' id='word_1_694' title='bbox 882 5439 1167 5508; x_wconf 65' lang='lat' dir='ltr'><strong>praesentia</strong></span> <span class='ocrx_word' id='word_1_695' title='bbox 1219 5438 1391 5494; x_wconf 92' lang='lat' dir='ltr'><strong>libens</strong></span> <span class='ocrx_word' id='word_1_696' title='bbox 1432 5439 1639 5508; x_wconf 89' lang='lat' dir='ltr'><strong>accipe,</strong></span> <span class='ocrx_word' id='word_1_697' title='bbox 1668 5454 1787 5509; x_wconf 66' lang='lat' dir='ltr'><strong>quae</strong></span> <span class='ocrx_word' id='word_1_698' title='bbox 1835 5442 2076 5510; x_wconf 82' lang='lat' dir='ltr'><strong>Apostoli</strong></span> <span class='ocrx_word' id='word_1_699' title='bbox 2125 5443 2199 5497; x_wconf 91' lang='lat' dir='ltr'><strong>tui</strong></span> 
     </span>
    </p>
   </div>
   <div class='ocr_carea' id='block_1_103' title="bbox 624 5530 1412 5602">
    <p class='ocr_par' dir='ltr' id='par_1_103' title="bbox 624 5530 1412 5602">
     <span class='ocr_line' id='line_1_103' title="bbox 624 5530 1412 5602; baseline 0.001 -16"><span class='ocrx_word' id='word_1_700' title='bbox 624 5531 872 5600; x_wconf 83' lang='lat' dir='ltr'><strong>precibus</strong></span> <span class='ocrx_word' id='word_1_701' title='bbox 892 5530 989 5586; x_wconf 82' lang='lat' dir='ltr'><strong>tibi</strong></span> <span class='ocrx_word' id='word_1_702' title='bbox 1021 5532 1150 5586; x_wconf 83' lang='lat' dir='ltr'><strong>fiant</strong></span> <span class='ocrx_word' id='word_1_703' title='bbox 1172 5540 1412 5602; x_wconf 84' lang='lat' dir='ltr'><strong>accepta.</strong></span> 
     </span>
    </p>
   </div>
   <div class='ocr_carea' id='block_1_104' title="bbox 700 5664 2203 5743">
    <p class='ocr_par' dir='ltr' id='par_1_104' title="bbox 700 5664 2203 5743">
     <span class='ocr_line' id='line_1_104' title="bbox 700 5664 2203 5743; baseline 0.007 -24"><span class='ocrx_word' id='word_1_704' title='bbox 700 5674 724 5701; x_wconf 75' lang='grc' dir='ltr'>η</span> <span class='ocrx_word' id='word_1_705' title='bbox 754 5664 887 5743; x_wconf 61' lang='lat' dir='ltr'><strong>Hinc</strong></span> <span class='ocrx_word' id='word_1_706' title='bbox 935 5665 1193 5743; x_wconf 40' lang='lat' dir='ltr'><strong>Eulaliae,</strong></span> <span class='ocrx_word' id='word_1_707' title='bbox 1225 5681 1331 5721; x_wconf 91' lang='lat' dir='ltr'><strong>non</strong></span> <span class='ocrx_word' id='word_1_708' title='bbox 1382 5665 1791 5743; x_wconf 76' lang='lat' dir='ltr'><strong>Barcinone&#39;ns‘i,</strong></span> <span class='ocrx_word' id='word_1_709' title='bbox 1840 5685 1961 5743; x_wconf 64' lang='lat' dir='ltr'><strong>qua:</strong></span> <span class='ocrx_word' id='word_1_710' title='bbox 2013 5673 2203 5743; x_wconf 84' lang='lat' dir='ltr'><strong>capitis</strong></span> 
     </span>
    </p>
   </div>
   <div class='ocr_carea' id='block_1_105' title="bbox 622 5735 2204 5809">
    <p class='ocr_par' dir='ltr' id='par_1_105' title="bbox 622 5735 2204 5809">
     <span class='ocr_line' id='line_1_105' title="bbox 622 5735 2204 5809; baseline 0.008 -20"><span class='ocrx_word' id='word_1_711' title='bbox 622 5735 952 5809; x_wconf 85' lang='lat' dir='ltr'><strong>abscissione</strong></span> <span class='ocrx_word' id='word_1_712' title='bbox 977 5737 1287 5809; x_wconf 86' lang='lat' dir='ltr'><strong>martyrium</strong></span> <span class='ocrx_word' id='word_1_713' title='bbox 1315 5742 1725 5804; x_wconf 85' lang='lat' dir='ltr'><strong>consummavit,</strong></span> <span class='ocrx_word' id='word_1_714' title='bbox 1756 5735 2204 5801; x_wconf 37' lang='lat' dir='ltr'><strong>Sed‘Emerit&#39;ensi</strong></span> 
     </span>
    </p>
   </div>
   <div class='ocr_carea' id='block_1_106' title="bbox 624 5807 2199 5883">
    <p class='ocr_par' dir='ltr' id='par_1_106' title="bbox 624 5807 2199 5883">
     <span class='ocr_line' id='line_1_106' title="bbox 624 5807 2199 5883; baseline 0.007 -23"><span class='ocrx_word' id='word_1_715' title='bbox 624 5807 966 5883; x_wconf 64' lang='lat' dir='ltr'><strong>conveniunt,</strong></span> <span class='ocrx_word' id='word_1_716' title='bbox 991 5807 1258 5883; x_wconf 53' lang='lat' dir='ltr'><strong>quae&#39;bz&#39;lgit</strong></span> <span class='ocrx_word' id='word_1_717' title='bbox 1278 5824 1365 5862; x_wconf 86' lang='lat' dir='ltr'><strong>ore</strong></span> <span class='ocrx_word' id='word_1_718' title='bbox 1389 5824 1592 5883; x_wconf 67' lang='lat' dir='ltr'><strong>rogum,</strong></span> <span class='ocrx_word' id='word_1_719' title='bbox 1615 5821 1670 5866; x_wconf 91' lang='lat' dir='ltr'><strong>ut</strong></span> <span class='ocrx_word' id='word_1_720' title='bbox 1694 5813 2015 5869; x_wconf 81' lang='lat' dir='ltr'><strong>Prudentius</strong></span> <span class='ocrx_word' id='word_1_721' title='bbox 2037 5817 2199 5883; x_wconf 88' lang='lat' dir='ltr'><strong>canit,</strong></span> 
     </span>
    </p>
   </div>
   <div class='ocr_carea' id='block_1_107' title="bbox 621 5879 2201 5956">
    <p class='ocr_par' dir='ltr' id='par_1_107' title="bbox 621 5879 2201 5956">
     <span class='ocr_line' id='line_1_107' title="bbox 621 5879 2201 5956; baseline 0.006 -23"><span class='ocrx_word' id='word_1_722' title='bbox 621 5887 675 5933; x_wconf 84' lang='lat' dir='ltr'><strong>et</strong></span> <span class='ocrx_word' id='word_1_723' title='bbox 698 5879 800 5934; x_wconf 89' lang='lat' dir='ltr'><strong>sub</strong></span> <span class='ocrx_word' id='word_1_724' title='bbox 819 5880 994 5950; x_wconf 87' lang='lat' dir='ltr'><strong>specie</strong></span> <span class='ocrx_word' id='word_1_725' title='bbox 1018 5880 1285 5937; x_wconf 85' lang='lat' dir='ltr'><strong>columbae</strong></span> <span class='ocrx_word' id='word_1_726' title='bbox 1309 5879 1476 5936; x_wconf 64' lang='lat' dir='ltr'><strong>celos</strong></span> <span class='ocrx_word' id='word_1_727' title='bbox 1497 5884 1666 5950; x_wconf 90' lang='lat' dir='ltr'><strong>petiit.</strong></span> <span class='ocrx_word' id='word_1_728' title='bbox 1692 5885 1842 5951; x_wconf 81' lang='lat' dir='ltr'><strong>Quod</strong></span> <span class='ocrx_word' id='word_1_729' title='bbox 1871 5879 2201 5956; x_wconf 83' lang='lat' dir='ltr'><strong>postremum</strong></span> 
     </span>
    </p>
   </div>
   <div class='ocr_carea' id='block_1_108' title="bbox 2856 4699 3349 4762">
    <p class='ocr_par' dir='ltr' id='par_1_108' title="bbox 2856 4699 3349 4762">
     <span class='ocr_line' id='line_1_108' title="bbox 2856 4699 3349 4762; baseline -0.004 -12"><span class='ocrx_word' id='word_1_730' title='bbox 2856 4699 3089 4750; x_wconf 89' lang='lat' dir='ltr'><strong>Collectio</strong></span> <span class='ocrx_word' id='word_1_731' title='bbox 3107 4700 3349 4762; x_wconf 89' lang='lat' dir='ltr'><strong>sequitur.</strong></span> 
     </span>
    </p>
   </div>
   <div class='ocr_carea' id='block_1_109' title="bbox 2389 4784 3829 4866">
    <p class='ocr_par' dir='ltr' id='par_1_109' title="bbox 2389 4784 3829 4866">
     <span class='ocr_line' id='line_1_109' title="bbox 2389 4784 3829 4866; baseline -0.012 -16"><span class='ocrx_word' id='word_1_732' title='bbox 2389 4795 2552 4863; x_wconf 88' lang='lat' dir='ltr'><strong>Deus,</strong></span> <span class='ocrx_word' id='word_1_733' title='bbox 2583 4796 2672 4866; x_wconf 92' lang='lat' dir='ltr'><strong>qui</strong></span> <span class='ocrx_word' id='word_1_734' title='bbox 2703 4793 2964 4850; x_wconf 89' lang='lat' dir='ltr'><strong>hodierna</strong></span> <span class='ocrx_word' id='word_1_735' title='bbox 3015 4794 3104 4849; x_wconf 89' lang='lat' dir='ltr'><strong>die</strong></span> <span class='ocrx_word' id='word_1_736' title='bbox 3133 4793 3345 4848; x_wconf 90' lang='lat' dir='ltr'><strong>beatum</strong></span> <span class='ocrx_word' id='word_1_737' title='bbox 3396 4792 3609 4848; x_wconf 91' lang='lat' dir='ltr'><strong>Petrum</strong></span> <span class='ocrx_word' id='word_1_738' title='bbox 3658 4786 3758 4854; x_wconf 90' lang='lat' dir='ltr'><strong>post</strong></span> <span class='ocrx_word' id='word_1_739' title='bbox 3795 4784 3829 4826; x_wconf 79' lang='lat' dir='ltr'><strong>lc</strong></span> 
     </span>
    </p>
   </div>
   <div class='ocr_carea' id='block_1_110' title="bbox 2317 4872 3824 4956">
    <p class='ocr_par' dir='ltr' id='par_1_110' title="bbox 2317 4872 3824 4956">
     <span class='ocr_line' id='line_1_110' title="bbox 2317 4872 3824 4956; baseline -0.013 -13"><span class='ocrx_word' id='word_1_740' title='bbox 2317 4888 2509 4943; x_wconf 88' lang='lat' dir='ltr'><strong>dedisti</strong></span> <span class='ocrx_word' id='word_1_741' title='bbox 2536 4897 2698 4956; x_wconf 86' lang='lat' dir='ltr'><strong>caput</strong></span> <span class='ocrx_word' id='word_1_742' title='bbox 2721 4887 3015 4951; x_wconf 67' lang='lat' dir='ltr'><strong>Ecclesire,</strong></span> <span class='ocrx_word' id='word_1_743' title='bbox 3045 4901 3165 4941; x_wconf 91' lang='lat' dir='ltr'><strong>cum</strong></span> <span class='ocrx_word' id='word_1_744' title='bbox 3209 4894 3262 4941; x_wconf 90' lang='lat' dir='ltr'><strong>te</strong></span> <span class='ocrx_word' id='word_1_745' title='bbox 3303 4885 3392 4940; x_wconf 87' lang='lat' dir='ltr'><strong>ille</strong></span> <span class='ocrx_word' id='word_1_746' title='bbox 3445 4897 3569 4939; x_wconf 89' lang='lat' dir='ltr'><strong>vcrc</strong></span> <span class='ocrx_word' id='word_1_747' title='bbox 3613 4872 3824 4933; x_wconf 71' lang='lat' dir='ltr'><strong>confessus</strong></span> 
     </span>
    </p>
   </div>
   <div class='ocr_carea' id='block_1_111' title="bbox 2315 4974 3824 5051">
    <p class='ocr_par' dir='ltr' id='par_1_111' title="bbox 2315 4974 3824 5051">
     <span class='ocr_line' id='line_1_111' title="bbox 2315 4974 3824 5051; baseline -0.015 -14"><span class='ocrx_word' id='word_1_748' title='bbox 2315 4983 2403 5046; x_wconf 88' lang='lat' dir='ltr'><strong>sit,</strong></span> <span class='ocrx_word' id='word_1_749' title='bbox 2432 4992 2486 5038; x_wconf 90' lang='lat' dir='ltr'><strong>et</strong></span> <span class='ocrx_word' id='word_1_750' title='bbox 2512 4984 2626 5051; x_wconf 88' lang='lat' dir='ltr'><strong>ipse</strong></span> <span class='ocrx_word' id='word_1_751' title='bbox 2655 4998 2684 5036; x_wconf 90' lang='lat' dir='ltr'><strong>a</strong></span> <span class='ocrx_word' id='word_1_752' title='bbox 2719 4991 2769 5038; x_wconf 85' lang='lat' dir='ltr'><strong>te</strong></span> <span class='ocrx_word' id='word_1_753' title='bbox 2798 4982 2958 5050; x_wconf 81' lang='lat' dir='ltr'><strong>digne</strong></span> <span class='ocrx_word' id='word_1_754' title='bbox 2986 4981 3235 5050; x_wconf 72' lang='lat' dir='ltr'><strong>praelatus</strong></span> <span class='ocrx_word' id='word_1_755' title='bbox 3283 4983 3374 5046; x_wconf 91' lang='lat' dir='ltr'><strong>sit,</strong></span> <span class='ocrx_word' id='word_1_756' title='bbox 3401 4977 3659 5050; x_wconf 87' lang='lat' dir='ltr'><strong>supplices</strong></span> <span class='ocrx_word' id='word_1_757' title='bbox 3681 4974 3824 5024; x_wconf 76' lang='lat' dir='ltr'><strong>exora-</strong></span> 
     </span>
    </p>
   </div>
   <div class='ocr_carea' id='block_1_112' title="bbox 2315 5057 3820 5145">
    <p class='ocr_par' dir='ltr' id='par_1_112' title="bbox 2315 5057 3820 5145">
     <span class='ocr_line' id='line_1_112' title="bbox 2315 5057 3820 5145; baseline -0.021 -7"><span class='ocrx_word' id='word_1_758' title='bbox 2315 5091 2453 5144; x_wconf 76' lang='grc' dir='ltr'><strong>πως,</strong></span> <span class='ocrx_word' id='word_1_759' title='bbox 2487 5087 2542 5129; x_wconf 86' lang='lat' dir='ltr'><strong>ut</strong></span> <span class='ocrx_word' id='word_1_760' title='bbox 2592 5076 2680 5145; x_wconf 92' lang='lat' dir='ltr'><strong>qui</strong></span> <span class='ocrx_word' id='word_1_761' title='bbox 2720 5075 2911 5130; x_wconf 87' lang='lat' dir='ltr'><strong>dedisti</strong></span> <span class='ocrx_word' id='word_1_762' title='bbox 2966 5085 3258 5145; x_wconf 90' lang='lat' dir='ltr'><strong>pastorem,</strong></span> <span class='ocrx_word' id='word_1_763' title='bbox 3285 5090 3352 5130; x_wconf 90' lang='lat' dir='ltr'><strong>ne</strong></span> <span class='ocrx_word' id='word_1_764' title='bbox 3404 5073 3529 5144; x_wconf 89' lang='lat' dir='ltr'><strong>quid</strong></span> <span class='ocrx_word' id='word_1_765' title='bbox 3579 5069 3639 5123; x_wconf 92' lang='lat' dir='ltr'><strong>de</strong></span> <span class='ocrx_word' id='word_1_766' title='bbox 3687 5057 3820 5115; x_wconf 82' lang='lat' dir='ltr'><strong>oribus</strong></span> 
     </span>
    </p>
   </div>
   <div class='ocr_carea' id='block_1_113' title="bbox 2312 5150 3821 5239">
    <p class='ocr_par' dir='ltr' id='par_1_113' title="bbox 2312 5150 3821 5239">
     <span class='ocr_line' id='line_1_113' title="bbox 2312 5150 3821 5239; baseline -0.013 -16"><span class='ocrx_word' id='word_1_767' title='bbox 2312 5171 2587 5239; x_wconf 87' lang='lat' dir='ltr'><strong>perderes,</strong></span> <span class='ocrx_word' id='word_1_768' title='bbox 2621 5177 2676 5222; x_wconf 90' lang='lat' dir='ltr'><strong>ut</strong></span> <span class='ocrx_word' id='word_1_769' title='bbox 2702 5183 2828 5238; x_wconf 81' lang='lat' dir='ltr'><strong>grex</strong></span> <span class='ocrx_word' id='word_1_770' title='bbox 2853 5168 3068 5239; x_wconf 83' lang='lat' dir='ltr'><strong>effugiat</strong></span> <span class='ocrx_word' id='word_1_771' title='bbox 3092 5183 3326 5236; x_wconf 84' lang='lat' dir='ltr'><strong>errores,</strong></span> <span class='ocrx_word' id='word_1_772' title='bbox 3349 5167 3464 5234; x_wconf 86' lang='lat' dir='ltr'><strong>ejus</strong></span> <span class='ocrx_word' id='word_1_773' title='bbox 3509 5150 3821 5220; x_wconf 77' lang='lat' dir='ltr'><strong>intercessione</strong></span> 
     </span>
    </p>
   </div>
   <div class='ocr_carea' id='block_1_114' title="bbox 2310 5260 3641 5331">
    <p class='ocr_par' dir='ltr' id='par_1_114' title="bbox 2310 5260 3641 5331">
     <span class='ocr_line' id='line_1_114' title="bbox 2310 5260 3641 5331; baseline -0.005 -16"><span class='ocrx_word' id='word_1_774' title='bbox 2310 5276 2468 5331; x_wconf 92' lang='lat' dir='ltr'><strong>quem</strong></span> <span class='ocrx_word' id='word_1_775' title='bbox 2492 5260 2800 5331; x_wconf 72' lang='lat' dir='ltr'><strong>prmfecisti,</strong></span> <span class='ocrx_word' id='word_1_776' title='bbox 2829 5261 3117 5315; x_wconf 89' lang='lat' dir='ltr'><strong>salvilices.</strong></span> <span class='ocrx_word' id='word_1_777' title='bbox 3147 5260 3300 5328; x_wconf 80' lang='lat' dir='ltr'><strong>Quod</strong></span> <span class='ocrx_word' id='word_1_778' title='bbox 3329 5260 3443 5330; x_wconf 88' lang='lat' dir='ltr'><strong>ipse</strong></span> <span class='ocrx_word' id='word_1_779' title='bbox 3472 5261 3641 5330; x_wconf 60' lang='lat' dir='ltr'><strong>priest.</strong></span> 
     </span>
    </p>
   </div>
   <div class='ocr_carea' id='block_1_115' title="bbox 2925 5352 3273 5402">
    <p class='ocr_par' dir='ltr' id='par_1_115' title="bbox 2925 5352 3273 5402">
     <span class='ocr_line' id='line_1_115' title="bbox 2925 5352 3273 5402; baseline -0.003 0"><span class='ocrx_word' id='word_1_780' title='bbox 2925 5352 3041 5402; x_wconf 85' lang='lat' dir='ltr'><strong>Post</strong></span> <span class='ocrx_word' id='word_1_781' title='bbox 3063 5354 3273 5402; x_wconf 83' lang='lat' dir='ltr'><strong>nomina.</strong></span> 
     </span>
    </p>
   </div>
   <div class='ocr_carea' id='block_1_116' title="bbox 2386 5411 3811 5514">
    <p class='ocr_par' dir='ltr' id='par_1_116' title="bbox 2386 5411 3811 5514">
     <span class='ocr_line' id='line_1_116' title="bbox 2386 5411 3811 5514; baseline -0.022 -12"><span class='ocrx_word' id='word_1_782' title='bbox 2386 5439 2577 5507; x_wconf 87' lang='lat' dir='ltr'><strong>Deum,</strong></span> <span class='ocrx_word' id='word_1_783' title='bbox 2609 5439 2696 5508; x_wconf 90' lang='lat' dir='ltr'><strong>qui</strong></span> <span class='ocrx_word' id='word_1_784' title='bbox 2727 5439 2883 5494; x_wconf 89' lang='lat' dir='ltr'><strong>beato</strong></span> <span class='ocrx_word' id='word_1_785' title='bbox 2937 5440 3095 5495; x_wconf 89' lang='lat' dir='ltr'><strong>Petro</strong></span> <span class='ocrx_word' id='word_1_786' title='bbox 3125 5449 3321 5493; x_wconf 91' lang='lat' dir='ltr'><strong>tantam</strong></span> <span class='ocrx_word' id='word_1_787' title='bbox 3373 5440 3666 5508; x_wconf 89' lang='lat' dir='ltr'><strong>potestatem</strong></span> <span class='ocrx_word' id='word_1_788' title='bbox 3699 5411 3811 5514; x_wconf 49' lang='lat' dir='ltr'><strong>disci:</strong></span> 
     </span>
    </p>
   </div>
   <div class='ocr_carea' id='block_1_117' title="bbox 2308 5517 3810 5607">
    <p class='ocr_par' dir='ltr' id='par_1_117' title="bbox 2308 5517 3810 5607">
     <span class='ocr_line' id='line_1_117' title="bbox 2308 5517 3810 5607; baseline -0.009 -16"><span class='ocrx_word' id='word_1_789' title='bbox 2308 5536 2435 5607; x_wconf 88' lang='lat' dir='ltr'><strong>pulo</strong></span> <span class='ocrx_word' id='word_1_790' title='bbox 2463 5535 2708 5601; x_wconf 83' lang='lat' dir='ltr'><strong>contulit,</strong></span> <span class='ocrx_word' id='word_1_791' title='bbox 2749 5545 2805 5590; x_wconf 93' lang='lat' dir='ltr'><strong>ut</strong></span> <span class='ocrx_word' id='word_1_792' title='bbox 2855 5535 2897 5589; x_wconf 93' lang='lat' dir='ltr'><strong>si</strong></span> <span class='ocrx_word' id='word_1_793' title='bbox 2932 5535 3045 5606; x_wconf 91' lang='lat' dir='ltr'><strong>ipse</strong></span> <span class='ocrx_word' id='word_1_794' title='bbox 3085 5534 3352 5605; x_wconf 84' lang='lat' dir='ltr'><strong>ligaverit,</strong></span> <span class='ocrx_word' id='word_1_795' title='bbox 3383 5548 3489 5589; x_wconf 91' lang='lat' dir='ltr'><strong>non</strong></span> <span class='ocrx_word' id='word_1_796' title='bbox 3527 5530 3587 5584; x_wconf 88' lang='lat' dir='ltr'><strong>sit</strong></span> <span class='ocrx_word' id='word_1_797' title='bbox 3613 5523 3725 5578; x_wconf 82' lang='lat' dir='ltr'><strong>alter</strong></span> <span class='ocrx_word' id='word_1_798' title='bbox 3752 5517 3810 5578; x_wconf 71' lang='grc' dir='ltr'><strong>αυι</strong></span> 
     </span>
    </p>
   </div>
   <div class='ocr_carea' id='block_1_118' title="bbox 2310 5673 3243 5730">
    <p class='ocr_par' dir='ltr' id='par_1_118' title="bbox 2310 5673 3243 5730">
     <span class='ocr_line' id='line_1_118' title="bbox 2310 5673 3243 5730; baseline 0 0"><span class='ocrx_word' id='word_1_799' title='bbox 2310 5673 2472 5730; x_wconf 80' lang='lat' dir='ltr'><strong>etiam</strong></span> <span class='ocrx_word' id='word_1_800' title='bbox 2503 5673 2568 5729; x_wconf 90' lang='lat' dir='ltr'><strong>de</strong></span> <span class='ocrx_word' id='word_1_801' title='bbox 2590 5675 2968 5730; x_wconf 87' lang='lat' dir='ltr'><strong>Barcinonensi</strong></span> <span class='ocrx_word' id='word_1_802' title='bbox 2998 5674 3243 5730; x_wconf 81' lang='lat' dir='ltr'><strong>refertur.</strong></span> 
     </span>
    </p>
   </div>
   <div class='ocr_carea' id='block_1_119' title="bbox 2383 5726 3806 5816">
    <p class='ocr_par' dir='ltr' id='par_1_119' title="bbox 2383 5726 3806 5816">
     <span class='ocr_line' id='line_1_119' title="bbox 2383 5726 3806 5816; baseline -0.01 -16"><span class='ocrx_word' id='word_1_803' title='bbox 2383 5726 3291 5816; x_wconf 45' lang='lat' dir='ltr'><strong>si}.finrigans.&quot;penetrata,</strong></span> <span class='ocrx_word' id='word_1_804' title='bbox 3323 5756 3572 5798; x_wconf 83' lang='lat' dir='ltr'><strong>annorum</strong></span> <span class='ocrx_word' id='word_1_805' title='bbox 3597 5731 3684 5789; x_wconf 87' lang='lat'><strong>900</strong></span> <span class='ocrx_word' id='word_1_806' title='bbox 3710 5743 3721 5780; x_wconf 90' lang='lat'><strong>:</strong></span> <span class='ocrx_word' id='word_1_807' title='bbox 3744 5726 3806 5776; x_wconf 75' lang='grc' dir='ltr'><strong>νιη</strong></span> 
     </span>
    </p>
   </div>
   <div class='ocr_carea' id='block_1_120' title="bbox 2314 5815 3606 5873">
    <p class='ocr_par' dir='ltr' id='par_1_120' title="bbox 2314 5815 3606 5873">
     <span class='ocr_line' id='line_1_120' title="bbox 2314 5815 3606 5873; baseline -0.007 0"><span class='ocrx_word' id='word_1_808' title='bbox 2314 5817 2441 5873; x_wconf 79' lang='lat' dir='ltr'><strong>Kal.</strong></span> <span class='ocrx_word' id='word_1_809' title='bbox 2475 5815 2626 5871; x_wconf 80' lang='lat' dir='ltr'><strong>Febr.</strong></span> <span class='ocrx_word' id='word_1_810' title='bbox 2655 5817 2786 5871; x_wconf 78' lang='lat' dir='ltr'><strong>beati</strong></span> <span class='ocrx_word' id='word_1_811' title='bbox 2823 5816 2976 5871; x_wconf 80' lang='lat' dir='ltr'><strong>Pauli</strong></span> <span class='ocrx_word' id='word_1_812' title='bbox 2998 5818 3321 5871; x_wconf 78' lang='lat' dir='ltr'><strong>conversioin</strong></span> <span class='ocrx_word' id='word_1_813' title='bbox 3358 5817 3606 5868; x_wconf 78' lang='lat' dir='ltr'><strong>Damasco.</strong></span> 
     </span>
    </p>
   </div>
   <div class='ocr_carea' id='block_1_121' title="bbox 2390 5888 3554 5945">
    <p class='ocr_par' dir='ltr' id='par_1_121' title="bbox 2390 5888 3554 5945">
     <span class='ocr_line' id='line_1_121' title="bbox 2390 5888 3554 5945; baseline -0.003 -3"><span class='ocrx_word' id='word_1_814' title='bbox 2390 5900 2410 5927; x_wconf 75' lang='grc' dir='ltr'><em>ε</em></span> <span class='ocrx_word' id='word_1_815' title='bbox 2447 5890 2518 5943; x_wconf 82' lang='lat' dir='ltr'><strong>De</strong></span> <span class='ocrx_word' id='word_1_816' title='bbox 2547 5889 2646 5942; x_wconf 89' lang='lat' dir='ltr'><strong>hoc</strong></span> <span class='ocrx_word' id='word_1_817' title='bbox 2675 5891 2812 5945; x_wconf 72' lang='lat' dir='ltr'><strong>festo</strong></span> <span class='ocrx_word' id='word_1_818' title='bbox 2843 5888 2962 5944; x_wconf 83' lang='lat' dir='ltr'><strong>vide</strong></span> <span class='ocrx_word' id='word_1_819' title='bbox 2992 5889 3272 5944; x_wconf 80' lang='lat' dir='ltr'><strong>observata</strong></span> <span class='ocrx_word' id='word_1_820' title='bbox 3303 5893 3355 5943; x_wconf 91' lang='lat' dir='ltr'><strong>in</strong></span> <span class='ocrx_word' id='word_1_821' title='bbox 3383 5888 3477 5942; x_wconf 91' lang='lat' dir='ltr'><strong>lib.</strong></span> <span class='ocrx_word' id='word_1_822' title='bbox 3501 5901 3554 5940; x_wconf 84' lang='grc' dir='ltr'><strong>η.</strong></span> 
     </span>
    </p>
   </div>
  </div>
