4048 6350
211 368 322 422 257

1236 369 1324 424 DE
1365 365 1694 424 LITURGIA
1733 369 2122 428 GALLICANA
2161 370 2365 455 LlBngli
2404 370 2490 426 Ill.

3384 371 3492 428 958

227 479 476 550 solverit,
499 488 554 536 et
583 495 700 552 quae
729 481 783 537 in
825 491 971 539 terra
1001 482 1246 547 solverit,
1281 484 1404 539 item
1447 484 1583 540 caelo
1624 483 1794 540 soluta
1821 488 1877 548 Α
1903 484 2065 540 vitam
2117 493 2372 540 aeternam
2400 526 2415 552 ,
2464 500 2797 558 regnumque
2843 497 3160 560 perpetuum
3210 489 3490 547 conlatum

210 579 348 641 sint,
388 577 634 647 precibus
665 577 1030 647 imploremus,
1065 586 1126 632 ut
1157 578 1365 634 eductis
1385 578 1546 649 227
1571 593 1601 632 a
1633 587 1799 633 tarta-

212 687 280 726 ro
310 670 684 726 defune:orum
735 671 1028 742 spiritibus,
1062 687 1166 728 non
1211 673 1538 742 praevaleant
1578 672 1802 741 sepultis

207 765 442 819 infernae
483 773 652 834 porta:
686 780 780 834 per
812 763 1060 832 crimina,
1095 781 1228 836 quas
1256 781 1351 836 per
1373 763 1615 834 Apostoli
1643 765 1800 820 ﬁdem

205 858 357 912 vinci
381 855 561 912 credit
589 856 856 914 Ecclesia.
888 857 993 914 Per
1029 857 1314 913 Dominum
1343 867 1582 914 nostrum
1621 854 1802 912 Jesum

205 945 514 1004 Christum.

750 1042 982 1094 Collectio
1005 1043 1064 1094 ad
1090 1056 1275 1106 pacem.

291 1148 719 1206 Clementissime
758 1150 1033 1215 Conditor,
1074 1150 1167 1220 qui
1220 1158 1366 1205 tanta
1417 1153 1638 1205 caritate
1682 1164 1803 1204 suc-

208 1241 448 1296 cendisti
495 1241 837 1312 discipulum,
884 1250 944 1296 ut
990 1257 1050 1297 se
1091 1242 1159 1297 de
1207 1257 1339 1298 nave
1383 1243 1607 1313 jactato,
1655 1243 1720 1298 ad
1754 1253 1805 1297 te

202 1331 362 1387 celer
404 1330 684 1388 festinaret
734 1332 871 1403 pede
917 1333 1058 1387 nudo
1099 1348 1192 1403 per
1235 1333 1474 1404 pelagus,
1524 1343 1579 1388 et
1620 1333 1804 1388 videns

207 1424 358 1481 hanc
401 1424 763 1491 dilectionem,
813 1427 989 1482 claves
1038 1427 1084 1482 ei
1135 1428 1290 1482 dares
1337 1427 1592 1495 siderum,
1647 1441 1803 1482 voces

203 1516 420 1586 inspice
466 1520 898 1588 suggerentium;
946 1530 1004 1574 ut
1049 1520 1372 1588 quicumque
1420 1534 1484 1574 ex
1536 1527 1804 1589 pramepto

205 1607 509 1678 junguntur
539 1609 602 1662 ad
634 1609 898 1676 osculum,
945 1610 1112 1664 livore
1141 1609 1372 1679 pectoris
1409 1610 1646 1678 excluso,
1678 1610 1806 1665 illuc

211 1717 321 1770 per
353 1703 574 1770 gratiam
613 1703 898 1770 ducantur,
952 1718 1059 1772 quo
1097 1703 1221 1759 cmli
1252 1703 1442 1759 Petrus
1470 1711 1552 1760 est
1580 1704 1800 1776 janitor.

202 1795 420 1852 Praesta
441 1797 686 1853 Salvator
713 1795 1052 1862 mundi,'etc.

850 1887 1164 1939 Contestatio.

292 1973 516 2044 Dignum
547 1981 602 2027 et
625 1970 828 2041 justum
855 1981 975 2026 est:
1007 1973 1096 2041 qui
1127 1973 1274 2026 dives
1317 1971 1538 2028 inﬁnitae
1565 1971 1802 2028 clemen-

203 2067 300 2120 tiae
329 2065 548 2135 c0pioso
588 2079 806 2120 munere
853 2064 1108 2134 plasmam
1151 2073 1254 2119 tuae
1292 2075 1554 2120 creaturae
1593 2066 1646 2120 in
1684 2075 1801 2120 tan.-

206 2165 328 2211 tum
381 2155 616 2226 dignaris
663 2155 914 2225 erigere,
975 2165 1033 2209 ut
1080 2156 1362 2211 vernaculo
1417 2156 1529 2211 limi
1584 2158 1801 2226 patiaris

207 2246 432 2300 homine
455 2246 522 2300 de
547 2256 758 2302 terrena
782 2262 1038 2317 compage
1063 2249 1238 2303 claves
1266 2249 1383 2304 caeli
1413 2251 1800 2318 committeres,

207 2346 268 2392 ct
298 2338 364 2390 ad
392 2336 709 2405 judicandas
741 2337 909 2392 tribus
950 2338 1141 2393 solium
1173 2339 1402 2394 excelsae
1428 2339 1573 2394 sedis
1613 2340 1667 2394 in
1712 2355 1803 2394 su-

207 2426 384 2481 blime
422 2443 794 2496 componeres.
841 2430 1015 2484 Testis
1052 2440 1135 2485 est
1175 2431 1287 2487 dies
1331 2431 1614 2500 hodierna,
1661 2433 1803 2489 beati

210 2518 360 2574 Petri
408 2517 674 2575 Cathedra
728 2521 1070 2591 episcopatus
1112 2524 1390 2592 exposita,
1434 2522 1487 2577 in
1533 2539 1634 2594 qua
1679 2525 1802 2580 ﬁdei

212 2612 412 2668 merito
451 2612 796 2668 revelationis
844 2615 1156 2686 mysterium
1189 2624 1238 2683 ι,
1270 2616 1468 2671 Filium
1503 2615 1594 2672 Dei
1636 2618 1806 2672 confi-

215 2705 404 2771 tendo,
439 2705 690 2775 praelatus
732 2696 1002 2775 apostolos
1049 2707 1346 2764 ordinatur.
1401 2708 1458 2764 ln
1492 2709 1645 2779 cujus
1671 2725 1800 2765 con-

217 2796 462 2852 fessione
510 2808 592 2853 est
633 2797 1032 2854 fundamentum
1072 2801 1356 2869 Ecclesia,
1401 2818 1499 2858 nec
1547 2803 1804 2860 adversus

214 2890 361 2943 hanc
425 2889 634 2944 Petram
692 2902 858 2960 portae
921 2893 1076 2948 inferi
1145 2895 1474 2964 praevalent,
1543 2910 1641 2951 nec
1691 2911 1804 2951 ser-

215 2995 355 3050 pens
386 2982 660 3054 vestigium
690 2986 980 3053 expremit,
1007 3000 1104 3041 nec
1132 2986 1455 3056 triumphum
1489 3001 1633 3043 mors
1662 2987 1802 3042 obti-

215 3082 331 3127 net.
373 3073 508 3139 Quid
540 3091 666 3130 vero
701 3076 854 3131 beato
881 3077 1040 3132 Petro
1069 3077 1281 3133 diverso
1317 3078 1416 3134 sub
1447 3086 1687 3149 tempore
1716 3094 1804 3134 ac-

211 3163 380 3216 cessit
425 3163 593 3218 laudis
631 3173 686 3220 et
729 3165 932 3236 gloriae,
962 3183 1080 3235 qua:
1120 3184 1244 3235 vox,
1289 3185 1406 3238 quae
1447 3169 1646 3240 lingua,
1685 3171 1804 3241 quis

212 3255 496 3324 explicet?
540 3257 671 3311 llinc
701 3267 785 3312 est
813 3260 951 3328 quod
984 3275 1132 3315 mare
1177 3261 1461 3315 tremulum
1503 3261 1608 3316 ﬁxo
1635 3262 1805 3316 calcat
1828 3277 1877 3342 ο

216 3346 471 3420 vestigio,
508 3357 560 3401 et
590 3349 729 3404 inter
767 3349 934 3404 undas
965 3350 1192 3420 liquidas
1221 3353 1446 3421 pendula
1480 3353 1656 3424 planta
1688 3369 1805 3424 per-

214 3439 479 3495 ambulat.
523 3440 619 3496 Hic
660 3442 726 3496 ad
761 3452 968 3511 portam
999 3442 1303 3514 Speciosam
1339 3447 1596 3501 contracti
1640 3447 1807 3500 tendit

216 3531 463 3600 vestigia,
505 3543 558 3588 et
606 3541 778 3589 tactus
812 3535 952 3590 Petri
995 3537 1180 3605 digito,
1213 3538 1432 3592 claudus
1465 3553 1570 3593 non
1608 3539 1810 3610 indiget

219 3622 437 3678 baculo.
472 3624 606 3680 Hinc
634 3638 942 3682 carceratus
971 3629 1096 3683 dum
1121 3630 1391 3697 dormitat,
1417 3632 1660 3686 Christus
1686 3647 1806 3686 cum

220 3717 342 3788 ipso
371 3719 684 3790 pervigilat;
719 3731 773 3777 et
804 3733 1046 3779 retrusus
1073 3727 1362 3794 ergastulo,
1394 3725 1536 3780 foras
1567 3725 1810 3795 procedit

223 3824 321 3880 per
356 3812 625 3880 angelum.
675 3813 807 3869 Hinc
867 3817 1214 3887 paralyticum
1249 3818 1422 3872 et'exit
1457 3818 1808 3874 decubantem

226 3903 281 3957 in
312 3903 538 3971 lectulo,
571 3920 634 3960 ac
665 3907 938 3964 debilitate
968 3910 1134 3965 verbo
1161 3911 1307 3968 dedit
1343 3915 1641 3983 vestigium.
1677 3915 1810 3971 llinc

222 3996 505 4051 Tabitham
546 4000 829 4055 mulierem
881 4007 1147 4059 revocavit
1181 4006 1247 4061 de
1288 4007 1503 4074 funere,
1537 4017 1591 4062 et
1618 4007 1810 4063 virtute

225 4089 516 4158 imperanti
557 4094 798 4162 praedare
846 4111 952 4150 non
1004 4097 1170 4153 licuit.
1215 4099 1347 4155 Hinc
1375 4110 1519 4156 tanta
1544 4100 1663 4156 ﬁdei
1710 4101 1808 4156 do-

229 4192 340 4238 tem
369 4181 396 4221 δ
442 4183 582 4240 inter
631 4188 899 4257 apostolos
946 4190 1129 4259 petiit,
1179 4199 1238 4244 ut
1280 4203 1491 4247 curaret
1537 4193 1810 4248 universos

225 4273 518 4344 languores
543 4275 667 4331 dum
703 4279 960 4346 praeterit,
989 4288 1044 4334 et
1074 4281 1329 4335 cadavera
1363 4282 1600 4337 viverent
1623 4283 1810 4338 umbra

223 4365 453 4422 salubris
491 4383 610 4438 qua:
656 4370 849 4441 tetigit,
897 4385 990 4440 per
1027 4371 1299 4428 Christum
1369 4373 1652 4430 Dominum
1716 4390 1813 4432 no-

227 4469 422 4516 strum.
452 4461 552 4518 Cui
581 4476 717 4518 mer.

839 4557 954 4608 Post
970 4560 1194 4611 Sanctus.

301 4663 553 4735 Suscipe,
595 4663 850 4732 Domine,
899 4655 1037 4722 inter
1076 4666 1328 4737 angelica:
1365 4667 1510 4722 vocis
1547 4665 1803 4734 ofﬁcium,
1834 4661 1885 4722 Ι)

229 4767 431 4813 nostra:
451 4772 663 4829 quoque
692 4759 962 4814 servitutis
988 4760 1324 4830 obsequium.
1354 4761 1455 4816 Per
1476 4760 1769 4817 Christum.

800 4871 917 4922 Post
946 4873 1246 4935 mysterium.

302 4974 429 5032 Haec
470 4975 628 5046 igitur
668 4984 936 5045 praecepta
971 4983 1274 5041 servantes,
1316 4985 1659 5032 sacrosancta
1701 4991 1813 5031 mu-

231 5086 363 5127 nera
435 5079 631 5126 nostra:
704 5069 892 5125 salutis
966 5069 1282 5135 offerimus,
1347 5069 1690 5125 obsecrantes
1756 5077 1814 5124 ut

229 5163 396 5235 228
438 5162 728 5217 immittere
775 5160 1017 5231 digneris
1063 5161 1317 5231 Spiritum
1371 5171 1518 5216 tuum
1568 5171 1810 5217 sanctum

229 5269 392 5324 super
422 5254 537 5310 haec
575 5254 878 5321 sollemnia,
917 5263 975 5309 ut
1015 5254 1108 5309 ﬁat
1150 5254 1304 5311 nobis
1343 5255 1574 5325 legitima
1605 5256 1811 5312 Eucha-

157 5397 169 5414 ,
233 5345 384 5402 ristia
416 5347 470 5402 in
503 5355 594 5402 tuo
625 5346 856 5420 Filiique
887 5347 962 5403 tui
991 5348 1233 5415 nomine,
1273 5357 1328 5404 et
1356 5349 1588 5420 Spiritus
1615 5352 1808 5420 sancti,

233 5438 288 5492 in
344 5436 814 5494 transformatione
885 5439 1125 5508 corporis
1173 5453 1236 5494 ac
1281 5442 1552 5512 sanguinis
1602 5441 1812 5498 Domini

229 5525 401 5581 nostri
448 5525 580 5583 Jesu
620 5527 824 5584 Christi
850 5527 1123 5599 Unigeniti
1166 5529 1265 5597 tui,
1314 5530 1596 5586 edentibus
1658 5532 1812 5589 nobis

304 5697 328 5760 ἐ
359 5687 578 5743 Videtur
625 5688 943 5760 legendum,
995 5690 1312 5744 reuelationis
1351 5690 1590 5759 mysterio
1622 5687 1818 5748 Filium

235 5757 330 5813 Dei
360 5757 945 5832 conﬁtcndofprwlalus
971 5763 1239 5832 apostolis,
1267 5762 1350 5819 vel
1377 5757 1636 5832 apostolus
1677 5766 1817 5818 ordi-

231 5844 401 5883 natur.

310 5901 336 5939 ιθ
367 5901 506 5972 Lege
539 5902 651 5959 dote
682 5903 811 5959 inter
840 5905 1093 5975 apostolos
1120 5905 1303 5976 pra'iit.

1904 579 2176 636 bibituris.
2211 581 2315 637 Per
2347 582 2516 650 ipsum
2546 582 2851 640 Dominum.

2307 673 2438 724 Ante
2465 675 2736 726 orationem
2761 675 3078 729 Dominicam.

1976 760 2168 816 Divino
2211 761 2522 831 magisterio
2566 764 2776 832 edocti,
2825 775 2880 822 et
2925 766 3105 822 divina
3152 766 3488 824 institutione

1902 851 2140 922 formati,
2166 852 2423 908 audemus
2456 853 2637 910 dicere
2661 871 2674 909 :
2706 855 2865 912 Pater
2892 867 3095 912 noster.

2320 930 2439 1000 Post
2475 951 2747 1000 orationem
2769 951 3088 1004 Dominicam.

1975 1031 2165 1088 Libera
2190 1047 2310 1098 nos,
2341 1042 2538 1090 aeterna
2565 1034 2742 1092 Pietas
2772 1047 2827 1092 et
2851 1051 2976 1093 vera
3001 1035 3276 1105 Libertas;
3317 1052 3492 1106 neque

1903 1123 2048 1180 sinas
2097 1125 2164 1179 ab
2217 1126 2438 1182 inimico
2478 1126 2618 1197 capi,
2658 1129 2747 1199 qui
2796 1144 2827 1184 a
2870 1141 2923 1186 te
2956 1130 3177 1201 cupiunt
3207 1130 3490 1201 possideri,

1904 1217 2276 1288 Omnipotens.
2310 1219 2411 1287 Qui
2441 1219 2596 1276 vivis.

2549 1311 2852 1364 Benedictio.

1975 1391 2148 1462 Supra
2183 1391 2442 1448 caelorum
2470 1393 2680 1462 agmina
2713 1395 2925 1463 sedens,
2951 1403 3123 1451 totum
3153 1396 3337 1452 orbem
3369 1404 3492 1453 ter-

1904 1497 2086 1537 rarum
2117 1483 2316 1553 pugillo
2360 1483 2708 1552 concludens,
2755 1487 2930 1542 votiva
2962 1489 3077 1543 hac
3109 1488 3349 1544 hodierni
3381 1488 3492 1545 diei

1903 1574 2181 1630 sollemnia
2210 1576 2576 1631 celebraturos
2607 1578 2847 1646 peraudi.
2881 1581 3074 1635 Amen.
3100 1579 3165 1634 Ut
3193 1580 3284 1650 qui
3315 1580 3486 1634 sancti

1905 1665 2114 1734 patroni
2159 1666 2326 1719 nostri
2371 1665 2512 1721 Petri
2547 1668 2726 1736 tuique
2775 1669 3001 1736 apostoli
3055 1670 3188 1724 festa
3235 1670 3482 1736 colimus,

1906 1769 2003 1824 per
2042 1754 2162 1825 ejus
2203 1755 2642 1813 intercessionem
2699 1757 2794 1812 tibi
2839 1758 3162 1827 placeamus.
3191 1761 3382 1816 Amen.
3413 1761 3487 1816 Da

1831 1847 2275 1948 Bsacerdotum,
2329 1866 2513 1921 regum
2567 1861 2989 1925 cunctarumque
3039 1856 3351 1926 populorum
3401 1857 3490 1912 illa

1905 1952 2118 2008 semper
2146 1939 2200 1994 in
2232 1951 2434 2008 mente,
2463 1951 2518 1996 ut
2545 1944 2634 2012 qui
2668 1952 2718 1998 te
2745 1945 2911 1999 Deum
2933 1961 3116 2002 verum
3147 1949 3490 2016 conﬁtentes,

1904 2029 2092 2086 laudes
2119 2030 2382 2100 dicentes,
2411 2033 2572 2086 inlata
2601 2043 2623 2072 ο
2655 2045 2962 2092 nostrorum
3007 2038 3230 2093 crimina
3278 2040 3490 2094 salvan-

1905 2129 2009 2176 tur.
2044 2123 2234 2178 Amen.
2275 2123 2342 2177 Et
2377 2123 2830 2194 quemadmodum
2872 2141 2971 2181 nos
3018 2127 3193 2183 fecisti
3225 2130 3292 2185 de
3331 2145 3490 2185 Sacro

1905 2210 2050 2268 fonte
2080 2214 2371 2283 procedere
2401 2230 2584 2284 puros,
2617 2219 2688 2271 ita
2727 2231 2826 2272 nos
2852 2217 3042 2287 jubeas
3081 2218 3135 2273 in
3165 2231 3364 2276 mterna
3399 2238 3486 2278 re-

1904 2304 2088 2373 pacula
2139 2320 2259 2360 cum
2301 2315 2607 2362 sanctorum
2661 2307 2887 2364 cmtibus
2928 2310 3123 2364 sociari
3175 2323 3462 2382 perpetuos

1906 2395 2058 2465 Quod
2093 2397 2206 2466 ipse
2238 2405 2491 2468 praestare
2521 2399 2778 2470 digneris,
2807 2401 3041 2472 quicum
3065 2401 3241 2458 Patre.

2013 2511 2154 2566 XXI.
2194 2526 2333 2568 onno
2371 2526 2534 2568 ιιεεε
2571 2527 2622 2568 IN
2661 2529 2862 2569 tamen
2899 2531 3335 2580 QUADBAGINSIIJE
3357 2515 3408 2573 ἀ.

1975 2628 2346 2694 Omnipotens,
2379 2630 2701 2699 sempiterne
2727 2630 2887 2700 Deus,
2925 2642 3118 2700 praesta
3164 2641 3219 2686 ut
3251 2631 3492 2699 Quadra-

1906 2721 2185 2791 ginsimale
2225 2722 2326 2777 hoc
2366 2720 2626 2792 jejunium
2674 2722 2934 2780 sollemne
2974 2734 3029 2781 et
3067 2726 3493 2797 competentibus

1906 2813 2222 2869 inchoernus
2269 2812 2562 2884 obsequiis,
2592 2826 2646 2870 et
2675 2817 2767 2870 tibi
2801 2817 3009 2886 placitis
3039 2819 3316 2875 effectibus
3345 2823 3488 2876 cele-

1905 2905 2164 2975 bremus,
2218 2907 2435 2962 humani
2487 2909 2698 2979 generis
2744 2909 3001 2966 Conditor
3048 2921 3102 2967 et
3145 2912 3489 2982 Redemptor,

1905 2998 2103 3070 largire
2141 2999 2424 3071 propitius,
2459 3011 2513 3055 ut
2554 3002 2942 3058 continentiam
2984 3012 3180 3060 nostra:
3234 3013 3496 3060 restaura-

1907 3093 2070 3151 tionis
2109 3098 2161 3151 in
2205 3097 2310 3150 tuis
2349 3096 2656 3166 deputatam
2692 3097 2898 3154 sincera
2939 3099 3348 3156 conversatione
3379 3108 3492 3154 tra-

1907 3197 2136 3244 clemus.
2174 3187 2329 3255 Quod
2357 3188 2471 3258 ipse
2501 3198 2780 3258 praestare.

2433 3279 2664 3330 Collectio
2699 3285 2942 3344 sequitur.

1982 3362 2126 3419 Deus
2155 3363 2516 3429 abstinentiae,
2549 3364 2688 3420 Deus
2733 3367 3084 3433 castimoniae,
3129 3368 3221 3436 qui
3267 3368 3495 3425 libenter

1904 3456 2262 3527 jejunantium
2293 3457 2594 3513 humilitate
2639 3457 2889 3528 placaris,
2923 3468 2976 3513 et
3007 3459 3399 3516 humiliantium
3431 3477 3493 3518 se

1910 3550 2158 3621 precibus
2185 3550 2448 3622 benignus
2492 3550 2800 3621 inflecteris,
2834 3553 3026 3607 exaudi
3065 3569 3250 3623 preces
3280 3565 3493 3612 nostras

1911 3645 1961 3698 in
1990 3645 2088 3698 hac
2110 3643 2370 3698 hodierna
2397 3644 2505 3710 die,
2530 3659 2632 3714 quo
2653 3645 3149 3714 Quadraginsimale
3180 3649 3494 3705 inchoamus

1904 3734 2188 3806 jejunium,
2222 3746 2276 3790 et
2305 3735 2641 3792 diversarum
2671 3738 3042 3805 tentationum,
3075 3741 3269 3810 quibus
3299 3756 3492 3812 grata.

1911 3844 2051 3893 mur,
2087 3837 2400 3898 tempestate
2429 3829 2691 3896 discussa,
2726 3832 3110 3886 continentiam
3156 3833 3308 3888 nobis
3356 3849 3384 3886 a
3417 3836 3494 3887 vi-

1911 3918 2001 3975 tiis
2043 3930 2131 3974 tua
2157 3921 2484 3991 benignitate
2528 3921 2770 3989 infunde,
2798 3923 3045 3979 Salvator
3074 3925 3277 3981 mundi.

2405 4012 2641 4066 Collectio
2662 4024 2767 4077 post
2785 4020 2999 4067 nomina.

1983 4097 2333 4154 Oll‘erentium
2377 4099 2680 4154 nominibus
2725 4101 3032 4167 recensitis,
3064 4103 3151 4169 qui
3184 4101 3375 4157 devota
3421 4103 3498 4158 al-

1913 4192 2119 4248 taribus
2164 4208 2385 4248 munera
2434 4193 2698 4249 humiliati
2728 4195 2934 4265 jejunio
2982 4196 3175 4252 mentis
3228 4197 3390 4269 229
3437 4207 3492 4254 et

1911 4283 2154 4353 corporis
2199 4300 2228 4338 a
2275 4285 2496 4341 llomino
2521 4286 2896 4356 deprecantur,
2953 4303 3050 4358 pro
3075 4281 3265 4346 merito
3289 4289 3498 4346 devotae

1912 4376 2347 4433 sanctiﬁcationis
2374 4377 2669 4433 obtineant.
2701 4378 2823 4434 Per.

2445 4488 2676 4541 Collectio
2701 4490 2761 4540 ad
2786 4504 2975 4556 pacem.

1988 4594 2127 4651 Deus
2151 4595 2512 4666 continentiae,
2540 4597 2680 4653 Deus
2708 4600 2944 4655 caritatis
2975 4609 3029 4656 et
3060 4602 3226 4671 pacis,
3255 4603 3344 4674 qui
3377 4620 3501 4676 pre-

1912 4690 2062 4745 cibus
2109 4691 2504 4746 humiliautium
2553 4707 2611 4747 se
2651 4693 2962 4760 inflecteris,
3002 4697 3258 4754 miserere
3308 4703 3499 4768 nostri,

1915 4783 2105 4839 exaudi
2137 4799 2253 4849 nos,
2285 4794 2339 4838 et
2373 4785 2704 4839 diversarum
2748 4787 3015 4842 turbinum
3059 4798 3374 4859 tempestate
3414 4809 3501 4848 re-

1915 4888 2078 4944 mota,
2109 4893 2294 4948 pacem
2327 4878 2480 4933 nobis
2507 4887 2608 4932 tua:
2638 4880 2943 4935 serenitatis
2973 4882 3247 4954 impertias
3274 4901 3288 4938 :
3333 4901 3494 4956 quain

1914 4974 1957 5026 si
1988 4981 2325 5041 peccatorum
2357 4978 2660 5027 nostrorum
2709 4973 2984 5030 nimietate
3017 4977 3368 5046 perdidimus,
3403 4993 3497 5046 per

1916 5062 2296 5132 indulgentiam
2341 5072 2443 5118 ture
2497 5065 2882 5122 misericordia:
2927 5082 3347 5140 consequamur.
3398 5069 3500 5126 Per

1921 5153 2205 5208 Dominum
2240 5165 2481 5210 nostrum
2509 5154 2712 5212 Jesum.

2472 5271 2740 5326 Immolatio
2767 5276 2945 5328 missae.

1993 5376 2131 5434 Vere
2173 5375 2391 5449 dignum
2438 5387 2492 5435 et
2533 5379 2738 5449 justum
2770 5390 2882 5449 est;
2914 5397 3125 5452 aequum
3165 5391 3221 5440 et
3263 5384 3501 5442 salutare

1919 5481 2024 5537 est,
2071 5487 2167 5526 nos
2212 5471 2307 5527 tibi
2349 5473 2548 5542 gratias
2597 5489 2779 5544 agere,
2813 5475 3041 5530 Domine
3095 5486 3307 5545 sancte,
3343 5479 3499 5536 Pater

1919 5565 2278 5635 omnipotens,
2319 5575 2520 5622 aeterne
2563 5566 2724 5632 Deus,
2775 5581 2869 5637 per
2904 5567 3177 5626 Christum
3217 5571 3498 5628 Dominum

2000 5714 2022 5742 ε
2057 5702 2158 5759 Pro
2181 5703 2473 5758 inlatis.....
2498 5700 2811 5757 criminibus.

1927 5844 1958 5901 Ι.
1996 5772 2022 5811 ἀ
2056 5774 2130 5829 Ita
2156 5774 2462 5833 scribebant
2489 5776 2560 5833 illi
2588 5782 2820 5841 veteres,
2850 5777 2920 5832 ita
2950 5776 3002 5834 in
3029 5779 3360 5839 Lectionario
3385 5778 3502 5835 Gal-

1949 5860 2119 5901 tcano.

1949 5860 2119 5902 10311οο

2056 6057 2096 6066 .›-
2145 6056 2152 6063 ο
