4048 6350
612 242 719 305 259

1309 244 1657 307 specuum
1702 249 1791 308 an
1830 250 2059 309 OPERA
2101 246 2350 310 SANCTI
2389 251 2698 311 GERMANI
2743 252 3179 317 ramsmusns.
3778 260 3845 332 se

612 365 873 415 nostrum.
904 358 1003 427 Qui
1033 368 1114 414 est
1144 358 1308 415 Filius
1354 371 1475 417 tuus
1515 364 1837 433 unigenitns,
1875 380 2098 421 manens
2130 365 2183 421 in
2222 372 2270 430 Α
2300 368 2478 423 ctione
2518 370 2711 435 levari,
2756 371 2843 439 qui
2874 387 2995 426 cum
3030 372 3145 427 haec
3173 371 3311 427 dona
3353 372 3680 439 contuleris,
3712 389 3849 431 cuncta

609 452 777 525 gloria
803 460 911 515 tua,
944 452 996 507 in
1022 468 1131 523 quo
1156 452 1509 521 jejunantium
1538 455 1671 511 ﬁdes
1698 455 1875 521 alitur,
1908 469 2031 524 spes
2062 471 2187 525 pro-

608 545 839 613 vehitur,
864 546 1059 599 caritas
1089 545 1391 603 roboratur.
1426 546 1545 616 Ipse
1572 555 1655 603 est
1675 547 1818 604 enim
1843 547 2005 602 Panis
2037 550 2194 603 vivus

606 645 661 690 et
698 652 878 702 verus,
907 636 997 706 qui
1025 637 1094 693 de
1130 636 1263 692 caelo
1296 637 1592 704 descendit,
1642 648 1695 693 et
1734 638 1944 693 habitat
1979 653 2195 708 semper

608 728 660 783 in
702 728 875 794 cwlo;
922 730 1010 799 qui
1056 737 1138 789 est
1188 729 1486 791 substantia
1554 731 1903 794 aeternitatis,
1950 744 2005 786 et
2063 748 2190 785 esca

609 820 835 875 virtutis.
884 819 1116 881 Verbum
1154 819 1296 877 enim
1343 831 1515 887 tuum,
1564 836 1658 889 per
1698 821 1840 889 quod
1891 820 2028 877 facta
2068 827 2196 876 sunt

608 910 807 975 omnia,
853 926 958 965 non
1004 911 1177 969 solum
1218 909 1572 971 humanarum
1602 909 1887 974 mentium,
1919 910 2013 964 sed
2058 911 2192 979 ipso-

607 1018 723 1061 rum
761 1018 973 1073 quoque
1015 1004 1165 1073 panis
1202 1012 1284 1059 est
1325 1002 1660 1072 angelorum.
1698 1001 1866 1071 Hujus
1898 1002 2059 1057 Panis
2098 1002 2195 1057 ali-

608 1104 788 1151 mento
816 1093 1007 1155 Moises
1051 1104 1171 1153 tuus
1216 1094 1444 1155 famulus
1484 1094 1845 1164 quadragenta
1894 1093 2084 1147 diebus
2126 1103 2184 1148 et

608 1188 855 1242 noctibus
888 1187 1058 1259 legem
1086 1188 1401 1256 suscipiens,
1431 1187 1717 1258 jejnnavit,
1748 1196 1804 1247 et
1833 1202 1863 1241 a
1889 1187 2197 1242 carnalibus

608 1279 761 1342 cibis,
792 1291 849 1333 ut
880 1287 981 1332 tua:
1016 1279 1294 1335 suavitatis
1331 1280 1581 1349 capacior
1622 1287 1787 1343 esset,
1817 1279 2093 1341 abstinuit,
2125 1278 2194 1333 de

608 1374 765 1428 verbo
804 1381 898 1427 tuo
939 1373 1150 1427 vivens.
1182 1371 1349 1441 Cujus
1387 1381 1442 1425 et
1485 1360 1824 1426 dulcedinem
1878 1371 2089 1425 v-idebat
2135 1370 2193 1425 in

607 1466 811 1535 spiritu,
858 1474 911 1520 et
956 1466 1126 1521 lucem
1176 1464 1471 1535 accipiebat
1518 1467 1567 1518 in
1602 1465 1769 1519 vultu.
1810 1463 1960 1519 Unde
1986 1479 2085 1519 nec
2117 1463 2193 1517 fa-

606 1574 743 1614 mem
770 1558 1010 1624 corporis
1038 1558 1227 1621 sensit,
1256 1567 1309 1612 et
1339 1564 1670 1612 terrenarum
1699 1566 1782 1612 est
1807 1557 2007 1611 oblitus
2035 1570 2191 1610 esca-

610 1664 757 1715 rum,
787 1648 911 1719 quia
950 1648 1096 1703 illum
1130 1658 1184 1703 et
1212 1648 1394 1716 gloria:
1436 1659 1537 1703 tum
1566 1646 1888 1701 clariﬁcabat
1917 1656 2187 1714 aspectus,

2302 462 2456 517 nobis
2485 462 2632 517 utilia
2664 477 2767 518 non
2797 463 3036 535 negabis.
3080 463 3182 521 Per
3213 465 3514 521 Dominum
3556 476 3769 521 nostrum
3792 468 3847 525 le-

2297 567 2414 607 sum
2442 553 2738 609 Christum.

2783 644 3148 697 Cnosommatio
3172 647 3330 696 mium
3355 644 3413 695 δ.

2373 725 2640 781 Virtutum
2690 729 2985 789 cmlestium
3037 730 3218 797 Deus,
3271 732 3360 799 qui
3428 730 3589 798 plura
3643 742 3845 799 pastas,

2295 834 2451 887 quam
2494 820 2725 889 petimus
2768 832 2859 875 aut
2899 837 3190 890 meremur,
3234 822 3440 889 tribue,
3492 838 3847 891 Qticsunmsu

2299 920 2387 965 tua
2419 912 2571 967 nobis
2604 912 2965 969 misericordia
3015 914 3347 981 conferatur,
3396 916 3551 986 quod
3605 927 3846 974 nostrorum

2297 1018 2402 1057 non
2433 1004 2590 1060 habet
2621 1005 2812 1062 ﬁducia
2842 1009 3178 1064 meritorum.
3210 1007 3316 1065 Per
3336 1007 3642 1065 Dominum
3669 1021 3847 1069 nostrum

2294 1093 2475 1151 Jesutn
2506 1096 2800 1157 Christum.

2483 1188 2770 1243 Benedictio
2793 1191 2955 1254 populi
2980 1196 3030 1244 lu
3058 1194 3249 1247 initium
3270 1192 3719 1257 (Iudaei-sima.

2369 1271 2445 1325 Ad
2467 1273 2767 1333 custodiam
2797 1276 2977 1344 gregis
3004 1276 3102 1341 tui,
3126 1275 3437 1337 animarum
3459 1275 3669 1341 Pastor,
3681 1276 3757 1345 qui
3771 1278 3849 1333 dor-

2274 1364 2431 1427 ‘mire
2459 1369 2655 1436 nescis,
2689 1366 2929 1437 invigila.
2974 1370 3171 1426 Amen.
3196 1369 3265 1427 Et
3285 1386 3353 1425 ne
3387 1370 3674 1429 noeturnis
3698 1370 3849 1426 terrori-

2302 1458 2395 1512 bus
2428 1457 2707 1529 fatigetur,
2732 1458 2985 1519 invisibili
3010 1476 3131 1516 eum
3154 1462 3368 1519 adtactu
3392 1461 3846 1523 sanctiﬁcatum.

2296 1549 2561 1622 Fragilem
2592 1549 2789 1621 solida,
2821 1555 3113 1611 contritum
3139 1554 3317 1621 eleva,
3346 1554 3849 1627 invalidumquecon—

2298 1644 2485 1712 ﬁrma,
2546 1648 2741 1715 pietate
2797 1647 3005 1715 alleva,
3061 1650 3289 1711 caritate
3364 1651 3617 1717 aediﬁca,
3665 1652 3848 1711 castius

606 1752 681 1804 et,
723 1742 981 1797 inﬂuente
1014 1743 1241 1813 Spiritu,
1284 1742 1378 1797 Dei
1408 1757 1589 1799 sermo
1621 1741 1897 1811 pascebat.
1936 1741 2088 1797 Hunc
2109 1741 2201 1797 Pa-
2228 1750 2275 1811 Β
2306 1739 2526 1805 munda,
2583 1740 2843 1810 sapientia
2897 1742 3177 1807 inlumina,
3223 1745 3588 1802 miseratione
3630 1760 3847 1800 conserva.

606 1847 752 1893 nem,
793 1831 1049 1897 Domine,
1095 1832 1251 1886 nobis
1298 1846 1393 1901 per
1436 1832 1536 1887 hos
1574 1831 1918 1901 quadraginta
1960 1832 2075 1886 dies
2118 1832 2196 1903 (in

607 1925 800 1994 quibus
846 1924 1041 1991 hodie,
1087 1923 1602 1992 Quadraginsimalis
1646 1924 2060 1978 macerationem
2101 1924 2197 1978 ab-

607 2015 879 2071 stinentim
911 2016 1245 2081 inchoantes,
1292 2014 1648 2086 ingredimur)
1683 2016 1989 2071 ministrare
2012 2014 2199 2087 digne-

610 2110 705 2178 ris,
750 2124 907 2181 quem
947 2120 1003 2164 ut
1043 2111 1287 2165 sitiamus
1328 2109 1692 2164 indesinenter
1741 2110 1991 2164 hortaris.
2033 2107 2197 2178 Cujus

608 2218 771 2259 carne
798 2218 826 2257 a
854 2212 906 2257 te
939 2206 1056 2271 ipso
1072 2203 1398 2259 sanctiﬁcata
1434 2203 1560 2258 dum
1581 2203 2200 2271 pascimur,roboramur

603 2305 658 2351 et
677 2295 1087 2364 sanguine,dum
1123 2296 1313 2349 hausto
1341 2295 1591 2349 sitienter
1612 2303 1882 2365 potamur,
1905 2295 2194 2364 abluimur,

603 2406 696 2460 per
717 2390 989 2446 Christum
1025 2389 1308 2443 Dominum
1341 2399 1607 2443 nostrum.
1641 2389 1743 2445 Per
1764 2405 1944 2459 quem.

1218 2479 1333 2531 Post
1354 2482 1581 2535 Sanctus.

682 2563 1003 2621 Benedictus
1056 2562 1145 2633 qui
1203 2563 1350 2618 venit
1406 2564 1458 2617 in
1514 2562 1728 2618 nomine
1770 2562 2002 2635 Domini,
2059 2563 2195 2619 Deus

602 2656 951 2711 scientiarum
1011 2654 1306 2731 Dominus,
1365 2656 1455 2727 qui
1514 2667 1729 2725 prmstat
1788 2656 2193 2714 adinventiones

605 2762 752 2813 suas,
782 2755 835 2802 et
862 2746 1103 2818 disponit
1134 2747 1313 2801 omnia
1345 2747 1616 2813 suaviter;
1646 2747 1733 2819 qni
1765 2748 2006 2813 ascendit
2034 2762 2195 2823 super

604 2854 880 2907 occasum,
913 2840 1168 2894 Dominus
1218 2854 1413 2894 nomen
1463 2849 1545 2894 est
1593 2839 1690 2894 illi.
1721 2838 1817 2894 llic
1843 2838 2001 2894 Panis
2044 2839 2195 2899 vivus

600 2940 655 2987 et
688 2947 866 2997 verus,
891 2931 980 3000 qui
1018 2930 1086 2986 de
1125 2932 1258 2986 casio
1286 2930 1588 2995 descendit,
1626 2941 1683 2985 ut
1715 2931 1866 2986 daret
1895 2947 2047 2987 escas
2073 2946 2193 2988 esu-

598 3026 885 3092 rientium,
928 3024 1090 3077 immo
1122 3033 1176 3077 et
1213 3023 1327 3097 ipse
1366 3031 1512 3103 esset
1559 3037 1679 3076 esca
1721 3024 2007 3095 viventium
2042 3042 2052 3073 :
2102 3023 2195 3077 ﬁat

2303 1833 2495 1885 Amen.
2538 1829 2786 1887 Proﬁciat
2832 1834 2953 1889 ﬁdei
3004 1834 3244 1905 vigilanti
3286 1840 3497 1893 amoris
3548 1839 3620 1893 tui
3664 1854 3845 1909 perseve-

2302 1925 2496 1987 rantia,
2539 1939 2747 1981 morum
2789 1930 3161 1997 temperantia,
3193 1932 3592 1989 misericordia
3622 1934 3845 2002 providen-

2302 2014 2395 2081 tia,
2425 2024 2642 2069 actuum
2672 2015 2973 2085 disciplina.
3010 2022 3203 2074 ltmen.
3235 2019 3307 2078 Ut
3332 2036 3690 2092 perconcessa
3731 2025 3843 2077 misc-

2301 2106 2521 2165 rationis
2549 2107 2902 2179 indulgentia,
2933 2128 3038 2167 non
3066 2113 3289 2185 abjicias
3316 2130 3451 2172 eum
3484 2133 3516 2171 a
3543 2118 3843 2186 promissionis

2301 2210 2404 2257 tua:
2450 2202 2871 2274 magniﬁcentia,
2909 2209 3000 2261 sed
3041 2207 3300 2277 perducas
3344 2212 3413 2264 ad
3460 2211 3692 2273 veniam,
3733 2224 3839 2277 quea

2300 2293 2387 2353 hic
2413 2293 2507 2350 tibi
2537 2294 2804 2365 adaptasti
2838 2313 2932 2366 per
2954 2301 3203 2368 gratiam.
3235 2304 3435 2357 Amen.
3474 2303 3579 2359 Per
3599 2303 3838 2358 Dominum.

2708 2388 2875 2445 XXII.
2919 2405 3043 2446 ιτιιι
3084 2408 3230 2448 ιιιεει
3271 2410 3498 2450 ιιιυιπιι.

2369 2483 2525 2556 23],
2558 2483 2912 2553 Omnipotens
2954 2488 3284 2553 sempiterne
3313 2488 3491 2557 Deus,
3530 2489 3621 2561 qui
3656 2486 3777 2543 nobis
3805 2486 3837 2541 il

2296 2577 2678 2634 observatione
2710 2578 2907 2649 jejunii
2949 2590 3001 2635 et
3041 2582 3513 2653 elcemosynarum
3557 2583 3741 2639 semine
3777 2592 3834 2645 po-

2296 2669 2448 2724 suisti
2477 2682 2783 2725 nostrorum
2821 2672 3054 2727 remedia
3081 2682 3452 2744 peccatorum,
3475 2673 3717 2737 concede,
3740 2685 3835 2741 qus-

2295 2773 2513 2829 sumus,
2558 2776 2656 2816 nos
2699 2778 2861 2831 Opere
2907 2765 3101 2818 mentis
3127 2774 3181 2819 et
3228 2767 3480 2833 corporis
3534 2779 3730 2835 semper
3765 2757 3829 2815 tibi

2296 2866 2417 2909 esse
2441 2853 2683 2911 devotos.
2710 2853 2863 2920 Quod
2898 2855 3013 2925 ipse
3044 2864 3318 2925 praestare.

2832 2944 3067 2996 Collectio
3100 2950 3344 3011 sequitur.

2368 3026 2508 3083 Deus
2533 3026 2782 3083 humana:
2808 3028 2997 3084 salutis
3021 3023 3297 3099 operator,
3329 3030 3403 3085 da
3438 3030 3595 3085 nobis
3634 3037 3829 3083 exercere

597 3118 750 3171 nobis
790 3117 840 3170 in
874 3110 1049 3186 pane,
1099 3131 1207 3185 quo
1249 3116 1408 3169 corda
1453 3117 1751 3181 ﬁrmantur,
1797 3124 1855 3170 ut
1898 3115 1947 3191 in
1993 3116 2186 3171 virtute
2218 3136 2266 3202 α
2294 3116 2495 3188 jejunis
2524 3107 2902 3188 congruenter,
2943 3120 3138 3189 quibus
3181 3132 3377 3178 nostra
3410 3118 3830 3176 substantiam

598 3210 757 3268 Panis
800 3210 954 3281 hujus
986 3225 1081 3281 per
1119 3211 1215 3265 hos
1244 3210 1589 3283 quadraginta
1619 3208 1767 3287 dies,
1807 3206 1920 3262 sine
1962 3207 2189 3277 impedi-

601 3312 783 3377 mento
812 3306 989 3379 carnis
1017 3314 1069 3360 et
1099 3301 1395 3375 sanguinis,
1419 3301 1667 3375 jejunare
1695 3301 1984 3366 valeamus,
2017 3303 2190 3371 ipsum

596 3411 787 3468 panem
823 3397 1106 3466 habentes,
1158 3398 1245 3469 qui
1301 3410 1562 3473 pauperes
1608 3396 1778 3465 pascit
1804 3394 2028 3471 panibus
2057 3410 2071 3448 ς
2101 3392 2194 3464 qui

598 3490 764 3562 Moysi
814 3497 870 3545 et
904 3489 1071 3567 Heliae
1124 3503 1217 3557 per
1256 3486 1603 3571 quadraginta
1671 3485 1790 3542 dies
1826 3484 2194 3557 jcjunantibus

598 3584 759 3657 230
801 3584 1297 3655 Quadraginsimam
1341 3581 1643 3644 dedicavit;
1692 3578 1887 3634 deinde
1928 3581 2087 3633 etiam
2135 3579 2193 3634 in

597 3692 696 3732 suo
737 3678 849 3748 ipse
890 3676 1111 3747 jejunio,
1164 3675 1410 3730 eumdem
1462 3673 1616 3729 nobis
1667 3686 1943 3727 numerum
1985 3671 2194 3728 dierum

592 3768 779 3843 jejunii
824 3768 1183 3825 sollemnitate
1246 3766 1512 3838 signavit;
1570 3774 1626 3820 ut
1685 3765 1826 3835 quod
1873 3766 1987 3835 ipse
2017 3766 2191 3819 Domi-

600 3875 703 3918 nus
746 3862 799 3915 in
843 3860 1012 3914 nostri
1051 3862 1298 3929 corporis
1346 3858 1656 3912 inﬁrmitate
1686 3871 1781 3927 pro
1814 3855 1965 3913 nobis
1992 3855 2194 3926 jugiter

595 3952 652 4009 in
687 3968 754 4007 xi.
794 3951 983 4007 diebus
1019 3949 1270 4020 explevit,
1307 3950 1359 4005 id
1400 3965 1498 4004 nos
1532 3949 1613 4006 vel
1657 3950 1959 4005 minutatim
2005 3948 2193 4004 eodem

600 4060 827 4103 numero
861 4044 1070 4101 dierum
1106 4044 1312 4100 calculo
1349 4042 1633 4099 distributa
1674 4042 2031 4107 observantia,
2077 4058 2194 4097 ves-

600 4140 825 4210 pertinis
856 4148 883 4177 α
916 4139 1297 4196 refectionibus
1324 4140 1631 4197 studeamus
1660 4139 1876 4195 imitari.
1922 4140 2044 4194 Per.

1168 4229 1284 4281 Post
1313 4230 1616 4291 mysterium.

675 4315 903 4380 Accepta
934 4310 1026 4364 tibi
1069 4309 1159 4375 sit,
1192 4311 1439 4376 Domine,
1473 4319 1668 4366 nostra:
1711 4310 2011 4367 devotionis
2046 4311 2192 4366 obla-

598 4405 697 4473 tio,
729 4418 848 4474 quce
878 4413 926 4457 et
960 4402 1220 4473 jejunium
1260 4415 1524 4471 nostrum,
1554 4411 1608 4458 te
1642 4414 1920 4473 operante,
1955 4404 2190 4479 sanctiﬁ-

2296 3214 2502 3283 pitei‘na
2528 3214 2771 3271 remedia
2799 3215 3103 3283 providisti.

2792 3305 3027 3359 Collectio
3050 3312 3158 3369 post
3181 3308 3395 3358 nmina.

2366 3387 2527 3453 Deus,
2564 3390 2655 3459 qui
2688 3403 2795 3443 non
2827 3398 3033 3447 tantum
3063 3404 3163 3447 nos
3201 3407 3233 3445 a
3273 3391 3583 3447 carnalibus
3610 3379 3824 3448 εἰδὶενεθδ

2294 3482 2361 3537 ab
2397 3482 2563 3555 ipsius
2602 3483 2795 3542 anima
2834 3485 3008 3541 noxiis
3043 3485 3503 3542 delectationibus
3540 3474 3826 3554 praecipuis-

2289 3574 2502 3644 junare,
2530 3578 2611 3633 sic
2640 3576 2816 3645 nobis,
2841 3592 3168 3647 quaesumus,
3198 3579 3551 3649 indulgentiae
3574 3586 3669 3631 tua:
3691 3568 3822 3642 prtbo

2294 3669 2627 3739 subsidium,
2680 3680 2737 3727 ut
2780 3667 3075 3741 jejunando
3126 3673 3194 3727 ab
3240 3671 3463 3731 inlicitis
3511 3665 3742 3739 contagiis
3775 3656 3820 3713 Ill

2294 3776 2524 3831 superna
2561 3776 2895 3830 crescamus,
2932 3772 2987 3819 et
3026 3763 3242 3818 nomina
3270 3778 3389 3833 qua
3424 3764 3639 3819 recitata
3670 3750 3818 3813 suntin

2293 3855 2488 3912 caelesti
2522 3856 2713 3927 pagina
2739 3857 3008 3913 conscribi
3039 3856 3340 3926 praecipias.
3370 3856 3495 3913 Per.

2831 3947 3067 4001 Collectio
3091 3948 3150 3998 ad
3175 3960 3362 4010 pacem.

2364 4032 2608 4088 Concede
2657 4033 2831 4100 nobis,
2883 4033 3222 4102 omnipotens
3253 4022 3417 4100 Deus,
3463 4040 3520 4093 ut
3565 4029 3813 4100 perantia!

2293 4113 2804 4203 Quadraginsimalis
2832 4114 3087 4189 exercitia
3116 4132 3463 4197 sacramenti,
3499 4136 3552 4182 et
3577 4122 3640 4180 ad
3665 4114 3808 4177 intelli‘

2293 4223 2524 4296 gendum
2567 4219 2767 4277 Christi
2817 4221 3156 4290 proﬁciamus
3198 4236 3454 4277 arcanum
3482 4267 3495 4287 ,
3559 4227 3612 4274 et
3644 4211 3811 4271 adad"

2293 4320 2411 4387 ejus
2459 4318 2619 4389 digna
2675 4314 3081 4373 conversatione
3138 4322 3447 4381 sectemur,
3504 4320 3561 4367 ut
3600 4306 3806 4369 83W

2294 4412 2448 4467 nobis
2479 4423 2667 4481 pacem
2698 4408 2922 4463 tribuas.
2982 4406 3086 4462 Per
3117 4406 3398 4461 Dominum
3434 4412 3664 4467 nostrum
3679 4393 3813 4451 leam

600 4510 706 4565 cet,
755 4509 807 4555 et
854 4499 1233 4568 indulgentiam
1282 4497 1432 4551 nobis
1482 4506 1585 4551 tute
1633 4497 2013 4553 consolationis
2051 4497 2190 4571 obti-
2219 4503 2589 4579 DChristum.

603 4602 748 4650 neat.
774 4593 877 4647 Per
906 4608 1047 4647 eum.

1016 4685 1145 4735 Ante
1171 4685 1441 4735 orationem
1464 4684 1784 4735 Dominicam.

671 4768 789 4823 Non
831 4775 1204 4838 agnoscentes,
1236 4766 1478 4830 Domine,
1526 4767 1794 4831 meritum,
1844 4766 1937 4822 sed
1985 4782 2191 4835 praece-

600 4873 773 4936 ptum,
800 4863 920 4933 quia
944 4862 1135 4932 jubere
1158 4859 1410 4931 dignatus
1439 4875 1519 4925 es,
1555 4861 1818 4916 audemus
1846 4861 2047 4918 dicere.

1030 4954 1143 5003 Post
1165 4956 1434 5003 orationem
1458 4954 1775 5003 Dominicam.

672 5037 896 5106 Adesto,
927 5036 1173 5103 Domine,
1206 5039 1451 5094 ﬁdelibus
1478 5038 1606 5107 tuis,
1636 5046 1693 5093 et
1719 5052 1856 5108 quos
1880 5036 2189 5092 cmlestihus

603 5131 838 5190 instituis
866 5130 1263 5198 Sacramentis,
1301 5146 1331 5186 a
1361 5132 1591 5189 terrenis
1624 5146 1885 5188 conserva
1919 5129 2189 5202 periculis,

604 5223 851 5279 Salvator
882 5220 1089 5277 mundi.
1202 5290 1206 5294 .

1156 5314 1272 5366 Post
1292 5315 1660 5387 Eucharistiam.

676 5420 953 5488 Concede,
986 5420 1241 5484 Domine,
1273 5434 1612 5495 quaesumus,
1644 5433 1852 5475 morum
1887 5432 1983 5473 nos
2013 5431 2194 5473 corre-

681 5565 706 5593 ι
737 5553 1023 5609 Notissima
1051 5555 1264 5610 Patrum
1312 5564 1617 5609 nostrorum
1641 5551 1707 5605 ad
1742 5565 2018 5619 vesperam
2046 5547 2192 5618 jeju-

608 5626 715 5693 nia,
738 5626 832 5680 sed
857 5633 1030 5679 tamen
1062 5627 1141 5680 vel
1180 5626 1245 5680 ad
1277 5624 1628 5679 humilitatem
1670 5630 1904 5677 nostram
1933 5631 1987 5677 et
2019 5622 2190 5691 pudo-

610 5713 727 5756 rem
758 5696 1007 5751 notanda.

686 5767 717 5812 ι’
744 5765 1035 5827 Peculiaris
1073 5766 1172 5824 hac
1198 5768 1286 5824 die
1313 5767 1505 5836 oratio,
1533 5762 1707 5835 qualis
1749 5763 1801 5819 in
1828 5760 2196 5834 superioribus

2852 4569 3123 4620 lmmolatlo
3145 4571 3322 4619 missae.

2366 4677 2504 4733 Vere
2546 4674 2766 4746 dignum
2809 4680 2866 4729 et
2905 4672 3109 4745 justum
3148 4679 3232 4727 est
3288 4685 3386 4725 nos
3421 4669 3512 4725 tibi
3570 4652 3801 4748 sempercf

2296 4770 2490 4839 ubique
2532 4768 2729 4839 gratias
2771 4781 2950 4837 agere,
3001 4767 3221 4819 Domine
3264 4774 3472 4828 sancte,
3504 4760 3645 4816 Pater
3684 4755 3807 4847 otnm‘

2297 4871 2517 4930 potens,
2567 4868 2766 4913 aeterne
2826 4858 3010 4923 Deu‘s,
3057 4856 3153 4911 tibi
3205 4853 3541 4909 sanctiﬁcare
3586 4842 3803 4925 jejunium.

2297 4952 2437 5024 quod
2469 4966 2565 5006 nos
2594 4952 2661 5004 ab
2691 4952 2844 5005 initio
2878 4950 3059 5005 saeculi
3089 4963 3305 5005 servare
3335 4944 3576 5002 docuisti.
3624 4936 3799 5031 ﬂagitati!

2294 5022 2434 5101 enim
2481 5045 2533 5097 in
2593 5043 2696 5098 hoc
2748 5058 2970 5098 munere
3018 5042 3260 5112 corporis
3311 5041 3533 5112 gratiam
3584 5022 3805 5119 σοπιιιιὶξξῖς

2297 5137 2447 5205 Quod
2477 5137 2521 5191 si
2566 5136 2653 5191 illa
2684 5134 2903 5190 humani
2932 5108 3144 5206 generis
3187 5108 3359 5189 mater
3404 5127 3705 5187 interdiuiam

2298 5204 2542 5283 arborem
2588 5228 2909 5282 custodisset
2926 5204 2954 5294 ,i
2985 5236 3039 5282 et
3080 5224 3527 5281 immortalitatem
3568 5204 3803 5302 retinuisfe‘

2298 5333 2352 5377 ει
2380 5320 2625 5391 Patriam.
2666 5321 2772 5376 Sed
2810 5330 3085 5391 peccatum
3120 5320 3305 5374 matris
3346 5319 3584 5387 antiquae.
3611 5297 3723 5375 αυοδ
3751 5297 3825 5391 if“

2300 5413 2441 5467 licita
2484 5412 2607 5482 ligni
2649 5413 2794 5467 vetiti
2837 5411 3186 5482 usurpatione
3222 5410 3506 5473 commisit,
3557 5403 3603 5457 in
3641 5393 3800 5449 ηοείηδν

2299 5545 2475 5602 missis
2513 5561 2616 5601 non
2651 5546 2895 5610 habetur,
2931 5557 3289 5613 praeterquam
3331 5547 3384 5599 in
3427 5541 3580 5598 missa
3605 5510 3797 5613 ἀεῐὲξξέι

2300 5619 2527 5715 Domini.
2563 5618 2779 5715 Similes
2808 5618 2862 5671 in
2882 5594 3044 5715 ’Ῐέξιῗ
3064 5594 3483 5715 ἑοὲξὲίξ

2298 5701 2353 5746 et
2381 5693 2433 5746 in
2460 5688 2899 5751 Circumcisione,
2944 5676 3129 5760 supra,
3174 5689 3299 5753 item
3338 5674 3475 5744 intra
3519 5681 3565 5737 in
3605 5674 3828 5741 ωιεεαιυι

2301 5770 2355 5819 et
2374 5762 2740 5833 sequentibus.
