4048 6350
83 296 225 355 261

1176 289 1265 355 or:
1305 285 1631 371 erunctA
1673 282 2062 371 ,CMICANA
2095 282 2298 365 manu
2336 283 2425 350 lli.

3317 274 3425 339 26?.

83 426 391 489 oramus,
439 410 657 477 absolve
706 409 955 487 jejuniis;
998 418 1053 463 et
1105 407 1193 491 qui
1249 407 1316 465 de
1359 406 1605 479 paradiso
1636 406 1819 479 nonA
1844 404 2108 485 aptiores;
2139 407 2194 458 et
2222 399 2441 456 recitata
2482 395 2693 477 nomina
2742 397 2939 453 caelesti
2986 396 3340 477 chirographo
3371 398 3424 450 in

92 484 473 571 abstinendo
514 484 825 589 cecidimus,
865 501 929 557 ad
954 484 1222 566 eumdem,
1255 514 1394 577 nunc
1419 497 1740 575 jejunando,

96 603 481 666 redeamus,
532 612 626 669 per
669 595 937 653 Christum
986 594 1268 671 Dominum
1319 599 1580 647 nostrum.
1641 589 1743 644 Per

93 708 332 765 quem.

466 781 659 865 χχιιι.
709 796 836 845 trait
873 795 996 845 ᾼιιλ
1036 794 1186 851 ιιιξελ
1222 791 1434 855 apicati.

197 879 391 946 Deus,
422 877 511 949 qui
551 872 812 953 profundo
843 872 1066 933 consilio
1096 866 1476 951 prospiciendo
1507 864 1744 947 mortali-

106 972 268 1041 bus,
322 975 517 1035 sancta
568 964 845 1043 instituisti
894 962 1122 1041 jejunia,
1173 960 1366 1039 quibus
1411 957 1572 1019 corda
1630 956 1745 1012 lan-

68 1056 83 1070 “
104 1062 430 1137 guentium
470 1058 753 1125 salubriter
782 1065 1120 1137 curarentur,
1156 1064 1214 1131 tu
1242 1055 1472 1133 animam
1508 1060 1744 1129 nostram

110 1172 457 1231 corpusque
494 1155 750 1220 castiﬁca,
783 1151 1023 1223 corporis
1066 1152 1368 1231 animmque
1393 1149 1663 1225 Salvator,
1691 1154 1747 1203 et

114 1260 372 1308 aeternas
398 1249 668 1313 felicitatis
697 1248 927 1318 benigne
956 1244 1225 1316 Largitor.
1258 1245 1361 1325 Per
1384 1251 1599 1319 coaeter.

698 1339 938 1391 Collectio
961 1339 1203 1402 sequitur.

208 1425 389 1493 Deus,
420 1422 532 1499 qui,
574 1422 643 1479 ob
686 1423 980 1493 animarum
1031 1419 1321 1495 medelam,
1363 1417 1554 1491 jejunii
1585 1416 1748 1471 devo—

124 1498 297 1589 tione
328 1498 590 1589 castigari
631 1529 858 1585 corpora
898 1512 1220 1584 praecepisti,
1263 1509 1519 1577 concede,
1545 1524 1750 1580 quaesu-

128 1588 275 1669 mus
307 1615 373 1673 ut
398 1605 557 1683 corda
605 1613 785 1659 nostra
817 1604 976 1683 233
1020 1602 1092 1657 ita
1140 1600 1349 1683 pietatis
1404 1610 1507 1656 tute
1538 1599 1751 1681 valeant

136 1682 421 1755 exercere
466 1694 751 1781 mandata,
814 1704 1078 1765 quatenus
1126 1694 1195 1749 ab
1242 1693 1490 1748 omnibus
1538 1704 1752 1762 semper

139 1788 433 1859 possimus
459 1786 730 1843 abstinere
759 1786 1011 1856 peccatis.
1055 1786 1157 1840 Per
1194 1785 1478 1865 Dominum
1511 1790 1752 1840 nostrum

135 1879 365 1937 Jesum.

655 1947 888 1999 Collectio
911 1954 1019 2013 post
1041 1947 1253 1996 nomina.

223 2028 484 2087 Defensio
513 2038 625 2095 tua,
652 2029 897 2096 Domine,
920 2044 1248 2100 quaesumus,
1270 2028 1409 2084 adsit
1438 2027 1748 2096 humilibus,

136 2131 203 2181 et
216 2122 427 2196 jugiter
461 2132 704 2194 protegat
742 2123 795 2178 in
849 2132 936 2178 tua
980 2122 1347 2178 misericordia
1395 2121 1751 2189 confidentes,

140 2215 509 2283 necessariis,
557 2215 611 2271 in
654 2214 847 2286 quibus
891 2214 1091 2284 indiget
1134 2214 1368 2268 humana
1414 2215 1669 2282 conditio,
1699 2230 1756 2293 et

146 2308 579 2364 immortalitatis
618 2306 755 2362 dona
800 2307 1161 2375 praaveniant,
1194 2314 1247 2361 et
1288 2306 1622 2363 oll'erentium
1659 2323 1752 2362 nov

148 2401 304 2455 mina
346 2400 571 2455 recitata
608 2397 808 2454 caelesti
850 2396 1206 2469 chirographo
1247 2397 1301 2453 in
1340 2397 1478 2454 libro
1516 2399 1639 2455 vita:
1661 2394 1755 2469 ju-'

153 2491 292 2549 beas
317 2491 572 2549 adscribi.
605 2490 725 2548 Per.

692 2581 929 2633 Collectio
949 2582 1007 2632 ad
1031 2595 1222 2647 pacem.

236 2666 393 2735 Vide,
436 2681 764 2738 quaesumus,
792 2666 1041 2732 Domine,
1088 2666 1455 2722 inﬁrmitatem
1489 2678 1750 2735 nostram,

156 2768 218 2817 et
271 2761 322 2815 in
370 2759 558 2833 jejunii
590 2760 897 2817 adﬂictione
945 2760 1135 2832 positis
1174 2762 1335 2817 celeri
1379 2761 1532 2816 nobis
1557 2763 1757 2831 pietate

158 2870 442 2920 succurre,
474 2863 532 2910 ut
568 2855 637 2910 ad
664 2870 896 2925 superna
927 2870 1254 2921 crescamus,
1285 2864 1340 2912 et
1368 2855 1631 2912 sinceram
1662 2872 1758 2913 no-

161 2943 250 3001 bis
273 2946 475 3003 tribuas
503 2960 708 3017 pacem.
735 2945 855 3002 Per.

730 3037 1003 3089 Immolatio
1022 3038 1202 3090 missa.

240 3122 465 3193 Dignum
494 3131 548 3177 et
572 3121 776 3192 justum
807 3132 889 3178 est
918 3135 1017 3177 nos
1056 3120 1153 3177 tibi
1193 3118 1279 3175 hic
1316 3130 1371 3176 et
1407 3119 1605 3192 ubique
1632 3139 1760 3194 gra-

169 3217 275 3272 tias
297 3230 474 3285 agere,
504 3214 730 3271 Domine
758 3224 966 3279 sancte,
990 3214 1150 3271 Pater
1169 3214 1530 3283 omnipotens,
1560 3225 1764 3273 aeterne

172 3309 336 3375 Deus,
358 3317 411 3362 et
441 3309 534 3364 tibi
576 3307 916 3365 sanctiﬁcare
937 3307 1222 3378 jejunium,
1250 3308 1395 3377 quod
1427 3321 1527 3363 nos
1555 3309 1620 3363 ad
1650 3310 1768 3362 ani-

174 3413 381 3454 marum
410 3398 672 3454 medelam
707 3408 763 3455 et
797 3400 1203 3473 castigationem
1233 3417 1519 3475 corporum
1551 3414 1769 3457 servare

176 3490 402 3547 decuisti
430 3507 446 3543 :
477 3490 597 3562 quia
635 3490 898 3549 restrictis
923 3495 1239 3565 corporibus
1297 3493 1489 3549 animae
1515 3493 1768 3565 saginan-

180 3594 294 3649 tur;
326 3593 380 3640 et
420 3585 472 3640 in
499 3600 603 3654 quo
631 3586 869 3642 exterior
916 3588 1076 3645 homo
1116 3601 1302 3647 noster
1344 3590 1638 3659 adfligitur,
1681 3589 1770 3644 di-

179 3676 373 3732 latatur
420 3676 662 3733 interior.
711 3677 1000 3747 Memento,
1036 3681 1281 3751 Domine,
1316 3682 1369 3737 in
1420 3682 1522 3737 hoc
1560 3679 1770 3751 jejunio

184 3775 366 3824 nostro
399 3768 802 3825 miserationum
842 3778 1074 3838 tuarum,
1104 3788 1237 3843 quas
1277 3774 1648 3844 peccatoribus
1682 3773 1769 3841 pie

188 3874 394 3929 semper
419 3858 786 3930 jejunantibus
814 3862 1111 3930 contulisti,
1142 3872 1200 3919 ut
1228 3878 1331 3918 nou
1357 3866 1529 3919 solum
1556 3879 1585 3917 a
1615 3863 1768 3929 cibis,

192 3950 286 4007 sed
312 3965 343 4006 a
367 3951 596 4020 peccatis
622 3952 871 4008 omnibus
899 3954 1247 4022 abstinentes,
1272 3966 1426 4027 grato
1455 3955 1546 4011 tibi
1565 3954 1773 4025 jejunio

192 4043 513 4114 placeamus,
541 4043 593 4098 in
618 4058 727 4114 quo
754 4061 861 4102 non
888 4045 1226 4103 inveniantur
1246 4048 1548 4105 voluntates
1575 4056 1773 4105 nostrai

194 4150 225 4195 a
263 4144 345 4191 tua
391 4134 665 4193 voluntate
707 4137 1019 4208 dissimiles,
1073 4154 1169 4210 per
1187 4138 1458 4197 Christum
1489 4141 1771 4199 Dominum

196 4236 451 4285 nostrum.
486 4228 629 4285 Ante
652 4228 825 4299 cujus.

588 4319 778 4376 XXIV.
818 4336 947 4377 ιηιι
985 4337 1135 4378 ιιιεελ
1169 4339 1383 4383 ιειυιιιι.
1460 4361 1465 4371 ι

264 4409 610 4480 Omnipotens
653 4413 985 4482 sempiterne
1030 4414 1192 4479 Deus,
1242 4414 1331 4485 qui
1376 4414 1458 4470 sic
1503 4414 1774 4471 hominem

203 4502 479 4565 condidisti
504 4543 521 4570 ,
589 4514 647 4563 ut
696 4506 972 4565 meliorem
998 4551 1013 4573 ,
1066 4508 1447 4577 temporalibus
1499 4510 1775 4577 beneﬁciis

204 4603 557 4663 competenter
594 4596 941 4662 instructum,
973 4599 1041 4657 ad
1080 4600 1313 4656 caelestia
1347 4601 1485 4656 dona
1518 4602 1775 4672 provehe-

208 4698 308 4751 res,
335 4694 546 4755 praesta,
580 4703 907 4757 quaesumus,
952 4697 1010 4746 ut
1055 4690 1195 4749 sicut
1231 4707 1325 4762 per
1366 4692 1595 4749 inlicitos
1621 4710 1777 4765 appe-

212 4776 327 4839 titus
359 4779 424 4834 de
470 4779 670 4841 indulta
711 4780 1056 4840 beatitudinis
1101 4783 1320 4854 regione
1360 4784 1674 4853 decidimus,
1702 4788 1780 4843 sic

211 4884 300 4939 per
336 4870 584 4926 alimonia
624 4882 712 4928 tuo
755 4889 978 4933 munere
1019 4876 1316 4947 distributa,
1373 4891 1424 4931 et
1476 4879 1777 4934 transitoria

212 4972 527 5047 sustentetur
565 4967 890 5037 humanitas,
931 4980 987 5045 et
1024 4973 1219 5029 amissa
1260 4984 1537 5043 reparetnr
1565 4977 1781 5031 :eterni-

214 5065 306 5112 tas.
337 5056 434 5113 Per

858 5130 1106 5184 Collectio.

282 5210 496 5277 Semper
548 5226 683 5278 nos,
727 5212 992 5281 Domine,
1052 5231 1396 5285 quaesumus,
1453 5221 1779 5277 continentia

218 5301 455 5359 salutaris
500 5302 740 5371 erudiat,
788 5320 910 5376 qute
953 5313 1008 5362 et
1037 5321 1136 5362 nos
1162 5308 1364 5379 jejunio
1410 5312 1646 5369 intentos
1676 5312 1792 5368 efﬁ-

220 5394 320 5450 eiat
344 5395 606 5464 perieres,
635 5407 690 5455 et
717 5406 804 5453 tua
831 5398 984 5454 nobis
1007 5399 1144 5455 dona
1179 5403 1451 5461 conciliet.
1486 5405 1607 5462 Per.

699 5489 939 5542 Collectio
955 5497 1067 5554 post
1087 5494 1294 5543 nomina.

287 5568 390 5629 Tua
429 5586 556 5640 nos,
591 5571 849 5640 Domine,
891 5575 1057 5645 gratia
1097 5584 1151 5631 et
1187 5579 1385 5633 sanctis
1418 5591 1667 5636 exerceat
1696 5595 1787 5636 ve-

223 5664 445 5722 neranda
500 5665 754 5737 ieiuniis,
798 5676 858 5725 et
905 5670 1212 5727 ealestibus
1262 5673 1536 5743 mysteriis
1588 5674 1787 5729 efficiat

289 5797 320 5834 ⁸
339 5797 463 5853 Haec
491 5799 543 5854 in
574 5800 937 5857 membranula
981 5802 1174 5859 litteris
1198 5803 1415 5860 minutis
1453 5806 1670 5862 inserta.

1846 497 1984 553 libro
2012 497 2136 552 vita:
2172 494 2365 564 jubeas
2396 491 2646 548 adscribi.
2696 491 2818 548 Per.

2366 584 2603 636 Collectio
2625 583 2683 633 ad
2706 596 2893 649 pacem.

1918 692 2123 772 i’racsta
2162 689 2339 771 nobis,
2370 689 2709 763 omnipotens
2740 689 2915 767 Deus,
2946 698 3004 745 ut
3029 688 3151 760 quia
3196 688 3337 753 vitiis
3374 696 3431 765 et

1845 768 2029 857 litibus
2055 768 2297 867 subjacet
2327 794 2506 865 nostra
2535 783 2855 861 mortalitas,
2887 792 2994 861 tua,
3028 798 3123 857 per
3150 787 3433 865 pmsentia

1851 874 2059 946 jejunia
2100 891 2201 939 nos
2238 877 2497 934 medicina
2537 875 2696 947 233
2741 874 2983 947 puriﬁcet
3024 890 3120 955 per
3155 878 3430 957 caritatem

1845 968 2131 1051 sinceram.
2164 966 2267 1031 Per
2291 967 2602 1039 Dominum.

2501 1077 2787 1141 lmmolatio.

1922 1181 2150 1252 Dignum
2177 1189 2232 1237 et
2257 1180 2458 1252 justum
2486 1190 2570 1237 est
2604 1190 2657 1238 te
2689 1190 2963 1241 auctorem
2985 1194 3041 1242 et
3077 1187 3436 1245 sanctiﬁcato-

1858 1289 1974 1330 rem
2008 1273 2198 1345 jejunii
2228 1273 2548 1329 conlaudare
2580 1290 2673 1342 per
2704 1276 2844 1346 quod
2874 1292 2973 1333 nos
3009 1278 3206 1337 liberas
3244 1296 3273 1335 a
3314 1296 3437 1337 nos-

1861 1374 2069 1422 trorum
2109 1364 2305 1421 debitis
2349 1375 2703 1435 peccatorum.
2753 1373 2890 1438 Ergo
2950 1371 3160 1437 suscipe
3203 1374 3442 1429 clemens

1847 1455 2208 1529 jejunantium
2258 1472 2481 1528 preces;
2528 1469 2690 1530 atque
2734 1470 2792 1517 ut
2817 1475 2918 1516 nos
2944 1477 2975 1516 a
3002 1463 3156 1519 malis
3192 1465 3439 1521 omnibus

1856 1551 2177 1622 propitiatus
2215 1550 2433 1622 eripias,
2451 1550 2759 1623 iniquitates
2796 1562 3025 1621 nostras,
3069 1556 3264 1626 quibus
3298 1558 3442 1628 juste

1742 1642 1752 1715 ξ
1853 1642 2181 1713 adﬂigimur,
2216 1657 2499 1715 rogamus,
2540 1642 2780 1702 absolve.
2824 1644 2926 1703 Per
2952 1645 3223 1705 libristum
3261 1649 3444 1707 Domi-

1855 1751 1984 1792 num
2014 1746 2279 1794 nostrum.

2341 1847 2512 1900 Oratio
2535 1856 2637 1911 post
2660 1851 2866 1902 Sanctus
2895 1850 2946 1902 in
2967 1855 3105 1914 Quat.

1909 1949 2056 2023 .Deus
2072 1954 2475 2023 rerumomnium
2495 1955 2710 2023 conditor
2735 1962 2881 2018 atque
2904 1962 3116 2023 creator,
3139 1961 3226 2022 qui
3247 1972 3372 2011 unus
3393 1963 3444 2012 in

1856 2014 2101 2084 trinitate,
2125 2014 2363 2084 ettrinus
2386 2014 3018 2084 in_unitate_oognbsceris;
3043 2014 3179 2082 cuius
3201 2025 3446 2084 magnitu-

1854 2074 2029 2145 dinem.
2056 2074 2298 2145 deﬁciens
2330 2082 2408 2125 est
2446 2074 2855 2145 lingua__bumana
2892 2074 3116 2145 narrare;
3152 2074 3308 2145 queui
3336 2086 3445 2136 sine

1857 2139 2134 2199 cessatione
2168 2135 2465 2199 proclamant
2490 2135 2652 2196 angeli
2677 2140 2897 2189 Sanctus.
2918 2142 3034 2191 ideo
3060 2135 3146 2191 nos
3169 2135 3350 2195 minimi
3377 2147 3448 2197 fa-

1858 2198 1995 2268 muli
2018 2200 2121 2259 tui,
2146 2198 2234 2247 ore
2258 2199 2458 2268 quidem
2498 2200 2696 2268 indigno
2737 2214 2832 2251 non
2870 2210 2974 2253 tres
2996 2206 3215 2268 Sanctus,
3241 2210 3328 2256 sed
3371 2214 3449 2258 ter

1857 2259 2063 2323 Sanctus
2086 2261 2330 2325 praeconio
2356 2262 2487 2312 vocis
2511 2259 2793 2325 attollimus,
2817 2271 2870 2312 ut
2893 2278 2998 2315 cum
3020 2279 3137 2321 sono
3162 2259 3445 2325 modulanti-

1858 2332 1972 2395 num
1999 2320 2329 2395 proclametur
2347 2328 2442 2395 .ter
2467 2330 2683 2395 repetita
2724 2320 2950 2377 laudatio.
2995 2320 3185 2378 Obhoc
3212 2320 3446 2395 pietatem

1858 2387 2006 2457 tuam,
2054 2383 2441 2457 clementissime
2466 2383 2694 2457 Domine,
2723 2399 2999 2457 exoramus,
3043 2383 3448 2457 optata'tribuas,

1858 2452 2119 2519 praismta
2160 2446 2444 2519 indulge-as,
2464 2456 2515 2496 ut
2548 2447 2747 2498 detersa
2774 2451 2905 2500 nube
2931 2446 3285 2519 peccaminum,
3328 2446 3449 2519 pura

1858 2513 1914 2615 fat
1935 2505 2093 2618 igere
2104 2504 2565 2619 scplqscientiatuam
2590 2522 2867 2581 mereamur
2892 2504 3291 2575 omnipotentiam
3328 2504 3451 2568 36a:

1910 2581 1939 2616 u
2006 2580 2079 2618 re.
2217 2607 2229 2619 .
2254 2574 2267 2587 '
3400 2582 3401 2585 “

1910 2574 2079 2618 udare.
2104 2574 2229 2619 Salt.
2254 2574 2267 2587 '
2752 2578 2755 2581 '
3030 2574 3039 2575 “
3400 2582 3401 2585 ‘

2274 2673 2437 2749 XXV.
2481 2690 2611 2730 lTEl
2650 2690 2799 2731 mssa
2834 2686 3047 2759 ιιιυΝιι.

1937 2784 2221 2859 Concede,
2279 2803 2626 2869 quasumus,
2674 2791 2902 2850 Domine
2946 2796 3086 2853 Deus
3140 2807 3341 2871 noster,
3396 2809 3457 2859 ut

1861 2878 1999 2947 quod
2053 2880 2203 2949 nobis
2250 2881 2317 2936 de
2359 2882 2627 2940 alimoniis
2689 2884 2759 2941 ob
2807 2890 3225 2949 maceratiouem
3274 2895 3455 2967 carnis

1814 2978 1815 2981 ‘
1861 2970 2223 3047 subtrahimus
2248 2975 2560 3049 jejunando,
2590 2978 2866 3055 voluntate
2904 2996 2931 3034 a
2966 2991 3017 3039 te
3046 2983 3193 3050 data,
3219 2985 3455 3056 jocunde

1869 3062 2209 3133 conferamus
2259 3067 2578 3136 pauperibus
2619 3067 2915 3137 largiendo,
2947 3072 3067 3143 quia
3100 3081 3227 3130 tunc
3265 3076 3456 3147 jejunii

1785 3176 1836 3239 ρ
1865 3154 2172 3211 observatio
2211 3158 2522 3247 probabitur
2554 3159 2845 3225 fructuosa,
2886 3165 2930 3219 si
2968 3150 3024 3219 et
3059 3169 3298 3236 corporis
3328 3150 3453 3226 seu?

1870 3248 2015 3303 sibus
2057 3264 2153 3319 per
2200 3250 2582 3306 continentiam
2642 3255 2904 3312 castitatis
2961 3274 3113 3314 mens
3160 3271 3340 3321 nostra
3388 3263 3460 3327 sit

1871 3338 2073 3407 purior,
2108 3347 2163 3393 ct
2187 3340 2571 3395 conscientiam
2602 3343 2817 3412 pietatis
2847 3346 3112 3425 fmcundet
3140 3351 3381 3412 affectus.
3454 3334 3457 3337 Ι

2418 3431 2650 3503 Collectio
2673 3438 2915 3495 sequitur.
3348 3432 3359 3437 ”

1944 3510 2016 3565 Da
2062 3510 2237 3591 nobis,
2271 3512 2611 3593 omnipotens
2664 3506 2824 3597 Deus,
2856 3529 2915 3599 ut
2952 3521 3247 3599 jejunando
3275 3541 3304 3582 a
3333 3542 3459 3599 cor-

1872 3600 2143 3671 poralibus
2187 3604 2346 3672 escis,
2398 3604 2587 3675 spiritu
2632 3610 2888 3679 vegetati,
2942 3604 3198 3691 satiemur
3240 3619 3457 3693 robore,

1872 3700 1928 3745 et
1961 3690 2277 3746 abstinendo
2317 3693 2385 3747 ab
2418 3695 2684 3750 alimoniis
2732 3699 3036 3771 pariterque
3070 3690 3301 3776 delictis,
3331 3690 3461 3766 cun-

1872 3780 1972 3837 ctis
2009 3782 2347 3852 proficiamus
2389 3785 2440 3839 in
2470 3788 2668 3843 virtute
2699 3788 2939 3847 hostibus
2977 3780 3265 3853 fortiores.-

2366 3887 2599 3941 Collectio
2625 3900 2733 3954 post
2766 3896 2974 3945 nomina.

1947 3989 2149 4046 Praesta
2190 3990 2366 4059 nobis,
2408 3992 2663 4063 Domine,
2698 4012 3021 4067 quaesumus,
3066 4008 3168 4055 tua:
3208 4005 3463 4062 auxilium

1878 4083 2063 4153 gratiae
2091 4124 2106 4150 ,
2154 4093 2209 4143 ut
2248 4085 2463 4155 jejuniis
2518 4097 2575 4145 et
2610 4091 2937 4169 orationibus
2983 4096 3367 4155 convenienter
3411 4109 3466 4156 et

1882 4173 2076 4255 devote
2113 4175 2335 4243 intenti,
2374 4177 2570 4241 mentis
2599 4188 2655 4235 et
2682 4183 2923 4250 corporis
2960 4198 2988 4239 a
3014 4186 3261 4251 vitiorum
3301 4189 3465 4247 hosti-

1884 4267 1985 4341 bus
2014 4267 2341 4333 liberemur;
2382 4270 2577 4342 quique
2613 4274 2679 4331 ad
2712 4276 2812 4335 hoc
2841 4291 2899 4332 es
2924 4276 3184 4347 jejunium
3215 4281 3343 4341 dare
3380 4284 3463 4339 di-

1878 4366 2095 4431 gnatus,
2130 4368 2186 4417 ut
2214 4360 2530 4439 abstinentia
2571 4373 2623 4433 et
2662 4366 3010 4437 castigatione
3058 4375 3307 4437 macerati
3346 4366 3467 4435 car-

1877 4453 2007 4520 nali,
2042 4453 2093 4531 in
2131 4453 2235 4511 [ide
2274 4455 2609 4535 inveniamur
2647 4460 2806 4529 lirmi,
2837 4464 2972 4518 etin
3009 4467 3259 4535 operibus
3277 4469 3466 4526 efﬁca-

1802 4578 1859 4649 Β
1881 4548 2240 4649 cesam-ccipe
2271 4549 2627 4649 jejuuantiutn
2662 4567 2849 4623 preces
2888 4571 3008 4649 cum
3030 4557 3303 4649 “libatiope
3333 4578 3467 4631 pug.

1879 4638 2040 4702 senti,
2070 4638 2336 4693 defunctis
2387 4641 2740 4715 refrigerium,
2771 4647 3143 4727 superstitibus
3184 4650 3462 4725 indulgen-

1888 4730 2014 4787 tiam
2044 4732 2268 4796 donans,
2304 4749 2396 4801 per
2423 4749 2541 4789 eam
2586 4735 2850 4803 placatus;
2896 4749 2950 4791 et
2992 4741 3205 4793 nomina
3242 4758 3467 4812 quorum

1884 4832 2008 4880 sunt
2042 4824 2292 4880 distincte
2318 4834 2501 4881 vocata
2532 4824 2694 4896 ligere
2732 4826 2784 4880 in
2825 4829 3114 4909 scriptione
3143 4834 3466 4903 sempiterna

1884 4912 2139 4984 digneris.

1780 1794 1833 1883 Ῑξ

2418 5025 2651 5079 Collectio
2676 5028 2735 5079 ad
2760 5042 2947 5092 pacem.

1958 5131 2248 5211 Acceptum
2286 5129 2379 5185 tibi
2421 5132 2511 5197 sit,
2548 5131 2798 5213 Domine,
2826 5150 3151 5215 quaesumus,
3184 5139 3284 5213 hoc
3309 5143 3473 5215 sacri-

1888 5220 2067 5301 ﬁcium
2112 5220 2300 5292 jejunii
2348 5222 2545 5289 nostri,
2590 5224 2731 5294 quod
2780 5212 3041 5303 expianda
3096 5216 3195 5283 nos
3239 5212 3474 5297 Caritatis

1893 5298 2043 5368 dono
2088 5319 2192 5367 tuae
2240 5311 2397 5367 faciat
2444 5302 2765 5371 sinceritatis
2815 5298 3065 5391 capaces,
3116 5308 3183 5373 et
3219 5334 3310 5387 per
3358 5337 3473 5391 eam

1893 5402 2210 5471 conjunctos
2239 5401 2303 5457 ad
2343 5405 2600 5475 promissa
2631 5386 2951 5476 sempiterna
2984 5386 3271 5476 perducat;
3302 5386 3479 5468 cordi:

1893 5494 2101 5566 busque
2147 5495 2343 5550 nostris
2397 5496 2586 5567 jejunii
2642 5498 3019 5577 adtenuatione
3075 5501 3331 5572 intentis,
3385 5522 3478 5576 per

1894 5588 2129 5645 fraterna
2159 5591 2361 5656 oscula,
2398 5608 2579 5661 puram
2611 5601 2711 5647 tuae
2934 5595 3235 5681 dilectionis
3278 5611 3332 5687 et
3356 5618 3479 5689 pro-

1893 5680 2021 5735 ximi
2062 5682 2334 5737 caritatem
2376 5683 2636 5751 benignus
2667 5668 2910 5750 infunde:
2945 5696 3000 5765 ut
3044 5705 3074 5744 a
3113 5668 3339 5765 ng-penis
3356 5668 3481 5765 ξω.
