4048 6350
629 338 736 398 206

1285 336 1632 396 APPENDIX
1673 334 1766 392 AD
1806 335 2038 394 OI’ERA
2074 331 2322 391 SANCTI
2363 333 2667 432 (.I-ERMANI
2711 323 3158 392 I’AIlISIENSIS.
3767 340 3831 397 264

631 459 732 531 giis
760 457 844 514 vel
873 455 1177 514 laesionibus
1209 469 1330 512 cum
1361 455 1686 512 abstinentia
1711 456 2068 526 quiescentes,
2095 467 2220 526 pro-
2243 449 2300 511 A
2322 453 2578 508 catricum
2609 451 2850 507 morbida
2901 452 3022 508 tabe
3049 461 3335 523 corruptae,
3373 452 3689 510 reviviscant
3713 471 3762 511 ex
3787 471 3835 516 tua

634 548 852 622 pensius
879 546 1114 604 celestia
1146 547 1484 602 meditemur.

1199 637 1467 689 Immolatio
1491 641 1670 690 missae.

708 723 933 796 Dignum
981 736 1037 783 et
1075 726 1276 798 justum
1327 738 1412 784 est
1457 745 1554 785 nos
1605 729 1700 784 tibi
1771 743 1986 800 semper
2030 727 2228 800 gratias

637 832 832 889 agere,
879 819 1104 875 Domine
1147 830 1366 887 sancte,
1411 820 1570 877 Pater
1618 821 1978 891 omnipotens,
2028 831 2230 876 aeterne

638 909 814 976 Deus,
866 918 924 964 ut
972 910 1246 966 modulum
1299 921 1527 968 terrena:
1582 913 1884 984 fragilitatis
1937 912 2225 982 aspiciens,

638 1013 745 1053 non
777 999 832 1054 in
872 998 954 1055 ira
983 1011 1068 1056 tua
1108 1016 1203 1073 pro
1231 1011 1412 1058 nostra
1446 1003 1707 1072 pravitate
1740 1018 1838 1058 nos
1879 1017 2100 1072 arguas;
2132 1003 2229 1058 sed

643 1090 905 1148 immensa
947 1093 1228 1150 clementia
1281 1095 1555 1164 purifices,
1607 1095 1842 1159 erudias,
1896 1094 2224 1158 consoleris;

641 1183 766 1252 quia
795 1199 917 1240 cum
962 1185 1078 1240 sine
1109 1194 1160 1240 te
1195 1185 1324 1240 nihil
1358 1187 1624 1256 possimus
1666 1187 1839 1241 facere
1867 1186 2006 1256 quod
2038 1186 2129 1240 tibi
2158 1187 2230 1240 sit

639 1276 926 1346 placitum,
960 1288 1047 1332 tua
1087 1278 1240 1333 nobis
1279 1281 1446 1349 gratia
1477 1282 1589 1334 sola
1621 1281 1894 1349 praestabit
1935 1289 1990 1334 ut
2028 1279 2227 1334 salubri

638 1369 1048 1425 conversatione
1118 1370 1396 1435 vivamus,
1477 1386 1570 1440 per
1619 1370 1886 1426 Christum
1945 1371 2226 1426 Dominum

640 1470 905 1516 nostrum.
936 1461 1038 1515 Per
1063 1476 1222 1531 quem
1251 1461 1600 1531 blajestatem.

867 1549 1058 1605 XXVI.
1101 1567 1226 1606 ιτειι
1271 1566 1416 1606 IISSA
1466 1568 1514 1606 IN
1555 1568 1995 1614 QUADRAGINSIMA.

713 1640 937 1696 Domine
970 1641 1128 1706 Deus,
1160 1643 1246 1711 qui
1281 1642 1487 1712 populis
1527 1644 1630 1696 tuis
1675 1654 1729 1698 et
1767 1645 1909 1712 juste
1956 1647 2226 1712 irasceris,

643 1741 698 1788 et
727 1732 1018 1788 clementer
1056 1733 1308 1802 ignoscis,
1343 1734 1536 1788 inclina
1563 1750 1745 1788 aurem
1781 1744 1924 1790 tuam
1957 1738 2227 1806 supplica-

640 1827 877 1882 tionibus
920 1826 1146 1894 nostris,
1179 1835 1235 1881 ut
1262 1826 1350 1896 qui
1385 1836 1434 1882 te
1477 1829 1529 1881 in
1563 1827 1888 1898 jejuniorum
1919 1838 2226 1883 nostrorum
2260 1837 2304 1900 Β
2335 1829 2465 1899 laeti,
2498 1829 2742 1886 Salvator
2771 1828 2976 1884 mundi.

641 1920 1018 1978 observatione
1070 1921 1197 1976 totis
1241 1921 1490 1976 sensibus
1547 1923 1884 1988 confitemur,
1936 1939 2042 1977 non
2091 1922 2230 1993 judi-

639 2015 783 2070 cium
815 2024 983 2083 tuum,
1015 2015 1109 2069 sed
1140 2014 1524 2085 indulgentiam
1557 2016 1870 2070 svntiamus.
1924 2015 2048 2071 Per.

1189 2104 1420 2155 Collectio
1443 2107 1686 2167 sequitur.

712 2191 896 2247 Oblata
941 2205 1164 2246 munera
1215 2191 1552 2260 superposita
1595 2191 1784 2245 altario
1832 2199 1944 2258 tuo,
1982 2190 2226 2257 Domine,

638 2285 975 2342 sauctilicare
1030 2285 1284 2356 dignare;
1337 2295 1391 2340 et
1442 2300 1535 2354 per
1588 2300 1650 2340 ea
1697 2286 1958 2354 placatus,
2012 2298 2231 2354 peccata

642 2385 845 2445 nostra,
876 2376 1204 2446 quaesumus,
1235 2377 1286 2430 in
1317 2376 1404 2430 die
1431 2374 1624 2445 jejunii
1661 2378 1850 2441 nostri,
1882 2392 2092 2431 memor
2133 2376 2232 2432 hu-

639 2484 812 2524 manae
843 2469 1166 2524 conditionis
1196 2468 1444 2533 absolve;
1478 2477 1532 2523 et
1563 2466 1812 2537 quicquid
1853 2482 2038 2522 eorum
2073 2469 2229 2523 retri-

639 2563 858 2620 butione
899 2579 1168 2618 uteremur
1195 2573 1405 2617 averte.
1439 2561 1540 2616 Per
1575 2561 1858 2615 Dominunt
1889 2571 2156 2617 nostrum.

1258 2653 1374 2702 Post
1396 2653 1606 2703 nomina.

718 2738 858 2792 Deus
899 2736 1158 2792 bonarum
1202 2735 1470 2791 actionum
1512 2748 1564 2791 et
1604 2734 1888 2806 iuspirator
1925 2746 1978 2791 et
2020 2739 2226 2806 doctor,

641 2830 736 2898 qui
763 2829 1062 2899 voluptates
1090 2843 1184 2898 per
1225 2829 1454 2882 inediam
1492 2827 1677 2896 jejunii
1717 2829 2011 2898 corporalis
2039 2831 2226 2883 restri-

642 2930 787 2989 ctas,
829 2922 1152 2992 agnitionem
1201 2929 1342 2974 tuam
1383 2921 1580 2974 nostris
1620 2920 1870 2975 cordibus
1906 2920 2129 2986 tribuis,
2162 2920 2228 2975 da

640 3014 794 3069 nobis
853 3013 973 3068 fidei
1001 3058 1016 3082 ,
1061 3015 1176 3083 Spei
1227 3022 1280 3068 et
1325 3012 1571 3068 caritatis‘
1600 3024 1979 3083 augmentum,
2032 3023 2089 3068 ut
2134 3028 2232 3084 per

637 3113 1113 3168 sanctificatiouem
1139 3112 1326 3184 jejunii
1371 3122 1518 3168 tuum
1559 3114 1612 3167 in
1645 3114 1799 3170 nobis
1835 3115 1903 3169 sit
1949 3115 2221 3184 templum,

2336 547 2558 601 interius
2599 545 2924 615 visitatione,
2953 547 3091 601 sicut
3141 545 3323 600 Lazari
3375 545 3581 604 viscera
3611 563 3638 603 a
3673 558 3745 605 tua
3774 554 3838 609 lae-
3900 576 3901 582 η

2333 648 2456 696 runt
2486 640 2714 694 animata
2751 653 2902 704 voce,
2933 638 3137 695 Salvat.

2872 731 3109 782 Collectio
3133 733 3372 793 sequitur.

2408 814 2552 870 Bone
2591 814 2920 884 Redemptor
2958 825 3142 870 noster
3182 814 3406 871 Domine
3433 855 3447 880 ,
3490 816 3580 885 qui
3617 830 3839 875 mansuetus

2334 911 2596 963 mansueti
2617 908 2860 962 animalis
2877 907 3027 963 aselli
3059 916 3206 978 terga
3229 907 3591 974 lnsedens,ad
3621 912 3837 978 passionem

2333 1001 2926 1071 redemptionisnostrae
2937 1011 3263 1072 spontaneus
3275 1000 3670 1072 adpropinquas
3691 1005 3840 1069 ,ωηιιὶ-

2333 1093 2384 1148 bi
2416 1094 2579 1149 ramis
2603 1095 2842 1150 arboreis
2870 1095 3116 1151 certatim
3139 1095 3394 1150 sternitur
3409 1095 3519 1164 via,
3551 1106 3602 1151 et
3629 1095 3838 1165 triumpha-

2334 1183 2556 1238 tricibus
2588 1185 2778 1253 palmis
2824 1200 2944 1240 cum
2977 1200 3107 1242 voce
3155 1186 3326 1242 laudis
3366 1188 3683 1253 occurritur,
3705 1203 3840 1255 quest-

2339 1292 2457 1332 mus
2483 1276 2813 1343 Maiestatem
2862 1286 3007 1334 tuam
3057 1277 3312 1343 divinam,
3347 1286 3407 1332 ut
3448 1277 3557 1332 oris
3588 1279 3730 1332 nostri
3764 1295 3837 1333 coa-

2334 1372 2623 1426 Iessionem
2665 1381 2825 1441 atque
2871 1369 3114 1439 corporis
3155 1369 3206 1424 in
3249 1368 3476 1439 jejuniis
3508 1367 3840 1422 humiliationem

2333 1463 2501 1518 libens
2559 1463 2844 1532 suscipias,
2885 1472 2938 1516 et
2978 1461 3209 1516 fructum
3263 1477 3360 1515 nos
3405 1460 3680 1515 viriditatis
3714 1460 3840 1516 habere

2331 1556 2631 1619 concedas;
2668 1563 2724 1608 ut
2765 1555 2902 1609 sicut
2933 1554 3006 1609 illi
3053 1555 3104 1608 in
3137 1563 3224 1608 tua
3267 1555 3481 1608 fuerunt
3510 1554 3656 1609 obvia
3684 1569 3841 1608 cumar-
3903 1554 3905 1628 ς

2333 1646 2510 1699 boreis
2540 1645 2704 1715 virgis
2734 1644 2961 1715 egressi,
2991 1650 3058 1699 ita
3086 1659 3204 1712 nos,
3229 1654 3282 1700 te
3313 1645 3575 1700 redeunte
3600 1646 3648 1698 in
3673 1646 3835 1700 secundo-

2334 1736 2584 1806 adventu,
2617 1751 2736 1791 cum
2785 1736 2975 1805 palmis
3023 1735 3264 1792 victoriae
3311 1751 3614 1793 mereamur
3640 1750 3839 1793 occurrere
3904 1735 3905 1762 ³

2830 1918 3063 1970 Collectio
3087 1924 3195 1982 post
3215 1921 3428 1969 nomina.

2409 2007 2570 2071 Ecce,
2602 2005 2848 2068 Domine,
2879 2005 2947 2060 de
2973 2015 3023 2059 te
3053 2003 3271 2074 Caiphae
3298 2005 3568 2076 pontificis
3594 2004 3836 2067 vaticinium,

2338 2112 2580 2168 ignarum
2614 2097 2712 2150 sibi
2764 2096 2886 2166 ipsi,
2930 2097 2980 2150 in
3010 2097 3217 2164 pOpulis
3259 2107 3343 2152 est
3375 2098 3669 2167 probatum,
3689 2106 3734 2151 ut
3755 2110 3837 2150 unus

2334 2188 2685 2244 occumberes
2715 2204 2810 2258 pro
2837 2197 3016 2260 gente,
3050 2204 3116 2243 ne
3146 2191 3322 2244 cuncti
3355 2192 3560 2260 pariter
3603 2189 3836 2252 interirent;

2336 2290 2387 2333 et
2405 2289 2458 2334 tu
2475 2281 2746 2351 singulare
2763 2295 2986 2350 granum
3009 2280 3060 2334 in
3075 2291 3212 2335 terra
3234 2283 3547 2346 morereris,
3567 2293 3620 2336 ut
3637 2296 3758 2351 seges
3770 2279 3836 2348 plu-

2335 2373 2467 2426 rima
2499 2381 2826 2427 nasceretur.
2875 2371 3154 2441 Supplices
3188 2373 3278 2428 tibi
3321 2375 3445 2441 ipsi,
3479 2373 3566 2443 qui
3612 2387 3695 2442 pro
3720 2369 3835 2424 mundi

2335 2466 2507 2520 salute
2534 2479 2593 2519 es
2633 2464 2815 2520 IIostia
2845 2478 3036 2530 caesus,
3069 2463 3446 2534 deprecamur,
3481 2475 3533 2518 ut
3565 2465 3702 2518 nobis
3730 2463 3778 2515 de
3807 2473 3835 2512 te

2343 2557 2460 2626 ipso
2492 2556 2700 2610 veniam
2731 2555 2920 2620 dones,
2954 2556 3044 2624 qui
3078 2563 3126 2610 te
3156 2555 3328 2624 ipsum
3354 2555 3593 2610 obtulisti
3623 2569 3703 2622 pro
3725 2551 3834 2606 nobis.
3908 2551 3909 2598 ἶ

2344 2649 2411 2703 Et
2438 2649 2556 2715 hos,
2587 2663 2718 2716 quos
2766 2647 3006 2702 recitatio
3044 2647 3490 2710 ctunmemoravit
3519 2657 3632 2701 ante
3670 2653 3832 2698 sanctum

2336 2741 2527 2807 altare,
2558 2739 2646 2810 qui
2687 2739 2738 2792 in
2773 2754 2956 2809 pacem
2981 2737 3088 2809 jam
3132 2748 3274 2792 tuam
3315 2740 3383 2794 ab
3427 2740 3507 2793 his
3543 2748 3655 2792 sunt
3687 2735 3834 2788 VlllClllli

2336 2832 2613 2903 corporeis
2655 2833 2928 2896 translati,
2976 2847 3314 2902 quaesumus,
3358 2832 3602 2899 Domine,
3640 2840 3686 2883 ut
3717 2838 3755 2881 te
3781 2825 3832 2878 lu-

2335 2924 2500 2980 beant
2537 2932 2838 2992 ereptorem
2865 2965 2878 2988 ,
2920 2940 3076 2994 quem
3118 2939 3210 2994 per
3246 2924 3571 2993 baptismum
3611 2925 3834 2976 meruerunt

2335 3019 2746 3088 Redemptorem
2779 3018 2997 3074 habere.
3029 3018 3134 3074 Sed
3161 3028 3215 3074 et
3240 3019 3284 3074 si
3312 3021 3402 3089 qui
3434 3019 3568 3074 inter
3605 3018 3689 3071 hos
3720 3023 3831 3067 astan-

2333 3125 2434 3182 tes,
2494 3115 2585 3186 qui
2615 3115 2680 3170 ad
2720 3115 2970 3184 baptismi
3021 3116 3270 3172 salutaris
3327 3125 3652 3173 sacramenta
3699 3124 3834 3184 prata-

640 3164 1326 3184 --ην--ν---η-τ--μσ-ν--η
1375 3164 1518 3168 mw"
1645 3164 1796 3170 --υς
1835 3164 1902 3169 ---
1952 3164 2221 3184 -ν--τ--ηη
2334 3164 2434 3182 --η
2497 3164 2585 3186 τη
2615 3164 2680 3170 ——
2721 3164 2970 3184 --π-τ---ν-
3021 3164 3269 3172 -—-—-—--—
3327 3164 3652 3173 --ν--η---η-
3699 3164 3736 3184 ις
3782 3164 3790 3179 ι

636 3205 778 3274 quod
810 3205 1029 3276 prtemio
1058 3205 1147 3259 ﬁat
1175 3215 1466 3270 aeternum;
1509 3213 1563 3261 et
1594 3207 1807 3260 nomina
1850 3223 1969 3274 qua:
2000 3207 2225 3261 vocabu-
2256 3218 2303 3282 ο
2335 3219 2542 3276 rentur,
2574 3221 2906 3278 quaesumus,
2942 3207 3163 3264 Domine
3195 3209 3334 3264 Deus
3364 3219 3566 3276 noster,
3594 3217 3647 3262 ut
3677 3204 3832 3260 imbutos

637 3296 807 3352 lorum
838 3307 962 3353 sunt
991 3312 1087 3367 pro
1111 3297 1356 3354 aetatibus
1383 3306 1675 3354 memorata
1716 3298 2032 3354 aeternitatis
2063 3298 2219 3354 titulo

631 3390 819 3462 jubeas
851 3393 1182 3465 prtesignari.

1279 3485 1353 3536 Ad
1379 3498 1568 3548 pacem.

706 3567 1059 3638 Omnipotens
1108 3574 1163 3622 et
1210 3566 1515 3622 misericors
1566 3566 1748 3630 Deus,
1799 3566 1990 3621 exaudi
2037 3581 2224 3635 preces

631 3663 987 3733 jejunantium
1029 3661 1328 3730 supplices,
1363 3668 1417 3715 et
1448 3660 1827 3714 misericordia:
1863 3670 1967 3716 tua:
2005 3676 2223 3729 munus,

636 3756 784 3812 omni
817 3763 1068 3812 cessante
1111 3751 1491 3816 fraudulentia,
1545 3752 1802 3820 pmpitius
1853 3751 2119 3821 impende,
2170 3763 2227 3808 ut

633 3863 729 3918 per
754 3845 1190 3916 coniunctionem
1222 3845 1387 3914 pacis,
1411 3859 1572 3898 omne
1595 3844 1865 3902 simultate
1892 3861 2222 3916 compressa,

632 3937 836 3994 securis
865 3936 962 3992 tibi
991 3936 1261 3992 mentibus
1291 3935 1610 3990 serviamus.
1642 3935 1765 3992 Per.

1193 4025 1461 4075 Immolatio
1486 4027 1665 4078 missas.

717 4111 855 4167 Vere
902 4110 1120 4182 dignum
1169 4119 1222 4164 et
1264 4108 1465 4179 justum
1508 4117 1590 4164 est
1645 4123 1741 4164 nos
1798 4109 1888 4164 tibi
1933 4120 1987 4166 et
2031 4111 2228 4183 ubique

639 4208 838 4279 gratias
886 4221 1090 4277 agere,
1150 4203 1489 4273 omnipotens
1533 4203 1858 4273 sempiterne
1907 4206 2067 4261 Deus.
2127 4209 2231 4283 Qui

641 4300 782 4370 juste
823 4298 1078 4368 corrigis,
1111 4306 1164 4352 et
1203 4296 1498 4351 clementer
1546 4296 1800 4364 ignoscis,
1845 4298 1902 4352 in
1945 4307 2231 4370 utrumque

639 4393 944 4450 misericors
979 4407 992 4447 :
1034 4391 1155 4462 quia
1186 4405 1284 4446 nos
1316 4405 1378 4445 ea
1410 4391 1530 4459 lege
1557 4389 1816 4461 disponis,
1851 4402 1907 4448 ut
1933 4395 2231 4450 coercendo

635 4489 812 4558 perire
851 4501 958 4543 non
1001 4486 1144 4540 sinas
1184 4484 1238 4539 in
1269 4491 1561 4552 aeternum,
1602 4493 1656 4540 et
1683 4485 1952 4555 parcendo
1995 4489 2229 4558 spatium

638 4580 840 4637 tribuas
867 4578 1190 4649 corrigendi.
1224 4577 1326 4633 Per
1353 4574 1645 4634 Christum.

851 4691 1061 4748 XXVII.
1095 4707 1245 4747 IISSA
1275 4701 1301 4730 ιι
1334 4707 1384 4746 ta
1410 4707 1634 4749 susum
1660 4710 1998 4752 TRADITIONE.

705 4809 863 4882 235
904 4810 959 4864 In
989 4807 1229 4880 geminas
1276 4816 1454 4878 partes
1481 4807 1624 4862 diem
1677 4808 1818 4864 hunc
1863 4810 2214 4868 excolendum

636 4905 1025 4973 complectitur,
1040 4904 1286 4969 Domine,
1305 4912 1502 4958 nostrm
1521 4903 1792 4959 servitutis
1820 4906 2117 4974 famulatio,
2132 4909 2218 4964 vel

635 4998 701 5054 de
725 4998 909 5068 jejunii
924 4997 1069 5052 cultu
1081 4997 1402 5062 sacrato,vel
1416 4997 1482 5052 de
1501 4997 1788 5062 insignibus
1811 4998 1914 5052 tuis
1926 5014 2042 5068 qua:
2059 5000 2217 5056 hodie

637 5086 918 5154 fulserunt,
950 5086 1278 5141 mirabilibus
1303 5103 1315 5138 :
1340 5100 1446 5156 quo
1489 5086 1748 5141 Lazarum
1791 5087 2048 5144 reduxisti
2096 5100 2219 5160 post

639 5195 863 5251 tartara,
888 5201 1007 5240 cum
1037 5184 1104 5239 ad
1127 5197 1312 5239 vocem
1351 5190 1494 5237 tuam
1536 5183 1866 5239 intonantem
1889 5187 2138 5254 exsilivit,
2168 5196 2222 5242 et

637 5276 972 5350 quatriduani
1004 5277 1115 5347 jam
1155 5275 1388 5332 foetentis
1425 5275 1584 5330 funus
1614 5275 1891 5332 vivificans
1926 5277 2216 5346 animasti;

637 5371 722 5424 vel
774 5369 967 5434 etiam,
1008 5381 1169 5422 causa
1221 5365 1467 5422 miraculi
1505 5367 1906 5437 obstupefacta,
1961 5367 2220 5438 plaudens

641 5460 792 5515 turba
819 5459 1073 5516 Bethania
1097 5460 1330 5514 occurrit
1351 5473 1470 5515 cum
1497 5460 1683 5529 palmis
1708 5460 1797 5516 tibi
1821 5461 2032 5516 obviam
2061 5461 2215 5536 Regi.

640 5553 842 5609 Exaudi
870 5568 970 5610 nos
998 5554 1052 5609 in
1082 5553 1184 5610 hoc
1211 5553 1484 5624 geminato
1509 5554 1786 5611 servitutis
1828 5564 2026 5612 nostra:
2055 5557 2216 5615 obse-

638 5649 788 5719 quio,
816 5658 873 5705 et
899 5657 1094 5719 praesta
1139 5649 1398 5720 propitius
1426 5657 1586 5718 atque
1633 5648 1895 5718 placatus,
1924 5658 1982 5705 ut
2025 5653 2218 5710 animai

642 5747 838 5797 nostra:
862 5753 984 5811 que
1007 5739 1206 5796 tumulo
1235 5749 1359 5796 sunt
1389 5748 1723 5810 peccatorum
1749 5741 2035 5808 conclusae,
2062 5753 2114 5800 et
2142 5747 2218 5801 ci-

2327 3302 2379 3357 in
2414 3301 2542 3366 fide,
2574 3301 2859 3355 instructos
2891 3299 2943 3354 in
2971 3302 3522 3366 sensu,conlirmatos
3549 3301 3598 3356 in
3626 3296 3774 3370 gratia.
3793 3290 3831 3344 ad

2323 3390 2717 3461 percipiendam
2786 3390 3172 3460 plenitudinem
3228 3395 3418 3463 gratiae
3485 3404 3624 3455 tuae,
3672 3385 3829 3457 Spiritus

2323 3481 2485 3553 236
2515 3481 2589 3535 tui
2621 3496 2841 3536 munere
2883 3481 3072 3551 jubeas
3115 3485 3431 3554 praeparari,
3466 3493 3522 3540 ut
3548 3482 3700 3541 sancti
3739 3479 3830 3533 lm-

2332 3573 2413 3628 cri
2437 3573 2586 3628 fonte
2613 3572 2921 3628 desiderato
2960 3585 3269 3630 mereantur
3298 3579 3531 3634 renasci.
3565 3573 3713 3644 Quod.

2861 3685 3092 3736 Collectio
3113 3687 3172 3735 ad
3199 3701 3389 3750 pacem.

2401 3767 2775 3824 Universorum
2814 3768 2930 3838 ipse
2955 3769 3258 3825 dominator
3285 3772 3373 3840 qui
3401 3772 3658 3832 conditor,
3681 3771 3827 3820 creatu-

2328 3874 2401 3914 m
2442 3871 2543 3915 tua:
2582 3867 2897 3929 praastanter
2933 3859 3177 3914 amabilis
3214 3869 3268 3915 et
3307 3873 3535 3926 amator,
3573 3861 3647 3914 cui
3681 3850 3822 3909 Martha

2327 3953 2537 4021 satagit,
2569 3952 2732 4006 Maria
2761 3951 2921 4021 pedes
2949 3951 3135 4020 abluit,
3167 3967 3290 4008 cum
3318 3969 3425 4025 quo
3456 3954 3668 4010 Lazarus
3693 3940 3828 4002 redivi-

2329 4063 2427 4103 vus
2455 4047 2721 4102 accumbit
2743 4051 2878 4116 (tota
2925 4061 3116 4116 nempe
3144 4048 3336 4103 domus
3363 4060 3448 4106 est
3479 4051 3528 4104 in
3557 4041 3744 4111 amore),
3766 4051 3826 4090 an-

2332 4156 2436 4197 nue
2462 4139 2602 4210 plebi
2634 4150 2736 4194 ture
2769 4139 2842 4194 ita
2857 4155 2916 4195 se
2945 4141 3241 4196 exercitare
3265 4157 3359 4211 per
3383 4141 3716 4200 dilectionem,
3739 4127 3825 4184 υιίη

2334 4241 2384 4288 te
2410 4232 2575 4303 possit
2601 4233 2747 4286 unita
2775 4231 3003 4288 'manere
3043 4248 3136 4302 per
3164 4248 3372 4302 pacem.
3403 4235 3626 4290 blinistra
3653 4229 3697 4281 in
3727 4216 3827 4278 nobi!

2334 4325 2453 4381 illas
2485 4325 2747 4396 lacrymas
2786 4339 2918 4395 quas
2965 4325 3128 4379 Maria
3156 4325 3225 4382 de
3253 4327 3418 4382 multa
3461 4322 3714 4382 dilectione
3744 4323 3825 4383 prO'

2337 4419 2494 4486 tulit;
2546 4419 2772 4489 ﬂagrare
2813 4421 3109 4476 orationem
3149 4431 3388 4477 nostram
3436 4423 3606 4484 facito,
3633 4414 3743 4469 sicut
3761 4418 3824 4459 un;

2335 4527 2586 4586 guentum
2611 4516 2880 4586 pisticum,
2903 4517 3071 4572 sacris
3094 4516 3286 4585 plantis
3317 4518 3566 4583 infusum,
3595 4507 3740 4567 Maria:
3766 4498 3824 4551 111·

2253 4605 2306 4666 D
2331 4609 2521 4679 gravit,
2543 4615 2599 4662 ut
2627 4622 2744 4662 eam
2773 4622 2954 4676 pacem
2978 4621 3370 4678 consequamur
3399 4625 3492 4680 per
3511 4602 3676 4662 oscula
3700 4598 3822 4689 nosl'"

2320 4697 2377 4752 in
2426 4698 2739 4754 alterutrum
2768 4707 3031 4766 porrecta,
3059 4712 3219 4769 quam
3262 4706 3578 4769 consequuta
3603 4699 3674 4748 est
3696 4685 3821 4769 Maria.

2327 4792 2408 4847 sui
2439 4791 2688 4847 osculans
2729 4768 3100 4862 Redemptoris
3140 4793 3386 4864 vestigia,
3431 4768 3656 4850 Salvator
3679 4768 3820 4837 mundi.

2879 4904 3150 4956 Immolallo
3173 4909 3372 4992 missa.

2396 5014 2536 5072 Vere
2561 5015 2777 5084 dignum
2809 5026 2862 5070 et
2886 5014 3092 5082 justum
3123 5023 3227 5081 est,
3255 5015 3367 5082 tibi,
3401 5011 3628 5073 Domine,
3648 4999 3704 5055 ab
3725 5000 3820 5092 ίξῐιξυι

2323 5124 2480 5174 sexu,
2511 5116 2666 5163 atate
2695 5116 2749 5163 et
2792 5121 2952 5162 sensu
2982 5106 3162 5163 dicere
3202 5107 3410 5163 laudem
3442 5108 3490 5163 in
3518 5107 3608 5159 hac
3630 5094 3704 5152 die
3727 5087 3819 5184 incili

2323 5201 2419 5268 nii,
2450 5208 2505 5256 et
2548 5199 2718 5254 laudis
2757 5210 2859 5254 tua:
2885 5198 3191 5270 triumphali
3221 5201 3508 5269 praeconio,
3533 5207 3629 5265 quo
3651 5186 3705 5241 ab
3727 5176 3815 5234 Hie-

2323 5293 2608 5360 rosolymis
2653 5302 2708 5348 et
2736 5292 2990 5348 Bethania
3019 5303 3368 5349 occurrerunt
3405 5293 3496 5350 tibi
3539 5280 3816 5358 plurimallo‘

2328 5385 2572 5453 pulcrum
2613 5393 2862 5451 Caterva,
2896 5400 3000 5440 una
3032 5399 3162 5441 voce
3189 5393 3572 5458 perstrepentes
3599 5395 3611 5432 :
3637 5367 3815 5463 80531.1“.a

2325 5475 2427 5530 Fili
2457 5476 2639 5543 David,
2684 5476 2992 5532 benedictus
3032 5478 3122 5546 qui
3165 5479 3309 5534 venit
3352 5480 3404 5534 in
3435 5474 3628 5533 nomine
3648 5464 3811 5520 Domi!"-

2323 5569 2448 5626 Tibi
2493 5570 2635 5626 enim
2683 5585 2802 5626 cum
2844 5571 3019 5640 lingua
3050 5585 3206 5626 coma
3243 5573 3460 5629 servivit
3499 5567 3707 5624 arborea.
3731 5553 3810 5640 cf“?

2324 5676 2547 5717 arenosa
2595 5661 2784 5716 itinera
2839 5663 3001 5718 ramis
3059 5663 3338 5718 viruerunt
3374 5656 3656 5731 composita.
3689 5635 3810 5696 Plebis

2323 5767 2531 5824 quoque
2558 5751 2921 5808 indumentum
2948 5754 3050 5807 tuis
3073 5752 3267 5822 plantis
3290 5730 3552 5817 sternitur,
3572 5730 3809 5802 nudatisque

715 5886 742 5916 ι
772 5875 876 5934 Pro
911 5874 1186 5934 Dominica
1232 5876 1286 5933 in
1307 5875 1524 5944 Palmis,
1555 5885 1613 5932 ut
1639 5883 1855 5932 notatur
1882 5878 1936 5934 in
1979 5879 2050 5936 lib
2080 5896 2114 5938 ll
2145 5883 2392 5959 adhunc
2421 5889 2586 5958 diem,
2615 5899 2669 5947 et
2699 5888 2918 5948 inferius
2953 5889 3004 5946 in
3033 5888 3230 5947 Missali
3258 5890 3540 5949 Gallicana.
3596 5904 3612 5941 ι
