4048 6350
176 296 333 359 ἓϐδ

1260 309 1348 370 DE
1385 310 1705 375 LITUBGIA
1747 320 2141 381 GALLICANA
2181 321 2382 383 LIBER
2422 327 2509 387 III.

3415 341 3521 405 206

181 416 356 519 viris
412 418 502 519 via
546 420 823 519 vestitur;
865 417 1068 481 Victori
1132 441 1271 483 novo
1321 430 1551 501 populus
1614 438 1910 502 praestatA
1936 436 2059 493 fidei
2091 440 2633 513 devotioneconlatis,
2669 459 2865 508 mutua:
2892 452 3119 512 invicem
3148 458 3519 519 sollicitudinis

188 509 592 583 triumphum.
623 513 804 587 Surgit
826 524 970 572 totus
998 518 1201 576 clamor
1224 522 1276 576 in
1308 522 1501 589 laude;
1540 540 1697 583 voces
1722 528 1831 584 cla-

184 608 496 661 mantium
543 614 825 676 penetrant
872 611 1152 681 templum,
1197 613 1434 671 dicentes
1469 635 1482 671 :
1515 617 1832 676 Benedictus

183 698 314 769 qui
341 699 497 755 venit
536 699 588 755 in
616 702 835 759 nomine
866 703 1103 763 Domini.
1134 707 1294 776 Ecce,
1319 709 1674 780 Hierusalem,
1701 728 1829 784 qua-

188 792 351 850 liter
382 795 478 851 tibi
509 796 626 853 Rex
656 805 778 853 tuus
821 799 1017 856 sedens
1060 817 1222 873 super
1266 803 1472 860 asiutim
1523 815 1831 863 mansuetus

188 888 471 943 advenit.
517 888 724 945 Adveni
766 906 914 962 ergo,
942 908 1210 965 rogamus,
1235 892 1373 954 etin
1398 898 1827 956 medium.nostri

196 979 473 1047 adsiste;
513 990 567 1037 et
604 983 695 1053 qui
722 999 833 1059 _nos
872 994 999 1043 tunc
1035 991 1291 1059 reparasti
1331 1006 1428 1061 per
1454 1008 1692 1062 crucem,
1731 1010 1828 1064 per

192 1070 393 1127 istum
421 1072 753 1131 immolatum
786 1092 977 1147 panem
1002 1089 1056 1135 et
1077 1084 1395 1151 sanguinem
1424 1085 1615 1141 iterum
1647 1089 1827 1157 lapsos

184 1176 437 1237 reparat,
470 1176 530 1223 ut
560 1179 613 1226 te
635 1169 893 1229 advenire
921 1175 972 1229 in
1003 1179 1202 1234 nostris
1227 1180 1480 1236 cordibus
1507 1183 1823 1252 sentientes,

184 1273 478 1318 exeamus
520 1264 732 1321 obviam
764 1266 861 1333 tui,
890 1276 944 1324 et
970 1284 1090 1325 cum
1134 1274 1382 1343 supernis
1412 1274 1514 1333 illis
1540 1277 1825 1335 virtutibus

187 1355 522 1413 elamemus
550 1356 793 1415 dicentes
820 1378 832 1413 :
865 1359 1114 1417 Sanctus.

810 1452 929 1505 Post
950 1455 1177 1508 Sanctus.

285 1531 420 1587 Haec
449 1540 533 1588 est
558 1533 673 1589 sine
705 1534 811 1591 fine
857 1535 1100 1605 felicitas,
1131 1539 1248 1595 haec
1292 1549 1374 1597 est
1401 1541 1675 1597 beatitudo
1704 1543 1819 1599 sine

201 1624 481 1703 termino,
525 1625 603 1681 sic
643 1625 756 1683 Deo
800 1628 1170 1687 indesinenter
1209 1634 1417 1690 bzerere
1442 1676 1459 1702 ,
1505 1643 1563 1690 ut
1600 1637 1715 1705 ipse
1752 1635 1821 1692 sit

202 1730 352 1787 spes
376 1759 392 1783 ,
423 1718 538 1788 ipse
577 1719 647 1775 sit
684 1721 917 1791 requies.
962 1723 1021 1778 In
1057 1723 1174 1794 ipso
1211 1726 1397 1797 vigilet
1434 1728 1724 1797 negotium,
1763 1728 1816 1783 in

1936 541 2057 585 vota
2086 549 2413 605 premamus,
2442 554 2468 593 a
2512 540 2721 597 Domini
2750 546 2945 613 pietate
2974 560 3254 617 poscentes
3278 540 3336 607 ut
3361 556 3519 611 corda

1934 623 2168 679 omnium
2201 626 2519 687 offcrenlum
2550 632 2615 687 ad
2658 636 2883 691 h’ostiam
2915 640 3246 698 rationabilis
3279 655 3333 700 et
3374 662 3516 702 com-

1936 714 2139 784 placita:
2169 719 2270 774 sibi
2300 724 2734 783 sanctificationis
2761 732 3033 800 emundet,
3059 745 3111 789 et
3135 736 3519 805 quiescentium

1933 810 2138 865 animus
2190 813 2243 867 in
2296 816 2415 871 sinu
2460 819 2688 875 Ahrahm
2739 824 3008 881 collocare
3054 826 3320 896 dignetur,
3366 840 3420 888 et
3468 834 3520 888 in

1931 912 2079 971 parte
2128 905 2313 973 prima:
2342 911 2750 968 resurrectionis
2793 916 3063 974 admittat.
3095 921 3197 975 Per
3222 920 3518 983 Dominum

1932 1004 2169 1053 nostrum
2179 1037 2192 1053 .

2437 1075 2671 1126 Collectto
2690 1080 2746 1127 ad
2772 1091 2962 1140 pacem.

2002 1151 2163 1219 lteus,
2193 1154 2283 1223 qui
2315 1168 2643 1228 assumptum
2686 1162 2957 1217 hominem
3002 1174 3287 1222 evecturus
3314 1170 3381 1225 ad
3410 1184 3515 1226 ca:-

1928 1243 2031 1310 los,
2057 1245 2198 1301 inter
2219 1249 2484 1317 praecipua
2515 1252 2882 1308 mandatorum
2912 1263 3121 1312 tuorum
3153 1260 3391 1327 patribus
3421 1276 3517 1316 uo-

1924 1340 2052 1393 stris
2081 1340 2338 1408 apostolis
2370 1357 2553 1411 pacem
2594 1346 2876 1416 reliquisti,
2907 1350 3082 1405 tribue
3111 1352 3262 1407 nobis
3308 1352 3518 1409 famulis

1924 1432 2031 1487 tuis
2081 1435 2437 1490 sectatoribus
2462 1439 2795 1508 earumdem,
2838 1457 2932 1510 per
2956 1445 3238 1500 exterioris
3286 1445 3517 1503 hominis

1874 1524 1879 1527 ’
1924 1526 2185 1592 osculum,
2215 1527 2482 1584 interioris
2512 1529 2745 1586 hominis
2774 1547 2981 1601 pacem.
3016 1537 3168 1604 Quod
3196 1538 3331 1608 ipse.

2467 1623 2737 1676 Immolatio
2759 1629 2937 1677 missas.

1995 1704 2157 1776 238
2187 1704 2413 1776 Dignum
2442 1717 2496 1762 et
2538 1707 2743 1777 justum
2772 1720 2855 1765 est
2903 1725 3000 1780 per
3023 1712 3206 1769 Jesum
3238 1713 3510 1771 Christum

194 1806 335 1878 ipso
364 1809 534 1866 οιίηηι
565 1812 933 1883 conquiescat.
962 1812 1053 1872 Sic
1082 1817 1238 1872 nobis
1264 1796 1443 1874 gibum
1471 1796 1814 1886 pmbendum
1847 1827 1895 1888 B
1924 1796 2115 1851 Filium
2162 1807 2307 1853 tuum
2341 1799 2625 1856 Dominum
2659 1812 2927 1858 nostrum.
2956 1804 3058 1871 Qui
3088 1820 3303 1862 suorum
3349 1810 3512 1878 pedes

194 1900 297 1956 vel
352 1902 625 1971 poculum,
654 1914 712 1958 ut
740 1905 990 1976 quicquid
1034 1908 1394 1979 praefiguravit
1434 1910 1487 1964 in
1521 1912 1813 1981 mysteriis,

198 1992 411 2050 reddat
436 1995 491 2050 in
524 1996 776 2067 praemiis,
806 2013 905 2071 per
931 1998 1205 2057 Christum
1235 2001 1520 2059 Dominum
1547 2012 1808 2060 nostrum.

196 2084 312 2153 Qui
354 2086 494 2157 prid.

826 2180 947 2232 Post
966 2186 1179 2233 secreta.

284 2259 485 2331 Aspice
530 2262 586 2319 in
627 2263 761 2320 caelo
790 2266 939 2321 vultu
968 2275 1080 2335 tuo,
1115 2267 1201 2336 pie
1227 2265 1526 2334 miserator,
1561 2268 1675 2324 haec
1697 2284 1813 2324 mu-

200 2368 367 2421 nera,
401 2356 488 2427 qui
512 2370 726 2427 semper
754 2374 813 2414 es
844 2374 1143 2430 propensus
1166 2360 1233 2415 ad
1254 2360 1435 2429 dona;
1461 2371 1515 2417 et
1540 2362 1654 2432 ipsa
1684 2378 1812 2418 con-

209 2447 576 2519 templatione
602 2450 780 2506 oblata
807 2452 1110 2509 sauctifices
1139 2454 1368 2510 naturali
1390 2455 1694 2526 majestate,
1720 2457 1807 2527 qui

207 2552 475 2615 perpetue
502 2558 721 2602 sanctus
748 2561 828 2613 es,
885 2555 942 2604 et
982 2558 1163 2604 sancta
1217 2549 1448 2621 largiris.
1500 2548 1654 2618 Quod
1696 2550 1811 2622 ipse

203 2647 399 2709 praest.

622 2734 755 2786 Ante
778 2736 1056 2786 orationem
1079 2734 1405 2788 Dominieam.

282 2816 440 2889 337
471 2815 878 2875 Venerabilibus
930 2819 1201 2876 informati
1247 2821 1548 2891 praeceptis,
1604 2821 1808 2876 incitati

204 2921 433 2963 munere
458 2908 690 2980 pietatis,
711 2911 799 2981 qui
831 2911 1008 2967 Mariae
1029 2913 1209 2969 ﬂentis
1234 2913 1499 2984 lacrymas
1528 2929 1633 2969 non
1656 2928 1809 2984 sper-

204 2999 317 3067 nis,
347 2999 552 3057 Lazaro
577 3002 859 3073 dignanter
894 3013 1306 3074 cognomentum
1339 3006 1522 3060 fratris
1551 3006 1803 3075 imponis,

203 3094 461 3153 Ecclesia:
488 3097 704 3154 soboles
730 3100 970 3169 appellas
999 3114 1095 3156 ore
1122 3100 1309 3172 gratim
1354 3100 1671 3166 coheredes,
1705 3100 1802 3157 tibi

199 3190 471 3263 supplices
495 3192 808 3260 clamamus,
837 3202 891 3248 et
922 3192 1147 3248 dicimus
1174 3209 1188 3246 :
1220 3193 1394 3248 Pater.

630 3286 749 3337 Post
766 3288 1043 3338 orationem
1068 3287 1391 3339 Dominicam.

276 3367 499 3433 Exerce,
516 3367 793 3436 liberator,
824 3370 875 3423 in
907 3368 1059 3425 nobis
1082 3369 1218 3439 juris
1240 3369 1442 3439 proprii
1460 3368 1788 3439 facultatem,

205 3461 298 3535 qui
322 3461 505 3518 laxari
546 3463 819 3530 virtutem,
852 3462 1032 3518 Mariae
1075 3465 1347 3533 pietatem,
1381 3463 1599 3521 Marthae
1646 3466 1792 3522 labo-

204 3568 320 3614 rem
364 3572 696 3623 remuneras,
734 3556 973 3613 favorem
1026 3558 1195 3623 plebis
1238 3558 1464 3624 excites,
1509 3567 1566 3615 et
1615 3559 1792 3616 Patris

205 3659 336 3707 voce
353 3652 579 3706 concina
604 3648 855 3717 gloriaris
882 3648 1219 3720 omnipotens
1240 3649 1403 3705 Deus.
1435 3650 1537 3717 Qui
1566 3650 1623 3705 in
1652 3651 1718 3706 Τ.
1770 3692 1771 3695 η

536 3739 766 3797 XXVIII.
802 3755 950 3796 IISSA
982 3756 1033 3795 IN
1064 3755 1223 3796 cum
1252 3756 1450 3797 bonist.

283 3837 708 3900 Sacrosanctam,
757 3834 947 3890 fratres
983 3833 1341 3901 dilectissimi,
1393 3833 1652 3890 hodierna
1702 3834 1792 3891 die

208 3927 520 3987 inchoanda
542 3926 762 3982 Pascha:
785 3925 1224 3991 sollemnitatem,
1254 3941 1319 3981 ac
1346 3926 1671 3981 salutiferam
1693 3926 1791 3981 do-

207 4019 414 4077 minicae
444 4017 823 4075 immolationis
871 4016 1104 4087 effigiem
1151 4015 1203 4071 in
1231 4016 1494 4075 sacrificio
1540 4018 1788 4089 spiritali,

208 4111 420 4170 Christo
463 4111 744 4178 offerente,
780 4108 1129 4177 transquam,
1159 4123 1263 4164 non
1291 4108 1399 4179 jam
1447 4110 1501 4163 in
1533 4111 1785 4166 amaritu-

211 4205 331 4263 dine
358 4206 554 4277 azymi,
587 4219 760 4275 neque
790 4204 843 4258 in
877 4202 1371 4259 fermentoveteris
1409 4202 1623 4263 malitiae
1648 4204 1792 4261 cele-

212 4297 442 4367 brantes,
468 4298 641 4371 sedit:
673 4313 810 4352 nova
841 4306 895 4353 et
923 4297 1131 4352 sincera
1170 4296 1571 4366 consparsione,
1603 4298 1792 4353 imma-

210 4390 401 4446 culatas
426 4390 593 4444 sacris
622 4389 880 4444 altaribus
906 4387 1108 4443 hostias
1130 4386 1791 4458 oﬂ’erentes,omnipoten-

212 4491 313 4539 tem
352 4482 512 4537 Deum
558 4496 655 4553 per
681 4481 1011 4551 unigenitum
1058 4480 1251 4536 Filium
1301 4481 1789 4551 suum.Dominum

210 4588 439 4635 nostrum
485 4578 667 4633 Jesum
713 4577 985 4631 Christum
1017 4576 1404 4645 deprecemur;
1435 4576 1526 4648 qui
1576 4578 1691 4632 haec
1734 4578 1789 4633 in

210 4671 343 4728 sacri
381 4671 620 4742 corporis
649 4679 703 4726 et
732 4669 1007 4740 sanguinis
1035 4669 1115 4724 sui
1167 4668 1437 4725 oblatione
1479 4669 1794 4726 benedicere

211 4769 266 4818 et
299 4762 625 4817 sanctificare
671 4760 917 4828 dignatus
946 4769 1050 4828 est,
1083 4761 1154 4814 ita
1188 4759 1523 4815 offerentium
1570 4759 1793 4816 famulo-

213 4867 546 4910 rumsuorum
562 4866 785 4908 munera
806 4851 982 4907 oblata
1005 4852 1321 4916 benedicat;
1346 4862 1404 4908 ut
1426 4869 1521 4924 per
1544 4854 1797 4909 inlustra-

211 4946 400 5001 tionem
459 4944 692 5014 Spiritus
745 4943 938 5009 sancti,
993 4938 1356 5002 deferentibus
1406 4945 1628 5013 nuntiis,
1660 4946 1794 5003 odor

212 5036 470 5094 Suavitatis
513 5034 793 5091 ascendat.
844 5034 947 5091 Per
986 5035 1266 5092 Dominum
1321 5046 1563 5094 nostrum
1609 5037 1789 5095 Iesum

211 5126 464 5186 Christum
495 5126 597 5183 Fil.

735 5216 973 5269 Collectio
993 5220 1234 5281 sequitur.

283 5311 411 5368 Deus
439 5310 936 5381 sanctiﬁcationum,
962 5319 1018 5366 et
1065 5311 1319 5368 Dominus
1354 5314 1647 5371 caelestium
1678 5318 1784 5373 vir-

213 5412 393 5471 tutum,
433 5406 623 5461 exaudi
668 5421 851 5475 preces
901 5414 1134 5471 nostras,
1166 5414 1220 5460 et
1263 5407 1599 5464 henedictam
1646 5411 1783 5467 hanc

214 5492 429 5570 plebem,
458 5498 668 5554 Domini
717 5498 887 5554 nostri
915 5497 1040 5553 Jesu
1071 5497 1267 5553 Christi
1302 5500 1630 5571 redemptam
1660 5518 1783 5559 sau-

213 5590 381 5662 guine,
411 5590 477 5647 de
504 5591 634 5648 sede
656 5600 864 5658 sancta,
890 5589 1274 5646 inaccessibilis
1301 5589 1538 5652 claritas.
1573 5593 1785 5650 exaudi.

214 5684 310 5742 Per
332 5693 481 5740 curet.

812 5773 932 5825 Post
946 5776 1143 5825 nomina

283 5859 508 5920 Diversis
535 5858 894 5917 oblationibus
924 5859 1092 5914 sacris
1121 5857 1400 5926 altaribus,
1442 5873 1548 5915 una
1599 5866 1777 5919 tamen

520 5954 797 6017 Panos.
858 5950 1125 6014 LXXII.

1919 1890 2303 1960 discipulorum
2345 1894 2507 1950 linteo
2536 1896 2854 1965 praecinctus
2884 1897 3071 1965 abluit,
3103 1908 3158 1954 et
3200 1900 3512 1957 humilitatis

1917 1985 2219 2055 exemplum
2253 1987 2573 2043 transiturus
2599 1988 2799 2043 eisdem
2822 1989 2890 2045 de
2918 1991 3116 2045 mundo
3141 1993 3371 2061 reliquit.
3404 1992 3513 2048 Ma.

1913 2078 2081 2147 gister
2103 2079 2303 2148 quippe
2325 2080 2636 2135 verissimus
2663 2082 2819 2137 factis
2845 2082 3117 2150 informat,
3133 2099 3268 2154 quos
3296 2085 3512 2142 monitis

1914 2173 2245 2229 salutaribus
2276 2176 2578 2243 frequenter
2624 2174 2967 2231 instruxerat.
2998 2178 3102 2232 Sed
3140 2178 3268 2248 quid
3317 2178 3509 2233 mirum

1914 2264 1959 2319 si
2006 2267 2289 2334 praecinxit
2328 2280 2390 2321 se
2419 2267 2605 2331 linteo,
2634 2267 2723 2335 qui
2766 2267 2993 2322 formam
3023 2269 3168 2322 servi
3212 2269 3506 2337 aeripiens,

1914 2352 2099 2410 habitu
2133 2365 2217 2410 est
2246 2356 2491 2410 inventus
2521 2365 2579 2411 ut
2611 2357 2815 2411 homo?
2844 2367 2936 2412 aut
2957 2357 3081 2426 quid
3114 2358 3304 2412 mirum
3334 2360 3377 2413 si
3411 2359 3509 2413 mi-

1912 2448 1987 2504 sit
2015 2464 2205 2517 aquam
2233 2450 2283 2503 in
2315 2451 2545 2519 pelvem,
2575 2461 2629 2505 ut
2660 2451 2863 2506 lavaret
2900 2470 2917 2518 ιν
2932 2451 3060 2505 edes
3101 2452 3503 2520 discipulorum,

1911 2542 2004 2611 qui
2049 2541 2101 2595 in
2130 2550 2271 2597 terra
2298 2543 2611 2613 sanguinem
2652 2541 2809 2609 fudit,
2835 2552 2892 2597 ut
2915 2542 3305 2597 immunditiam
3333 2543 3503 2597 dilue-

1911 2643 1995 2690 ret
2021 2636 2398 2704 peccatorum?
2425 2636 2513 2690 llle
2540 2636 2715 2706 itaque
2740 2635 2903 2690 linteo
2926 2650 3030 2704 quo
3051 2645 3168 2691 erat
3186 2636 3506 2705 praecinctus

1910 2729 2076 2799 pedes
2106 2743 2238 2798 quos
2268 2730 2471 2784 laverat
2499 2728 2668 2796 tersit,
2692 2728 2781 2799 qui
2812 2743 2973 2783 carne
3012 2744 3114 2799 qua
3142 2739 3258 2785 erat
3286 2730 3504 2785 indutus

1910 2822 2353 2893 evangelistarum
2374 2823 2593 2893 vestigia
2619 2824 2978 2878 confirmavit.
3007 2823 3162 2879 Lavit
3187 2825 3505 2895 ergo’pedes

1910 2915 2295 2985 discipulorum
2328 2917 2619 2983 Dominus;
2649 2933 2877 2987 quorum
2905 2928 3082 2973 autem
3116 2918 3280 2989 pedes
3306 2920 3505 2974 extrin.

1909 3021 2066 3063 secus
2096 3007 2371 3073 abluebat,
2402 3008 2640 3078 ipsorum
2671 3010 2876 3063 animas
2902 3008 3244 3079 indulgentia:
3275 3010 3505 3078 hyssopo

1907 3098 2231 3153 intrinsecus
2245 3098 2517 3166 expiabat.
2532 3099 2576 3153 Ο
2598 3099 2909 3154 admirabile
2923 3110 3335 3164 sacramentum,
3351 3116 3504 3171 gran—

1825 3212 1871 3281 ε
1908 3190 1975 3246 de
1990 3190 2302 3262 mySterium
2325 3190 2616 3245 lTurbatur
2632 3191 2818 3247 Petrus
2841 3207 3067 3248 cernens
3078 3193 3379 3262 exemplum
3394 3202 3502 3248 tan-

1899 3296 1969 3341 tae
1984 3284 2293 3339 humilitatis
2309 3285 2360 3339 in
2380 3300 2506 3355 rege
2523 3293 2682 3339 tanta;
2699 3285 3015 3353 maiestatis;
3033 3287 3290 3342 tremiscit
3303 3301 3501 3357 pavens

1896 3375 2220 3437 humanitas,
2251 3374 2373 3443 quia
2395 3373 2461 3429 ad
2490 3376 2606 3443 ejus
2628 3376 2849 3444 vestigia
2880 3391 2999 3430 sese
3023 3376 3283 3431 inclinare
3306 3378 3493 3447 digna-

1896 3476 1980 3523 tur
2004 3466 2284 3523 Divinitas.
2313 3464 2418 3521 Sed
2452 3466 2550 3519 nisi
2585 3464 2723 3521 Deus
2768 3465 2836 3520 ad
2869 3465 3140 3520 hominem
3183 3466 3491 3521 humiliatus

1895 3560 2269 3626 inclinaretur,
2302 3559 2367 3613 ad
2405 3559 2568 3613 Deum
2600 3558 2761 3613 homo
2789 3567 3003 3614 erectus
3025 3573 3319 3629 numquam
3351 3561 3495 3614 leva-

1893 3661 2064 3709 retur.
2107 3652 2182 3706 Ex
2231 3660 2356 3706 tunc
2381 3651 2523 3705 enim
2571 3650 2730 3706 homo
2770 3650 3061 3706 viventium
3115 3660 3287 3706 terras
3328 3652 3499 3721 erepit

1893 3744 2168 3813 adpetere,
2196 3758 2259 3797 ex
2311 3757 2417 3812 quo
2445 3742 2585 3798 Deus
2617 3743 2669 3796 in
2699 3743 2918 3814 regione
2944 3743 3277 3808 mortalium,
3302 3745 3489 3799 huma-

1893 3837 2075 3892 nitatis
2104 3846 2187 3892 est
2213 3835 2463 3906 dignatus
2492 3835 2671 3891 lumen
2702 3837 3007 3893 ostendere.
3038 3837 3179 3894 Ante
3205 3854 3255 3893 c.

2431 3961 2435 3965 λ
2503 3931 2622 3981 Post
2644 3932 2871 3983 Sanctus.

1965 4013 2104 4070 Vere
2144 4022 2361 4070 sanctus
2392 4024 2446 4069 et
2483 4015 2661 4083 justus
2690 4030 2772 4084 es,
2806 4015 3055 4082 Domine,
3095 4031 3221 4072 vere
3263 4030 3488 4086 magnus

1893 4116 1949 4163 et
1989 4109 2108 4179 pius
2136 4123 2216 4176 es,
2260 4108 2350 4178 qui
2398 4107 2591 4163 Filium
2641 4116 2788 4164 tuum
2821 4108 3107 4164 Dominum
3136 4120 3373 4165 nosuum
3399 4109 3492 4165 Je-

1890 4211 2010 4254 sum
2049 4198 2318 4254 Christum
2347 4199 2502 4256 nobis
2532 4200 2709 4256 lumen
2740 4201 2807 4256 ad
2835 4210 3007 4257 terras
3034 4217 3099 4257 ex
3128 4217 3335 4258 summa
3366 4205 3493 4259 emli

1891 4303 2015 4347 arce
2045 4290 2237 4346 misisti
2261 4294 2592 4363 captivorum
2621 4308 2905 4364 corporum
2936 4295 3354 4366 redemptorem.
3376 4296 3493 4366 Ipse

1892 4395 2035 4435 enim
2075 4397 2130 4450 q.
2510 4454 2629 4506 Post
2653 4462 2868 4510 secreta.

1963 4535 2147 4605 Agnus
2182 4535 2300 4601 Dei,
2329 4538 2418 4607 qui
2462 4538 2605 4593 tollis
2656 4550 2872 4609 peccata
2919 4539 3123 4607 mundi,
3178 4541 3385 4609 respice
3429 4542 3486 4598 in

1821 4623 1877 4687 D
1899 4640 2019 4694 nos,
2049 4637 2104 4683 et
2148 4630 2405 4683 miserere
2447 4629 2621 4693 nobis,
2656 4630 2824 4684 factus
2856 4629 3008 4685 nobis
3039 4631 3151 4700 ipse
3180 4632 3355 4687 hostia
3398 4633 3491 4700 qui

1898 4724 2170 4789 sacerdos,
2196 4725 2308 4793 ipse
2339 4726 2614 4793 praemium
2644 4724 2730 4792 qui
2756 4724 3112 4793 Redemptor;
3135 4740 3163 4777 a
3194 4725 3348 4779 malis
3368 4741 3485 4780 om-

1896 4816 2055 4873 nibus
2091 4831 2224 4888 quos
2253 4816 2551 4879 redemisti,
2582 4815 2955 4880 custodi,'Sal.

2308 4930 2435 4980 Ante
2460 4931 2732 4981 orationem
2748 4929 3066 4980 Dominicam.

1967 5033 2087 5090 Vivi
2111 5035 2264 5104 panis
2292 5034 2542 5089 alimenta
2572 5043 2628 5089 et
2667 5035 2803 5090 sacri
2835 5034 3109 5106 sanguinis
3133 5034 3270 5089 dona
3300 5048 3483 5105 sump-

1894 5126 2034 5195 turi,
2071 5126 2343 5182 Dominica
2393 5141 2552 5196 prece
2607 5134 2815 5183 mentes
2871 5136 2926 5182 et
2970 5126 3130 5181 corda
3190 5127 3485 5183 firmemus.

1892 5222 2164 5289 Agnoscat
2190 5220 2493 5276 Altissimus
2534 5220 2654 5276 Filii
2686 5220 2767 5277 sui
2808 5235 3022 5285 vocem;
3056 5230 3112 5274 et
3136 5221 3297 5275 verba
3327 5218 3487 5275 Chri-

1891 5312 1958 5377 sti
1983 5312 2046 5366 ad
2068 5327 2225 5368 aures
2247 5312 2500 5368 Paternas
2517 5311 2796 5371 concordis
2820 5312 2999 5384 populi
3022 5311 3222 5366 clamor
3244 5311 3483 5379 adtollat,

1890 5415 1945 5460 et
1971 5404 2146 5461 dicat:
2176 5403 2353 5459 Pater.

2296 5496 2414 5546 Post
2434 5498 2701 5547 orationem
2724 5496 3050 5546 Dominicam.

1961 5586 2169 5651 Libera,
2216 5586 2457 5653 Domine,
2502 5588 2668 5643 libera
2707 5602 2808 5642 nos
2847 5588 2915 5642 ab
2954 5587 3100 5642 omni
3139 5588 3318 5654 malo,
3360 5598 3415 5644 et
3450 5606 3482 5645 a

1889 5680 2194 5736 fortissimis
2242 5680 2562 5735 adversariis
2610 5678 2824 5733 diabolo
2871 5688 2927 5735 et
2973 5689 3184 5747 morte,
3230 5696 3314 5746 ea,
3358 5696 3481 5749 quas

1888 5774 2090 5829 cunctis
2121 5773 2307 5828 fortior
2337 5782 2447 5839 est,
2466 5771 2679 5828 virtutis
2705 5779 2760 5825 et
2782 5770 3018 5830 dexterze
3048 5785 3154 5832 tute
3195 5774 3479 5843 protectio-

1888 5879 1956 5919 ne
1985 5862 2228 5922 defende.
2981 5951 3023 6012 9
