4048 6350
614 313 729 383 ιον

1133 418 1256 472 Post
1276 422 1687 471 communionem.

693 506 943 561 Con-ede
989 502 1164 571 nobis,
1193 503 1533 574 omnipotens
1567 500 1721 567 Deus,
1759 509 1815 554 ut
1844 500 1981 553 sicut
2011 507 2215 568 tempo-

624 598 722 654 rali
752 612 905 652 omna
952 604 1053 651 tute
1078 594 1346 665 passionis
1376 592 1664 657 relicimur,
1694 591 1764 645 ita
1793 588 1975 645 satiari
2005 601 2207 645 merea-

625 707 748 748 ιιιιιι·
777 699 995 744 aeterna.

782 806 977 862 XXIX.
1020 820 1285 862 IICIPIUNT
1325 817 1621 859 annonas
1660 817 1713 857 IN
1753 816 1981 856 ιιωυλιυι
2013 810 2062 849 ιι.

702 920 861 991 339
903 918 976 972 Da
1004 917 1157 973 nobis
1182 958 1197 982 ,
1233 915 1493 981 Domine,
1526 922 1798 983 perpetuae
1822 892 2216 966 benedictionis

628 1029 822 1070 munus
855 1014 1128 1082 accipere,
1164 1027 1259 1080 pro
1288 1012 1481 1081 quibus
1511 1009 1822 1078 Unigenitus
1852 1016 2004 1072 tuus,
2038 1008 2210 1077 sputis

628 1104 831 1171 inlitus,
869 1104 1068 1174 palmas
1097 1102 1303 1171 accepit
1332 1110 1387 1157 et
1410 1100 1692 1170 colaphos.
1719 1100 1822 1167 Qui
1846 1108 2042 1155 tecum.

1095 1215 1260 1265 Oratio
1284 1228 1411 1264 nunc
1436 1216 1494 1264 ad
1521 1212 1744 1264 Sextam.

706 1321 951 1392 Respice,
985 1322 1242 1390 Domine,
1274 1337 1438 1393 super
1468 1321 1609 1377 hanc
1638 1319 1894 1376 familiam
1926 1328 2068 1374 tuam
2102 1332 2223 1387 pro.

630 1418 793 1493 pitius
818 1458 834 1482 ,
869 1432 966 1487 pro
996 1434 1096 1488 qua
1123 1418 1384 1472 Dominus
1414 1424 1602 1472 noster
1642 1416 1802 1471 Jesus
1831 1414 2077 1471 Christus
2115 1426 2222 1467 non

629 1512 888 1566 dubitavit
933 1510 1180 1565 manibus
1228 1508 1366 1565 tradi
1417 1508 1723 1564 nocentium
1758 1514 1816 1562 et
1840 1506 2016 1561 crucis
2042 1504 2226 1561 subire

631 1613 984 1659 tormentum.
1016 1602 1119 1658 Per
1145 1618 1292 1657 eum.

1118 1712 1288 1764 Oratio
1310 1723 1439 1761 nunc
1457 1710 1519 1760 ad
1544 1708 1751 1763 Nouem.

1314 302 1665 364 APPENDIX
1701 302 1795 360 AD
1830 300 2063 359 ορειυι
2101 296 2346 358 εΔΝοτι
2386 297 2699 357 GERMANI
2738 293 3190 356 PARISIENSIS.
3778 296 3850 355 ibi

2239 419 2299 482 Α

2548 434 2715 492 XXX.
2756 450 3029 491 PMFATIO
3069 450 3123 489 tit
3166 443 3399 489 amant
3441 442 3683 488 essene.

2394 530 2601 585 Domini
2648 530 2817 599 gratia
2862 543 2956 597 per
2994 540 3184 597 aquam
3225 535 3278 581 et
3320 525 3590 595 Spiritum
3621 527 3794 590 renati,
3820 543 3852 585 ei

2321 637 2417 693 per
2442 621 2790 691 multiplicem
2820 620 3061 675 Paterna
3092 616 3397 675 dilectionis
3432 617 3776 688 provisioneui
3797 621 3853 671 in-

2320 714 2561 770 numeris
2593 714 2793 781 laqueis
2823 713 3116 780 abstracti,
3144 712 3304 782 huius
3344 711 3550 767 divina
3594 712 3853 780 dignationis

2322 818 2595 861 auctorem
2625 804 2909 860 Dominum
2938 805 3161 859 insenso
3189 803 3516 873 vespertinae
3544 802 3712 871 procis
3736 804 3854 857 sacri-

2324 899 2467 966 ficio,
2493 909 2546 954 et
2567 898 2620 954 in
2648 899 2850 955 calcati
2875 898 3050 966 patina
3081 913 3177 967 per
3217 897 3468 968 spiritum
3493 907 3696 961 erecto,
3715 906 3762 951 et
3780 897 3855 965 igne

2323 992 2417 1048 illo
2445 1006 2603 1062 quem
2632 993 2747 1060 ipse
2773 991 2825 1045 in
2858 990 3012 1045 nobis
3042 989 3263 1045 accendi
3308 988 3614 1054 desiderat,
3643 988 3856 1042 soliemni-

2326 1095 2408 1141 ter
2433 1094 2631 1149 assato,
2664 1084 2921 1153 precariis
2950 1082 3255 1151 affectibus,
3283 1083 3482 1137 fratres
3514 1080 3857 1147 carissimi,de-

2327 1193 2629 1248 precemur,
2660 1188 2719 1233 ut
2749 1180 2911 1232 totius
2938 1180 3064 1232 vita
3086 1178 3337 1241 erimina,
3363 1186 3419 1232 et
3440 1173 3698 1229 cotidiani
3718 1172 3858 1229 erroris

2326 1271 2597 1333 maculas,
2642 1278 2699 1324 et
2750 1270 2997 1324 humanm
3046 1267 3345 1337 fragilitatis
3394 1266 3613 1329 debita,
3650 1265 3697 1319 in
3732 1265 3857 1317 antli‘

2328 1363 2641 1431 septimana:
2669 1362 2877 1416 dierum
2916 1360 3266 1431 quadraginta
3294 1398 3309 1421 ,
3339 1373 3403 1413 ac
3442 1357 3641 1426 sepulti
3682 1357 3859 1419 corporis

2329 1459 2413 1512 sui
2438 1457 2670 1512 Sabbato
2701 1457 2854 1511 nobis
2884 1456 3164 1513 concedat.
3191 1455 3297 1509 Nos
3344 1469 3571 1525 quoque
3613 1452 3663 1507 in
3694 1466 3857 1506 numero

2328 1552 2446 1605 veri
2478 1549 2727 1606 Israhelis
2752 1549 2987 1620 Egypto
3031 1548 3216 1621 egredi
3246 1544 3440 1611 faciat;
3472 1555 3530 1602 et
3560 1547 3768 1601 inimicis
3788 1558 3860 1613 pen

2330 1642 2526 1709 cussis,
2558 1642 2612 1696 in
2643 1658 2800 1697 unam
2852 1642 3146 1698 Ecclesiam
3195 1640 3485 1696 catholicis
3535 1634 3859 1705 domuntpaeli
3924 1688 3925 1691 η

2334 1734 2546 1790 Domini
2575 1736 2935 1801 celebrantes,
2973 1738 3106 1806 Agni
3149 1734 3481 1790 inmaculati
3526 1733 3765 1800 sanguine
3784 1743 3861 1783 eor-

706 1820 883 1886 Deus,
928 1820 1020 1889 qui
1053 1832 1148 1888 pro
1176 1818 1550 1886 redemptione
1580 1823 1761 1871 nostra
1802 1813 2055 1884 accepisti
2080 1827 2219 1869 sau-

2332 1840 2516 1897 porum
2549 1839 2854 1882 nostrorum
2887 1830 3134 1898 postibus
3165 1827 3406 1899 aspersis
3431 1860 3447 1890 .
3482 1828 3538 1881 in
3581 1824 3725 1880 istius
3746 1819 3861 1877 noctis

628 1913 849 1983 guinem
876 1911 1004 1967 Jesu
1031 1910 1253 1977 Christi,
1286 1909 1434 1966 solre
1463 1924 1683 1976 operam
1708 1908 1929 1975 diaboli,
1952 1917 2008 1964 et
2035 1922 2229 1963 omnes

632 1998 854 2075 iaqueos
884 2004 1155 2072 disrumpc
1187 2003 1415 2073 peccati,
1446 2010 1504 2059 ut
1533 2016 1834 2060 creaturam
1858 2003 2220 2074 regeneratio~

634 2098 719 2150 nis
744 2096 885 2151 nulla
916 2095 1156 2166 polluant
1190 2098 1437 2166 contagia
1466 2096 1770 2151 vetustatis.
1806 2095 1930 2151 Per.

1240 2207 1405 2259 Oratio
1428 2207 1673 2267 sequitur.

705 2321 848 2375 Deus
877 2332 905 2371 ει
934 2333 1041 2388 quo
1082 2324 1137 2372 et
1164 2314 1329 2371 Judas
1379 2322 1560 2370 reatus
1589 2312 1670 2369 sui
1702 2311 1945 2383 proditor
1968 2322 2212 2381 poenam,

636 2421 694 2467 et
722 2410 1076 2465 confessionis
1097 2422 1206 2462 suae
1244 2405 1382 2462 latro
1410 2404 1687 2475 praemium
1711 2403 1961 2474 sumpsit,
1986 2399 2229 2457 concede

638 2502 795 2559 nobis
830 2502 933 2569 piae
963 2500 1239 2570 petitionis
1269 2498 1557 2564 eil‘ectnm,
1590 2503 1651 2551 ut
1695 2496 1835 2551 sicut
1876 2494 1929 2550 in
1978 2493 2226 2564 passione

635 2610 731 2652 sua
763 2593 1016 2649 Dominus
1045 2601 1226 2646 uoster
1254 2590 1411 2647 Jesus
1439 2587 1685 2645 Christus
1732 2587 1947 2643 diversa
1989 2590 2228 2660 utrisque

637 2683 816 2741 intulit
842 2683 1107 2754 stipendia
1135 2683 1446 2738 meritorum
1475 2722 1489 2748 ,
1521 2680 1592 2737 ita
1622 2697 1651 2735 a
1682 2680 1837 2735 nobis
1860 2722 1875 2747 ,
1914 2679 2093 2737 ablato
2124 2695 2221 2735 ve-

638 2779 856 2834 tustatis
879 2793 1085 2846 errore,
1117 2774 1528 2832 resurrectionis
1554 2790 1664 2831 sua:
1686 2773 1913 2846 gratiam
1936 2774 2216 2847 largiatur,

639 2870 743 2928 Per
770 2870 1054 2927 Dominum
1084 2879 1325 2924 nostrum
1354 2868 1564 2925 Jesum.

851 2982 977 3032 item
1000 2981 1248 3031 orationes
1268 2981 1319 3030 in
1338 2979 1447 3030 Bid.
1469 2980 1550 3031 die
1571 2979 1769 3031 Sabbati
1791 2979 1851 3029 ad
1875 2979 1945 3033 Se
1970 2976 2019 3031 δ.

718 3090 887 3146 Deum
913 3089 1334 3158 omnipotentem
1370 3088 1600 3153 Patrem,
1627 3101 1680 3144 et
1710 3087 1938 3156 Filium,
1970 3098 2027 3145 et
2053 3086 2227 3159 Spiri-

645 3200 757 3247 tum
784 3196 1050 3247 sanctum,
1084 3183 1451 3238 universitatis
1477 3197 1639 3237 unum
1670 3191 2002 3249 creatorem,
2044 3182 2095 3237 in
2131 3181 2232 3237 hac
2254 3196 2306 3263 ρ
2337 3224 2554 3281 semper

643 3292 837 3346 magna
887 3276 1061 3346 magni
1110 3275 1369 3331 matutina
1408 3273 1666 3342 Sabbati,
1711 3274 1972 3330 dominici
2023 3273 2232 3329 scilicet

644 3371 889 3438 (πημονᾶς
922 3368 1140 3440 requiei,
1170 3368 1368 3425 fratres
1387 3368 1675 3433 carissimi,
1706 3367 2017 3437 suppliciter
2038 3367 2233 3436 depre-

644 3476 853 3528 camur,
888 3470 941 3515 ut
968 3462 1053 3529 qui
1083 3460 1253 3517 Adam
1284 3460 1352 3518 de
1374 3460 1651 3530 profundis
1683 3460 1959 3517 infernalis
1990 3460 2102 3516 limi
2129 3462 2229 3515 mi-

644 3551 983 3608 sericorditer
1031 3552 1257 3621 eripuit,
1306 3566 1406 3606 nos
1443 3551 1561 3620 ejus
1608 3549 1774 3605 Filius
1818 3550 1888 3605 de
1925 3551 2039 3605 luto
2068 3549 2216 3607 fiscis

644 3643 823 3713 hujus,
855 3644 939 3699 cui
973 3642 1305 3707 inlimsimus,
1338 3641 1453 3697 sola
1483 3641 1849 3697 misericordia
1883 3650 2090 3697 tantum
2122 3642 2236 3699 cla-

646 3746 853 3792 utentes
880 3743 1054 3791 eruat.
1075 3733 1386 3790 Glamamus
1408 3748 1640 3803 namque
1666 3743 1721 3789 ει
1749 3748 2001 3800 oramus,
2035 3750 2106 3790 ne
2136 3750 2233 3789 ur-

648 3839 768 3899 geat
796 3844 957 3897 super
986 3843 1083 3884 nos
1111 3828 1305 3884 inferni
1337 3836 1527 3895 puteus
1554 3842 1617 3884 os
1643 3841 1799 3883 suum
1820 3845 1835 3894 ;
1858 3828 1997 3884 eruti
2027 3827 2097 3885 de
2122 3828 2238 3885 luto

653 3918 881 3988 peccati,
912 3935 979 3974 ne
1006 3919 1309 3987 infigantur.
1342 3918 1442 3973 Per
1461 3917 1771 3973 Dominum.
2140 3924 2145 3929 ‘

1216 4026 1450 4080 Collecth
1470 4029 1713 4089 sequitur.

726 4133 952 4189 Domine
987 4132 1199 4188 Christe
1247 4129 1411 4196 Jcsu,
1466 4129 1607 4186 Deus
1649 4130 1735 4200 pie
1781 4128 1972 4186 exaudi
2016 4144 2151 4197 nos;
2188 4140 2245 4187 et

655 4235 870 4300 praesta,
898 4236 1199 4295 precamur,
1222 4232 1345 4294 qum
1373 4223 1538 4279 corde
1566 4236 1850 4295 rogamus;
1874 4231 1931 4278 et
1957 4222 2059 4279 hoc
2080 4238 2241 4296 roga-

656 4336 798 4389 mus,
829 4326 887 4375 ut
917 4320 1009 4373 tibi
1038 4318 1342 4388 placeamus
1364 4357 1377 4381 ,
1410 4315 1505 4371 tibi
1536 4315 1835 4372 ltwrcamus
1860 4316 1976 4370 sine
2007 4315 2143 4383 fine;
2178 4317 2240 4373 ut

657 4428 871 4484 semper
899 4412 993 4466 tibi
1034 4411 1233 4481 gratias
1263 4423 1483 4480 agamus
1508 4452 1522 4475 ,
1571 4409 1693 4480 quia
1717 4450 1731 4473 ,
1773 4408 1936 4481 250
1983 4408 2243 4477 Domine,

658 4507 932 4564 redemisti
967 4520 1065 4560 nos
1096 4504 1149 4559 in
1180 4514 1437 4560 aeternam
1467 4501 1633 4558 vitam
1683 4501 1749 4558 de
1794 4514 1999 4560 aeterna
2047 4514 2243 4559 morte.

2334 1922 2658 1977 venerabilis
2686 1924 3076 1993 sollemnitate,
3132 1931 3407 1979 vastatum
3460 1922 3709 1978 mundum
3750 1924 3863 1973 mora

2332 2013 2608 2080 defendat,
2642 2018 2921 2072 orantibus
2952 2019 3131 2072 nobis.
3166 2016 3270 2073 Per
3294 2017 3612 2073 Dominum.

2894 2108 3133 2159 Collectio
3156 2112 3382 2171 sequitur

2410 2191 2627 2248 Christe
2654 2192 2811 2257 Jesu.
2845 2194 2897 2247 in
2944 2206 3169 2262 vespera
3203 2194 3388 2248 mundi
3435 2192 3775 2262 vespertinum
3807 2202 3858 2241 ςι-
3924 2214 3925 2262 ξ

2338 2285 2610 2340 criticium
2643 2298 2739 2349 per
2767 2298 2979 2340 crucem
3009 2287 3252 2353 effectus,
3274 2286 3502 2358 dignare
3538 2298 3634 2340 nos
3658 2296 3770 2337 nova
3789 2295 3857 2335 cor-

2348 2377 2470 2444 pori
2500 2385 2591 2432 tuo
2618 2376 2733 2432 fore
2762 2375 2790 2415 ἀ
2824 2379 3089 2448 sepulcra.
3113 2380 3202 2436 Sal

2340 2469 2536 2526 XXXI.
2579 2485 2857 2529 primario
2897 2490 2963 2529 AD
3002 2486 3165 2530 mirio
3205 2488 3393 2537 sacris
3432 2484 3652 2530 sineris
3694 2478 3858 2525 nscas.

2414 2567 2704 2621 Auctorem
2734 2567 2869 2622 lucis
2891 2608 2906 2634 ,
2940 2568 3237 2637 principem
3282 2566 3509 2622 luminis
3531 2608 3546 2632 ,
3580 2568 3856 2635 inspectaret

2339 2655 2542 2721 cordis,
2573 2657 2906 2712 credentium
2951 2659 3377 2729 redemptorem,
3431 2659 3624 2713 fratres
3659 2648 3859 2710 dilectissi

2342 2750 2437 2815 mi,
2470 2750 2681 2806 cunctis
2713 2750 3139 2808 confessionibus
3180 2762 3531 2817 veneremur,
3589 2759 3642 2804 ut
3678 2750 3861 2811 vergenli

2340 2842 2430 2897 die
2458 2844 2602 2897 vocis
2628 2842 2831 2914 rugitus
2858 2836 3127 2909 exaudiat,
3172 2854 3227 2901 et
3256 2852 3317 2899 su
3329 2844 3717 2915 pervenientem
3736 2835 3856 2901 caligi-

2340 2946 2465 2989 nem
2490 2936 2683 3001 noctis,
2715 2934 2932 2989 luminis
2959 2937 3039 2989 sui
3068 2935 3356 3005 splendore
3393 2936 3663 2997 inlustret,
3690 2944 3746 2985 ne
3762 2928 3811 2982 sit
3826 2925 3856 2978 in

2342 3024 2498 3081 nobis
2527 3025 2633 3079 ulla
2665 3026 2902 3081 tentandi
2932 3027 3276 3097 vexandique
3310 3027 3533 3081 occasio
3574 3022 3852 3079 tenebrarum.

2344 3116 2426 3173 Sit
2455 3126 2640 3174 noster
2672 3116 2945 3185 defensor,
2980 3121 3068 3190 qui
3101 3128 3184 3174 est
3213 3134 3357 3175 verat
3405 3120 3542 3175 lucis
3591 3116 3856 3177 iudultot,lll

2583 3211 2751 3267 simus
2783 3213 2833 3266 in
2865 3211 3069 3273 lumine
3116 3212 3265 3283 ejus,
3316 3213 3409 3281 ιιιΙὶ
3451 3212 3709 3267 Christum
3736 3202 3854 3262 Doni

2348 3318 2477 3358 num
2511 3314 2755 3359 nostrum
2792 3305 3085 3373 gloriamur
3114 3312 3412 3361 auctorem.
3453 3304 3576 3361 Per.

2901 3390 2913 3409 '
2935 3399 3102 3451 Oratio
3121 3403 3368 3461 sequitur.

2421 3480 2568 3553 Rege
2599 3494 2721 3549 nos,
2754 3483 3009 3550 Domine,
3042 3497 3135 3552 per
3160 3485 3397 3539 alternas
3431 3488 3716 3553 temporum
3736 3473 3853 3533 victi.

2348 3582 2409 3630 et
2437 3587 2702 3629 conserva
2725 3588 2823 3629 nos
2846 3590 2943 3645 per
2960 3575 3205 3646 dispares
3222 3575 3437 3633 dierum
3467 3591 3529 3631 ac
3556 3574 3756 3629 noctium
3776 3574 3853 3621 ssc

2349 3666 2647 3730 cessiones,
2686 3676 2747 3720 ut
2773 3664 2939 3737 adiuti
2968 3674 3277 3723 sanctorum
3307 3677 3524 3725 tuorum
3556 3652 3857 3739 praeibam“i

2350 3757 2490 3813 diem
2538 3758 2682 3814 hunc
2726 3772 2821 3829 per
2871 3774 3064 3816 munus
3103 3758 3496 3818 misericonlia:
3524 3769 3623 3817 tum
3650 3753 3853 3812 duximus,

2350 3861 2564 3906 noctem
2595 3862 2813 3924 quoque
2842 3853 2999 3909 istam
3034 3852 3227 3924 placita
3260 3854 3355 3910 tibi
3403 3858 3691 3910 animarum
3725 3854 3855 3903 eteor-

2351 3955 2542 4012 porutn
2590 3946 2820 4015 puritate
2849 3946 3008 4018 24],
3055 3944 3337 4002 ducamus.
3368 3946 3474 4002 Per
3519 3941 3853 4018 resurget“?ma

2350 4038 2580 4093 mortuis
2620 4037 2902 4095 Dominum
2952 4048 3195 4095 nostrum
3224 4038 3409 4096 desum
3443 4039 3700 4097 Christum
3729 4028 3853 4085 Filium

2353 4141 2529 4186 tuum.

2351 4239 2570 4299 XXXII.
2601 4260 2919 4302 BENEDICTIO
2949 4264 3099 4303 cens:
3132 4264 3289 4303 BEATl
3321 4262 3595 4307 aucusrittt
3624 4254 3645 4283 θ
3676 4244 3853 4297 ειηεῦονῐι

2424 4332 2567 4381 ΩΠΔΙ
2616 4332 2787 4374 Αωιυο
2835 4332 3090 4375 υιιιεοηυε
3136 4335 3243 4375 CUM
3304 4335 3495 4388 ESSET,
3533 4329 3694 4376 ευωιτ
3723 4322 3775 4365 ΕΤ
3800 4316 3852 4359 εἴ·

2424 4402 2594 4445 σιω-ι’.

2427 4503 2639 4560 Ezultet
2660 4504 2769 4572 iam
2797 4504 3034 4575 angelica
3069 4505 3225 4560 turba
3265 4505 3519 4561 calorum
3540 4545 3555 4570 ,
3585 4482 3851 4558 exultentdi-

660 4598 1100 4669 Qui'd‘escendisti
1120 4596 1175 4677 in
1204 4598 1399 4662 lacum,
1424 4604 1479 4650 ut
1507 4611 1572 4649 ex
1601 4595 1793 4651 inferis
1815 4595 2022 4651 vinctos
2047 4593 2248 4652 educe-
2280 4604 2337 4667 ι)
2359 4595 2483 4651 vina
2514 4596 2793 4667 mysteria,
2826 4606 2880 4652 et
2904 4611 2999 4666 pro
3028 4597 3162 4653 tanti
3197 4597 3355 4668 Regis
3395 4597 3610 4655 victoria
3640 4590 3739 4646 tuba
3763 4584 3850 4677 iii“?

660 4710 771 4763 res,
795 4691 1063 4750 descende
1083 4704 1222 4746 nunc
1244 4703 1475 4760 quoque,
1500 4703 1800 4758 precamur.
1820 4688 2120 4744 visceribus
2148 4696 2256 4742 tute
2294 4676 2299 4680 ’

663 4787 898 4857 pietatis,
931 4793 986 4839 ut
1011 4798 1078 4839 ex
1104 4782 1329 4838 vinculis
1360 4788 1721 4850 peccatorum,
1751 4780 1946 4850 quibus
1972 4779 2255 4851 unusquis-

665 4896 769 4951 que
798 4878 1204 4949 constringitur,
1238 4888 1335 4929 nos
1362 4874 1629 4939 absolvas,
1661 4874 1863 4929 Salvat.

741 5022 769 5049 Α
806 5012 895 5067 Sic
923 5009 1183 5064 vocabant
1211 5005 1438 5071 Biduum
1486 5014 1609 5062 ante
1637 5006 1872 5071 Pascha,
1921 5010 1998 5063 ita
2036 5016 2096 5062 ut
2149 5021 2254 5061 una

668 5082 893 5138 seorsim
942 5079 1058 5136 dies
1099 5078 1341 5132 Biduana
1386 5068 1674 5146 diceretur,
1727 5068 1870 5133 infra
1919 5079 1972 5133 iu
2021 5074 2254 5133 Sabbato

668 5162 876 5209 sancto.
911 5150 1056 5206 idem
1088 5149 1173 5205 hic
1203 5149 1254 5205 in
1288 5149 1482 5205 Missali
1515 5149 1809 5205 Gallicano.
1837 5150 2000 5205 Miror
2032 5148 2117 5203 hic
2146 5163 2253 5203 non

670 5224 861 5280 referri
885 5223 1059 5277 varias
1090 5222 1207 5276 illas
1234 5222 1508 5276 orationes
1538 5236 1672 5290 quas
1702 5222 1752 5276 in
1794 5220 1884 5277 die
1929 5228 2117 5276 sancto
2148 5220 2248 5274 Pa-

668 5310 918 5352 rasceves
937 5309 1056 5349 cum
1088 5293 1300 5361 praeviis
1322 5292 1782 5363 genuiiexionibus
1806 5302 1925 5363 post
1949 5290 2251 5363 passionem

671 5362 942 5422 decantari
974 5380 1089 5420 nios
1118 5373 1221 5419 est.
1248 5363 1408 5419 Certe
1432 5362 1724 5432 Gregorius
1747 5361 1899 5418 teStis
1920 5372 2002 5418 est
2029 5361 2246 5432 easjam

672 5438 869 5493 saeculo
899 5453 951 5489 vi
984 5436 1034 5490 in
1078 5436 1365 5493 Gallicanis
1412 5431 1664 5488 Ecclesiis
1712 5435 1765 5489 in
1813 5448 1910 5488 usu
1945 5432 2129 5487 fuisse.
2162 5431 2252 5487 Sic

672 5512 813 5563 enim
848 5509 1005 5562 habet
1033 5507 1085 5561 in
1128 5507 1223 5561 lib.
1256 5520 1316 5568 ν,
1350 5521 1469 5575 cap.
1497 5505 1559 5559 ll
1589 5521 1601 5557 :
1640 5523 1659 5557 ι
1696 5506 1986 5559 Sacerdote
2036 5518 2247 5572 quoque

671 5590 882 5643 orante,
918 5596 939 5631 ι
973 5578 1180 5633 scilicet
1223 5577 1379 5631 Avito
1434 5582 1799 5632 Arvernorum
1847 5577 2101 5645 episcopo
2152 5590 2248 5642 pro

670 5648 898 5714 JUdit’lS,
950 5668 965 5701 ι
1004 5659 1063 5704 ιιι
1105 5648 1351 5704 conversi
1392 5649 1455 5702 ad
1506 5647 1791 5704 Dominum
1818 5687 1835 5712 ,
1896 5647 2135 5701 velamen
2181 5646 2247 5700 ab

670 5718 749 5777 eis
779 5721 971 5775 littera:
1002 5729 1369 5789 rumperetur;
1410 5739 1426 5768 ι
1460 5720 1599 5789 (qua:
1632 5720 1744 5773 fere
1776 5719 1934 5773 verba
1976 5725 2101 5789 sunt
2121 5731 2246 5771 ora-

670 5790 834 5846 tionis
882 5798 1080 5847 nostra:
1124 5804 1219 5858 pro
1248 5789 1470 5849 Judaeisi
1501 5808 1519 5842 ι
1555 5790 1770 5860 quidam
1798 5805 1863 5845 ex
1910 5790 1991 5843 his
2024 5788 2088 5841 ad
2121 5802 2245 5860 san-

670 5873 817 5919 ctum
856 5864 1059 5921 Pascha
1098 5873 1155 5919 ut
1202 5859 1848 5931 baptizaretur’espetiit.
1885 5879 1905 5917 ι
1940 5863 2023 5919 An
2068 5859 2247 5929 potius

2364 4696 2455 4742 net
2479 4665 2747 4742 salutaris.
2777 4665 3017 4743 Gaudeat
3054 4703 3115 4744 se
3145 4665 3308 4745 tantis
3354 4690 3496 4747 illius
3544 4681 3763 4741 inradiata
3784 4665 3848 4721 fol-

2363 4782 2612 4851 goribus;
2643 4791 2699 4838 et
2728 4783 2915 4838 interni
2947 4785 3108 4857 Regis
3136 4785 3423 4855 splendore
3451 4785 3724 4841 inlustrata.
3744 4765 3845 4823 ῑθιίθδ

2365 4873 2512 4929 orbis
2539 4886 2597 4928 se
2622 4874 2818 4929 sentiat
2844 4876 3091 4953 amisisse
3111 4876 3415 4948 caliginem.
3445 4878 3661 4933 Ltetetur
3679 4876 3721 4924 et
3736 4867 3847 4918 mlier

2367 5010 2599 5083 Sabbato
2628 5021 2811 5083 sancto
2841 5022 2967 5067 tunc
2994 5014 3188 5083 lichant
3215 5014 3478 5083 ejusmodi
3506 5004 3845 5083 οηίιὶρηεεβιξζ

2366 5081 2444 5155 [es
2474 5075 2923 5155 liabenturinfra,
2956 5082 3048 5139 sed
3081 5056 3603 5155 tiullawpuroulu‘die'is?
3627 5056 3841 5155 lnﬂkf’j’

2366 5134 2641 5209 Gallicana
2657 5134 2923 5209 inferius,
2947 5134 3223 5211 ora—tiones—
3256 5134 3661 5213 lii'o'st'raaﬂsdlitz
3683 5145 3726 5198 in
3748 5134 3844 5192 Plf-‘i'

2364 5238 2522 5279 sceve
2553 5228 2878 5279 referuntur.

2434 5294 2461 5333 ι)
2502 5299 2683 5368 {tried
2710 5294 2945 5368 Sextum,
2978 5306 3035 5350 ut
3068 5299 3120 5351 in
3149 5299 3237 5354 die
3268 5298 3612 5368 praecedente.
3695 5328 3699 5335 τ

2438 5378 2458 5439 ς
2494 5364 2789 5439 Gallicana,
2820 5365 2872 5420 in
2900 5364 3069 5433 annis,
3101 5364 3340 5434 forte,'t'u
3368 5368 3488 5439 ﬁne.

2433 5435 2460 5473 ἀ
2492 5436 2544 5491 ld
2576 5446 2678 5500 est,
2704 5454 2832 5506 esse,
2861 5439 2999 5509 style
3020 5449 3284 5495 velermn.

2438 5518 2459 5545 α
2492 5509 2583 5565 Sic
2610 5495 2930 5565 in'vi-niii'ius‘
2956 5512 3213 5580 scriptum
3255 5514 3305 5567 in
3338 5514 3458 5567 aliis
3485 5502 3730 5581 Codicitns
3750 5495 3832 5581 {133:

2358 5563 2838 5648 Quanquamlianc
2862 5563 3304 5640 benedictionem
3340 5563 3527 5639 saneto
3561 5571 3699 5648 Leoni

2357 5630 3841 5720 quidam"iii5.135.133;‘zsxggaifomisrasinu;
3924 5684 3925 5720 ι

2357 5694 3835 5849 1353.311};lii'EiBT"E§£iiaI"ii§i§£iérwi'ii'iii‘ééiiisitnon
3924 5694 3925 5729 ι

2382 5810 2413 5848 η
2466 5809 2519 5849 3.
3242 5806 3245 5811 ’
