4048 6350
221 255 368 316 369
1229 269 1318 338 DE
1355 281 1685 344 LITURGIA
1723 287 1799 348 CA

1914 287 2117 354 ICANA
2159 295 2371 360 LIBER
2413 301 2502 365 ΙΙΙ.
2770 347 2772 349 >
3431 327 3547 388 910

227 373 494 431 Ecclesia
515 417 530 442 ,
565 381 696 438 tanti
740 382 955 443 luminis
980 388 1237 450 adornata
1267 395 1475 469 fulgore
1495 443 1510 470 ,
1545 413 1600 458 et
1629 408 1836 477 magnis

222 467 572 535 populorum
608 477 822 534 vocibus
846 479 960 537 haec
982 484 1100 539 aula
1126 492 1364 546 resultet.
1389 494 1725 566 Quapmpter
1745 503 1842 556 atl-

219 557 519 617 stantibus
567 569 746 631 vobis,
797 571 988 628 fratres
1032 580 1329 647 carissimi,
1378 587 1441 638 ad
1497 599 1600 644 tam
1650 593 1840 652 miram

219 655 419 705 sancti
451 652 606 724 hujus
639 659 853 719 luminis
878 665 1201 738 claritatem,
1231 690 1331 728 una
1365 692 1596 748 mecum,
1628 699 1838 754 quasso,

216 743 334 798 Dei
372 750 753 818 omnipotentis
778 758 1199 821 misericordiam
1231 769 1476 829 iitvocate
1497 819 1512 843 ,
1542 789 1601 831 ut
1627 781 1717 849 qui
1752 797 1837 838 me

213 851 348 894 non
380 843 513 898 meis
544 849 746 905 meritis
765 851 903 908 intra
924 859 1264 918 sacerdotum
1291 874 1320 904 ⁸
1344 882 1624 926 numerum
1653 874 1839 946 digna-

216 939 322 987 tus
377 945 457 989 est
500 937 826 1010 adgregare,
876 947 1092 1006 luminis
1123 956 1206 1010 sui
1253 961 1427 1029 gratia
1478 937 1832 1040 infundente,

212 1026 384 1081 cerei
414 1027 576 1097 hujus
597 1033 806 1093 laudem
832 1040 1053 1110 implere
1085 1026 1378 1122 praecipiat.
1409 1054 1510 1112 Per
1536 1026 1820 1132 resurgens

219 1125 348 1172 tem
388 1118 485 1174 Fil.
511 1137 687 1181 suum.

799 1221 1117 1279 fbusecratio
1136 1243 1286 1284 cere.

301 1293 535 1367 Dignum
566 1312 620 1357 et
641 1303 842 1373 justum
865 1321 966 1365 est.
996 1313 1132 1371 Vere
1160 1319 1282 1388 quia
1306 1321 1520 1392 dignum
1544 1336 1599 1382 et
1615 1329 1822 1398 justum

209 1396 311 1443 est
335 1391 658 1452 invisibilem
689 1399 857 1458 Deum
888 1408 1312 1478 omnipotentem
1346 1391 1558 1474 Patrem
1591 1391 1821 1480 [filium-

203 1499 331 1552 que
358 1485 480 1557 ejus
511 1491 840 1561 unigenitum
872 1497 1153 1557 Dominum
1187 1517 1428 1565 nostrum
1453 1512 1641 1569 Jesum
1664 1514 1823 1572 Chri-

206 1585 392 1645 stum,
417 1590 527 1637 toto
541 1586 722 1642 cordis
743 1605 806 1646 ac
821 1595 1018 1651 mentis
1031 1595 1246 1667 affectu,
1273 1611 1329 1658 et
1351 1606 1499 1662 vocis
1521 1609 1823 1669 ministerio

209 1685 534 1739 personare.
559 1679 658 1748 Qui
691 1698 784 1751 pro
811 1688 963 1743 nobis
993 1699 1200 1748 :eterno
1224 1694 1369 1754 Patri
1399 1700 1529 1756 Adae
1565 1704 1806 1762 debitum

1868 412 2086 479 Arint,
2114 419 2292 475 statim
2325 422 2620 491 prodeundi
2670 427 2737 484 ad
2789 429 3030 492 laborent
3076 452 3207 495 cura
3253 448 3536 517 succedit;

1947 505 2314 582 dispersasque
2341 530 2438 586 per
2465 535 2654 592 agros,
2687 522 2893 584 libratis
2941 531 3214 600 paululum
3245 505 3540 611 pinnibus;

1946 605 2190 660 cruribus
2245 613 2520 678 suspensis
2586 617 2834 675 insedunt
2864 618 2912 688 δ,
2957 634 3162 693 partem
3211 646 3306 686 ore
3361 633 3544 704 legere

1947 693 2232 764 flosculos,
2287 715 2524 762 oneratas
2563 708 2882 770 victualibus
2923 717 3072 787 suis,
3123 721 3190 778 ad
3239 735 3418 782 castra
3449 744 3542 785 re-

1942 800 2162 846 meant:
2189 792 2369 864 ibique
2393 800 2514 856 aliae
2551 801 2908 866 inaestimabili
2943 822 3060 870 arte
3093 817 3319 874 cellulas
3348 825 3525 879 tenaci

1938 885 2146 954 glutino
2191 889 2488 961 instruunt;
2518 897 2638 954 aliai
2665 900 2919 971 liquentia
2950 909 3108 964 mella
3143 912 3373 982 stipant;
3403 917 3530 975 alia

1941 990 2153 1038 vertunt
2184 983 2344 1042 flores
2372 989 2426 1045 in
2457 1006 2608 1058 cera;
2638 996 2756 1052 alia:
2787 1013 2881 1056 ore
2931 1014 3086 1061 natos
3127 1006 3359 1076 fingunt:
3396 1013 3522 1069 alia:

1935 1075 2173 1134 collectis
2219 1096 2251 1136 e
2295 1081 2434 1138 foliis
2468 1097 2652 1144 nectar
2682 1090 2980 1152 includunt.
3032 1101 3078 1153 0
3125 1075 3252 1157 vere
3294 1105 3445 1160 beata
3475 1117 3532 1163 et

1938 1170 2200 1228 mirabilis
2251 1177 2400 1244 apis.
2447 1180 2601 1249 cujus
2642 1199 2742 1239 nec
2789 1201 2977 1244 sexum
3028 1196 3248 1250 masculi
3284 1198 3526 1266 violant,

1933 1261 2077 1318 fetus
2107 1282 2210 1321 non
2241 1284 2526 1342 quassant,
2569 1293 2671 1333 nec
2713 1281 2806 1336 filii
2848 1283 3132 1343 destruunt
3175 1293 3527 1352 castitatem!

1933 1354 2071 1410 sicut
2101 1369 2282 1414 sancta
2314 1368 2559 1434 concepit
2601 1371 2749 1440 virgo
2777 1373 2939 1432 Maria
2967 1419 2983 1443 ,
3011 1381 3162 1452 virgo
3196 1387 3437 1455 peperit,
3468 1400 3525 1446 et

1931 1445 2082 1515 virgo
2108 1452 2420 1517 permansit.
2453 1454 2498 1510 Ο
2530 1472 2655 1513 vere
2685 1463 2836 1518 beata
2867 1481 3002 1536 nox,
3035 1445 3152 1540 quva:
3190 1445 3514 1546 exspoliavit

1930 1533 2237 1607 Egyptios,
2271 1543 2461 1600 ditavit
2492 1546 2781 1609 Hebraeos!
2827 1557 2940 1614 Nox
2965 1533 2996 1625 ,ν
3032 1533 3086 1618 in
3134 1581 3236 1635 qua
3290 1533 3521 1630 ierrenis

1927 1631 2164 1686 caelestia
2200 1633 2532 1708 junguntur!
2559 1644 2784 1703 Oramus
2816 1631 3196 1728 te,'Domine,
3241 1671 3300 1718 ut
3328 1679 3520 1723 cereus

1927 1721 2111 1779 istoin
2158 1727 2364 1786 honore
2395 1737 2625 1791 nominis
2675 1743 2748 1796 tui
2799 1759 3176 1821 consecratus,
3227 1757 3294 1811 ad
3337 1761 3516 1818 noctis

1927 1811 2084 1885 hujus
2114 1821 2395 1890 caliginem
2426 1828 2811 1892 destruendam
2835 1811 3510 1925 indeficlens'perseveret,

1923 1905 1978 1961 in
2006 1910 2226 1968 odorem
2254 1919 2532 1978 suavitatis
2558 1936 2814 1997 acceptus
2833 1976 2848 2000 ,
2873 1938 3122 2006 supernis
3157 1941 3514 2007 luminaribus

1921 2000 2226 2061 misceatur.
2246 2008 2513 2069 Flammas
2535 2016 2656 2087 ejus
2677 2021 2894 2082 Lucifer
2916 2035 3206 2092 matutinus
3231 2040 3465 2100 inveniat
3491 2064 3507 2101 :

1921 2091 2031 2161 ille,
2067 2096 2304 2169 inquam,
2333 2104 2565 2178 Lucifer,
2610 2115 2697 2181 qui
2747 2121 2918 2176 nescit
2951 2137 3230 2199 occasum;
3265 2135 3353 2192 ille
3383 2142 3472 2208 qui
3495 2186 3511 2209 ,

1919 2200 2197 2258 regressus
2222 2196 2294 2251 ab
2318 2198 2523 2272 inferis,
2561 2205 2794 2266 humano
2819 2219 3005 2284 generi
3041 2236 3266 2280 serenus
3291 2229 3503 2290 inluxit.

1918 2275 2210 2339 Precamur
2229 2287 2390 2360 2‘3
2420 2307 2568 2362 ergo,
2596 2275 2846 2369 Domine,
2877 2315 2933 2360 ut
2964 2324 3060 2365 nos
3091 2313 3318 2375 famulos
3339 2332 3396 2376 et
3421 2321 3503 2378 fa-

1915 2371 2090 2426 mulas
2120 2383 2256 2442 tuas,
2291 2394 2506 2439 onmem
2532 2388 2758 2457 clerum,
2803 2408 2856 2450 et
2885 2395 3293 2466 devotissimum
3328 2427 3496 2486 popu-

1917 2460 2021 2486 1η...
2075 2469 2169 2486 η-ἱ
2220 2485 2229 2486 ί
2355 2473 2394 2486 "
2440 2485 2444 2486 ν

3328 2460 3469 2486 μνη.

1915 2460 2045 2529 lum,
2075 2469 2175 2522 una
2207 2485 2328 2526 cum
2355 2473 2513 2532 Patre
2538 2493 2721 2538 nostro
2749 2487 3060 2551 beatissimo
3080 2503 3194 2556 viro
3220 2504 3296 2562 ill.
3323 2513 3504 2578 quieto

1914 2562 2214 2626 temporum
2248 2579 2526 2636 concessa,
2559 2571 2609 2627 in
2633 2573 2718 2632 his
2743 2579 3089 2646 Paselialibus
3117 2562 3502 2664 gaudiisjcon-

1910 2662 2129 2708 servore
2151 2653 2409 2726 digneris.
2451 2662 2554 2721 Per
2601 2682 2807 2745 resurg.
2836 2693 2864 2730 a
2895 2696 3044 2746 inor.
3080 2686 3361 2751 Dominum
3406 2713 3500 2754 tio-

1910 2751 2081 2802 strum
2111 2745 2214 2807 Fil.
2254 2761 2293 2810 t.

2228 2843 2464 2901 Collectio
2487 2861 2594 2915 post
2616 2857 3016 2918 benedictionem
3032 2883 3166 2924 certe

1977 2918 2174 2980 Sancte
2205 2925 2451 2999 Domine,
2484 2938 2825 3008 omnipotens
2856 2943 3017 3018 Deus,
3047 2956 3134 3024 qui
3167 2959 3232 3013 ad
3258 2975 3498 3026 nostram

1903 3013 2413 3086 contemplationem
2449 3031 2792 3091 tenebrarum
2839 3039 2954 3098 haec
3006 3046 3057 3101 in
3111 3053 3292 3106 mundi
3334 3054 3497 3129 hujus

1904 3102 2130 3129 ιιΙ.-Α.-..-
2164 3110 2212 3129 ι--
2235 3113 2290 3129 nc
2397 3119 2406 3128 .
2563 3124 2572 3129 .

3334 3102 3492 3129 ..ηπ

1902 3102 2135 3162 obscuro
2162 3110 2439 3172 luminaria
2470 3124 2704 3182 emicare
2727 3129 2934 3200 jiissisti
2959 3179 2975 3206 ,
3011 3155 3203 3209 praesta
3225 3188 3238 3206 ,
3277 3158 3332 3202 ut
3363 3152 3492 3209 dum

1889 3195 1955 3250 ad
1984 3198 2133 3258 illum
2154 3209 2474 3270 :eternitatis
2490 3217 2635 3276 diem
2663 3195 3106 3298 et'Unigeniti-tui
3134 3254 3489 3310 properamus

1900 3303 2182 3350 occursum
2205 3339 2219 3361 ,
2255 3301 2321 3355 ad
2351 3302 2488 3364 hanc
2518 3309 2729 3370 interim
2753 3357 2769 3382 ,
2803 3336 2961 3390 quam
3009 3301 3242 3388 tenebris
3271 3351 3482 3408 praepa-

2819 3383 2832 3390 -
3115 3383 3240 3388 νη--ν
3271 3383 3449 3408 r""I"

1896 3383 2026 3438 rasti
2052 3429 2066 3453 ,
2124 3388 2432 3464 lucernam,
2481 3401 2610 3458 dum
2659 3424 2764 3465 nox
2795 3412 2896 3470 ista
2929 3425 3333 3494 transcurritur,
3365 3434 3484 3490 sine

1894 3487 2230 3545 peccatorum
2257 3486 2579 3550 offendicula
2607 3500 2960 3566 ambulemus.
2993 3511 3094 3568 Per
3125 3486 3332 3591 resurg:

2265 3602 2503 3660 Collectio
2524 3620 2635 3674 post
2660 3615 2884 3679 hymnum
2917 3637 3050 3678 cera

209 1767 403 1836 solvit,
431 1780 482 1824 et
507 1777 704 1831 veteris
727 1777 920 1845 piaculi
949 1784 1252 1842 cautionem
1287 1791 1375 1860 pio
1400 1806 1600 1851 cruore
1629 1797 1807 1853 deter-
1848 1802 1898 1865 B

205 1857 304 1911 sit.
344 1859 469 1916 Haec
499 1875 623 1920 sunt
650 1868 792 1924 enim
822 1871 954 1928 festa
981 1857 1302 1948 Paschalia,
1338 1885 1391 1939 in
1422 1888 1617 1957 quibus
1646 1904 1806 1948 verus

205 1947 308 2005 ille
341 1952 524 2024 Agnus
565 1961 844 2030 occiditur,
869 1967 1092 2037 ejusque
1149 1978 1366 2046 sanguis
1408 1962 1655 2050 posubus
1686 2002 1818 2043 con-

202 2055 479 2101 secratur.
510 2051 563 2104 ln
587 2066 685 2122 qua
717 2059 947 2124 primum
973 2061 1160 2120 Patres
1189 2077 1407 2126 nostros
1435 2073 1573 2142 ﬁlios
1613 2076 1814 2137 Israhel

202 2136 453 2195 educens
500 2143 567 2197 de
608 2144 869 2218 Egypto,
918 2152 1155 2212 Rubrum
1203 2174 1347 2217 mare
1403 2138 1545 2223 sicco
1584 2165 1813 2244 vestigio

204 2232 446 2288 transire
474 2233 666 2292 fecisti.
700 2240 823 2296 Haec
844 2244 1004 2315 igitur
1036 2263 1140 2304 nox
1169 2260 1256 2308 est
1284 2269 1403 2325 quae
1466 2270 1812 2328 peccatorum

204 2323 468 2381 tenebras
497 2329 762 2388 columnas
793 2336 1201 2399 inluminatione
1234 2323 1500 2418 purgavit.
1539 2353 1667 2411 Haec
1697 2369 1807 2414 nox

202 2425 290 2469 est
319 2435 435 2485 qua!
471 2419 627 2478 hodie
676 2441 768 2492 per
811 2429 1118 2488 universum
1172 2427 1429 2496 mundum
1477 2445 1530 2499 in
1578 2445 1804 2507 Christo

205 2510 514 2581 credentes,
550 2531 578 2570 a
608 2518 752 2574 vitiis
783 2525 963 2579 saeculi
1004 2539 1317 2600 segregatos
1344 2544 1396 2589 et
1414 2537 1647 2609 caligine
1677 2557 1801 2611 pec-

205 2611 482 2672 catorum,
526 2609 700 2664 reddit
738 2615 955 2683 gratize,
990 2621 1164 2677 sociat
1204 2629 1495 2683 sanctitati.
1542 2631 1669 2688 Hiec
1696 2651 1806 2692 nox

175 2702 285 2746 est
320 2695 370 2747 in
402 2710 505 2765 qua
527 2739 542 2762 ,
571 2699 857 2760 destructis
907 2708 1135 2768 vinculis
1185 2716 1374 2774 mortis
1399 2762 1413 2787 ,
1459 2718 1703 2784 Christus
1734 2730 1804 2786 ab

200 2783 386 2842 inferis
415 2789 585 2846 victor
613 2798 872 2854 ascendit.
907 2800 1048 2860 Nihil
1077 2805 1219 2861 enim
1249 2783 1408 2866 nasci
1447 2814 1666 2885 profuit,
1700 2819 1803 2877 nisi

199 2881 392 2936 redimi
431 2886 734 2953 prnniisset.
761 2891 807 2945 0
837 2895 971 2950 mira
1016 2897 1161 2953 circa
1194 2913 1290 2956 nos
1342 2881 1460 2959 iure
1481 2881 1696 2977 pietatis
1721 2911 1799 2968 di<

194 2974 414 3042 gnatiol
438 2977 482 3030 Ο
507 2979 897 3040 inaestimabilis
933 2986 1154 3046 dilectio
1183 2993 1456 3059 caritatis.
1482 2974 1548 3053 ut
1574 2989 1792 3060 servum

201 3065 522 3135 redimeres,
572 3071 762 3129 Filium
808 3078 1096 3136 tradidisti.
1131 3083 1181 3140 0
1221 3097 1370 3143 certe
1420 3097 1786 3154 necessarium

201 3155 328 3210 Adae
374 3171 684 3231 peccatum,
727 3169 869 3238 quod
915 3169 1112 3228 Christi
1159 3187 1336 3235 morte
1358 3180 1590 3240 deletum
1623 3189 1784 3263 242
1811 3197 1858 3261 C

197 3250 378 3306 esito
407 3251 531 3309 felix
558 3259 735 3329 culpa,
768 3276 889 3330 qua:
917 3265 1076 3321 talem
1102 3282 1166 3324 ac
1192 3281 1399 3329 tantum
1447 3250 1787 3337 meruit—tia:

197 3336 326 3398 bere
355 3342 762 3416 Redemptorem
789 3372 800 3406 :
831 3355 878 3409 0
905 3357 1056 3413 beata
1089 3376 1193 3416 nox
1218 3403 1233 3428 ,
1263 3379 1385 3436 quae
1423 3369 1538 3424 sola
1581 3336 1784 3430 meruit

197 3435 336 3492 scire
382 3446 588 3509 tempus
632 3451 688 3498 et
737 3446 960 3516 horam,
994 3454 1047 3506 in
1086 3469 1188 3524 qua
1217 3454 1463 3516 Christus
1502 3463 1570 3520 ab
1599 3463 1787 3524 inferis

196 3533 518 3587 resurrexit!
551 3535 674 3592 Hec
697 3553 799 3593 nox
827 3551 910 3596 est
931 3543 999 3599 de
1016 3560 1120 3616 qua
1142 3550 1401 3619 scriptum
1435 3565 1516 3609 est
1544 3573 1557 3609 :
1588 3557 1654 3613 Et
1678 3571 1787 3616 nux

200 3629 256 3675 ut
284 3621 396 3678 dies
427 3626 859 3699 inluminabitur;
897 3643 989 3690 et:
1024 3637 1138 3694 Nox
1183 3640 1525 3702 inluminatio
1566 3665 1685 3705 mea
1715 3654 1772 3708 in

200 3713 397 3772 deliciis
423 3721 575 3776 meis.
606 3723 774 3796 Hujus
811 3727 971 3798 igitur
1011 3734 1363 3793 sanctificatio
1405 3744 1579 3799 noctis
1624 3745 1774 3803 fucat

2265 3621 2503 3660 wiiectto
2524 3621 2635 3674 post
2660 3621 2884 3679 hymnum
2917 3637 3050 3678 cera

1964 3697 2126 3770 Deus,
2148 3709 2401 3776 templum
2427 3711 2568 3783 ignis
2591 3723 2796 3789 aeterni,
2823 3725 2962 3786 Deus
2990 3748 3129 3790 verte
3159 3738 3293 3797 lucis
3322 3744 3476 3803 habi-

196 3713 397 3772 deliciis
423 3721 575 3776 meis.
606 3723 774 3796 Hujus
811 3727 971 3798 igitur
1011 3734 1363 3793 sanctificatio
1405 3744 1579 3799 noctis
1624 3745 1774 3817 fugat

1025 3825 1033 3834 ι
1093 3826 1106 3836 _
1237 3790 1240 3791 ν
1407 3790 1578 3799 """'
1612 3790 1774 3848 ."'°"'
1889 3790 2145 3860 taculum,
2176 3797 2315 3853 Deus
2342 3804 2501 3861 sedes
2532 3821 2805 3880 perpetua:
2843 3820 3135 3896 claritatis,
3183 3845 3300 3889 vota
3336 3840 3465 3906 tibi,

1025 3833 1062 3879 it
1091 3839 1453 3887 innocentiam
1491 3835 1685 3905 lapsis,
1718 3850 1775 3896 et
1887 3879 2107 3906 mm.”
2188 3903 2207 3906 _
2252 3891 2286 3906 ..
2425 3898 2437 3906 .
2537 3899 2570 3906 .-
2612 3903 2622 3906 -

193 3808 390 3863 scelera
415 3851 432 3880 ,
460 3814 646 3884 culpas
673 3817 814 3874 lavat
840 3861 855 3885 ,
887 3823 1062 3879 reddit
1091 3826 1453 3887 innocentiam
1491 3835 1656 3905 lapsis
1671 3808 1775 3904 ,vet

193 3901 388 3954 maestis
417 3902 650 3961 laetitiam
684 3926 696 3961 :
731 3909 877 3981 fugat
905 3913 1024 3969 odia
1050 3959 1063 3983 ,
1109 3922 1454 3981 concordiam
1484 3939 1638 3992 parat
1663 3974 1679 3992 ,
1710 3943 1767 3989 et

1914 3808 2145 3860 acutum,
2176 3808 2315 3853 Deus
2342 3808 2501 3861 sedes
2532 3821 2805 3880 perpetua:
2843 3820 3100 3882 claritatis
3121 3872 3135 3896 ,
3183 3845 3300 3889 vota
3336 3840 3465 3906 tibi,

1914 3880 2141 3954 lumine,
2185 3891 2470 3952 sollemnia
2519 3899 2624 3957 diei
2673 3919 3150 3977 consummationis
3191 3935 3246 3981 et
3297 3936 3473 3992 noctis

193 3902 388 3954 inrestis
417 3902 650 3961 lietitiani
684 3926 696 3961 :
731 3909 877 3981 fugat
905 3913 1024 3969 odia
1050 3959 1063 3983 ,
1109 3922 1454 3981 concordiam
1484 3902 1638 3996 parat
1663 3974 1679 4001 ,
1710 3943 1767 3989 et

194 4004 376 4046 curvat
401 3996 642 4067 imperia.
667 4002 723 4056 lii
755 4003 911 4075 hujus
938 4007 1102 4078 igitur
1132 4013 1306 4072 noctis
1330 4020 1502 4085 gratia
1524 4025 1759 4085 suscipe.

1914 3902 2141 3954 rumine,
2185 3902 2470 3952 sollemnia
2519 3902 2624 3957 diei
2673 3919 3150 3977 consummationis
3191 3935 3246 3981 et
3297 3936 3468 3992 noctis

1914 3975 2238 4036 nchoationis
2284 3986 2653 4058 celebrantes.
2687 4015 2787 4067 ac,
2839 4003 3132 4070 luminibus
3179 4019 3360 4079 altaris
3392 4030 3468 4085 tui

194 4004 376 4046 curvat
401 4002 642 4067 imperia.
667 4002 723 4056 lii
755 4003 911 4075 hujus
938 4007 1102 4078 igitur
1132 4013 1306 4072 noctis
1330 4020 1502 4086 gratia
1524 4025 1759 4096 suscipe,

194 4094 371 4141 sancte
393 4086 570 4156 Pater,
609 4095 810 4151 incensi
835 4097 994 4170 hujus
1017 4105 1337 4179 sacrificium
1371 4123 1758 4179 vespertinum.

1914 4002 2238 4036 iiuwatlonls
2284 4002 2653 4058 celebrantes.
2687 4015 2749 4055 ac
2773 4043 2787 4067 ,
2839 4003 3132 4070 luminibus
3179 4019 3360 4079 altaris
3392 4030 3467 4085 tui

1914 4071 2116 4129 LICCHSiS
2135 4117 2149 4141 ,
2185 4087 2564 4149 temporarium
2609 4090 2785 4150 lumen
2815 4100 3102 4166 offerentes
3123 4153 3136 4176 ,
3167 4123 3224 4170 ut
3250 4115 3467 4179 famulis

610 4095 619 4104 ,
795 4097 807 4109 ,
914 4100 926 4111 _
1142 4105 1192 4120 η
1231 4107 1242 4118 ,
1669 4086 1686 4096 -
1745 4086 1757 4093 ν
1881 4086 2149 4141 incensis,
2185 4087 2564 4149 temporarium
2609 4090 2785 4150 lumen
2815 4100 3136 4176 offerentes,
3167 4123 3224 4170 ut
3250 4115 3406 4176 famul

193 4094 371 4141 sancte
393 4086 570 4156 Pater,
609 4108 810 4151 incensi
835 4097 994 4170 hujus
1017 4106 1337 4184 sacrificium
1371 4123 1758 4186 vespertinum,
1881 4170 1934 4218 et
1961 4161 2262 4228 famulabus
2293 4178 2397 4233 mis
2425 4197 2606 4242 verum
2633 4203 2695 4244 ac
2751 4208 2809 4248 er
2974 4203 2987 4257 Ι
3186 4210 3218 4266 ι,
3310 4215 3320 4224 .
3396 4221 3406 4230 ,

195 4175 328 4242 quod
359 4178 448 4231 tibi
479 4181 530 4235 in
560 4184 659 4238 hac
689 4188 828 4242 cerei
871 4189 1141 4249 oblatione
1186 4198 1417 4255 solemni
1462 4218 1557 4272 per
1605 4208 1766 4265 mini-
1921 4269 1923 4272 ,
2149 4266 2184 4272 -
2716 4206 2750 4262 p
2812 4211 2952 4257 eane
2996 4220 3154 4264 "me"
3209 4227 3406 4272 arma"

195 4175 328 4242 quod
359 4178 448 4231 tibi
479 4181 530 4235 in
560 4184 659 4238 hac
689 4188 828 4242 cerei
871 4175 1141 4249 oblatione
1186 4198 1417 4255 solemni
1462 4218 1557 4272 per
1605 4208 1766 4265 mini-
2283 4184 2606 4328 :zs'lsul‘zewm
2633 4203 2695 4244 ac
2716 4206 2952 4262 Ρθτθηηθ
2974 4203 3154 4264 lumen
3186 4210 3458 4290 laruam,

195 4277 417 4325 slrorum
449 4281 658 4328 tuorum
692 4294 883 4328 manus
913 4283 982 4328 de
1009 4288 1262 4328 anni-ilum
1295 4307 1451 4328 unum
1487 4313 1739 4328 ωιτη-ηρ-..
2107 4307 2118 4318 ο
2473 4318 2484 4328 -

195 4277 417 4325 strorum
449 4281 658 4331 tuorum
692 4294 883 4337 manus
913 4283 982 4339 de
1009 4288 1263 4356 operibus
1293 4307 1453 4363 apum
1486 4313 1770 4357 sacrosan-
1880 4277 2118 4318 oramus'
2151 4277 2253 4322 Per
2283 4286 2484 4345 resurg'

194 4368 275 4415 cla
295 4363 463 4419 reddit
487 4368 749 4428 Ecclesia.
781 4373 885 4430 Sed
906 4375 1017 4446 jam
1039 4381 1304 4438 columna:
1323 4385 1482 4456 hujus
1506 4396 1773 4458 praeconia
1879 4370 2115 4432 ΧΧΧΙΠ·
2162 4396 2780 4492 οΒΔτΙοΝΕΞΛξξφξξξει
2807 4421 3074 4470 DUODECIII
3099 4433 3204 4476 coit
3231 4439 3466 4492 τοτωειι

195 4456 426 4492 nnuimnc
476 4476 630 4492 mm...
658 4464 707 4492 :..
737 4466 938 4492 tum”..-
967 4471 1056 4492 λλ
1088 4475 1234 4492 _,,.-.,
1344 4480 1355 4490 υ
1438 4483 1448 4492 .
1691 4491 1698 4492 ,

195 4456 451 4527 novimus,
476 4476 631 4531 quam
658 4464 709 4519 in
734 4466 941 4525 honore
965 4471 1060 4526 Dei
1087 4475 1317 4534 rutilans
1339 4480 1480 4550 ignis
1499 4491 1765 4545 accendit.
2421 4477 2886 4534 COLLECT‘ON'BUS'

193 4545 285 4611 Qui
316 4547 434 4604 licet
464 4551 670 4609 divisus
701 4557 754 4611 in
787 4570 996 4629 partes,
1045 4571 1278 4626 mutuati
1325 4574 1543 4632 luminis
1585 4580 1760 4639 detri-
1787 4604 1799 4667 ί

2221 4568 2399 4630 Oratio
2433 4587 2456 4614 θ
2484 4598 2579 4651 pro
2606 4589 2893 4656 gratiarum
2918 4600 3134 4658 actione.

191 4650 355 4696 menta
401 4660 503 4699 non
553 4650 722 4703 novit.
757 4653 933 4709 Alitur
963 4657 1289 4728 liquaiitibus
1317 4669 1479 4738 ceris,
1510 4688 1670 4740 quam
1705 4676 1761 4732 iii
1789 4650 1843 4667 ὐ
2557 4693 2798 4752 Ρνώιὶο.

191 4731 466 4789 substantia
501 4743 748 4808 pretiosae
770 4744 928 4815 hujus
947 4748 1205 4821 lampadis
1223 4756 1336 4826 apis
1358 4771 1529 4817 mater
1549 4765 1751 4824 eduxit.

193 4824 314 4894 Apis
331 4824 357 4864 δ
385 4831 580 4886 ceteris
606 4849 726 4903 quis
750 4837 990 4908 subjecta
1019 4853 1144 4900 sunt
1166 4824 1372 4904 homini
1397 4854 1761 4916 animantibus

190 4919 472 4976 antecellit.
495 4924 624 4979 Cum
657 4929 726 4982 Sit
749 4931 966 4990 minima
991 4942 1233 5007 corporis
1256 4946 1537 5019 parvitate,
1577 4954 1760 5022 ingen-

188 5017 267 5066 tes
290 5013 485 5069 auimos
512 5027 738 5088 angusto
769 5034 946 5080 versat
974 5027 1025 5082 in
1057 5043 1304 5101 pectore;
1344 5037 1547 5097 viribus
1578 5044 1756 5101 imbe-

187 5102 318 5166 cilla,
348 5107 438 5160 sed
471 5108 620 5164 fortis
653 5115 885 5184 ingenio.
919 5115 1075 5191 Haec,
1119 5129 1402 5196 explorata
1450 5126 1752 5205 temporum

185 5195 311 5254 vice.
345 5212 459 5251 cum
489 5200 734 5258 canitiem
769 5209 1019 5276 proinosa
1046 5221 1066 5250 ο
1096 5195 1335 5285 hyberna
1370 5227 1668 5296 posuerint,
1701 5241 1756 5286 et

187 5288 388 5357 glaciale
432 5295 639 5350 senium
686 5302 834 5354 verni
890 5308 1144 5374 temporis
1191 5305 1465 5372 mederata
1507 5322 1750 5381 deterse-

1945 4780 2312 4855 Expectatum,
2347 4790 2539 4851 fratres
2568 4801 2854 4875 carissimi,
2888 4817 2942 4866 et
2967 4814 3324 4883 desideratum
3354 4849 3456 4891 no-

1871 4869 1953 4928 bis
1983 4873 2204 4934 Pascliie
2235 4881 2379 4938 diem
2401 4885 2600 4958 adepti,
2625 4869 3073 4974 gratias'agailus

1873 4963 1982 5019 Deo
2010 4967 2178 5038 Patri,
2209 4976 2350 5044 quod
2386 4993 2482 5034 nos
2507 4980 2561 5036 in
2594 4983 2732 5043 hanc
2773 4963 3018 5054 eamdem
3066 5005 3206 5064 diem
3238 4963 3334 5080 per
3363 4963 3454 5073 Fi:

1873 5057 1991 5080 ,,__,__
2030 5077 2066 5080 __
2204 5065 2241 5080 ,κ
2340 5069 2352 5080 .

1865 5057 1996 5115 lium
2026 5077 2180 5118 suum
2203 5065 2485 5127 Dominum
2507 5087 2747 5136 nostrum
2767 5083 2949 5145 Iesum
2970 5057 3450 5176 Christi-imminet;

1864 5164 1964 5220 pro
1991 5154 2146 5210 nobis
2177 5157 2406 5218 hostiam
2435 5163 2587 5222 dedit
2625 5170 2678 5228 in
2719 5178 2944 5238 salutem
2976 5154 3446 5266 aeternani)\;oca-

1862 5243 1974 5298 vit:
2006 5247 2078 5302 ob
2108 5247 2208 5306 hoc
2246 5251 2390 5311 fideli
2437 5263 2727 5332 gratiarum
2762 5272 2976 5332 actione
3005 5243 3316 5358 landemiis',
3345 5293 3442 5351 be-

1856 5337 2210 5409 .nedicanius,
2269 5346 2682 5413 honorificentia
2733 5361 3070 5427 benedictum
3115 5386 3170 5431 et
3218 5337 3437 5446 beatum

256 5410 279 5437 ’³
305 5403 480 5460 Melius
514 5408 626 5473 alii,
653 5411 790 5466 intra
820 5413 1108 5472 Levitarum
1131 5439 1415 5493 numerum,
1445 5441 1500 5486 ut
1529 5435 1748 5494 inferius

190 5472 238 5526 in
262 5472 446 5562 Nissali
472 5478 767 5538 Gallicano.
799 5485 1243 5562 Quandoquidem
1289 5497 1462 5554 levitze
1489 5505 1626 5561 hanc
1659 5511 1750 5562 be-

2194 5403 2206 5409 _
2389 5403 2681 5413 νέα---μη-
2733 5403 3070 5427 "um-iuqu
3115 5403 3170 5431 υι
3218 5403 3437 5446 uentum

1915 5453 2343 5562 Icnfriii'iiosa.in.
2369 5464 2488 5562 elicis
2539 5469 2632 5562 Sic
2652 5489 2685 5526 u
2715 5477 2764 5530 iu
2792 5494 2824 5532 ο
2853 5479 3022 5562 facilis
3049 5495 3105 5542 et
3140 5497 3442 5562 promiscua

1931 5542 1962 5562 η
2042 5543 2125 5562 .,,,,
2159 5545 2244 5562 η...
2275 5544 2379 5562 ...ω
2471 5554 2515 5562 .-
2633 5559 2681 5562 _-

191 5472 238 5526 in
262 5472 446 5563 biissali
472 5472 767 5538 Gallicano.
799 5472 1750 5563 Quandoqtiide’iiiﬂieviize.

290 5547 297 5553 ‘
435 5527 446 5530 ⁷
481 5527 767 5538 "mum"
803 5527 1243 5584 “www'uwwi
1279 5527 1462 5576 ι’ωηω
1489 5527 1626 5561 ¹¹³¹¹⁰
1659 5527 1750 5563 “‘3‘
1858 5527 2125 5591 quondam
2158 5535 2400 5590 mutatio.
2429 5537 2517 5593 Sic
2549 5541 2687 5597 infra

290 5560 526 5639 Ξ⁰2¹ξὶ¹ἒέ¹η
556 5563 754 5639 ρδῃθιῖθ
768 5557 969 5639 .solenb
992 5563 1397 5639 βιΑυΒυευιιυε
1435 5587 1596 5639 eam.
1631 5595 1747 5635 cum
1855 5597 2016 5639 nilum
2067 5610 2116 5639 m
2149 5603 2248 5639 alio
2283 5604 2334 5639 :.i
2365 5622 2528 5639 mm...
2558 5620 2814 5639 ...η-μ..-

290 5547 297 5553 _
354 5546 363 5554 _
808 5543 842 5552 .-
1043 5543 1056 5556 .
1279 5543 1462 5576 ..-ων
1489 5543 1626 5561 ...ιι-υ
1659 5543 1750 5563 υυ-
1858 5543 2125 5591 quondam
2158 5543 2400 5590 mutatio.
2429 5543 2517 5593 Sic
2549 5543 2687 5597 infra
2717 5564 2841 5616 priet

189 5543 526 5614 llCdlCiloneill
556 5563 754 5610 canere
774 5557 969 5625 δοιεηι,
994 5570 1049 5616 et
1068 5563 1397 5631 Αυκυειηιυε
1435 5587 1564 5628 eain
1582 5618 1596 5640 ,
1631 5595 1747 5635 cum
1855 5597 2037 5662 "nam,
2067 5610 2120 5653 et
2149 5603 2250 5656 mia
2283 5604 2334 5657 id
2362 5622 2529 5677 genus
2558 5620 2841 5680 ρθηῃυηθ,

189 5626 302 5668 esset
327 5617 588 5680 diaconus.
611 5627 873 5680 cecinisse
902 5633 1115 5680 dicitur-
1141 5635 1295 5680 nam
1323 5654 1388 5680 an
1418 5657 1600 5680 ναι-...η
1625 5665 1746 5680 ne...
1931 5664 1950 5680 λ
1997 5668 2027 5680 -ν
2155 5670 2165 5680 -
2291 5676 2302 5680 -
2385 5677 2408 5680 A

956 5617 967 5625 ,
992 5633 1002 5643 .
1154 5617 1394 5631 "mm--—
1437 5617 1563 5628 —---
1582 5618 1596 5640 .
1631 5617 1747 5635 ν-η-
1855 5617 2037 5662 ηηαιη,
2067 5617 2120 5653 ei
2149 5617 2250 5656 ana
2283 5617 2334 5657 id
2362 5622 2529 5677 genus
2558 5620 2841 5680 permulta.

186 5617 873 5753 aset'diationesjeceginisse
902 5633 1115 5690 dieitur.
1141 5635 1296 5704 Quod
1322 5654 1388 5695 an
1418 5657 1600 5702 verum
1625 5665 1746 5708 esse
1926 5664 1950 5704 ἀ
1995 5668 2071 5752 ita
2097 5670 2341 5756 etiamin
2370 5677 2666 5756 Gallicana.
2696 5689 2778 5743 An
2803 5692 3070 5756 insident?

187 5698 359 5756 possn,
389 5704 546 5747 aiivi
1927 5747 1950 5756 ‘
2003 5740 2051 5756 "

575 5687 582 5689 '
971 5687 975 5688 '
1014 5687 1021 5688 ί
1150 5687 1296 5704 ’νη
1323 5687 1388 5695 -’·
1428 5687 1599 5702 ’“’·““·
1625 5687 1744 5708 που
1926 5687 1950 5704 ’³
1995 5687 2066 5722 Ila
2097 5687 2257 5728 etiam
2287 5691 2341 5730 in
2370 5687 2666 5737 Gallicana,
2696 5689 2778 5743 Αη
2803 5692 3070 5756 ina-dem,

187 5687 359 5756 possit,
389 5690 475 5745 alii
498 5693 748 5753 viderint.
1926 5747 1950 5774 ε
1990 5740 2123 5795 Alia
2154 5747 2425 5804 orationes
2461 5752 2746 5827 habentur,
2773 5764 2869 5819 sed
2908 5767 3110 5833 similes
3139 5779 3194 5836 iii
3227 5783 3434 5844 Missa“

187 5824 211 5844 ι
232 5755 750 5844 κ”,Ουεββθιιμυηῳῇιο
779 5786 946 5844 usque
971 5776 1059 5842 ad,
1092 5776 1138 5832 θ
1164 5794 1279 5837 vere
1303 5783 1452 5841 beata
1482 5804 1604 5844 ηοω.
1641 5790 1739 5844 ha.-
1845 5806 2130 5844 n.ii:........
2159 5814 2380 5844 :..r..-:..-

251 5755 750 5874 b.°““f-“’“‘-‘"“‘.‘.’.'
775 5776 1059 5874 βθίξὲἓθᾼίκ
1092 5776 1138 5832 θ
1164 5794 1279 5874 ’ζετο
1303 5783 1452 5874 θείω
1482 5804 1604 5874 re“,
1633 5790 1739 5874 _ha-
1845 5755 2130 5867 ροιιίῗέῖἷ»
2154 5755 2401 5874 Elim-’35;

253 5844 282 5874 ΙΙ
308 5846 410 5874 "PR
437 5849 536 5874 IIII]
566 5853 615 5874 In
641 5852 665 5874 Δ
694 5855 755 5874 nn
808 5857 850 5874 ,η
895 5859 955 5874 ιη.
984 5860 1060 5874 ...ρ
1108 5862 1164 5874 η-
1225 5867 1330 5874 μ--
1358 5871 1413 5874 Α-.

183 5824 362 5884 bentur
381 5835 482 5890 etia
490 5824 546 5889 ιη’
564 5839 616 5891 in
639 5839 758 5896 aliis
775 5824 1083 5915 Codicibui,
1095 5824 1736 5924 ἶθῖἰᾝοῖὧῖιιῖἇΐηιῗιῖ
