4048 6350
160 336 308 394 273

767 449 999 502 Collectio
1021 451 1258 513 sequitur.

275 535 655 605 Omnipotens
686 534 910 590 Domine
933 579 948 603 ,
980 534 1070 604 qui
1100 549 1158 589 es
1187 531 1351 605 2&6
1377 531 1518 587 Deus
1557 528 1812 584 bonitatis

167 639 250 686 et
293 631 482 684 totius
511 629 896 685 consolationis
923 673 937 697 ,
969 636 1018 683 te
1044 627 1314 698 supplices
1357 626 1724 692 deprecamur,
1757 627 1814 675 ut

178 723 519 780 haereticos
565 731 619 778 et
663 722 907 777 inﬁdeles
933 736 963 775 a
992 721 1265 792 perpetuis
1302 717 1562 790 gehennae
1603 714 1815 786 ignibus

186 816 676 873 manifestatione
725 825 827 870 tute
877 815 1117 870 veritatis
1155 814 1386 883 eripias,
1440 809 1692 880 quoniam
1735 807 1816 863 vis

172 925 415 968 omnes
441 912 689 967 homines
716 911 892 967 salvos
920 909 1033 967 ﬁeri
1055 920 1110 964 et
1128 908 1192 963 ad
1216 907 1547 979 agnitionem
1572 903 1814 959 veritatis

174 1003 432 1062 venire.
465 1001 588 1060 Per.

686 1073 867 1140 Oratio
893 1090 988 1145 pro
1016 1088 1139 1143 pace
1165 1087 1363 1143 regum.

912 1165 1140 1217 Praefatio

281 1254 584 1311 Dominum
607 1252 994 1309 dominantium
1018 1259 1071 1306 et
1095 1250 1293 1319 Regem
1317 1245 1656 1318 regnantium
1673 1287 1687 1311 ,
1713 1242 1817 1297 fra-
1841 1223 1845 1232 ’

185 1357 330 1404 tres
378 1347 690 1414 carissimi,
738 1345 982 1400 oratione
1019 1341 1323 1398 unianimes
1351 1340 1724 1410 deprecemur,
1758 1344 1818 1392 ut

187 1438 380 1495 nobis
407 1439 605 1510 popqu
635 1453 733 1492 suo
760 1452 948 1508 pacem
977 1451 1164 1506 regum
1197 1434 1436 1489 tribuere
1456 1433 1727 1502 dignetur,
1757 1438 1818 1484 ut

189 1533 480 1603 mitigatis
510 1547 696 1587 eorum
727 1532 1028 1597 mentibus,
1060 1529 1274 1600 requies
1322 1526 1476 1584 nobis
1518 1538 1814 1596 congrega-

196 1625 390 1681 tionis
420 1625 574 1681 i3tius
601 1634 931 1697 perseveret.
972 1624 1095 1679 Per.

763 1716 999 1767 Collectio
1021 1715 1269 1778 sequitur.

1281 331 1365 388 ηε
1404 326 1729 387 LITURGIA
1771 325 2158 383 GALLICANA
2199 324 2405 382 LIBER
2444 324 2527 383 Ill.

1835 452 1889 505 Α
1914 443 2103 510 sciant,
2135 444 2309 497 crucis
2339 451 2444 497 tute
2467 443 2644 512 sigillo
2686 443 2997 513 signentur;
3036 449 3089 497 et
3117 443 3208 513 qui
3255 442 3500 514 indigent

3395 322 3501 378 27b

1917 537 2165 592 dietatem
2192 535 2218 573 δ
2241 535 2307 591 ad
2334 537 2472 592 sacri
2502 537 2732 593 nominis
2762 547 2836 592 tut
2870 538 3198 609 Baptismum
3224 541 3502 608 percipere

1918 639 2242 688 mercantur.
2275 630 2378 688 Per
2407 632 2710 688 Dominum.

2522 725 2647 776 Item
2674 726 2916 778 collectio.

1989 806 2189 877 Accipe
2217 809 2548 879 signaculum
2585 809 2814 877 Christi,
2865 810 3081 882 suscipe
3112 813 3269 868 verba
3300 813 3499 880 divina,

1917 899 2236 957 inluminare
2258 904 2422 958 verbo
2455 905 2697 972 Domini,
2729 905 2851 976 quia
2883 906 3042 962 hodie
3070 907 3346 963 confessus
3385 923 3443 962 es
3475 925 3505 961 a

1922 988 2151 1051 Christo.
2182 995 2284 1049 Per
2316 995 2615 1053 Dominum.

2504 1090 2643 1154 litem
2665 1092 2910 1145 collectio.

1990 1171 2155 1244 Signo
2177 1181 2229 1230 te
2259 1174 2313 1229 in
2341 1175 2556 1232 nomine
2583 1176 2775 1245 Patris,
2807 1189 2860 1234 et
2884 1178 3025 1248 Filii,
3051 1190 3104 1237 et
3125 1180 3357 1252 Spiritus
3387 1198 3510 1238 san-

1917 1264 2012 1330 cti,
2044 1273 2101 1318 ut
2128 1266 2203 1321 sis
2244 1263 2618 1323 Christianus:
2648 1272 2854 1336 oculos,
2903 1281 2958 1326 ut
3003 1271 3183 1328 videas
3210 1274 3510 1330 claritatem

1921 1357 2047 1424 Dei;
2078 1372 2257 1424 aures,
2289 1370 2348 1414 ut
2372 1361 2556 1417 audias
2585 1379 2768 1419 vocem
2807 1364 3051 1430 Domini;
3086 1381 3262 1432 nares,
3295 1379 3352 1423 ut
3379 1369 3511 1425 odo-

1919 1464 2005 1506 res
2049 1452 2362 1508 suavitatem
2391 1453 2628 1522 Christi;
2659 1472 2952 1513 conversus
2993 1471 3053 1528 ε,
3098 1470 3157 1515 ut
3201 1464 3510 1519 conﬁtearis

1918 1543 2166 1610 Patrem,
2214 1554 2266 1600 et
2294 1546 2527 1614 Filium,
2569 1558 2623 1604 et
2660 1548 2921 1620 Spiritum
2961 1550 3249 1619 Sanctum;
3281 1569 3408 1620 cor,
3450 1565 3513 1614 ut

1917 1634 2106 1690 credas
2133 1635 2442 1693 Trinitatem
2470 1639 2901 1709 inseparabilem.
2933 1642 3041 1698 Pax
3063 1652 3260 1700 tecum.
3291 1645 3392 1701 Per
3419 1644 3510 1702 Je-

1917 1739 2036 1780 sum
2066 1726 2339 1783 Christum
2375 1729 2654 1787 Dominum
2684 1744 2923 1790 nostrum
2969 1737 3058 1804 qui
3088 1749 3210 1791 cum
3242 1737 3400 1794 Patre
3454 1741 3514 1795 et

288 1802 487 1858 Carnis
515 1802 800 1872 spirituum
846 1801 1011 1856 totius
1056 1808 1232 1865 sator,
1264 1802 1692 1864 cunctorumque
1718 1806 1809 1848 re-
1848 1833 1894 1895 Β
1918 1815 2119 1888 Spiritu
2149 1831 2337 1876 sane“,
2369 1824 2476 1878 νίν.

201 1912 453 1968 gnorum
503 1895 858 1951 mundialium
917 1893 1189 1960 indultor,
1243 1893 1308 1947 da
1357 1905 1543 1960 regum
1595 1887 1816 1943 culmini

207 1988 510 2060 religionis
537 1989 949 2058 prosperitatem
983 1994 1039 2041 et
1071 1986 1236 2054 pacis,
1266 1993 1326 2038 ut
1356 1982 1509 2039 nobis
1535 1996 1697 2049 regno
1726 1989 1818 2035 tuo

206 2080 430 2136 celesti
465 2082 520 2135 in
553 2081 707 2135 terris
751 2079 923 2134 adhuc
969 2078 1157 2149 positis
1198 2077 1418 2132 liberius
1449 2075 1607 2132 liceat
1633 2074 1819 2130 deser-

207 2173 357 2230 vire.
393 2172 499 2228 Per
529 2187 734 2241 resurg.

542 2264 722 2320 Oratio
749 2280 841 2335 pro
858 2262 1127 2335 spiritibus
1155 2262 1506 2334 pausantium.

920 2354 1161 2406 Praefatio.

308 2440 476 2497 Deum
501 2440 742 2496 Judicem
778 2438 1148 2494 universitatis
1169 2481 1185 2505 ,
1210 2437 1380 2492 Deum
1410 2435 1701 2492 catlestium
1723 2477 1736 2501 ,
1767 2445 1823 2492 et

227 2534 610 2598 terrestrium,
637 2541 690 2587 et
716 2528 1046 2587 infernoru'm
1071 2571 1085 2596 ,
1119 2530 1311 2584 fratres
1337 2528 1666 2584 dileCtissimi
1684 2571 1699 2593 ,
1731 2527 1822 2584 de-

227 2641 521 2698 precemur
545 2640 641 2695 pro
670 2623 948 2694 spiritibus
983 2636 1230 2677 carorum
1274 2629 1577 2675 nostrorum
1608 2619 1700 2689 qui
1725 2631 1823 2675 nos

230 2719 294 2775 in
333 2718 598 2774 dominica
631 2732 760 2787 pace
793 2723 1221 2786 praecesserunt,
1255 2723 1314 2768 ut
1343 2727 1437 2768 eos
1471 2713 1723 2768 Dominus
1769 2713 1822 2767 in

225 2814 472 2882 requiem
517 2812 745 2866 collocet
792 2817 843 2864 et
875 2810 925 2864 iu
979 2817 1130 2879 parte
1177 2807 1363 2878 primae
1409 2805 1823 2861 resurrectionis

232 2904 540 2960 resuscitat.
572 2903 690 2957 Per.

787 2993 957 3044 Oratio
977 2992 1222 3054 sequitur.

305 3081 426 3136 Jesu
455 3078 690 3145 Christe,
720 3079 823 3133 vita
855 3086 910 3132 et
938 3075 1262 3131 resurrectio
1291 3082 1495 3140 nostra,
1521 3075 1658 3129 dona
1687 3087 1820 3129 con-

228 3174 605 3232 sacerdotibus
637 3182 692 3228 et
721 3172 860 3227 caris
895 3169 1093 3225 nostris
1123 3169 1209 3238 qui
1235 3169 1287 3222 in
1321 3175 1408 3222 tua
1438 3181 1567 3237 pace
1609 3167 1824 3237 requie-

238 3282 451 3336 verunt,
489 3275 752 3336 exoptata:
790 3263 1079 3320 mansionis
1106 3261 1467 3332 refrigerium,
1496 3271 1550 3316 et
1573 3261 1615 3315 si
1637 3261 1726 3330 qui
1756 3275 1824 3315 ex

243 3361 368 3427 his,
413 3359 716 3415 daemonum
765 3355 948 3410 fraude
979 3354 1213 3422 decepti,
1259 3367 1502 3408 errorum
1550 3366 1610 3407 se
1639 3351 1824 3406 multis

235 3454 458 3511 maculis
490 3452 815 3523 polluerunt,
845 3460 923 3516 tu,
961 3449 1206 3514 Domine,
1231 3447 1319 3516 qui
1349 3447 1495 3502 solus
1522 3454 1712 3516 potens
1743 3460 1821 3510 es,

247 3553 464 3616 peccata
511 3557 700 3599 eorum
745 3541 1013 3604 concede,
1047 3548 1106 3594 ut
1149 3553 1286 3608 quos
1324 3537 1683 3592 damnationis
1712 3549 1825 3592 suae

238 3634 526 3708 participes
551 3632 791 3688 diabolus
823 3631 1148 3703 gloriabatur
1178 3629 1393 3684 effectos
1415 3643 1535 3684 esse
1555 3671 1570 3696 ,
1600 3643 1693 3698 per
1721 3627 1822 3682 mi-

239 3724 580 3780 sericordiam
612 3732 754 3778 tuam
777 3724 954 3778 socios
982 3733 1084 3776 tute
1104 3719 1448 3775 beatitudinis
1478 3719 1812 3789 ingemiscat.

242 3816 353 3874 sal.
666 3885 845 3940 Oratio
871 3900 964 3954 pro
997 3884 1390 3938 catechumenis.

906 3975 1151 4027 Praefatio.

316 4062 528 4120 Precem
559 4062 675 4132 spei
705 4061 930 4117 fratrum
963 4071 1269 4116 nostrorum
1289 4101 1304 4125 ,
1337 4059 1601 4114 carissimi
1629 4099 1646 4127 ,
1673 4059 1828 4115 unia-

243 4155 410 4212 nimes
435 4154 747 4224 adiuvemus
772 4193 786 4218 ,
819 4153 894 4208 uti
926 4152 1183 4207 Dominus
1212 4150 1558 4220 omnipotens
1587 4149 1653 4204 ad
1703 4148 1826 4205 fon-

249 4257 352 4305 tem
392 4262 482 4304 eos
521 4249 690 4304 beatae
734 4247 1159 4316 regenerationis
1205 4259 1317 4301 suae
1363 4252 1592 4308 euntes,
1640 4259 1828 4301 omnes

249 4342 623 4399 misericordiae
644 4357 752 4397 suae
779 4341 983 4395 auxilio
1011 4339 1240 4409 Spiritus
1269 4346 1643 4410 prosequatur.

762 4436 996 4487 Collectio
1015 4436 1256 4496 sequitur.

318 4519 528 4575 Creator
556 4519 792 4575 omnium
830 4520 1053 4575 Domine
1081 4561 1095 4585 ,
1122 4528 1176 4574 et
1200 4518 1320 4574 fons
1350 4500 1700 4588 aquae‘vivae,
1734 4516 1825 4586 qui

2043 1911 2258 1968 XXXV.
2301 1929 2597 1972 COLLECTIO
2629 1934 2695 1972 AD
2734 1933 2934 1975 romes
2970 1937 3389 1980 nsuamcsunos.

1990 2005 2236 2076 Stantes,
2278 2008 2468 2065 fratres
2513 2009 2814 2077 carissimi,
2856 2027 3016 2082 super
3062 2015 3228 2085 ripam
3269 2016 3451 2086 vitrigi
3478 2016 3512 2056 ά

1921 2096 2117 2160 fontes,
2151 2112 2317 2153 novos
2349 2099 2594 2157 homines
2621 2103 2793 2158 adduc
2817 2104 2896 2159 eis
2921 2104 2990 2159 de
3021 2113 3162 2161 terra
3191 2107 3333 2162 litori
3361 2123 3510 2164 mer-

1919 2197 2130 2243 catores
2171 2204 2266 2244 sua
2307 2196 2667 2247 commercia:
2697 2194 2894 2264 singuli
2943 2196 3255 2269 navigantes
3295 2199 3510 2268 pulsent

1921 2295 2069 2336 mare
2107 2296 2300 2338 novum
2321 2323 2335 2347 ,
2369 2298 2475 2339 non
2516 2286 2682 2356 virga,
2715 2287 2810 2343 sed
2840 2303 3033 2355 cruce;
3065 2305 3173 2346 non
3215 2300 3380 2358 tactu,
3411 2293 3510 2349 sed

1920 2385 2115 2440 sensu;
2159 2389 2265 2430 non
2296 2375 2521 2444 baculo,
2561 2378 2657 2434 sed
2685 2389 3046 2437 sacramento.
3091 2382 3264 2439 Locus
3293 2383 3512 2454 quidem

1924 2482 2140 2537 paruus,
2173 2467 2267 2524 sed
2293 2471 2463 2538 gratia
2491 2469 2699 2539 plenus.
2733 2471 2879 2528 Bene
2905 2474 3231 2543 gubernatus
3263 2488 3346 2531 est
3387 2475 3509 2547 Spi-

1923 2562 2056 2616 ritus
2086 2571 2320 2616 sanctus.
2363 2562 2589 2618 Oremus
2615 2579 2743 2634 ergo
2795 2566 3080 2623 Dominum
3122 2578 3176 2626 et
3207 2569 3376 2626 Deum
3416 2587 3512 2628 no-

1924 2667 2123 2723 Strum,
2175 2663 2231 2709 ut
2276 2655 2574 2712 sanctiﬁcet
2615 2665 2753 2712 hunc
2799 2658 3037 2724 fontem;
3085 2672 3143 2714 ut
3185 2676 3372 2718 omnes
3421 2663 3516 2734 qui

1924 2751 2301 2808 descenderint
2324 2752 2377 2807 in
2402 2753 2543 2807 hunc
2571 2752 2793 2821 fontem,
2818 2754 2977 2810 faciat
2996 2755 3074 2811 eis
3101 2757 3368 2813 lavacrum
3395 2758 3512 2814 bea~

1927 2843 2145 2899 tissimae
2171 2845 2593 2914 regenerationis
2623 2845 2678 2900 in
2705 2845 3024 2903 remissione
3049 2863 3290 2904 omnium
3320 2863 3512 2920 pecca-

1926 2943 2126 2991 torum.
2156 2937 2256 2992 Per
2284 2937 2590 2992 Dominum.

2488 3029 2723 3081 Collectio
2747 3032 2988 3094 sequitur.

2001 3110 2140 3166 Deus
2181 3111 2272 3179 qui
2309 3110 2564 3168 Jordanin
2615 3113 2814 3170 fontem
2863 3131 2960 3186 pro
3001 3117 3302 3173 animarum
3344 3119 3516 3176 salute

1850 3228 1898 3292 ο
1929 3203 2290 3269 sanctiﬁcasti,
2335 3205 2623 3261 descendat
2663 3221 2827 3276 super
2852 3223 3018 3280 aquas
3046 3208 3140 3264 has
3167 3210 3385 3281 angelus
3411 3211 3510 3268 be-

1927 3296 2244 3352 nedictionis
2272 3306 2411 3366 tute,
2445 3307 2505 3353 ut
2544 3301 2735 3370 quibus
2771 3302 2973 3372 perfusi
3018 3303 3204 3360 famuli
3235 3305 3338 3374 tui,
3371 3305 3518 3364 acci-

1928 3391 2073 3459 piant
2101 3390 2470 3446 remissionem
2502 3403 2871 3461 peccatorum,
2906 3409 2968 3448 ac
2998 3396 3166 3450 renati
3199 3412 3264 3450 ex
3292 3411 3426 3467 aqua
3456 3404 3516 3454 et

1926 3482 2124 3553 Spiritu
2147 3493 2356 3551 sancto,
2396 3483 2574 3540 dereti
2607 3483 2700 3540 tibi
2735 3486 2971 3540 serviant
3006 3487 3060 3541 in
3092 3497 3376 3544 aeternum.
3411 3490 3515 3546 Per

1930 3573 2239 3632 Dominum.

2577 3666 2897 3719 Contestatio.

1999 3775 2223 3844 Dignum
2253 3782 2308 3830 et
2331 3774 2533 3844 justum
2561 3781 2677 3840 est,
2722 3774 2944 3830 Domine
2971 3784 3177 3846 sancte,
3212 3776 3369 3833 Pater
3398 3792 3513 3835 om.

1929 3865 2194 3936 nipotens,
2224 3875 2424 3920 atterne
2447 3865 2609 3932 Deus,
2637 3865 2871 3920 initiator
2897 3875 3229 3932 sanctorum,
3255 3867 3517 3924 chrisma-

1932 3967 2039 4014 tum
2068 3958 2249 4021 Pater,
2301 3967 2355 4013 et
2388 3957 2551 4030 248
2575 3958 2696 4013 novi
2741 3973 2836 4028 per
2867 3959 3084 4014 unicum
3130 3958 3329 4015 Filium
3365 3970 3516 4018 tuum

1929 4055 2212 4109 Dominum
2244 4061 2298 4108 et
2342 4053 2504 4108 Deum
2535 4062 2774 4107 nostrum
2806 4052 3003 4108 inditor
3033 4055 3391 4119 sacramenti;
3423 4057 3515 4126 qui

1931 4145 2262 4216 portantibus
2300 4145 2454 4215 aquis
2482 4144 2740 4215 Spiritum
2773 4153 2920 4200 tuum
2949 4154 3194 4201 sanctum
3223 4157 3349 4203 ante
3381 4147 3521 4204 divi-

1930 4256 2040 4296 ctas
2069 4239 2252 4294 mundi
2291 4239 2546 4310 largires;
2577 4239 2669 4308 qui
2717 4239 3034 4295 Bethsaidas
3077 4254 3278 4310 aquas,
3331 4241 3522 4309 angelo

1932 4332 2249 4398 medicante,
2299 4346 2583 4402 procuras;
2612 4331 2700 4402 qui
2729 4331 2982 4388 Iordanis
3019 4333 3230 4388 alveum
3250 4374 3268 4401 ,
3301 4334 3522 4390 Christo

1935 4427 2072 4483 Filio
2098 4438 2189 4483 tuo
2215 4427 2488 4495 dignante,
2518 4427 2849 4491 sanctificas;
2878 4427 3106 4496 reSpice,
3149 4428 3395 4495 Domine,
3426 4441 3522 4484 su-

1937 4538 2031 4592 per
2061 4523 2158 4577 has
2182 4538 2371 4591 aquas,
2402 4537 2520 4591 qua:
2549 4530 2859 4592 praeparatas
2889 4531 3012 4576 sunt
3035 4521 3102 4575 ad
3143 4519 3370 4576 delenda
3414 4523 3519 4577 ho-

251 4627 343 4684 per
369 4613 632 4668 lavacrum
666 4611 913 4680 baptismi
956 4619 1174 4682 peccata
1202 4625 1387 4666 eorum
1419 4609 1597 4675 deles,
1629 4608 1826 4678 quibus
1860 4625 1915 4685 D
1936 4614 2137 4672 minum
2171 4624 2408 4684 peccata.
2436 4613 2695 4684 Angelum
2728 4614 2940 4682 pietatis
2969 4620 3069 4667 tuae
3100 4613 3182 4666 his
3209 4616 3374 4670 sacris
3405 4615 3523 4671 fon-

253 4706 351 4777 iam
377 4704 581 4761 donasti
612 4704 1017 4760 resurrectionis
1064 4703 1222 4758 ﬁdem
1246 4745 1261 4768 ,
1295 4714 1351 4758 ut
1378 4710 1603 4757 mortem
1659 4701 1816 4768 hujus

254 4796 421 4852 seculi
447 4812 550 4851 non
583 4796 822 4862 timeant,
860 4794 1007 4863 reple
1033 4809 1128 4849 eos
1149 4794 1348 4864 Spiritu
1377 4801 1588 4857 sancto,
1613 4801 1674 4846 ut
1703 4792 1812 4846 for-

254 4887 376 4944 mari
404 4889 451 4942 in
482 4888 589 4943 illis
614 4885 885 4941 Christum
915 4900 977 4940 ac
1004 4886 1188 4940 vivere
1214 4884 1532 4955 glorientur.
1566 4884 1689 4938 Per.

477 4998 720 5056 XXXIV.
761 5015 828 5054 an
866 5011 1216 5055 CHRISTIANUM
1257 5010 1576 5050 racmunnu.

325 5093 471 5166 42⁸1
503 5093 748 5160 Domine,
779 5091 998 5160 dignare
1037 5089 1354 5145 benedicere
1403 5087 1561 5155 hujus
1591 5084 1826 5141 infantia;

263 5189 441 5246 famulo
473 5196 564 5241 tuo
590 5185 665 5240 ill.
711 5193 737 5222 ιι
765 5183 1013 5252 quoniam
1054 5196 1154 5237 nec
1183 5182 1486 5237 conditione
1525 5179 1828 5250 quisquam,

267 5296 355 5336 nec
377 5289 527 5335 aetate
554 5278 870 5348 depellitur,
920 5276 1132 5330 dicente
1162 5275 1516 5330 dilectissimo
1557 5274 1694 5329 Filio
1734 5281 1832 5329 tuo

266 5371 474 5429 Domino
502 5381 686 5427 noStro
715 5388 728 5423 :
757 5369 933 5424 Nolite
979 5367 1260 5438 prohibere
1289 5366 1517 5422 infantes
1547 5367 1737 5422 venire
1764 5365 1831 5420 ad

269 5478 361 5519 me.
393 5463 454 5517 lli
481 5463 647 5527 enim,
681 5459 931 5525 Domine,
963 5469 1244 5526 antequam
1279 5459 1474 5512 bonum
1500 5467 1594 5512 aut
1633 5457 1832 5512 malum

284 5655 287 5657 -
333 5626 355 5656 ⁸
393 5617 513 5672 Ilaec
538 5626 660 5672 nota
704 5625 788 5672 est
815 5614 1046 5670 nominis
1087 5614 1320 5684 proprii,
1354 5613 1493 5684 quod
1541 5613 1592 5667 in
1633 5612 1836 5684 baptis-

270 5699 396 5746 mate
422 5689 722 5755 impositum
769 5689 935 5741 fuisse
965 5683 1308 5757 intelligimus
1336 5683 1400 5739 ex
1443 5683 1735 5757 Gregorio,
1767 5683 1835 5738 de

275 5761 392 5815 Vitis
424 5754 632 5828 patrum
664 5776 712 5814 c.
748 5759 802 5824 8,
847 5760 934 5814 ubi
966 5754 1200 5813 Nicetius
1246 5771 1440 5812 nomen
1483 5757 1534 5810 in
1568 5754 1868 5823 baptismo'

279 5831 528 5898 accepisse
555 5830 882 5898 perhibetur.

335 5901 360 5943 δ
398 5904 472 5958 An
504 5902 710 5973 pietate,
742 5900 826 5958 vel
855 5910 1025 5970 atate,
1055 5900 1146 5957 alii
1173 5898 1507 5958 divinabunt.

1933 4709 2072 4765 tibus
2096 4708 2284 4763 adesse
2309 4707 2528 4776 dignare
2554 4725 2566 4758 :
2598 4707 2719 4760 vitae
2750 4707 2943 4776 prioris
2973 4706 3208 4761 maculas
3230 4707 3433 4772 abluat,
3465 4717 3522 4764 et

1932 4813 2154 4869 parvum
2203 4797 2562 4851 habitaculum
2612 4794 2908 4848 sanctiﬁcet
2955 4794 3083 4859 tibi,
3119 4810 3413 4865 procurans
3464 4807 3524 4852 ut

1933 4890 2419 4962 regenerandorum
2465 4889 2666 4942 viscera
2698 4894 2899 4941 aeterna
2938 4886 3258 4954 ﬂorescant,
3291 4898 3345 4944 et
3394 4903 3521 4945 vere

1935 4983 2270 5056 baptismatis
2295 4983 2504 5037 novitas
2525 4990 2822 5051 reparatur.
2851 4980 3102 5048 Benedic,
3131 4981 3353 5036 Domine
3379 4981 3522 5038 Deus

1937 5088 2121 5136 noster
2144 5118 2157 5141 ,
2199 5077 2336 5131 hanc
2363 5084 2664 5130 creaturam
2706 5089 2894 5144 aquae,
2946 5083 3003 5130 et
3040 5074 3332 5131 descendat
3359 5088 3524 5143 super

1938 5186 2056 5229 eam
2083 5170 2254 5226 virtus
2283 5178 2370 5224 tua
2396 5186 2410 5223 :
2437 5169 2667 5236 desuper
2696 5167 2916 5223 infunde
2936 5167 3190 5238 Spiritum
3222 5176 3367 5222 tuum
3399 5182 3526 5222 san-

1938 5275 2081 5322 ctum
2110 5263 2452 5331 Paraclitum,
2483 5263 2728 5333 angelum
2759 5263 3021 5318 veritatis.
3063 5261 3372 5323 Sanctiﬁca.
3424 5262 3527 5316 Do-
3565 5255 3576 5269 ί

1939 5361 2104 5424 mine,
2135 5359 2292 5429 hujus
2319 5357 2491 5412 laticis
2520 5356 2722 5423 undas,
2755 5357 2895 5413 sicut
2933 5353 3275 5410 sanctiﬁcain
3320 5353 3527 5412 ﬂuenta

1939 5451 2206 5519 Iordanis,
2245 5459 2300 5504 ut
2328 5447 2420 5518 qui
2451 5448 2503 5504 in
2534 5449 2674 5503 hunc
2699 5447 2894 5502 fontem
2926 5443 3321 5512 descenderint,
3353 5445 3404 5500 in
3432 5459 3529 5501 no-

2019 5619 2040 5677 ς
2083 5607 2253 5677 Lege,
2287 5607 2535 5676 linguam,
2564 5619 2833 5677 conversus
2862 5612 2916 5656 ut
2945 5602 3252 5677 confitearis.

2013 5676 2042 5717 ἀ
2083 5673 2244 5734 Forte
2269 5673 2570 5747 legendum,
2603 5691 2758 5740 super
2786 5675 2958 5747 ripam
2977 5676 3121 5747 vitrei
3145 5675 3322 5747 fontis.
3357 5674 3423 5747 Et
3445 5673 3529 5728 in-

1943 5751 2051 5816 fra,
2093 5744 2402 5804 mercaturas
2433 5764 2531 5818 pro
2558 5753 2884 5818 mercatores.
2917 5744 3026 5818 Nisi
3057 5747 3099 5818 si
3135 5747 3186 5818 iu
3217 5745 3376 5818 priori
3414 5746 3529 5818 loco

1951 5814 2134 5892 νῆινὶθί
2181 5828 2265 5892 est
2309 5814 2504 5892 nomen
2543 5815 2818 5887 prouriom
2851 5816 2949 5872 loci
2975 5857 2989 5884 ,
3038 5816 3124 5876 ubi
3159 5814 3527 5888 baptisterium

1945 5889 2099 5962 erat,
2126 5891 2212 5948 vel
2239 5889 2552 5947 conditoris.
3384 5916 3406 5934 .
