4048 6350
544 328 652 388 275

1229 334 1584 394 APPENDIX
1626 336 1720 394 AD
1758 336 1989 393 OPERA
2032 335 2274 395 SANC‘I'I
2314 338 2623 403 GERHANI
2668 346 3115 406 PARISIENSIS.

3741 357 3849 413 2‘76

543 449 690 505 mine
719 447 912 517 Patris,
942 456 997 505 et
1035 448 1176 517 Filii,
1208 459 1260 507 et
1283 453 1515 523 Spiritus
1563 453 1756 519 sancti,
1791 464 1845 510 et
1874 462 2127 527 peccato—
2154 457 2208 518 Α
2234 456 2385 513 ribus
2416 460 2643 528 liberati,
2674 473 2729 519 et
2749 465 2813 518 ad
2842 464 3064 536 iustitia:
3094 474 3255 539 atque
3283 468 3419 527 locis
3444 473 3689 528 celestis
3718 490 3844 546 gra-

541 554 661 596 rum
692 541 933 607 veniam,
979 550 1034 598 et
1062 544 1232 599 sancti
1258 544 1489 615 Spiritus
1518 546 1836 601 iniusionem
1865 547 2125 617 consequi

540 643 869 689 mereantur.
902 634 1003 690 Per
1028 636 1309 691 Dominum
1334 646 1572 693 nostrum
1602 639 1787 694 Jesum
1827 639 2125 707 Christum,

538 728 633 799 qui
659 738 738 783 est
766 729 1075 785 benedictus
1095 730 1233 799 apud
1261 730 1493 797 Patrem,
1520 741 1575 789 et
1594 730 1853 803 Spiritum
1882 742 2125 788 sanctum

536 836 638 891 per
662 825 841 878 omnia
877 824 1070 877 saecula
1102 824 1441 879 szecnlorum.

610 911 811 970 Deinde
839 916 967 985 facis
996 931 1145 971 cruce
1171 917 1234 971 de
1262 915 1495 971 Chrisma
1518 924 1545 954 ι
1576 922 1623 971 et
1652 916 1800 971 dicis.

608 1007 871 1063 Esorcizo
920 1018 1002 1075 te,
1047 1019 1288 1064 creatura
1335 1024 1522 1078 aqum;
1569 1009 1819 1064 exorcizo
1853 1017 1909 1064 te
1947 1010 2123 1065 omnis

534 1101 804 1159 exercitus
831 1102 1060 1167 diaboli,
1104 1102 1276 1156 omnis
1308 1108 1545 1170 potestas
1575 1102 1881 1157 adversaria
1902 1143 1915 1166 ,
1945 1104 2121 1157 omnis

533 1193 717 1247 umbra
766 1191 1088 1246 daemonum.
1137 1189 1403 1246 Exorcizo
1449 1205 1501 1248 te
1542 1194 1596 1246 in
1650 1192 1867 1247 nomine
1908 1192 2119 1249 Domini

533 1283 699 1339 nostri
725 1283 851 1339 Jcsu
875 1284 1072 1339 Christi
1097 1282 1335 1347 Nazarei,
1366 1286 1455 1355 qui
1488 1286 1796 1339 incarnatus
1822 1292 1904 1341 est
1929 1286 1981 1341 in
2007 1285 2117 1340 Ma-

529 1380 606 1434 ria
632 1378 870 1452 virgine,
919 1382 1001 1434 cui
1047 1380 1223 1435 omnia
1250 1379 1478 1450 subjecit
1521 1378 1682 1435 Pater
1710 1382 1763 1435 in
1807 1380 1941 1436 caelo
1971 1390 2027 1437 ot
2066 1382 2117 1438 in

528 1484 690 1529 terra.
732 1472 883 1529 ‘l'ime
929 1481 981 1529 et
1013 1484 1182 1529 treme
1212 1485 1299 1539 tu,
1342 1482 1397 1528 et
1424 1474 1599 1528 omnis
1648 1472 1849 1529 malitia
1883 1484 2007 1540 tua;
2048 1475 2116 1531 da

526 1569 700 1623 locum
741 1564 961 1636 Spiritui
997 1575 1206 1634 sancto,
1243 1575 1298 1620 ιιι
1323 1578 1509 1620 omnes
1538 1564 1627 1636 qui
1654 1564 2032 1623 descenderint
2062 1568 2116 1624 in

525 1665 667 1718 hunc
695 1659 895 1715 fontem
920 1701 934 1725 ,
966 1660 1057 1713 llat
1086 1659 1163 1714 eis
1206 1658 1478 1713 lavacrum
1528 1656 1776 1729 baptismi
1827 1674 2112 1728 regenera-

524 1759 685 1813 tionis
715 1758 765 1812 in
809 1756 1129 1812 remissione
1167 1756 1409 1810 omnium
1456 1766 1814 1823 peccatorum.
1851 1756 1956 1813 Per
2006 1757 2113 1815 Do-

525 1850 728 1905 minum
760 1861 999 1903 nostrum
1029 1847 1207 1902 Jesum
1234 1846 1526 1911 Christum,
1556 1848 1642 1918 qui
1667 1858 1922 1905 venturus
1950 1860 2032 1906 est
2059 1852 2112 1906 in
2150 1842 2203 1904 Β

525 1940 704 1995 sedem
735 1938 1029 2008 majesmtis
1054 1937 1227 1992 Patris
1256 1938 1338 1992 sui
1367 1952 1484 1993 cum
1529 1938 1731 1995 sanctis
1766 1942 1972 2013 angelis
2002 1944 2115 2000 suis

528 2032 761 2102 iudicare
789 2040 862 2097 te,
889 2031 1125 2098 inimice,
1150 2039 1205 2085 et
1236 2030 1490 2086 saeculum
1524 2046 1620 2103 per
1640 2032 1817 2104 ignem
1840 2033 1894 2087 in
1925 2036 2119 2091 saecula

526 2125 865 2180 liaculorum.

592 2215 790 2272 Deinde
844 2213 1068 2287 insuﬂas
1126 2232 1309 2288 aquam
1359 2231 1447 2286 per
1499 2226 1599 2273 tres
1647 2219 1814 2286 vices,
1866 2228 1913 2273 et
1961 2219 2119 2275 mittis

524 2309 738 2365 chrisma
768 2308 820 2363 in
848 2311 1057 2362 modum
1083 2310 1273 2374 crucis,
1302 2319 1349 2362 et
1378 2310 1540 2363 dicis:

566 2394 786 2456 'lnfusio
820 2400 1067 2455 chrisma
1093 2400 1346 2454 salutaris
1371 2400 1577 2455 Domini
1602 2401 1770 2455 nostri
1800 2398 1925 2457 Jesu
1957 2399 2120 2455 Chri-

523 2494 608 2563 sti,
636 2504 695 2549 ut
718 2495 808 2549 liat
838 2492 956 2548 fons
980 2507 1133 2562 aquas
1161 2492 1402 2548 salientis
1425 2496 1631 2550 cunctis
1655 2493 2107 2551 descendentibus

513 2584 570 2641 in
612 2598 699 2651 eo,
730 2584 784 2639 in
811 2582 972 2640 vitam
1002 2594 1284 2639 aeternam.
1316 2585 1510 2641 Amen.

592 2679 729 2734 Dum
768 2678 995 2750 baptizas
1023 2680 1307 2750 interrogas
1338 2680 1403 2746 ci,
1434 2690 1481 2734 et
1505 2679 1632 2734 dicis
1662 2696 1680 2733 :

587 2772 808 2845 Baptizo
839 2781 891 2827 te
914 2772 988 2827 ill.
1023 2773 1075 2827 in
1107 2773 1323 2828 nomine
1356 2771 1549 2837 Patris,
1582 2780 1636 2828 et
1667 2771 1813 2837 Filii,
1866 2782 1919 2829 et
1947 2772 2115 2844 Spiri-

522 2869 605 2922 tt'ts
632 2866 800 2922 sancti
832 2868 882 2920 in
912 2866 1285 2921 remissionem
1322 2877 1683 2932 peccatorum,
1732 2875 1790 2920 ut
1815 2864 2013 2923 habeas
2040 2867 2118 2921 vi-

522 2969 625 3015 tam
666 2970 943 3013 aeternam.
978 2961 1169 3012 Amen.

591 3049 726 3103 Dum
751 3049 973 3102 chrisma
1002 3063 1118 3101 cum
1159 3047 1356 3118 tangis,
1389 3044 1520 3100 dicis
1548 3062 1564 3099 :

558 3127 752 3221 ’249
779 3141 1025 3210 Perungo
1077 3150 1128 3197 te
1173 3140 1406 3196 chrisma
1441 3140 1762 3206 sanctitatis,
1878 3139 2112 3198 tunicam

2231 551 2356 605 tiam
2389 555 2705 623 promissam
2736 557 2925 626 electi,
2973 562 3353 629 omnipotentis
3382 564 3477 619 Dei
3522 564 3707 621 Patris
3749 567 3838 623 in-

2232 642 2560 716 fatigabilem
2593 649 2882 707 bonitatem
2915 667 3010 722 per
3044 653 3319 711 Christum
3348 656 3515 712 lilium
3548 660 3699 727 ejus,
3729 659 3841 715 fra-

2230 744 2339 791 tres
2372 737 2742 807 dilectissimi,
2793 742 3186 812 deprecemur.
3234 757 3291 801 ut
3345 748 3650 806 Ecclesiam
3684 767 3840 805 suam

2230 839 2466 885 sanctam
2498 833 2815 890 catholicam
2861 836 3109 893 dimisam
3156 854 3249 909 per
3276 839 3460 897 orbem
3516 851 3833 905 terrarum.

2228 937 2385 991 quam
2430 925 2529 979 sibi
2563 930 2919 986 amantissimi
2953 930 3070 987 Filii
3101 934 3181 988 sui
3216 933 3459 1003 passione
3514 946 3573 991 et
3634 938 3845 1006 gloria.

2226 1016 2441 1072 sissimo
2461 1023 2721 1091 sanguine
2741 1026 3094 1097 conquesivit,
3116 1026 3229 1099 jugi
3254 1028 3549 1100 majestatis
3571 1046 3699 1084 sua:
3722 1047 3838 1101 pro

2226 1109 2461 1166 lectione
2481 1114 2767 1179 custodiat,
2792 1123 2953 1184 atque
2973 1130 3159 1174 contra
3182 1134 3369 1175 omnes
3391 1121 3577 1176 mundi
3600 1123 3837 1179 insidias

2226 1208 2395 1259 tutam
2428 1203 2809 1279 defensamque
2838 1209 3115 1279 concedat,
3150 1226 3213 1267 ac
3245 1222 3461 1283 praestet
3486 1215 3541 1270 ei
3573 1223 3833 1287 tempora

2225 1293 2509 1365 tranquilla
2538 1293 2591 1352 in
2622 1306 2959 1369 perpetuum.
2996 1297 3101 1354 Per
3141 1312 3529 1374 resurgentem.

2925 1389 3178 1441 Collectio.

2300 1467 2594 1524 Redemisti
2625 1486 2745 1539 nos,
2773 1470 2999 1529 Domine
3030 1475 3195 1541 Deus,
3243 1492 3341 1548 per
3371 1478 3651 1536 lavacrum
3690 1496 3846 1554 rege-

2222 1558 2516 1614 nerationis
2558 1570 2613 1616 et
2655 1564 2975 1633 sanguinem
3027 1568 3234 1633 crucis,
3283 1578 3339 1623 ut
3390 1569 3475 1624 illa
3527 1586 3669 1628 caro
3720 1589 3840 1645 qna

2223 1654 2370 1723 prius
2396 1656 2446 1709 in
2477 1656 2645 1711 Adam
2674 1659 2915 1715 martalis
2941 1659 3114 1717 fuerat
3142 1661 3352 1729 effecta,
3388 1678 3480 1732 per
3510 1666 3837 1729 passionem

2224 1746 2520 1821 Majestatis
2552 1759 2655 1806 tua:
2680 1768 2892 1809 rursum
2918 1765 3263 1813 revocaretur
3294 1759 3346 1811 in
3375 1759 3591 1812 caelum.
3621 1759 3839 1815 Salrat.

2851 1844 2968 1895 Post
2994 1848 3203 1898 nomina.

2296 1922 2523 1979 Oremus
2556 1940 2653 1995 pro
2684 1925 2767 1981 his
2799 1930 2887 1997 qui
2917 1928 3145 1985 offerunt
3196 1946 3414 1985 munera
3448 1930 3691 1987 Domino
3728 1934 3835 1988 Deo

2222 2027 2409 2073 nostro
2436 2031 2777 2075 sacrosancta
2807 2021 2969 2097 25o
2995 2024 3252 2093 spiritalia
3286 2040 3382 2095 pro
3408 2040 3487 2091 se,
3521 2035 3581 2081 et
3613 2044 3720 2095 pro
3750 2045 3839 2082 ca-

2220 2108 2296 2163 ris
2325 2109 2468 2177 suis,
2494 2120 2548 2166 et
2579 2126 2671 2180 pro
2700 2113 2975 2183 spiritibus
3005 2130 3252 2171 carorum
3280 2131 3496 2171 suorum
3519 2161 3534 2184 ,
3585 2120 3639 2173 in
3676 2136 3828 2175 com-

2222 2205 2609 2261 memoratione
2631 2216 2937 2263 sanctorum
2961 2219 3274 2278 martyrum,
3309 2219 3365 2266 ut
3392 2210 3654 2266 Dominus
3679 2212 3823 2268 Deus

2221 2305 2405 2352 noster
2454 2312 2636 2367 preces
2668 2300 2879 2356 illorum
2912 2301 3202 2358 clementer
3233 2303 3489 2360 exaudire
3530 2305 3807 2375 dignetur.

2223 2389 2325 2447 Per
2357 2404 2566 2463 resurg.
2914 2462 2987 2515 Ad
3011 2478 3197 2529 pum.

2289 2544 2536 2615 Comple,
2574 2546 2819 2615 Domine,
2853 2560 2974 2605 vota
3005 2552 3325 2621 supplicum.
3359 2551 3551 2607 exaudi
3589 2555 3827 2624 gemitus

2217 2648 2597 2709 peccatorum;
2630 2641 2902 2698 osculetur
2949 2656 3048 2699 nos
3088 2644 3155 2699 ab
3178 2646 3363 2709 osculo
3393 2645 3505 2701 oris
3544 2648 3631 2701 sui
3669 2648 3823 2716 pacis

2219 2730 2470 2801 Magister
2507 2742 2560 2787 et
2588 2732 2867 2801 conditor,
2902 2742 2962 2789 ut
3003 2736 3055 2790 in
3084 2736 3241 2791 nobis
3281 2736 3383 2791 hoc
3429 2738 3818 2808 recipientibus

2220 2825 2613 2898 holocaustum,
2642 2844 2825 2899 pacem
2857 2846 3015 2903 quam
3044 2846 3322 2901 speramus
3345 2833 3661 2891 habeamus.
3690 2836 3816 2895 Per.

2904 2943 3190 2997 Immolatio.

2286 3039 2517 3113 Dignum
2544 3053 2601 3099 et
2619 3053 2821 3114 gustum
2853 3056 2958 3117 est,
2989 3063 3204 3120 equum
3244 3061 3298 3107 et
3323 3051 3528 3123 justum
3556 3064 3669 3120 est,
3719 3072 3815 3111 nos

2219 3132 2314 3190 tibi
2344 3134 2429 3190 hic
2468 3145 2522 3191 et
2550 3136 2748 3208 ubique
2775 3139 2975 3209 gratias
3006 3155 3196 3213 agere,
3233 3144 3327 3201 tibi
3372 3145 3561 3202 laudes
3590 3147 3810 3215 dicere.

513 3236 951 3306 immOrlalitalis,
996 3252 1100 3308 qua
1152 3236 1407 3291 Dominus
1454 3247 1634 3291 noster
1659 3234 1814 3291 Jesus
1855 3236 2102 3291 Christus
2133 3221 2185 3286 (Ζ
2214 3236 2272 3283 et
2303 3226 2505 3282 hostias
2537 3229 2845 3295 immolare,
2879 3241 2934 3287 et
2958 3234 3199 3290 conﬁteri
3227 3236 3623 3294 misericordias
3667 3250 3809 3309 tuas,

520 3324 769 3388 traditam
793 3346 823 3386 a
853 3331 1009 3386 Patre
1043 3329 1245 3400 primus
1268 3327 1496 3397 accepit,
1531 3336 1587 3383 ttt
1614 3340 1733 3383 eam
1760 3328 2023 3400 integram
2058 3338 2113 3385 et

511 3419 788 3481 inlibatam
824 3421 1057 3495 perferas
1087 3432 1210 3478 ante
1238 3421 1473 3477 tribunal
1502 3421 1734 3491 Christi,
1769 3431 1821 3478 et
1862 3424 2011 3478 vivas
2052 3424 2105 3479 in

518 3520 705 3574 saeeula
745 3516 1081 3571 saeculorum,
1444 3576 1447 3583 ι

588 3610 721 3664 Dum
764 3610 916 3681 pedes
943 3607 971 3647 δ
1013 3610 1127 3680 ejus
1166 3610 1334 3673 lavas,
1378 3608 1506 3663 dicis
1530 3623 1551 3663 :

588 3705 696 3775 Ego
728 3703 821 3759 tibi
867 3704 986 3757 lavo
1018 3702 1200 3772 pedes.
1234 3702 1383 3758 Sicut
1428 3701 1689 3757 Dominus
1735 3710 1919 3758 noster
1946 3704 2106 3762 Jesus

518 3797 756 3855 Christus
785 3795 911 3851 fecit
939 3795 1215 3865 discipulis
1241 3796 1374 3864 suis,
1412 3804 1467 3849 ιιι
1521 3793 1684 3850 iacias
1720 3794 2025 3866 hospitibus
2051 3808 2107 3855 et

516 3889 839 3962 peregrinis,
872 3898 930 3943 ut
960 3888 1158 3943 habeas
1188 3888 1350 3942 vitam
1381 3898 1661 3943 aeternam.

590 3981 728 4035 Dum
756 3981 1105 4035 vestimentum
1136 3978 1181 4033 ei
1212 3978 1450 4049 imponis,
1482 3980 1611 4033 dicis
1638 3995 1658 4032 .-

587 4077 782 4147 Accipe
805 4084 1007 4130 vestem
1038 4074 1344 4141 candidam,
1374 4089 1533 4145 quam
1562 4072 1957 4131 immacttlatam
1986 4090 2109 4147 per-

518 4172 656 4227 ieras
696 4177 820 4224 ante
847 4168 1075 4224 tribunal
1106 4168 1316 4223 Domini
1351 4168 1516 4224 nostri
1548 4167 1673 4224 Jesu
1700 4168 1921 4223 Christi.

545 4253 549 4257 '
1198 4258 1296 4309 Coll
1302 4264 1446 4312 ectio.
1986 4256 1989 4259 1

584 4346 835 4411 Oremus,
864 4344 1054 4401 fratres
1084 4345 1381 4411 carissimi,
1419 4344 1702 4401 Dominum
1732 4355 1784 4402 et
1816 4347 1980 4403 Deum
2011 4361 2107 4403 no—

516 4446 684 4493 atrum
711 4453 806 4505 pro
835 4437 1027 4492 autetis
1052 4447 1076 4477 ο
1107 4436 1239 4501 suis,
1279 4439 1367 4509 qui
1409 4438 1567 4494 modo
1591 4438 1843 4510 baptizati
1876 4450 2020 4509 sunt,
2050 4449 2109 4497 ut

516 4544 635 4587 cum
670 4533 720 4584 in
750 4531 1029 4601 majestate
1056 4546 1151 4586 sua
1180 4531 1424 4587 Salvator
1453 4532 1754 4601 advenerit,
1785 4549 1921 4605 quos
1952 4549 2107 4607 rege-

2218 3318 2445 3377 Domine
2469 3331 2673 3387 sancte,
2695 3321 2851 3381 Pater
2872 3326 3229 3396 omnipotens.
3250 3336 3451 3384 aeterne
3470 3328 3640 3396 Deus,
3670 3346 3809 3400 quo-

2218 3412 2360 3469 niam
2389 3430 2609 3486 magnus
2637 3430 2696 3472 es
2719 3424 2795 3482 tu,
2835 3426 2889 3472 et
2918 3418 3118 3474 iaciens
3150 3420 3413 3476 mirabilia
3438 3439 3451 3488 ;
3482 3428 3539 3476 tu
3568 3437 3632 3477 es
3674 3423 3815 3481 Deus

2215 3506 2383 3565 Solus.
2416 3505 2495 3564 Tu
2530 3507 2702 3563 iecisti
2729 3509 2889 3565 caelos
2922 3510 2975 3565 in
3001 3510 3313 3578 intellectu;
3343 3522 3395 3569 tu
3427 3515 3671 3571 formasti
3704 3526 3813 3571 ter-

2213 3612 2330 3661 ram
2369 3615 2530 3672 super
2559 3616 2754 3669 aquas;
2788 3612 2841 3659 tu
2868 3601 3041 3660 feciSti
3070 3605 3353 3662 luminaria
3384 3622 3602 3680 magna,
3634 3610 3807 3665 solem

2215 3690 2269 3746 in
2310 3701 2629 3763 potestatem
2656 3693 2796 3761 diei,
2840 3696 3019 3755 lunam
3060 3705 3116 3753 et
3150 3700 3337 3755 stellas
3381 3701 3435 3757 in
3483 3709 3811 3770 potestatem

2217 3787 2404 3841 noctis.
2452 3786 2531 3841 Tu
2569 3786 2740 3843 fecisti
2786 3803 2915 3855 nos,
2948 3800 3000 3844 et
3028 3806 3131 3845 non
3163 3792 3263 3861 ipsi
3302 3808 3438 3859 nos;
3479 3810 3646 3862 opera
3688 3810 3803 3851 ma-

2214 3890 2377 3931 nuum
2408 3888 2613 3932 tuarum
2662 3892 2767 3934 non
2792 3882 3027 3936 omittas.
3071 3881 3215 3937 Tuus
3237 3891 3322 3938 est
3346 3884 3484 3952 dies,
3516 3894 3573 3940 et
3604 3897 3693 3941 tua
3722 3896 3808 3942 est

2213 3983 2340 4023 nox.
2382 3969 2439 4025 ltt
2468 3969 2555 4025 die
2599 3971 2740 4025 enim
2785 3973 3046 4029 mandasti
3075 3974 3498 4032 misericordiam
3540 3988 3687 4033 tuam
3710 4021 3724 4045 ,
3754 3989 3805 4035 et

2212 4060 2266 4118 in
2293 4070 2449 4117 nocte
2476 4063 2791 4129 declarasti,
2818 4080 2978 4135 quam
3007 4065 3282 4125 hodiernis
3310 4071 3505 4143 vigiliis
3538 4075 3594 4128 in
3638 4074 3800 4129 lumi-

2212 4152 2298 4208 nis
2324 4152 2484 4224 hujus
2512 4154 2797 4210 testivitate
2821 4158 3179 4213 celebramus.
3213 4161 3339 4218 Haec
3375 4174 3460 4221 est
3492 4166 3639 4221 enim
3675 4181 3801 4231 nos.

2210 4248 2524 4302 salutarium
2552 4251 2766 4304 conscia
2791 4262 3276 4312 sacramentorum.
3312 4258 3449 4323 Nox,
3478 4257 3535 4313 in
3564 4274 3670 4328 qua
3716 4274 3805 4313 ra-

2212 4339 2353 4393 niam
2386 4342 2753 4409 peccatoribus
2783 4353 3037 4409 praestas;
3080 4345 3150 4402 de
3179 4349 3453 4405 veteribus
3496 4352 3806 4408 hominth

2210 4446 2377 4486 novos
2406 4432 2608 4498 efﬁcis;
2649 4433 2718 4488 de
2758 4434 2977 4491 senibus
3014 4436 3191 4495 effetis
3222 4453 3461 4497 maturos
3514 4445 3696 4500 reddis
3726 4446 3803 4499 in-

2208 4521 2417 4589 l‘antes,
2459 4537 2597 4593 quos
2626 4525 2676 4579 in
2721 4539 2913 4579 novam
2944 4538 3245 4586 creaturam
3283 4541 3503 4589 renatos
3532 4536 3601 4589 de
3640 4551 3795 4591 sat-ru

515 4625 717 4679 neravit
747 4641 810 4678 ex
842 4640 979 4693 aqua
1009 4632 1062 4679 et
1086 4626 1284 4695 Spiritu
1314 4636 1522 4691 sancto,
1548 4624 1707 4682 iaciat
1733 4642 1827 4683 eos
1849 4642 1915 4683 ex
1947 4637 2102 4684 aeter-
2130 4624 2186 4687 Ι)
2208 4616 2354 4675 {Ome
2385 4618 2653 4685 ιποάιιείε·
2697 4618 2808 4673 ηπ
2836 4631 2995 4678 Hoc“!
3034 4624 3086 4679 in
3137 4636 3398 4682 attentum
3448 4628 3591 4684 diem
3636 4645 3798 4685 reua-

514 4715 678 4771 nitate
708 4716 904 4770 vestire
932 4715 1179 4772 salutem.
1216 4717 1317 4772 Per
1346 4716 1651 4772 Dominum.

542 4826 545 4829 π
1190 4807 1313 4859 item
1339 4806 1452 4857 alia.

586 4891 874 4960 Baptizatis
900 4903 956 4948 et
999 4893 1052 4948 in
1095 4891 1316 4949 Christo
1342 4896 1647 4962 coronatis,
1678 4909 1817 4965 quos
1848 4896 2105 4952 Dominus

515 4993 700 5043 noster
739 5000 766 5038 a
806 4986 1037 5040 chrisma
1088 4986 1395 5055 petentibus
1437 4988 1849 5058 regeneratione
1896 4987 2105 5045 donare

514 5077 765 5149 dignatus
805 5085 906 5143 est,
941 5091 1221 5146 precamur
1248 5080 1589 5148 omnipotens
1617 5081 1779 5147 Deus,
1813 5088 1869 5136 ut
1899 5081 2103 5150 baptis-

514 5187 660 5228 mum
705 5170 844 5241 quod
875 5178 1231 5239 acceperunt,
1284 5170 1685 5226 immaculatum
1719 5176 1892 5242 ipsum
1921 5172 2100 5243 perte-

514 5276 631 5316 rant
664 5276 830 5330 usque
866 5263 918 5315 in
950 5263 1128 5316 linem.
1156 5260 1262 5316 Per
1290 5260 1596 5322 Dominum.
1870 5286 1897 5307 ν

661 5353 898 5410 XXXVI.
939 5366 1087 5410 IIISSA
1124 5370 1176 5409 ιιι
1218 5370 1426 5411 νιοιιιιε
1465 5370 1682 5411 sane”
1721 5372 1959 5416 pascuis.
2052 5358 2058 5362 ’

586 5447 952 5501 Sacrosanctm
983 5447 1152 5503 noctis
1180 5446 1335 5502 istius
1364 5450 1532 5516 gratia
1588 5450 1826 5505 tenebris
1880 5451 2105 5506 secula-

591 5614 616 5641 ⁸
657 5603 749 5661 Sic
788 5604 1009 5659 chrisma
1053 5605 1335 5662 flectebant
1382 5616 1631 5665 veteres.
1676 5616 1736 5660 ut
1785 5606 1836 5661 in
1877 5606 2106 5661 concilio

516 5674 832 5759 macarensi
863 5690 920 5759 tt,
954 5691 1153 5732 canone
1179 5678 1211 5729 4
1237 5696 1249 5730 :
1284 5677 1351 5733 Ut
1381 5693 1474 5747 pro
1502 5677 1728 5731 chrisma
1754 5677 1885 5731 nihil
1912 5679 2125 5748 episco-.

520 5760 613 5817 pus
652 5757 890 5818 accipiat.

521 5891 532 5901 .
660 5818 1134 5901 l’lttjttsceﬂlot'ionis
1161 5829 1282 5884 pust
1312 5822 1635 5901 baptismum
1684 5821 1888 5901 mentio
2000 5859 2015 5884 ,
2048 5824 2106 5901 ul

517 5891 673 5946 initio
702 5889 858 5961 hujus
887 5890 1009 5951 libri
1033 5892 1283 5959 diximus,
1311 5894 1449 5962 apud
1480 5890 1819 5947 Ambrosium
1846 5890 1898 5949 in
1920 5891 2019 5947 lib.
2042 5892 2112 5949 de

2215 4720 2428 4767 scentes
2452 4714 2632 4783 populi
2664 4726 3043 4785 procreantur,
3091 4722 3239 4789 regni
3271 4722 3505 4778 crelesﬁs
3535 4725 3671 4778 atria
3718 4739 3801 4778 re-

2210 4814 2485 4871 serantur,
2521 4812 2576 4859 et
2606 4805 2757 4861 beata
2796 4808 2916 4880 lege
2944 4813 3283 4867 commerciis
3322 4812 3521 4869 divinis
3568 4815 3799 4869 humana

2214 4905 2505 4952 mutantur.
2540 4897 2664 4954 Haec
2690 4908 2770 4954 est
2790 4900 2932 4956 enim
2960 4916 3061 4957 nox
3091 4904 3180 4959 illa
3208 4919 3326 4974 quae
3352 4906 3492 4961 facta
3521 4917 3604 4963 est
3633 4909 3687 4963 in
3718 4910 3801 4964 de-

2213 4988 2367 5054 liciis,
2413 4988 2465 5042 in
2494 5005 2601 5059 qua
2638 4992 2873 5049 maxime
2896 4994 3181 5052 delectasti
3210 5012 3329 5063 nos,
3360 4998 3610 5064 Domine,
3639 5001 3693 5055 in
3726 5002 3797 5056 fa-

2213 5088 2361 5135 ctura
2389 5089 2499 5135 tua.
2540 5079 2654 5136 Nox
2684 5082 2737 5137 in
2767 5098 2872 5152 qua
2899 5084 3107 5141 inferna
3136 5096 3447 5159 patuerunt,
3481 5104 3585 5147 nos
3621 5095 3675 5149 in
3706 5106 3804 5166 qua

2209 5172 2485 5227 absolutus
2522 5182 2605 5227 est
2632 5172 2824 5243 Adam,
2857 5191 2964 5233 nos
2992 5178 3179 5248 in‘qua
3210 5179 3426 5238 iuventa
3472 5192 3559 5238 est
3585 5184 3809 5253 dragma

2210 5278 2330 5334 quae
2361 5263 2625 5332 perierat,
2656 5281 2765 5321 nos
2789 5267 2843 5322 in
2874 5284 2981 5337 qua
3010 5270 3138 5327 boni
3172 5272 3410 5329 Pastoris
3439 5274 3683 5331 humeris
3726 5292 3806 5332 re-

2210 5365 2423 5425 portata
2449 5365 2535 5412 est
2576 5356 2696 5413 ovis
2721 5358 2931 5427 perdita
2951 5400 2966 5425 ,
3010 5377 3113 5419 nox
3144 5363 3199 5418 in
3232 5376 3337 5433 qua
3367 5365 3616 5422 diabolus
3642 5381 3803 5425 occu-

2210 5448 2328 5506 buit
2360 5457 2416 5503 et
2441 5447 2779 5515 Soljustitiae
2813 5449 3059 5509 Christus
3096 5463 3324 5512 exortus
3362 5467 3449 5513 est
3481 5474 3497 5509 :
3530 5465 3588 5513 et
3613 5458 3804 5515 salutis

2211 5604 2498 5675 Mysteriis,
2522 5618 2642 5673 cap.
2668 5604 2721 5670 6,
2745 5616 2799 5661 et
2823 5608 2874 5661 in
2904 5607 2996 5663 lib.
3024 5620 3083 5663 ιιι
3100 5606 3170 5663 de
3190 5606 3574 5671 Sacramentis.
3597 5624 3722 5673 cap.
3755 5611 3796 5675 l,

2211 5677 2298 5729 ubi
2334 5677 2386 5729 iu
2421 5674 2661 5731 Romana
2694 5676 2932 5733 Ecclesia
2973 5678 3025 5732 id
3057 5679 3367 5735 inusitatum
3408 5679 3623 5737 dicitur.
3661 5674 3802 5737 ldeut

2212 5747 2349 5802 ritus
2377 5744 2516 5801 infra
2545 5747 2597 5803 in
2629 5748 2827 5804 llissali
2865 5748 3167 5806 Gallicana.

2288 5829 2309 5855 ο
2351 5817 2650 5892 Corruptus
2676 5820 2854 5889 locus,
2886 5821 2975 5876 ubi
3009 5820 3289 5892 legendum
3328 5821 3540 5880 videtur
3565 5840 3658 5892 pro
3682 5837 3786 5878 nco

2216 5889 2407 5962 phym-
