4048 6350
197 307 344 366 31'!

1284 305 1371 364 BE
1411 303 1740 365 LI'I‘URGIA
1777 297 2164 361 GALLICANA
2201 300 2408 360 LIBER
2443 302 2531 365 111.

3412 311 3523 370 278

197 425 434 481 inferni
475 426 736 493 nexibus,
771 424 1125 495 claustrisque
1155 423 1468 494 perfractis,
1505 423 1665 477 multa
1698 436 1826 475 san-
1855 421 1912 486 Α
1935 421 2180 475 maximae
2229 421 2442 491 pietatis
2498 430 2554 476 et
2603 422 2878 491 potestatis
2923 423 3260 495 omnipotens
3319 425 3520 498 Pater,

197 529 446 575 ctornm
469 534 719 590 corpora,
743 521 808 574 de
833 519 1094 588 sepulcris
1117 518 1471 586 erumpentla,
1497 515 1833 570 intraverunt

203 618 278 670 in
327 625 575 670 sanctam
622 615 912 672 civitatem.
943 613 988 669 0
1015 627 1144 669 vere
1192 612 1345 667 beata
1375 625 1513 674 nox,
1547 624 1664 678 qua:
1712 600 1833 662 sola

204 709 437 764 meruit
459 708 610 786 scire
641 718 850 776 tempus
894 716 948 761 et
990 708 1178 760 horam
1212 719 1313 774 qua
1355 702 1603 758 Christus
1649 715 1835 756 resur-

206 803 420 856 rexit!
461 801 528 855 de
567 815 667 869 qua
695 800 806 868 jam
851 801 902 853 in
954 799 1158 869 psalmo
1194 799 1370 852 fuerat
1412 794 1827 864 prophetatum:

207 896 372 961 Quia
413 911 516 948 nox
545 904 603 946 ut
630 893 747 946 dies
788 890 1212 945 inluminabitur.
1246 888 1360 943 Nox
1410 888 1463 941 in
1493 901 1594 956 qua
1644 893 1832 939 exorta

210 992 317 1036 cst
372 983 693 1038 resurrectio
733 984 784 1034 in
817 980 1218 1036 :eternuml'l'e
1265 979 1448 1045 enim,
1493 977 1836 1046 omnipotens

217 1075 417 1138 Deus,
459 1085 818 1129 creaturarum
846 1075 1145 1129 cmlestium
1179 1071 1464 1127 multitudo
1503 1080 1558 1126 et
1586 1069 1835 1124 innume-

217 1166 443 1222 rabiles
471 1168 779 1236 angelorum
810 1167 960 1221 c’hori
990 1167 1110 1221 sine
1143 1164 1446 1221 cessatione
1475 1163 1834 1233 proclamant,

219 1257 490 1314 dicentes
521 1274 534 1312 :
568 1256 818 1314 Sanctus.

849 1350 968 1401 Post
991 1352 1216 1401 Sanam.

313 1438 436 1492 Tuo
477 1438 629 1507 jussu
649 1480 662 1505 ,
696 1436 960 1500 Domine,
989 1435 1205 1490 condita
1247 1439 1375 1489 sunt
1401 1433 1560 1504 εει
1589 1428 1843 1484 universa

229 1530 300 1586 iu
333 1530 468 1586 casio
503 1541 556 1585 et
599 1531 652 1583 in
678 1538 821 1584 terra
842 1567 858 1594 ,
902 1528 953 1582 in
993 1528 1125 1582 mari
1165 1539 1220 1582 et
1250 1528 1302 1580 in
1331 1525 1580 1581 omnibus
1608 1521 1840 1593 abyssis.

234 1625 373 1681 Tibi
401 1625 730 1693 patriarchze,
767 1623 1066 1692 prophetas,
1098 1621 1347 1691 apostoli,
1391 1627 1677 1687 martyres,
1706 1630 1841 1671 con-

239 1720 503 1787 fessores,
535 1730 691 1789 atque
719 1732 905 1774 omnes
934 1717 1101 1772 sancti
1135 1716 1333 1786 gratias
1379 1720 1548 1786 agunt
1571 1729 1583 1766 :
1610 1711 1752 1783 quod
1787 1717 1844 1766 et

239 1826 354 1866 nos
385 1809 666 1876 iacientes,
718 1809 812 1863 has
859 1808 1061 1862 hostias
1089 1806 1356 1878 Spiritales
1395 1813 1449 1859 et
1477 1807 1684 1860 sincera
1708 1801 1846 1857 liba-

241 1907 396 1960 mina
428 1915 480 1959 ιιι
515 1903 684 1962 libens
712 1903 966 1960 exaudias
993 1902 1365 1976 deprecamur.
1401 1899 1477 1953 Te
1500 1911 1736 1961 oramus,
1767 1894 1842 1948 uti

241 2002 358 2056 hoc
388 2001 704 2056 sacriﬁcium
735 2012 824 2054 tua
854 1999 1227 2054 benedictione
1255 1995 1561 2061 benedicas,
1590 2001 1640 2049 et
1673 1992 1845 2062 Spiri-

245 2102 341 2149 tus
369 2095 535 2148 sancti
581 2095 652 2148 tui
686 2108 808 2148 rore
856 2092 1176 2160 perfundas,
1207 2101 1266 2146 ut
1311 2092 1384 2145 sit
1423 2089 1671 2144 omnibus
1716 2088 1847 2158 legi-

245 2188 784 2253 tintaEucbaristia,
823 2203 920 2258 per
949 2185 1220 2243 Christum
1264 2185 1546 2241 Dominum
1577 2192 1842 2239 nostrum.

248 2283 359 2352 Qui
400 2283 592 2354 pridie.
1351 2345 1354 2348 ι

649 2362 886 2415 Collectio
913 2363 974 2414 ad
998 2365 1136 2426 panis
1156 2362 1462 2414 fractionem.

331 2449 556 2517 Respice
584 2449 650 2505 ad
699 2453 838 2504 hanc
875 2448 1232 2515 oblationem,
1280 2449 1622 2518 omnipotens
1663 2445 1845 2511 Deus,

251 2553 414 2606 quam
446 2541 537 2596 tibi
567 2540 844 2602 offerimus
875 2541 928 2595 in
966 2541 1222 2596 honorem
1254 2539 1488 2598 nominis
1511 2539 1587 2592 tui
1621 2551 1718 2607 pro
1761 2551 1849 2593 sa-

254 2635 370 2689 lute
397 2649 577 2704 regum
597 2677 609 2697 ,
640 2646 692 2690 et
734 2635 974 2692 exercitu
1001 2650 1184 2690 eorum
1205 2677 1218 2698 ,
1253 2644 1307 2688 et
1337 2633 1574 2687 omnium
1617 2631 1850 2685 circum-

252 2727 611 2792 adstantium;
646 2737 698 2782 et
730 2735 920 2797 praesta
951 2734 1008 2781 ut
1035 2726 1125 2798 qui
1165 2740 1229 2780 ex
1260 2740 1322 2780 ea
1359 2724 1719 2798 sumpserint,
1754 2735 1850 2776 ac—

252 2817 459 2890 cipiant
481 2820 762 2873 sanitatem
786 2819 1000 2881 mentis,
1033 2817 1393 2886 integritatem
1417 2815 1681 2886 corporis,
1703 2821 1844 2868 tute-

252 2908 365 2964 lam
397 2910 617 2975 salutis,
669 2910 996 2965 intellectum
1029 2925 1219 2965 sensus
1250 2907 1468 2973 Christi,
1497 2907 1844 2962 securitatem

256 3004 401 3070 Spei,
449 3002 938 3062 corroborationem
994 3001 1156 3067 ﬁdei,
1210 2999 1564 3056 aeternitatem
1614 2996 1849 3068 Spiritus

256 3110 285 3147 s
327 3094 448 3148 ncti.
482 3094 679 3150 Praasta
709 3109 803 3162 per
840 3109 963 3148 eum
991 3094 1078 3163 qui
1114 3101 1288 3147 tecum
1322 3091 1431 3146 viv.
1474 3098 1526 3144 et
1554 3104 1669 3158 reg.

402 3205 665 3261 XXXVII.
705 3220 851 3261 mssa
893 3221 1053 3260 ιιιιιιιιιι
1093 3219 1180 3260 me
1222 3217 1426 3258 sancro
1464 3215 1702 3256 pasces.

734 3319 966 3372 Collectio
991 3325 1099 3381 post
1121 3317 1393 3381 prophetia.

344 3428 564 3485 Summe
589 3425 929 3494 omnipotens
952 3423 1115 3490 Deus,
1134 3423 1226 3492 qui
1247 3436 1414 3477 cornu
1445 3419 1633 3476 salutis
1657 3428 1857 3474 nostrai

263 3526 321 3580 in
354 3521 526 3576 crucis
553 3527 660 3573 tuae
688 3517 946 3588 mysterio
969 3515 1231 3578 extulisti,
1267 3522 1326 3567 ut
1352 3528 1450 3570 nos
1479 3513 1533 3567 in
1563 3512 1726 3566 domo
1754 3511 1856 3566 Da-

266 3617 351 3671 vid
387 3615 531 3685 pueri
561 3613 631 3666 tui
661 3611 824 3680 regali
857 3609 1065 3677 fastigio
1101 3607 1456 3670 sublimares;
1491 3606 1541 3659 in
1569 3619 1673 3673 quo
1696 3604 1858 3658 etiam

264 3708 468 3766 trifario
496 3706 650 3760 titulo
679 3703 956 3770 Trinitatis
987 3702 1140 3755 nobis
1174 3700 1348 3755 unitas
1380 3699 1715 3753 manifestata
1745 3699 1855 3751 cla-

257 3801 478 3860 rescens
503 3799 839 3862 ostenditur;
887 3796 1134 3852 Salvator
1165 3807 1358 3862 nempe
1391 3793 1443 3845 in
1479 3792 1719 3856 homine,
1753 3790 1851 3846 Sa-

267 3894 453 3952 cerdos
480 3893 672 3962 quippe
718 3891 769 3943 in
799 3889 1118 3952 chrismate,
1153 3886 1263 3942 Rex
1307 3885 1512 3940 scilicet
1561 3884 1856 3939 secundum

265 4000 476 4042 carnem
525 3999 588 4037 ex
636 3995 871 4052 genere;
932 3993 1122 4049 preces
1175 3985 1390 4033 nostras
1435 3986 1538 4030 tuae
1589 3977 1862 4046 supplices

269 4074 654 4149 prosternimus
685 4072 942 4142 Maiestati
963 4111 977 4136 ,
1009 4081 1068 4126 ut
1093 4084 1231 4140 quos
1263 4069 1328 4123 in'
1357 4077 1450 4123 tuo
1492 4069 1710 4123 nomine
1761 4082 1857 4135 per

273 4173 536 4227 lavacrum
561 4166 981 4238 regenerationis
1002 4178 1319 4220 consecrare
1344 4164 1590 4234 dignatus
1615 4177 1697 4226 es,
1722 4177 1854 4233 pras-

273 4272 401 4328 stes,
433 4261 592 4314 etiam
624 4257 677 4312 in
714 4258 995 4312 sanctitate
1023 4264 1078 4310 et
1101 4256 1305 4324 iustitia
1348 4255 1443 4308 tibi
1477 4254 1704 4308 Domino
1746 4269 1864 4309 ser-

275 4358 508 4421 vientes,
541 4353 942 4408 unanimitatem
975 4350 1097 4406 ﬁdei
1145 4364 1238 4420 per
1271 4347 1594 4406 infusionem
1627 4347 1865 4412 Spiritus

281 4452 350 4508 tui
389 4449 557 4507 sancti
585 4446 958 4504 inviolabiliter
988 4443 1261 4502 custodire
1280 4487 1296 4513 ,
1328 4456 1392 4500 ac
1420 4457 1516 4514 per
1549 4443 1687 4500 viam
1717 4442 1863 4511 paris

1938 513 2231 581 quamlibet
2258 529 2364 570 non
2389 516 2508 570 sine
2530 515 2708 572 debita
2753 521 3073 584 reverentia,
3097 529 3338 576 attamen
3377 523 3522 577 nulla

1936 606 2100 662 ofﬁcii
2126 608 2407 679 dignitate,
2446 610 2569 665 vilis
2595 611 2883 666 admodum
2929 624 3175 681 precator
3205 616 3435 682 accedo,
3467 629 3528 672 et

1938 715 2062 756 reus
2087 703 2434 757 conscientia:
2475 705 2625 758 testis
2653 704 2877 762 adsisto.
2909 706 3118 772 Quidue
3140 709 3344 778 rogabo
3382 709 3526 778 cpiod

1940 808 2046 848 non
2090 795 2340 850 mereor?
2379 794 2516 852 Atne
2557 795 2640 864 pie
2671 799 2798 868 (non
2831 797 2947 854 sine
3001 797 3096 852 Dei
3150 814 3281 868 pace
3325 800 3528 856 dietnnt

1941 884 2034 955 sit)
2061 886 2198 958 quod
2232 887 2429 958 peccati
2459 893 2625 956 magis
2652 897 2732 942 est
2758 900 3058 955 accusator,
3091 891 3178 959 qui
3207 907 3300 962 pro
3334 908 3527 962 pecca-

1942 976 2010 1032 tis
2039 977 2223 1034 debuit
2249 993 2368 1040 esse
2401 981 2763 1035 interventor?
2795 981 3001 1036 Accuso
3041 998 3168 1053 ergo
3201 999 3285 1039 me
3329 985 3443 1051 tibi,
3474 993 3528 1039 et

1943 1085 2047 1125 non
2079 1085 2306 1137 excuso,
2340 1080 2394 1126 et
2432 1087 2611 1126 coram
2659 1073 2885 1130 testibus
2914 1075 3174 1130 conﬁteor
3210 1076 3526 1147 injustitiant

1943 1177 2116 1217 meant
2139 1163 2231 1218 tibi
2263 1164 2486 1218 Domino
2508 1164 2617 1219 Deo
2639 1181 2779 1221 meo.
2808 1167 3098 1234 Conﬁteor,
3136 1171 3373 1238 inquam,
3399 1186 3531 1226 con-

1945 1254 2100 1310 ﬁteor
2145 1259 2246 1310 sub
2299 1257 2522 1311 testibus
2567 1257 2884 1326 iniustitiam
2923 1261 3210 1330 impietatis
3259 1278 3428 1325 meae,
3476 1270 3535 1317 ut

1945 1347 2186 1401 remittas
2216 1349 2544 1418 impietatem
2578 1351 2784 1420 peccati
2814 1352 2940 1406 tnei.
2967 1353 3239 1408 Conﬁteor
3261 1354 3402 1422 quod
3429 1355 3533 1411 nisi

1945 1443 2218 1508 remittas,
2260 1453 2407 1497 recte
2442 1457 2529 1498 me
2573 1443 2782 1512 punias.
2835 1445 3010 1501 Habes
3057 1461 3142 1501 me
3183 1449 3529 1503 conﬁtentem

1947 1547 2122 1599 reum,
2151 1532 2246 1587 sed
2269 1532 2430 1604 (scio)
2452 1534 2555 1589 nisi
2583 1535 2757 1590 verbis
2781 1550 2887 1590 non
2910 1537 3310 1592 emendantem.
3345 1538 3536 1595 Verbis

1949 1625 2095 1680 enim
2125 1626 2301 1694 placo,
2328 1627 2579 1696 operibus
2608 1628 2840 1683 offendo.
2867 1628 3088 1699 Culpam
3118 1631 3312 1697 sentio,
3347 1647 3538 1686 emen-

1951 1717 2220 1776 dationem
2253 1718 2464 1776 differo.
2501 1721 2732 1777 Subveni
2754 1737 2906 1796 ergo,
2945 1723 3167 1778 subveni
3210 1725 3379 1793 pietas
3402 1725 3536 1780 inef-

1871 1811 2146 1884 Bfabilis.
2195 1813 2446 1884 Ignosce,
2495 1815 2712 1882 ignosce
2760 1815 2927 1881 mihi,
2977 1814 3214 1870 Trinitas
3256 1817 3534 1873 mirabilis.

1953 1905 2159 1972 Parce,
2208 1920 2396 1973 parce,
2446 1920 2640 1975 parce,
2697 1908 2971 1976 supplico,
3010 1909 3190 1963 Deitas
3240 1908 3536 1976 placabilis.

1952 1999 2160 2081 Exaudi
2181 2042 2194 2065 ,
2242 2000 2467 2068 exaudi,
2500 2001 2691 2056 exaudi
2720 2018 2834 2069 me,
2871 2017 3031 2071 rogo,
3063 2004 3146 2058 his
3175 2005 3355 2059 verbis
3385 2004 3528 2059 illius

1953 2094 2070 2150 Filii
2095 2094 2174 2149 tui
2200 2095 2521 2151 clamantem
2549 2112 2563 2149 :
2597 2095 2776 2161 Pater,
2808 2106 3008 2152 aeterne
3039 2099 3197 2163 Deus,
3237 2101 3452 2163 peccavi
3483 2101 3537 2154 in

1951 2187 2106 2252 czelo,
2130 2196 2184 2241 et
2211 2202 2392 2241 coram
2424 2196 2506 2254 te;
2542 2188 2653 2260 jam
2683 2203 2788 2243 non
2814 2204 2931 2243 sum
2962 2189 3154 2260 dignus
3183 2190 3362 2245 vocari
3391 2190 3536 2244 ﬁlius

1952 2287 2110 2346 tuus;
2140 2267 2347 2334 fac'me
2373 2289 2429 2334 ut
2455 2295 2620 2335 unum
2651 2280 2718 2335 de
2741 2283 3089 2337 mercenariis
3121 2282 3247 2336 tuis.
3282 2283 3347 2336 Et
3369 2298 3531 2348 nunc,

1951 2371 2110 2428 Pater
2139 2372 2466 2438 misericors,
2498 2373 2712 2428 unicum
2743 2375 3128 2430 misericordia:
3161 2384 3266 2429 tua:
3297 2384 3530 2442 portum,

1949 2463 2164 2521 Christo
2210 2465 2442 2533 favente,
2491 2477 2646 2535 peto,
2682 2477 2739 2521 ut
2781 2467 2922 2536 quod
2968 2482 3063 2536 per
3095 2483 3180 2523 me
3209 2469 3414 2523 vilescit
3446 2483 3542 2537 per

1952 2557 2104 2613 illum
2127 2567 2400 2627 acceptum
2433 2557 2570 2613 ferre
2597 2557 2854 2628 digneris.
2879 2559 2980 2626 Qui
3004 2560 3056 2613 in
3079 2567 3340 2615 aeternum
3366 2567 3541 2614 tecum

1951 2651 2089 2709 vivit
2112 2661 2169 2709 et
2195 2662 2404 2723 regnat.

2538 2762 2766 2816 Praefatio
2789 2765 2968 2815 missae.

2028 2868 2398 2938 Expectatum,
2430 2867 2620 2923 fratres
2648 2867 2934 2936 carissimi,
2965 2873 3020 2923 et
3046 2865 3408 2924 desideratum
3440 2882 3532 2923 no-

1955 2959 2038 3018 bis
2058 2971 2218 3031 atque
2249 2963 2499 3016 universo
2525 2959 2710 3030 generi
2737 2959 2971 3025 humapo
2997 2959 3284 3014 salutarem
3314 2958 3535 3014 Paschae

1955 3051 2100 3108 diem
2129 3049 2328 3119 adepti,
2361 3050 2612 3106 concordi
2645 3065 2705 3104 ac
2728 3051 2971 3120 religiosa
3003 3066 3159 3120 prece
3188 3050 3548 3120 omnipotenti

1959 3143 2070 3199 Deo
2095 3144 2290 3210 gratias
2320 3157 2556 3212 agamus,
2585 3151 2868 3214 poscentes
2892 3143 3008 3212 ejus
3035 3141 3460 3198 misericordiatn
3488 3145 3541 3198 in

1877 3205 1928 3272 ο
1957 3236 2058 3291 hac
2077 3236 2164 3291 die
2184 3235 2612 3291 Resurrectionis
2639 3236 2847 3290 Domini
2881 3239 3047 3291 nostri
3074 3236 3202 3291 Jesu
3233 3234 3434 3290 Christi
3461 3236 3546 3290 Fi-

1958 3329 2015 3384 lii
2045 3329 2151 3395 sui,
2177 3336 2235 3383 ut
2259 3328 2453 3382 tribuat
2483 3335 2781 3395 temporum
2815 3329 3071 3397 quietem,
3103 3344 3285 3398 regum
3331 3330 3546 3398 pacabi-

1959 3419 2195 3487 litatem,
2236 3419 2475 3489 judicum
2508 3421 3002 3489 mansuetudinem,
3038 3421 3273 3474 hostium
3315 3421 3548 3475 inﬁrmi-

1960 3520 2147 3580 tatem,
2169 3528 2453 3583 corporum
2476 3512 2864 3576 salubritatem,
2888 3512 3028 3567 aeris
3055 3513 3392 3580 temperiem,
3416 3513 3542 3565 anni

1963 3607 2381 3676 benignitatem,
2415 3608 2679 3660 fructuum
2713 3605 2947 3674 cepiam,
2989 3604 3339 3658 schismatum
3381 3603 3548 3673 paeni-

1963 3704 2214 3766 tentiam,
2247 3700 2484 3770 gentium
2514 3699 2877 3763 vocationem;
2912 3708 2966 3753 et
2991 3707 3312 3752 conventum
3359 3697 3548 3750 Eccleo

1963 3793 2236 3849 siasticum
2278 3791 2497 3862 paciﬁca
2541 3799 2600 3846 et
2629 3805 2754 3860 pura
2795 3790 3244 3862 congregatione,
3296 3788 3548 3842 Paracliti

1967 3888 2048 3942 sui
2095 3885 2514 3941 sanctiﬁcatione
2543 3884 2873 3948 conlustret;
2921 3883 3170 3938 devotum
3217 3897 3280 3936 ac
3311 3883 3546 3936 dicatum

1969 3979 2070 4035 sibi
2120 3978 2434 4048 virginalem
2473 3976 2729 4046 pudorem
2768 3985 2823 4031 et
2848 3975 3191 4031 continentiae
3222 3975 3551 4044 propositum

1969 4073 2258 4142 gloriosum
2308 4082 2469 4143 atque
2517 4072 2729 4126 beatum
2778 4072 2831 4125 in
2863 4071 3112 4125 omnibus
3152 4069 3448 4132 custodiat;
3479 4067 3559 4120 vi-

1971 4165 2197 4220 duarum
2253 4163 2573 4218 laboriosam
2616 4157 2999 4218 continentiam
3056 4174 3150 4215 sua
3213 4158 3557 4214 miseratione

1973 4258 2280 4322 confoveat;
2308 4256 2563 4328 orphanis
2583 4271 2738 4326 opem
2764 4256 2977 4326 pietatis
2998 4265 3238 4324 paternae
3264 4254 3554 4323 impertiat.

1976 4351 2078 4406 Per
2106 4360 2472 4421 resurgentem
2499 4363 2529 4403 a
2553 4358 2711 4403 mort.
2748 4349 3031 4402 Dominum
3064 4354 3325 4402 nostrum.

2516 4461 2751 4514 Collectio
2772 4464 3018 4526 sequitur.

280 4543 457 4600 liberis
506 4541 778 4612 gressibus
820 4546 1207 4608 properantes,
1255 4533 1488 4594 caelestia
1518 4548 1683 4604 regna
1733 4548 1861 4592 con-

280 4636 553 4694 scendere.
599 4634 698 4690 Per
730 4646 942 4702 resurg.

887 4724 1001 4775 Post
1028 4722 1226 4773 Preces.

351 4811 510 4876 Deus,
536 4812 649 4882 qui,
685 4808 878 4866 evulsis
910 4807 1345 4881 superstitionum
1375 4805 1564 4875 spinis,
1598 4805 1652 4859 in
1686 4805 1869 4860 Eccle-

282 4906 359 4962 sia
403 4915 491 4958 tua
538 4903 800 4974 plantaria
834 4900 955 4956 ﬁdei
1004 4899 1107 4953 alta
1161 4899 1338 4954 radice
1370 4896 1631 4970 posuisti,
1677 4897 1870 4951 exaudi

261 5012 498 5070 .precem
547 4995 763 5058 familia:
804 5003 938 5059 tum;
971 4992 1178 5066 respice
1209 4990 1274 5043 de
1323 4989 1488 5051 caelo,
1543 4997 1597 5043 et
1637 4988 1786 5054 vide,
1820 4996 1874 5041 et

287 5090 436 5145 visita
465 5089 676 5148 vineam
706 5088 863 5144 istam
883 5131 897 5153 ,
941 5095 994 5141 et
1024 5092 1220 5153 prmsta
1259 5091 1334 5150 ut,
1365 5092 1415 5136 te
1442 5081 1724 5150 inrigante,
1760 5081 1871 5134 fru-

286 5193 428 5240 ctum
457 5181 683 5252 accipiat
708 5181 759 5242 iu
793 5181 1063 5243 ubertate,
1096 5191 1234 5247 quae,
1270 5186 1317 5230 te
1349 5175 1654 5246 plantante,
1692 5171 1872 5228 incre-

288 5281 523 5330 mentum
555 5271 750 5341 accipit
777 5270 830 5325 in
872 5267 1132 5338 germine.
1167 5266 1270 5319 Per
1310 5279 1516 5336 resurg.

806 5358 1042 5424 ApOIOgia
1067 5357 1347 5408 sacerdotis.

359 5455 498 5510 Ante
545 5461 648 5506 tua:
678 5446 1054 5506 immensitatis
1103 5453 1482 5513 conspectum,
1524 5454 1578 5498 et
1607 5453 1731 5498 ante
1773 5450 1877 5496 tute

292 5543 669 5601 ineﬁabilitatis
711 5542 927 5608 oculos,
973 5554 1005 5593 0
1049 5536 1296 5605 Majestas
1343 5534 1627 5599 mirabilis,
1675 5533 1883 5590 scilicet

292 5644 414 5694 ante
463 5644 580 5690 tuos
629 5637 843 5688 sanctos
883 5629 1094 5695 vultus,
1140 5627 1300 5702 252
1350 5639 1541 5694 magne
1597 5622 1776 5687 Deus,
1829 5630 1882 5678 et

1897 4589 1954 4652 ι)
2052 4572 2190 4632 Deus
2219 4571 2593 4646 omnipotens,
2630 4570 2827 4626 exaudi
2860 4568 3114 4639 populum
3145 4577 3316 4634 tuum,
3351 4567 3449 4621 hac
3473 4565 3565 4621 die

1975 4664 2042 4719 ad
2071 4665 2296 4735 gloriam
2325 4662 2760 4720 Besurrectionis
2793 4660 3004 4715 Domini
3031 4662 3194 4716 nostri
3218 4659 3342 4716 Jesu
3367 4659 3567 4716 Christi

1975 4755 2094 4810 Filii
2128 4755 2201 4810 tui
2232 4756 2282 4810 in
2317 4764 2408 4808 tuo
2446 4753 2662 4808 nomine
2693 4760 3108 4820 congregatum,
3141 4760 3195 4806 et
3227 4750 3563 4818 Majestatem

1977 4845 2136 4922 253
2165 4854 2305 4898 tuam
2335 4841 2644 4912 suppliciter
2668 4849 2978 4896 exorantem
3011 4839 3181 4909 dirige
3205 4853 3271 4892 ex
3310 4837 3564 4905 praesenti

1980 4936 2263 4991 festivitate
2305 4935 2356 4988 in
2402 4933 2641 4987 laetitiam
2691 4932 3108 4999 sempiternam,
3153 4939 3309 5000 atque
3357 4944 3424 4984 ex
3469 4927 3568 4983 hac

1980 5027 2253 5087 hodiernae
2285 5024 2660 5082 sollemnitatis
2697 5025 3028 5082 exultatione
3062 5023 3128 5078 ad
3169 5021 3362 5094 gaudia
3390 5021 3568 5075 incor-

1982 5128 2134 5190 rupta
2170 5116 2489 5173 transmitte.
2526 5117 2627 5181 Per
2666 5133 2874 5188 resurg.

2611 5229 2723 5278 Post
2749 5231 2958 5279 nomina.

2057 5338 2299 5406 Suscipe,
2333 5350 2661 5406 quaesumus,
2693 5335 2941 5404 Domine,
2975 5335 3203 5389 hostiam
3254 5335 3568 5403 placationis

1986 5441 2041 5485 et
2062 5430 2261 5495 laudis;
2286 5437 2341 5483 et
2364 5428 2460 5484 has
2481 5430 2781 5486 oblationes
2805 5427 3116 5482 famulorum
3142 5425 3568 5494 famularumque

1987 5532 2219 5588 tuarum,
2253 5535 2384 5592 quas
2416 5521 2509 5576 tibi
2540 5520 2814 5576 offerimus
2853 5518 3010 5572 hodie
3055 5519 3121 5572 in.
3157 5518 3569 5574 [lesnrrectione

1991 5617 2195 5672 Domini
2231 5617 2395 5671 nostri
2426 5615 2553 5671 Jesu
2584 5612 2780 5667 Christi
2816 5611 3110 5666 secundum
3162 5629 3398 5678 carnem,
3452 5614 3568 5682 pla-

365 5785 393 5814 ι
435 5774 491 5830 Id
519 5783 603 5832 est
625 5781 741 5844 post
773 5785 993 5840 precem,
1023 5766 1162 5829 utin
1191 5763 1364 5819 Natali
1401 5761 1640 5826 Domini,
1686 5758 1891 5816 scilicet
1923 5769 2044 5832 post
2075 5762 2331 5831 hymnum
2377 5757 2535 5810 trium
2565 5763 2883 5824 puerorum,
2933 5760 2989 5806 ut
3043 5753 3258 5826 quidem
3310 5753 3554 5822 interpre-

299 5857 492 5903 tamur.
