4048 6350
612 313 715 371 279

612 434 765 482 catus
794 426 1036 483 adsume.
1062 427 1260 484 Tribue
1289 430 1452 485 etiam
1476 444 1573 501 per
1593 429 2037 486 intercessionem
2067 442 2195 483 san.-
2218 434 2273 495 Α

610 530 820 579 ctorum
852 530 1061 576 tuorum
1091 522 1231 576 caris
1260 525 1483 589 nostris,
1513 523 1603 593 qui
1633 524 1684 577 in
1715 521 1933 577 Christo
1968 520 2204 577 dormie-

608 622 756 681 runt,
789 612 1125 684 refrigerium
1156 615 1208 668 in
1241 615 1458 684 regione
1488 616 1753 671 vivorum.
1785 615 1911 672 Per.

1269 729 1345 780 Ad
1368 742 1536 793 pacem

680 836 893 903 Annue,
920 850 1251 905 quasumus,
1303 837 1550 905 Domine,
1591 838 1929 909 supplicibus
1962 841 2090 908 tuis,
2143 847 2204 895 ut

606 931 725 987 haec
748 939 947 987 nostra:
977 931 1253 988 servitutis
1282 931 1483 987 oblatio
1518 934 1569 985 in
1601 932 1743 988 diem
1768 931 2204 990 Resurrectionis

606 1023 819 1080 Domini
842 1024 1009 1078 nostri
1032 1022 1156 1078 Jesu
1179 1022 1400 1089 Christi,
1433 1034 1488 1078 et
1514 1023 1744 1079 salutem
1771 1024 1927 1081 nobis
1955 1024 2203 1082 conferat

607 1126 665 1173 et
692 1130 899 1188 pacem.
934 1114 1039 1170 Per
1067 1125 1458 1185 resurgentem.

1252 1228 1575 1281 Contestatio.

680 1332 900 1402 Dignum
927 1339 982 1387 et
1004 1330 1209 1401 justum
1238 1340 1343 1399 est,
1376 1346 1590 1402 aequum
1622 1339 1680 1386 et
1707 1331 1943 1389 salutare
1970 1340 2073 1401 est,
2103 1347 2203 1389 nos

601 1404 698 1481 tibi
722 1424 807 1479 hic
832 1433 886 1478 et
912 1423 1111 1494 ubique
1136 1439 1352 1492 semper
1376 1424 1575 1491 gratias
1604 1438 1787 1494 agere,
1821 1424 2046 1481 Domine
2076 1440 2203 1481 san-

598 1524 706 1584 cte,
748 1516 906 1571 Pater
945 1518 1309 1586 omnipotens,
1338 1524 1541 1571 aeterne
1567 1516 1729 1571 Deus.
1762 1516 1870 1573 Sed
1896 1517 1951 1572 in
1976 1516 2081 1573 hac
2110 1518 2199 1575 die

597 1608 1033 1665 Resurrectionis
1086 1609 1297 1663 Domini
1350 1610 1518 1664 nostri
1567 1609 1697 1665 Jesu
1734 1608 1933 1666 ChriSti
1964 1611 2083 1667 Filii
2116 1612 2195 1668 tui

598 1702 882 1774 gratulatio
910 1700 1083 1771 major
1112 1700 1317 1756 exultat
1346 1699 1398 1754 in
1431 1700 1683 1757 sordibus
1712 1706 1931 1758 nostris.
1984 1702 2080 1759 llic
2110 1711 2197 1761 est

596 1795 743 1852 enim
787 1795 904 1849 dies
943 1795 995 1847 in
1037 1808 1143 1863 quo
1188 1792 1343 1848 nobis
1381 1802 1564 1849 exorta
1607 1802 2002 1869 estperpetuze
2029 1811 2193 1852 causa

596 1885 819 1941 laetitiae.
855 1885 951 1941 Hic
980 1896 1064 1941 est
1091 1886 1207 1941 dies
1237 1888 1650 1942 resurrectionis
1677 1886 1948 1955 humanae,
1980 1899 2033 1944 et
2065 1890 2189 1945 vitae

597 1977 791 2032 natalis
832 1986 1067 2032 aeternae.
1103 1976 1201 2032 Hic
1246 1986 1327 2033 est
1378 1977 1496 2033 dies
1534 1979 1589 2033 in
1632 1993 1739 2049 quo
1784 1979 1963 2035 satiati
2002 1995 2189 2037 sumus

598 2084 757 2125 mane
799 2069 1164 2125 misericordia
1210 2077 1330 2136 tua;
1370 2085 1479 2140 quo
1525 2070 1681 2126 nobis
1715 2071 1801 2126 ille
1832 2071 2181 2139 Benedictus,

597 2164 687 2234 qui
728 2163 872 2219 venit
916 2163 969 2217 in
1008 2163 1226 2220 nomine
1275 2164 1504 2229 Domini,
1564 2164 1709 2220 Deus
1757 2175 1945 2221 noster
2006 2166 2197 2225 inluxit

596 2257 773 2311 nobis.
808 2255 905 2311 llic
928 2257 1070 2311 enim
1095 2256 1349 2313 Dominus
1374 2264 1559 2313 noster
1571 2256 1731 2313 Jesus
1751 2257 1999 2313 Christus
2030 2258 2200 2315 Filius

594 2357 717 2403 tuus
765 2347 1068 2417 adimplens
1117 2347 1426 2418 prephetias
1475 2350 1810 2419 temporibus
1860 2350 2197 2420 praestitutis,

593 2439 831 2495 visitavit
857 2453 956 2494 nos
984 2448 1103 2509 post
1132 2440 1378 2507 biduum,
1409 2440 1499 2496 die
1536 2444 1695 2497 tertia
1745 2444 2065 2499 resurrexit.
2099 2444 2199 2501 Hic

592 2540 677 2588 est
717 2532 859 2587 enim
898 2530 1014 2587 dies
1066 2532 1195 2587 tanti
1244 2533 1481 2589 muneris
1520 2533 1900 2591 benedictione
1929 2537 2196 2608 signatus,

594 2622 683 2692 qui
738 2623 996 2678 hodierna
1052 2621 1343 2679 festivitate
1391 2625 1751 2694 gaudentibus
1794 2630 1850 2683 in
1899 2637 2013 2686 toto
2065 2632 2197 2690 orbe

595 2715 910 2770 mortalibus
940 2715 1327 2785 frequentatur.
1362 2716 1495 2783 Quia
1519 2720 1757 2774 omnium
1784 2735 1933 2777 mors
1980 2738 2194 2793 perem-

594 2815 683 2877 pta
721 2817 801 2862 est
848 2801 917 2862 in'
947 2822 1106 2863 cruce
1149 2807 1370 2874 Christi,
1420 2818 1475 2864 et
1523 2811 1576 2865 in
1628 2811 2041 2870 Resurrectione
2070 2816 2190 2886 ejus

594 2897 834 2952 omnium
858 2897 963 2952 vita
989 2898 1243 2953 surrexit.
1273 2898 1343 2952 Et
1364 2916 1525 2965 nunc,
1549 2900 1777 2959 Domine
1803 2917 2008 2973 sancte,
2034 2906 2195 2965 Pater

594 2988 957 3059 omnipotens,
987 3000 1189 3047 aeterne
1222 2991 1383 3058 Deus,
1414 2994 1685 3061 supplices
1716 2994 2088 3066 deprecamur,
2114 2999 2193 3055 uti

594 3078 734 3136 hanc
762 3082 1084 3138 oblationem
1120 3081 1451 3138 benedicere
1478 3092 1534 3138 et
1561 3086 1898 3143 sanctiﬁcare
1927 3090 2189 3161 digneris.

594 3168 700 3227 Per
723 3171 996 3228 Christum
1029 3172 1309 3228 Dominum
1336 3182 1602 3251 nostrum.

1220 3284 1339 3335 Post
1359 3286 1582 3336 Sanctus.

668 3392 791 3449 Ilaec
816 3402 870 3450 te
900 3408 1026 3461 vox,
1063 3396 1307 3463 Domine,
1335 3397 1559 3469 mystica
1582 3398 1701 3456 luce
1729 3402 2038 3469 comitatur,
2064 3419 2185 3473 qua:

596 3498 716 3540 cum
742 3485 795 3539 in
823 3486 1069 3556 supernis
1099 3486 1385 3545 dominicae
1416 3490 1811 3559 perennitatem
1838 3494 2008 3549 laudis
2037 3511 2194 3551 exer-

593 3590 731 3648 ceat,
778 3584 1199 3642 celebrationem
1230 3589 1363 3641 tanti
1397 3588 1632 3643 nominis
1677 3589 1879 3644 invexit
1917 3598 1973 3643 et
2010 3590 2189 3657 terris,

593 3685 649 3730 ut
700 3676 1006 3746 hujusmodi
1062 3694 1317 3748 personas
1362 3683 1406 3736 si
1458 3682 1704 3739 homines
1751 3692 2012 3753 tacerent,
2055 3698 2193 3741 saxa

594 3771 913 3827 clamarent.
965 3772 1227 3829 Viderunt
1260 3784 1313 3831 te
1356 3774 1535 3842 inferi,
1587 3776 1759 3843 Deus;
1814 3776 2082 3843 viderunt,
2137 3786 2194 3835 et

592 3863 883 3918 timuerunt
906 3879 935 3917 a
965 3878 1099 3920 voce
1126 3866 1350 3922 tonitrui
1374 3867 1472 3933 tui,
1497 3868 1742 3924 dicentes
1772 3886 1787 3923 :
1816 3868 2084 3940 Absorpta
2108 3880 2193 3927 est

594 3968 742 4007 mors
775 3953 827 4007 in
855 3952 1075 4008 victoria
1113 3962 1222 4009 tua.
1257 3955 1357 4010 Ubi
1404 3964 1507 4021 est,
1553 3956 1716 4026 Mors,
1771 3958 1989 4014 aculeus
2036 3946 2192 4014 tuus2

588 4045 843 4101 Adtonita
874 4044 1145 4114 paululum
1176 4046 1498 4102 miserorum
1526 4057 1728 4104 stetere
1758 4049 2057 4119 supplicia;
2087 4064 2190 4107 nec

587 4134 890 4191 habuerunt
940 4145 1205 4193 tormenta
1257 4140 1590 4208 cruciatum;
1637 4152 1691 4197 et
1739 4142 1975 4211 judicem
2021 4159 2180 4201 suum

589 4227 754 4299 254
783 4229 899 4296 ipsa
926 4228 1087 4283 etiam
1126 4244 1281 4298 pcena
1312 4233 1660 4299 contremuit,
1693 4233 1815 4304 quia
1848 4244 2033 4289 natura
2063 4244 2176 4291 ter-

588 4320 825 4378 ribilium
860 4322 1221 4391 tenebrarum,
1252 4326 1537 4395 prresentia
1584 4328 1657 4382 tui
1708 4327 1928 4399 fulgoris
1975 4328 2183 4399 habita,

587 4414 695 4486 jam
727 4420 852 4470 tunc
883 4416 1058 4469 timuit
1086 4415 1339 4486 judicari.
1368 4415 1758 4475 Exultaverunt
1785 4420 1959 4475 sancti
1981 4422 2033 4475 in
2061 4420 2179 4492 glo-

587 4505 690 4572 ria,
725 4506 965 4562 laetantes
996 4506 1049 4560 in
1078 4508 1345 4563 cubilibus
1374 4510 1509 4575 suis,
1540 4511 1680 4580 quod
1714 4512 2000 4566 Auctorem
2056 4525 2187 4582 pro-

588 4598 769 4652 missa:
817 4598 915 4653 sibi
965 4599 1094 4654 lucis
1134 4611 1509 4669 agnoscerent.
1544 4603 1783 4668 Quorum
1814 4611 1890 4669 tu,

585 4688 813 4757 stipatus
852 4688 1175 4758 agminibus,
1225 4698 1279 4744 et
1328 4690 1421 4744 tibi
1466 4700 1671 4746 tantum
1723 4700 1851 4746 noto
1892 4692 2186 4761 splendore

587 4780 864 4851 perfusus,
918 4782 1181 4837 sacriﬁcia
1226 4797 1320 4850 per
1362 4793 1413 4837 te
1441 4783 1681 4837 instituta
1732 4786 2031 4851 sanctiﬁca,
2077 4801 2187 4842 non

584 4873 864 4928 invitantis
890 4877 1106 4939 merito,
1129 4875 1225 4931 sed
1257 4875 1643 4931 sanctiﬁcantis
1672 4880 1939 4949 exemplo,
1969 4889 2027 4934 ut
2058 4895 2189 4937 cun-

584 4966 688 5020 ctis
738 4967 841 5020 rite
870 4967 1143 5034 perfectis,
1191 4966 1467 5023 Salvatore
1512 4978 1696 5024 nostro
1738 4972 1805 5025 ab
1849 4971 2034 5029 inferis
2074 4977 2186 5044 jam

583 5072 829 5124 reverso,
860 5067 915 5113 et
954 5073 1101 5113 mors
1154 5073 1213 5114 se
1257 5059 1519 5129 intelligat
1548 5060 1764 5127 victam,
1797 5070 1852 5119 et
1884 5064 1993 5119 vita
2020 5080 2181 5122 revo-

582 5163 779 5219 catam,
816 5168 909 5222 per
935 5151 1206 5207 Christum
1235 5153 1516 5209 Dominum
1553 5165 1814 5213 nostrum.
1861 5160 1960 5229 Qui
2008 5161 2181 5233 pridie

586 5259 745 5312 quam
775 5260 827 5313 p.

584 5376 875 5433 XXXVIII.
920 5395 1069 5435 mssa
1110 5396 1461 5439 HATUTINALIS
1498 5402 1599 5441 na
1631 5402 1809 5443 rerum
1844 5404 2039 5447 pascua
2073 5407 2173 5449 rso

733 5466 982 5505 PARVCLIS
1022 5468 1106 5516 QUI
1147 5469 1339 5510 ΒΕΝΑΤΙ
1380 5472 1533 5524 ευΝτ,
1574 5473 1806 5515 εεευκολ
1846 5477 2024 5516 FERIA.

660 5562 822 5628 Deus,
854 5566 942 5634 qui
971 5568 1253 5625 credentes
1275 5571 1326 5625 in
1357 5582 1405 5626 te
1432 5573 1654 5641 populos
1674 5574 1860 5642 gratim
1886 5583 1989 5629 tuae
2016 5575 2174 5647 largi-

560 5664 698 5710 .tate
747 5658 1089 5725 multiplicas,
1150 5663 1358 5731 reSpice
1412 5666 1676 5734 propitius
1730 5666 1797 5721 ad
1855 5665 2174 5725 electionem

588 5754 757 5813 tuam,
804 5758 860 5803 ut
900 5753 988 5820 qui
1037 5767 1194 5809 sacro
1237 5754 1555 5824 baptismate
1599 5766 1725 5812 sunt
1773 5760 1965 5826 renati,
2019 5763 2168 5833 regni

590 5841 830 5900 caelestis
852 5834 1489 5909 mereantur'introitum.
1524 5852 1625 5911 Per
1654 5853 1959 5914 Dominum.

2214 3216 2264 3280 C

1318 316 1662 375 APPENDIX
1700 316 1794 374 AD
1830 313 2058 372 OPERA
2098 314 2345 373 SANCTI
2383 316 2696 376 GERMANI
2734 318 3176 380 PARISIENSIS.
3756 327 3829 389 Μ

2978 431 3217 484 conectit)

2377 517 2585 574 Famuli
2626 527 2725 587 tui,
2757 519 3001 585 Domine,
3043 522 3135 591 qui
3172 520 3239 576 ad
3289 528 3436 576 tuam
3485 530 3613 579 sunt
3653 527 3826 594 gratiam

2302 614 2503 679 vocati,
2534 624 2625 670 tuo
2655 613 3018 670 indesinenter
3047 623 3394 686 protegantur
3418 616 3649 682 auxilio;
3692 627 3741 673 ut
3770 623 3831 691 qui

2305 705 2488 762 divino
2506 714 2633 761 sunt
2654 706 2919 776 baptismo
2940 707 3264 777 regenerati,
3290 722 3568 778 nunquam
3588 722 3618 763 a
3643 709 3708 765 tui
3726 716 3831 784 regni

2302 800 2537 869 potentia
2561 799 2963 871 possintevelli.
2991 800 3111 856 Per.

2923 892 3042 944 Post
3059 895 3274 944 nomina.

2375 975 2597 1045 Adesto,
2629 976 2874 1043 Domine,
2906 976 3383 1047 supplicationibus
3416 976 3639 1045 nostris,
3665 980 3831 1036 etobla-
3920 975 3921 1047 ἶ

2305 1069 2480 1126 tiones
2518 1069 2837 1125 famulorum
2876 1085 2940 1126 ac
2983 1070 3304 1125 famularum
3349 1079 3587 1139 tuarum,
3622 1086 3739 1143 quas
3773 1074 3835 1131 tibi

2304 1162 2602 1229 olerimus,
2635 1164 2876 1235 placidus
2904 1179 2968 1219 ac
2989 1164 3253 1234 benignus
3282 1166 3533 1221 adsume.

2926 1253 3001 1305 Ad
3025 1267 3210 1317 pacem.
3340 1312 3343 1313 ν

2380 1340 2653 1409 Concede,
2706 1356 3034 1412 quaesumus,
3083 1343 3430 1413 omnipotens
3472 1342 3712 1409 Deus,ut
3747 1344 3839 1403 Iesu

2308 1432 2608 1502 Paschalis,
2627 1450 2747 1505 quae
2768 1435 3055 1493 devotione
3081 1436 3333 1504 colimus,
3365 1434 3614 1492 moribus
3639 1450 3837 1508 exaequa.

2307 1541 2449 1584 mur.
2488 1526 2611 1582 Per.

2942 1597 3233 1651 Immolatio.

2379 1683 2519 1740 Vere
2543 1684 2766 1756 dignum
2789 1695 2845 1741 et
2868 1685 3070 1756 justum
3094 1696 3178 1742 est
3202 1704 3217 1743 :
3243 1686 3365 1756 quia
3398 1699 3566 1742 verus
3592 1685 3677 1743 ille
3692 1688 3839 1758 Agnus,

2305 1775 2396 1846 qui
2435 1790 2533 1846 pro
2574 1774 2728 1832 nobis
2775 1785 2859 1831 est
2904 1775 3236 1832 immolatus.
3264 1776 3366 1846 Qui
3400 1787 3631 1833 mortem
3661 1788 3839 1835 nostra!

2311 1867 2592 1923 moriendo
2640 1866 2930 1935 destruxit,
2981 1877 3034 1923 et
3064 1869 3229 1925 vitam
3279 1877 3527 1925 nostram
3583 1872 3838 1939 resurgentia

2307 1959 2575 2028 reparavit
2600 1957 2756 2014 Jesus
2783 1959 3026 2015 Christus
3052 1960 3312 2017 Dominus
3336 1972 3549 2018 noster.
3581 1962 3671 2019 Cui
3706 1966 3839 2019 merito

2304 2066 2495 2106 omnes
2525 2051 2721 2122 angeli.

2395 2164 2637 2221 XXXIX.
2684 2182 2812 2221 trait
2854 2182 3002 2224 IISSA
3039 2184 3347 2238 PASCIIALIS,
3388 2187 3593 2228 narra
3631 2186 3780 2228 run.

2375 2278 2536 2346 Deus,
2567 2282 2658 2351 qui
2683 2296 2872 2338 omnes
2898 2282 2951 2338 in
2977 2281 3195 2341 Christo
3233 2295 3453 2343 renatos
3490 2301 3653 2358 genus
3683 2288 3831 2358 regium
3920 2282 3921 2351 ἓ

2302 2378 2357 2426 et
2407 2369 2745 2427 sacerdotale
2784 2387 2905 2429 esse
2941 2374 3136 2445 fecisti,
3165 2376 3234 2431 da
3262 2377 3423 2433 nobis
3464 2378 3606 2434 velle
3645 2388 3693 2434 et
3730 2391 3836 2448 posse

2301 2463 2444 2533 quod
2491 2464 2760 2534 praecipis,
2794 2474 2853 2520 ut
2879 2468 3079 2537 populo
3106 2467 3173 2523 ad
3200 2470 3564 2527 :eternitatem
3586 2480 3751 2527 vocato
3769 2483 3835 2525 una

2301 2556 2373 2613 sit
2400 2556 2535 2614 fides
2562 2559 2822 2614 mentium
2852 2568 2907 2616 et
2933 2560 3103 2631 pietas
3128 2563 3426 2620 actionum.
3459 2564 3583 2621 Per.

2949 2669 3202 2723 Collectio.

2371 2774 2725 2845 Omnipotens
2752 2776 3084 2846 sempiterne
3116 2779 3275 2846 Deus,
3308 2794 3409 2850 per
3430 2796 3591 2852 quem
3616 2780 3749 2837 nobis
3776 2793 3831 2834 ro-

2305 2868 2544 2937 demptio
2573 2877 2859 2937 praestatur
2897 2880 2952 2924 et
2992 2870 3230 2941 adoptio,
3264 2873 3480 2942 respice
3511 2874 3564 2929 in
3594 2888 3734 2943 opera
3758 2871 3833 2945 pic-

2300 2960 2425 3015 tatis
2449 2968 2586 3027 ture;
2615 2968 2670 3015 et
2697 2975 2817 3031 quae
2848 2960 3098 3031 dignatus
3116 2976 3176 3018 es
3201 2963 3478 3030 conferre,
3512 2978 3745 3021 conserva
3766 2979 3776 3027 ;
3796 2965 3833 3015 ut

2299 3052 2355 3110 in
2384 3051 2602 3110 Christo
2630 3054 2832 3109 renatis
2860 3062 3061 3111 reterns
3094 3054 3358 3111 tribuatur
3396 3057 3565 3131 εδδ
3608 3054 3831 3117 hereditas,

2298 3156 2355 3202 et
2379 3158 2506 3202 vera
2525 3144 2768 3200 libertas.
2796 3145 2917 3201 Per.

2918 3247 3036 3298 Post
3059 3250 3274 3299 nomina.

2369 3333 2614 3403 Suscipe,
2647 3332 2893 3398 Domine,
2926 3348 3152 3390 munera
3182 3333 3386 3390 nomini
3413 3344 3512 3392 tuo
3540 3332 3717 3397 oblata,
3740 3339 3824 3398 qua

2295 3426 2355 3481 in
2405 3425 2529 3482 Filii
2577 3425 2653 3480 tui
2701 3425 3123 3482 Resurrectione
3177 3427 3562 3498 triumphantis
3605 3427 3654 3480 in
3694 3418 3827 3492 ςΙοτὶιι

2295 3518 2620 3574 universalis
2663 3516 2785 3587 ejus
2812 3517 3076 3588 adquisita
3125 3519 3387 3590 sanguine
3437 3518 3596 3576 offert
3631 3510 3826 3571 Ecclesia-

2297 3609 2423 3667 Per.

2942 3681 3016 3730 Ad
3038 3694 3226 3743 pacem.

2370 3786 2725 3860 Omnipotens
2744 3788 3073 3859 sempiterne
3103 3788 3265 3857 Deus,
3291 3788 3385 3861 qui
3417 3802 3516 3856 per
3549 3778 3823 3856 Unigenim

2295 3888 2446 3938 tuum
2490 3881 2808 3939 aeternitatis
2835 3880 2996 3939 nobis
3023 3880 3247 3947 aditum,
3279 3880 3489 3938 devicta
3519 3885 3696 3941 morte,
3720 3882 3823 3929 rete-

2292 3973 2457 4039 rasti;
2504 3973 2651 4045 erige
2689 3972 2759 4029 ad
2804 3980 2861 4029 te
2904 3973 3071 4029 corda
3117 3974 3477 4041 credentium,
3525 3980 3580 4028 ut
3614 3976 3766 4025 omnes
3785 3960 3822 4013 in

2291 4064 2509 4123 Christo
2543 4067 2717 4123 renati
2746 4081 2813 4123 ex
2838 4082 2976 4136 aqua
2998 4076 3053 4123 et
3082 4066 3286 4137 Spiritu
3313 4076 3506 4124 sancto
3528 4076 3725 4135 regnum
3748 4068 3819 4111 cev

2291 4159 2465 4216 lorum
2496 4160 2704 4231 ingredi
2728 4170 3061 4217 mereantur.
3094 4160 3217 4217 Per.

2935 4273 3224 4325 Immolatio.

2363 4378 2595 4449 Dignum
2629 4387 2683 4435 et
2708 4388 2916 4450 justum
2943 4391 3027 4435 est
3062 4395 3160 4436 nos
3191 4380 3284 4435 tibi
3328 4381 3530 4450 gratias
3558 4388 3713 4448 agere,
3736 4380 3817 4424 om'

2297 4470 2547 4540 nipotens
2602 4472 2933 4541 sempiterne
2991 4472 3169 4537 Deus,
3229 4487 3327 4542 per
3378 4471 3559 4527 Jesum
3610 4464 3819 4522 Christus

1928 4562 2179 4673 [urb—1;,
2212 4599 2268 4662 Β
2296 4565 2488 4622 Filium
2515 4576 2663 4622 tuum
2690 4567 2978 4624 Dominum
3006 4577 3272 4626 nostrum.
3295 4570 3397 4626 Per
3413 4583 3569 4640 quem
3594 4562 3817 4673 human-{nm

2292 4675 2464 4731 genus
2492 4661 2793 4729 viviﬁcans,
2827 4660 3037 4718 Pascha
3063 4663 3224 4719 etiam
3257 4678 3352 4734 per
3379 4662 3592 4735 Moysen
3614 4664 3662 4748 et

2292 4754 2521 4810 famulos
2563 4764 2684 4811 tuos
2728 4756 2868 4827 Agui
2915 4756 3285 4813 immolatione
3334 4756 3541 4828 jusslsti
3582 4746 3815 4807 celebrari:

2293 4850 2751 4920 consequentibus
2781 4852 3113 4919 temporibus
3145 4850 3313 4922 usqu‘e
3350 4852 3420 4905 ad
3461 4849 3718 4907 adventum
3742 4833 3815 4887 DO‘

2293 4943 2423 4997 mini
2453 4943 2623 4998 nostri
2656 4942 2785 4999 Jesu
2805 4942 3007 5000 Christi
3039 4945 3151 5016 (qui
3172 4944 3496 5015 sicutagnus
3523 4939 3587 4996 ad
3611 4930 3812 5007 νίοιίΨ³¹⁰

2268 5032 2485 5088 ductus
2533 5035 2642 5104 est)
2688 5034 2933 5091 eamdem
2985 5037 3428 5092 consuetudinem
3473 5036 3526 5091 in
3566 5017 3812 5087 memoriam

2292 5127 2580 5181 observare
2612 5127 2933 5196 praecepisti.
2986 5127 3107 5197 Ipse
3150 5139 3236 5185 est
3278 5144 3449 5199 agnus
3492 5114 3807 5182 immaculatut.

2291 5215 2381 5284 qui
2409 5217 2603 5284 prioris
2632 5219 2811 5287 populi
2841 5219 3075 5288 primum
3106 5220 3311 5277 Pascha
3356 5220 3410 5276 in
3444 5218 3661 5289 Egypto
3686 5200 3809 5296 fueral

2287 5307 2614 5365 immolatus.
2646 5309 2763 5379 Ipse
2790 5322 2872 5368 est
2900 5312 3056 5369 Aries
3084 5314 3137 5369 in
3168 5315 3424 5371 verticem
3452 5307 3636 5368 montis
3655 5291 3803 5389 e106}?

2282 5401 2354 5457 de
2382 5417 2544 5473 vepre
2574 5404 2833 5474 prolatus,
2867 5407 3136 5463 sacriﬁcio
3164 5408 3484 5463 destinatus.
3528 5403 3635 5471 Ipse
3659 5398 3724 5447 εει
3749 5382 3805 5434 Vi‘

2282 5494 2426 5550 tulus
2450 5497 2742 5565 saginatus,
2766 5496 2933 5567 quiin
2961 5499 3311 5556 tabernaculo
3337 5500 3500 5569 patris
3517 5484 3669 5551 nostri
3685 5478 3802 5535 lier-

2260 5584 2366 5653 ,1)εὲ
2395 5596 2611 5656 ιποριρι·
2635 5587 2872 5658 hospites
2901 5597 2985 5644 est
3012 5590 3339 5645 victimatus.
3369 5588 3529 5659 Cujus
3566 5572 3800 5651 passionem

2280 5685 2335 5731 et
2386 5680 2835 5735 resurrectionem
2887 5680 3249 5747 celebramus,
3290 5682 3445 5751 cujus
3478 5686 3529 5734 et
3577 5662 3797 5751 adventum

2250 5780 2582 5837 ‘speramus.
2637 5772 2700 5828 Et
2745 5773 2868 5835 ideo
2918 5789 3068 5843 cum,
3086 5744 3291 5846 angelis
3321 5744 3377 5837 et
3403 5756 3701 5835 archangelis
3721 5744 3793 5800 013'

2281 5876 2428 5918 man.
2461 5860 2565 5917 dic.
