4048 6350
601 362 716 424 288

1286 359 1632 422 APPE'NDIX
1667 362 1760 420 AD
1799 360 2025 417 OPERA
2065 358 2306 417 SANCTI
2347 360 2658 417 GERMANI
2705 361 3145 424 PARISIENSIS.

3807 370 3889 427 284

585 481 819 540 donasti.
862 480 961 538 Ille
1003 490 1229 537 mortem
1277 474 1626 549 temporalem
1666 478 1866 541 intulit,
1916 486 1971 532 tu
2006 476 2167 532 vitam
2198 480 2247 541 Α
2277 493 2460 546 suum,
2492 478 2829 549 adsumptam
2878 495 2944 537 ex
2994 497 3155 539 carne
3214 482 3489 555 Virginis
3537 483 3645 541 viri
3690 486 3888 553 homini;

588 584 897 647 perpetuam
930 574 1182 630 tribuisti.
1212 570 1500 643 PrOpterea
1532 570 1767 642 profusis
1796 569 2006 642 gaudiis
2035 578 2178 625 totus

589 668 643 723 itt
682 667 814 724 orbe
852 676 1115 723 terrarum
1157 666 1385 721 mundus
1414 665 1612 721 exultat
1651 663 1789 721 :sed
1836 672 1894 720 et
1931 678 2178 736 superna

589 760 876 816 concinunt
906 768 1197 829 potestates
1239 758 1495 830 hymnum
1525 756 1711 827 gloria:
1739 767 1867 821 tuae,
1909 756 2027 812 sine
2070 755 2179 812 fine

589 849 847 906 dicentes.

676 960 855 1018 XLIII.
900 976 1044 1016 IISSA
1088 976 1139 1015 IN
1181 975 1268 1016 me
1307 973 1536 1016 ssssno
1576 974 1797 1017 ocnus
1840 974 2075 1015 pascas.

658 1078 949 1143 Conserva,
984 1075 1227 1141 Domine,
1276 1075 1532 1135 familiam
1571 1084 1739 1140 tuam,
1781 1090 1915 1147 quos
1944 1092 2011 1131 ex
2039 1090 2174 1147 aqua

588 1176 644 1223 et
688 1166 889 1237 Spiritu
938 1177 1127 1223 sancto
1179 1168 1439 1239 propitius
1484 1168 1793 1237 redemisti;
1843 1178 1900 1224 ut
1943 1177 2178 1229 veterem

589 1258 856 1317 hominem
904 1274 1026 1316 eum
1066 1260 1179 1317 suis
1222 1260 1427 1319 actibus
1473 1262 1858 1335 esspoliantes,
1915 1260 1969 1317 in
2011 1262 2181 1332 ipsius

588 1352 998 1411 conversatione
1054 1354 1320 1419 vivamus,
1376 1352 1444 1409 ad
1496 1356 1649 1423 cujus
1693 1354 2046 1415 substantiam
2088 1369 2181 1425 per

588 1444 701 1500 hinc
740 1444 1011 1514 paschalia
1040 1445 1250 1507 dierum
1282 1452 1588 1503 octavarum
1622 1453 1725 1503 tua:
1753 1444 2183 1505 Resurrectionis

586 1536 839 1609 mysteria
867 1536 1211 1597 transtulisti.
1244 1536 1367 1592 Per.

1250 1652 1500 1706 Collectio.

657 1735 791 1805 Fac,
815 1736 1161 1806 omnipOtens
1185 1746 1242 1795 et
1275 1737 1581 1794 misericors
1612 1737 1773 1809 Deus,
1798 1746 1858 1795 ut
1873 1738 2017 1809 quod
2036 1748 2187 1799 οοιιιο

586 1842 774 1886 varum
800 1829 1013 1887 dierum
1047 1830 1476 1887 Resurrectionis
1517 1841 1622 1887 tua:
1669 1832 2010 1902 paschalibus
2038 1833 2185 1895 cele-

588 1919 815 1996 bramus
839 1908 1054 1989 officiis,
1082 1910 1417 1981 fructiferum
1440 1924 1595 1981 nobis
1619 1924 1768 1982 omni
1791 1934 2033 1996 tempore
2059 1941 2188 1984 sen-

599 2015 815 2072 tiamus.
848 2016 957 2073 Sal.

1217 2111 1333 2164 Post
1355 2113 1569 2163 nomina.

665 2198 806 2254 Deus
828 2196 1212 2255 misericordiae
1236 2197 1597 2267 sempiternae,
1623 2197 1713 2268 qui
1738 2198 1788 2254 in
1812 2199 1928 2268 ipso
1954 2197 2191 2256 Pascha-

593 2290 661 2350 lis
705 2290 829 2348 festi
873 2305 1093 2347 recursu
1141 2290 1300 2349 fidem
1341 2300 1566 2351 sacrata
1596 2291 1693 2347 tibi
1718 2292 1889 2361 plebis
1918 2292 2190 2360 accendis,

597 2396 734 2455 auge
762 2382 1009 2452 gratiam,
1042 2398 1201 2451 quam
1233 2382 1451 2447 dedisti,
1482 2392 1539 2438 ut
1566 2382 1724 2452 digna
1766 2397 1955 2441 omnes
1991 2384 2193 2441 intelli-

595 2473 770 2544 gentia
795 2472 1255 2542 comprehendant
1276 2489 1384 2543 quo
1406 2474 1618 2528 lavacro
1642 2474 1829 2540 abluti,
1859 2487 1966 2544 quo
1988 2474 2193 2544 Spiritu

596 2565 917 2636 regetterati,
945 2580 1052 2634 quo
1079 2565 1342 2635 sanguine
1367 2576 1494 2621 sunt
1522 2566 1773 2623 redemti.
1803 2567 1936 2623 Per.

1254 2659 1331 2711 Ad
1356 2670 1546 2721 pacem.

671 2744 837 2812 Deus,
866 2744 957 2813 qui
991 2758 1086 2812 per
1123 2743 1465 2816 Unigenitum
1496 2756 1645 2801 tuum
1690 2747 2009 2805 atternitatis
2039 2747 2197 2805 nobis

602 2839 822 2907 aditum,
853 2838 1062 2896 devicta
1089 2848 1283 2908 morte,
1312 2841 1586 2907 reserasti,
1610 2839 1785 2898 deduc
1807 2857 1905 2897 nos
1926 2841 1992 2898 ad
2017 2841 2195 2898 socie-

602 2940 763 2988 tatem
785 2933 1081 2989 caelestium
1104 2932 1444 3003 gaudiorum,
1470 2943 1527 2990 ut
1550 2934 1753 3002 Spiritu
1775 2945 1959 2991 sancto
1983 2945 2197 2999 renatos

602 3042 825 3097 regnum
854 3035 1003 3082 tuum
1036 3025 1204 3082 facias
1228 3028 1474 3084 introire.
1508 3027 1612 3084 Per
1639 3044 1844 3099 resurg.

1258 3116 1583 3169 Contestatio.

677 3202 899 3272 Dignum
932 3210 985 3259 et
1002 3201 1205 3273 justum
1228 3212 1333 3270 est,
1360 3202 1721 3261 necessarium
1748 3212 1804 3259 et
1832 3203 2064 3263 salutare
2088 3210 2205 3271 cst,‘

2280 569 2529 638 formam,
2560 573 2775 628 mittere
2802 573 3048 647 dignatus
3076 585 3176 645 est,
3210 574 3441 633 fratres
3471 578 3767 643 carissimi,
3792 598 3892 655 sap-

2282 662 2492 733 pliciter
2536 679 2864 729 exoremus;
2917 678 2974 723 ut
3023 668 3163 725 sicut
3220 671 3283 725 in
3341 672 3457 727 hac
3503 672 3890 735 Resurrectioeie

2281 758 2521 829 ejusdem
2554 775 2653 815 nos
2682 776 2713 815 a
2745 771 2917 819 morte
2946 775 3200 835 perpetua
3234 780 3379 820 cum
3421 766 3525 821 illo
3556 772 3886 837 resuscitavit,

2282 850 2354 905 ita
2383 852 2595 920 pietatis
2619 868 2731 910 sua
2759 855 2901 912 dono
2941 857 3011 912 ab
3036 859 3307 915 omnibus
3340 874 3455 915 nos
3506 862 3717 919 inimici
3744 873 3887 923 tutans

2282 944 2513 1012 insidiis,
2546 946 2761 1002 inlaesos
2785 946 2943 1004 faciat
2972 950 3025 1005 in
3052 952 3245 1008 matris
3282 952 3585 1010 Ecclesiae
3613 959 3807 1028 gremio
3829 977 3891 1013 rc:-

2282 1037 2500 1104 sedere;
2529 1047 2585 1094 et
2625 1041 2966 1097 conscientiae
2996 1043 3318 1115 integritate
3376 1043 3456 1101 de
3511 1052 3886 1121 regenerationc

2281 1129 2595 1201 gaudentes,
2629 1141 2843 1191 aeternae
2871 1136 3268 1208 primitivorum
3315 1137 3639 1207 Ecclesiae,
3670 1147 3887 1212 quemad-

2285 1225 2501 1282 modum
2532 1228 2818 1287 devotione
2860 1229 2925 1285 ad
2958 1248 3232 1305 praesens,
3264 1233 3349 1291 ita
3384 1247 3447 1291 et
3483 1248 3886 1309 remuneratione

2285 1317 2525 1375 adsociet
2554 1320 2605 1376 in
2634 1328 2932 1391 aeternum;
2963 1335 3017 1382 et
3047 1325 3162 1384 haec
3192 1345 3445 1388 munera
3475 1335 3660 1409 plebis
3689 1353 3794 1397 suae
3817 1342 3888 1401 be-

2286 1415 2535 1473 nedicere
2564 1417 2833 1491 dignetur.
2867 1421 2977 1480 Sal.

2974 1515 3225 1573 Collectio.

2358 1590 2520 1659 Deus,
2547 1595 2709 1650 totius
2735 1596 2992 1655 claritatis
3018 1603 3274 1663 conditor
3308 1614 3371 1664 et
3398 1610 3743 1683 moderator,
3763 1631 3887 1686 quem

2287 1683 2519 1739 caelestia
2552 1688 2836 1755 mirantur,
2870 1704 2925 1747 et
2956 1704 3165 1752 terrena
3218 1701 3518 1773 pavitant,
3572 1683 3884 1767 infernalis-

2290 1776 2551 1845 miscunt;
2600 1783 2685 1835 cui
2732 1783 3045 1857 angelorum
3093 1796 3297 1847 turmas
3354 1803 3417 1851 et
3469 1798 3883 1871 archangelormu

2216 1880 2265 1945 Β
2290 1873 2559 1929 exercitus
2590 1873 2840 1943 militant,
2875 1894 2980 1935 non
3009 1882 3082 1938 uti
3115 1886 3403 1944 mundum
3430 1905 3883 1965 expugnesmuel

2292 1964 2408 2057 ipse
2438 1965 2628 2032 fecisti,
2657 1967 2750 2023 sed
2784 1980 2840 2025 ut
2865 1972 3092 2029 subruas
3120 1980 3317 2034 mundi
3358 1964 3632 2051 peccata,
3660 2001 3770 2057 quae
3794 1986 3879 2045 dir

2292 2055 2449 2111 holus
2477 2057 2791 2126 adinvenit;
2821 2066 2941 2133 quia
2975 2066 3046 2122 ita
3078 2070 3345 2142 dignatus
3379 2090 3446 2131 es
3500 2055 3727 2149 diligere
3771 2066 3879 2135 hunc

2293 2149 2576 2217 mundum,
2618 2162 2675 2207 ut
2704 2152 3047 2226 Unigenitum
3095 2170 3245 2219 tuum
3278 2166 3556 2224 traderes
3587 2184 3685 2239 pro
3728 2182 3867 2226 nostra

2293 2240 2487 2311 salute,
2505 2244 2660 2314 cujus
2682 2260 2844 2303 cruce
2872 2249 3136 2321 redempti
3154 2269 3381 2329 sumus,
3416 2271 3607 2319 morte
3640 2263 3872 2329 riviiicati,

2296 2337 2544 2402 passione
2574 2337 2788 2402 salvati,
2823 2346 3219 2403 resurrectione
3248 2350 3585 2423 gloriﬁcati.
3619 2354 3717 2410 Per
3738 2357 3873 2425 ipsum

2295 2428 2473 2501 itaque
2501 2440 2551 2485 te
2579 2433 2849 2503 supplices
2877 2436 3220 2507 invocamus,
3257 2452 3320 2499 ut
3381 2445 3515 2502 huic
3564 2447 3769 2504 familias
3791 2458 3869 2504 tua

2298 2524 2350 2577 in
2380 2524 2627 2581 omnibus
2654 2526 2848 2584 adesse
2892 2529 3152 2602 digneris,
3200 2537 3352 2593 sicut
3405 2539 3632 2596 adfuisti
3678 2545 3873 2613 patribus

2298 2618 2494 2671 nostris
2536 2621 2879 2688 sperantibus
2924 2624 2974 2678 in
3023 2635 3107 2680 tua
3143 2628 3541 2690 misericordia
3574 2652 3589 2689 :
3618 2637 3693 2692 sie
3731 2648 3776 2692 et
3810 2638 3867 2692 his

2298 2708 2542 2764 omnibus
2571 2710 2763 2767 adesse
2789 2713 3036 2784 dignare,
3069 2728 3127 2773 ιιι
3173 2724 3244 2775 sit
3298 2723 3358 2778 in
3418 2728 3671 2782 sensibus
3716 2744 3861 2784 eorum

2298 2799 2459 2855 timor
2491 2801 2793 2860 devotionis
2816 2815 2942 2875 tusc,
2969 2809 3019 2863 in
3047 2812 3210 2868 corde
3238 2813 3405 2883 fides,
3457 2816 3511 2873 in
3542 2833 3701 2889 opere
3742 2821 3863 2891 justi-

2300 2893 2394 2960 tia,
2424 2895 2477 2949 ltt
2507 2904 2630 2952 actu
2659 2898 2828 2967 pietas
2847 2942 2861 2967 ,
2894 2902 2948 2958 in
2976 2902 3155 2975 lingua
3186 2910 3423 2983 veritas,
3466 2913 3522 2968 in
3557 2898 3779 2985 moribus
3800 2914 3865 2967 dia

2299 2986 2547 3080 sciplina,
2578 2997 2637 3043 ut
2677 2991 2838 3063 digne
2883 2995 3095 3067 riteque
3146 2999 3591 3063 immortalitatis
3619 3008 3762 3080 260
3789 3006 3862 3067 sibi

2303 3077 2580 3145 praemium
2611 3086 2875 3156 consequi
2906 3103 3233 3147 mereantur.
3274 3096 3408 3153 Per.
3621 3077 3666 3080 —
3686 3077 3709 3093 τ
3737 3077 3749 3079 ἡ
3860 3082 3861 3087 η

2922 3178 3040 3232 Post
3062 3185 3260 3236 nomina
3271 3224 3284 3236 .

679 3251 898 3272 τ-υτ---η
938 3251 983 3259 ν-
1002 3251 1205 3273 ,ν---η-
1233 3251 1333 3270 νη,
1360 3251 1721 3261 ν-ν---η---π-ν-
1750 3251 1804 3259 ν-
1833 3251 2063 3263 ----ν---
2090 3251 2192 3271 ω.

604 3302 660 3348 ιιι
717 3302 767 3347 te
817 3291 1097 3347 Dominum
1147 3307 1209 3347 ac
1257 3296 1419 3349 Deum
1470 3294 1594 3349 totis
1626 3294 1916 3349 visceribus
1959 3296 2189 3357 humana

2352 3251 2643 3357 Concede,
2667 3272 3001 3331 quasntnus,
3028 3269 3382 3339 omnipotens
3409 3275 3580 3343 Deus,
3604 3286 3662 3332 ut
3687 3276 3763 3348 qui
3791 3278 3863 3329 lie-

608 3386 845 3441 conditto
901 3396 1214 3453 veneretur,
1274 3388 1385 3444 Rex
1445 3390 1701 3444 mirabilis
1749 3390 1984 3445 Christe.
2034 3390 2200 3459 Cujus

603 3477 1066 3543 condetnnatinne,
1121 3480 1368 3534 tartareis
1400 3481 1626 3535 vinculis
1681 3480 1926 3535 absoluta
1969 3479 2197 3535 creden-

606 3570 737 3622 tium
761 3571 936 3636 turba,
970 3570 1229 3625 libertatis
1256 3570 1484 3641 insignia
1514 3572 1830 3643 gratulatur.
1859 3572 1957 3636 Qui
1986 3586 2113 3627 vere
2142 3580 2202 3627 ut

608 3662 715 3718 Leo
741 3664 808 3717 de
837 3664 977 3719 tribu
1006 3664 1141 3720 Juda
1170 3665 1368 3719 mundo
1397 3676 1666 3730 ostensus,
1699 3669 1998 3719 animarum
2029 3665 2197 3721 devo-

606 3767 838 3810 ratorem
890 3758 1181 3812 extinctum
1237 3758 1446 3813 leonem
1496 3757 1765 3813 diabolum
1830 3760 2005 3813 omnis
2058 3768 2200 3814 terra

604 3844 835 3899 laetatur.
872 3846 1141 3901 Permittis
1182 3858 1234 3903 te
1263 3849 1533 3903 clavorum
1577 3849 1802 3904 nexibus
1829 3848 2101 3918 alligatum
2131 3848 2200 3904 ad

608 3937 843 4006 stipitem
867 3939 1040 3993 crucis
1059 3941 1220 3994 tereri
1246 3948 1297 4005 ι,
1321 3951 1378 3994 ιιι
1401 3956 1505 3995 non
1533 3943 1604 3997 sit
1630 3955 1794 4011 parva
1821 3956 1980 4011 quem
2004 3941 2201 4011 impius

609 4031 879 4100 quondam
912 4042 1231 4100 expavescat
1260 4034 1515 4102 potentia.
1546 4034 1623 4089 Ad
1652 4033 1805 4104 cujus
1828 4049 2012 4090 vocem
2037 4036 2202 4090 emit-

612 4132 732 4178 tens
784 4122 1050 4192 spiritum,
1099 4134 1239 4180 terra
1281 4127 1519 4189 tremuit,
1571 4127 1760 4181 caelum
1804 4128 2038 4197 expavit,
2088 4128 2203 4182 dies

609 4214 763 4285 fugit,
793 4216 873 4269 sol
903 4216 1218 4271 obscuratus
1265 4224 1369 4283 est,
1410 4226 1554 4271 astra
1599 4218 1990 4273 abscondentes
2019 4218 2200 4273 radios

609 4318 759 4371 suos,
800 4307 958 4361 simul
1008 4310 1187 4362 omnia
1235 4310 1616 4379 migraverunt.
1660 4309 1827 4381 359
1869 4309 2036 4381 Cujus
2080 4310 2206 4365 des-

607 4410 792 4464 censu,
822 4397 1110 4455 coniractis
1137 4401 1326 4468 portis,
1356 4401 1501 4470 luget
1529 4392 1817 4457 infernum.
1854 4404 1974 4472 Quo
2018 4418 2202 4459 resur-

604 4497 787 4560 gente,
823 4490 1071 4546 ltetantur
1098 4494 1292 4563 angeli,
1335 4496 1540 4549 exultat
1587 4506 1731 4550 terra
1762 4510 1882 4550 cum
1927 4497 2196 4551 habitata-

608 4582 756 4639 ribus
804 4583 936 4639 suis.
982 4584 1039 4638 In
1080 4600 1188 4656 quo
1237 4586 1507 4657 triumpho
1545 4589 1875 4659 conspicitur
1920 4589 2197 4644 conlllztlio

604 4673 723 4741 illa,
756 4675 1065 4745 prophetico
1093 4692 1188 4732 ore
1216 4678 1479 4747 promissa
1514 4695 1528 4732 :
1562 4679 1667 4734 Ero
1712 4695 1859 4735 mors
1905 4692 2013 4746 tua,
2050 4697 2084 4736 ο
2114 4682 2198 4736 in-
2225 4669 2282 4732 Β

606 4762 777 4821 ferne.
834 4766 929 4823 Ubi
975 4776 1059 4822 est
1103 4781 1231 4838 ergo
1262 4768 1482 4824 victoria
1512 4777 1597 4824 tua
1622 4770 1646 4822 ι
1673 4769 1783 4826 Nec
1811 4770 1953 4826 enim
1995 4772 2063 4826 ab
2091 4772 2201 4828 alio

606 4867 836 4926 poterat,
870 4860 969 4914 nisi
999 4875 1026 4913 a
1056 4861 1161 4913 vita
1191 4874 1338 4915 mors
1372 4861 1641 4918 devorari.
1671 4862 1774 4931 Qui
1800 4863 2068 4917 descensu
2100 4876 2200 4918 suo

602 4962 700 5002 eos
727 4949 816 5018 qui
847 4949 1165 5004 tenebantur
1191 4964 1219 5003 a
1255 4959 1426 5007 morte
1472 4956 1683 5023 superis
1733 4953 1964 5008 reddidit
2012 4967 2198 5008 resur-

602 5040 798 5107 gendo,
838 5049 898 5094 ut
936 5041 1052 5108 ejus
1096 5047 1419 5098 resurrectio
1448 5046 1691 5099 vivorum
1734 5047 1818 5100 vel
1859 5054 2195 5101 mortuorum

603 5134 914 5189 testimonio
943 5133 1282 5189 formaretur.
1316 5135 1467 5191 Unde
1488 5147 1672 5192 sancte
1719 5137 1895 5204 Pater,
1949 5140 2199 5207 υιιιηιροο

602 5234 746 5290 tens,
769 5232 971 5279 aeterne
1004 5224 1162 5291 Deus,
1196 5238 1289 5295 per
1312 5226 1494 5282 .lesum
1520 5229 1793 5283 Christum
1826 5228 2017 5285 Filium
2044 5240 2196 5285 tuum

608 5317 888 5373 Dominum
916 5326 1155 5373 nostrum
1180 5318 1346 5389 gloria
1374 5320 1467 5376 tibi
1493 5335 1723 5390 semmr,
1749 5323 1838 5391 qui
1863 5324 1916 5376 in
1943 5332 2015 5388 te,
2047 5330 2099 5377 et
2122 5335 2191 5377 es

608 5419 681 5475 te,
708 5420 760 5466 et
790 5420 963 5466 tecum
986 5425 1201 5480 semper
1229 5421 1329 5466 est.
1365 5412 1466 5466 Per
1490 5427 1649 5482 quem
1682 5422 1734 5467 te
1762 5412 1903 5467 laud.
1930 5412 1975 5465 ιι.

952 5524 1134 5579 XLIV.
1166 5539 1312 5581 mssa
1334 5541 1575 5581 cnsusuu
1600 5542 1835 5582 pascua.

682 5637 869 5703 Deutu,
898 5638 988 5708 qui
1017 5653 1116 5709 pro
1146 5642 1296 5695 ruina
1325 5643 1486 5715 tutius
1516 5642 1702 5705 mundi
1755 5643 1967 5697 unicum
2002 5640 2195 5698 Filium

684 5782 704 5806 υ
741 5772 831 5828 Sic
863 5772 915 5824 in
951 5772 1563 5833 MissaﬁGallicanmAn
1588 5780 1766 5835 teneri.

678 5838 873 5923 ξ’ΝἱιιὶΙ
905 5846 986 5923 hic
1029 5844 1096 5898 de
1143 5845 1658 5923 PaSvhaAunnutino,
1712 5851 1853 5921 quod
1902 5853 2195 5923 baptizatus

603 5914 828 5987 quisque
855 5917 1300 5984 anniversarium,
1324 5920 1376 5975 id
1399 5931 1481 5976 est
1502 5924 1617 5991 ipso
1644 5914 1852 5994 die'quu
1867 5914 2191 5997 baptismum

2304 3351 3239 3421 sttrectionisdominicaesollemnia
3273 3370 3533 3439 colimus,
3564 3388 3656 3443 per
3680 3374 3858 3428 innova-

2308 3441 2508 3500 tionem
2532 3446 2608 3502 tui
2636 3446 2872 3517 Spiritus
2898 3468 2927 3508 a
2957 3465 3135 3514 morte
3163 3462 3368 3519 animas
3390 3441 3741 3539 resurgamus.
3766 3467 3855 3522 Per.

2933 3548 3007 3597 Ad
3047 3562 3235 3613 pacem.

2381 3619 2582 3677 Exaudi
2626 3640 2747 3691 nos,
2798 3627 3051 3701 Domine,
3103 3647 3295 3694 sancte
3342 3642 3523 3709 Pater,
3572 3643 3857 3713 omnipotens

2308 3712 2483 3779 Deus;
2511 3726 2566 3771 et
2588 3716 2671 3773 his
2690 3719 3051 3780 oblationibus
3076 3731 3440 3802 precibusque
3466 3712 3730 3805 susceptis,
3756 3747 3853 3801 pra:-

2306 3806 2499 3863 sentim
2527 3816 2631 3865 tuas
2657 3810 2905 3870 virtutem
2954 3818 3236 3888 intersere,
3298 3833 3358 3879 ut
3404 3826 3549 3897 quod
3597 3824 3768 3895 singuli
3807 3818 3853 3876 ad

2308 3899 2603 3970 Hajestatis
2630 3913 2735 3961 tuae
2762 3908 3068 3968 obtulerunt
3098 3913 3387 3986 honorem,
3423 3918 3629 3976 cunctis
3658 3913 3850 3988 proficiat

2308 3991 2375 4046 ad
2406 3994 2657 4051 salutem.
2690 3998 2794 4054 Per
2820 4016 3029 4077 resurg.

2629 4112 2633 4116 ν
2962 4095 3248 4153 Ιιυωοιειιίο.

2382 4168 2607 4240 Dignum
2630 4186 2683 4232 et
2698 4175 2901 4246 justum
2931 4191 3037 4251 est,
3064 4191 3433 4255 necessarium
3460 4199 3512 4258 et
3536 4190 3749 4249 salutare
3767 4195 3843 4247 est.

2309 4274 2408 4317 nos
2436 4262 2528 4318 tibi
2558 4267 2757 4336 gratias
2784 4285 2960 4339 agere,
2997 4277 3343 4348 omnipotens
3370 4283 3529 4349 Deus,
3562 4282 3678 4336 licet
3701 4274 3845 4347 gloria

2310 4362 2415 4409 tua:
2446 4357 2754 4413 mortalium
2785 4365 3025 4420 membra
3056 4383 3160 4424 non
3189 4383 3522 4446 congruant,
3553 4367 3842 4440 Redetupliﬂr

2311 4446 2393 4500 nis
2424 4458 2619 4505 nostra:
2651 4452 2886 4520 perferre
2917 4461 3184 4527 praeconia
3213 4482 3224 4516 :
3258 4445 3685 4527 dum‘hominutn
3708 4470 3837 4535 genus

2310 4541 2667 4611 mancipatum
2710 4556 2901 4615 morte,
2946 4551 3275 4612 infernarum
3307 4560 3526 4615 sedibus
3552 4559 3833 4614 tenebrarum

2309 4631 2485 4687 vincla
2516 4638 2925 4708 restringerent,
2956 4644 3196 4713 spiritale
3246 4650 3499 4721 Verbum,
3534 4666 3624 4721 per
3650 4644 3768 4720 quod
3795 4640 3833 4694 in

2306 4722 2566 4807 principio
2595 4731 2773 4783 omnia
2806 4730 3019 4788 fuerant
3050 4740 3363 4812 constituta,
3395 4739 3657 4805 descendit
3683 4740 3730 4792 iu
3754 4731 3833 4789 MI-

2308 4815 2471 4881 riam;
2505 4832 2623 4888 quae
2653 4819 2779 4875 dum
2810 4832 3021 4893 partum
3052 4842 3207 4887 suum
3256 4833 3418 4907 Virgo
3451 4835 3677 4897 miratur,
3706 4824 3833 4885 ind".-

2304 4920 2420 4973 sum
2453 4910 2722 4967 hominem
2752 4913 2922 4972 edidit
2946 4917 3132 4977 Deum.
3160 4923 3329 4993 Quem
3360 4939 3536 4985 tamen
3566 4938 3698 4987 tuum
3722 4929 3827 4985 οξεῖαν

2301 5015 2513 5059 summe
2538 5007 2878 5077 omnipotens
2907 5012 3076 5083 Deus,
3113 5027 3400 5091 antequam
3431 5026 3740 5080 nasceretur,
3766 5023 3825 5064 ω

2301 5108 2578 5173 gnoverat,
2605 5102 2803 5174 quippe
2813 5119 2937 5185 quae
2961 5110 3166 5171 sciebat
3186 5116 3374 5175 mundi
3402 5130 3519 5175 esse
3540 5106 3821 5182 princiPilm'

2300 5191 2348 5247 Is
2379 5208 2609 5264 namque
2636 5210 2851 5257 crucem
2880 5212 3177 5272 spantanea
3210 5210 3515 5278 voluntate,
3534 5210 3735 5276 Ρΐοριθτ
3758 5208 3823 5252 ’θ’

2300 5283 2660 5357 demptionetn
2709 5290 2925 5351 humani
2974 5299 3189 5367 generis
3216 5343 3230 5367 ,
3279 5303 3347 5358 de
3388 5301 3592 5359 inimico
3639 5291 3820 5363 tyrio”

2301 5378 2744 5449 triumphaturus,
2775 5386 3050 5456 ascendit;
3080 5400 3136 5448 et
3156 5394 3343 5453 relicto
3373 5393 3627 5463 paulisper
3660 5388 3820 5446 607.00?

2305 5469 2375 5523 ris
2405 5473 2625 5542 templo,
2650 5473 2943 5534 inferorum
2965 5480 3197 5544 claustra
3227 5486 3575 5557 confringens.
3606 5470 3814 5545 Nisum

2308 5572 2363 5617 ut
2391 5571 2515 5619 ante
2545 5564 2737 5637 fuerat,
2782 5571 2905 5627 vita
2934 5576 3187 5631 restituit.
3235 5577 3341 5635 Nec
3385 5574 3644 5632 suffecerat
3681 5558 3815 5619 solum

2305 5655 2575 5716 hominem
2604 5665 2925 5725 emendasse
2952 5679 3231 5734 peccatum
3262 5689 3277 5729 :
3303 5671 3392 5728 sed
3422 5682 3510 5740 per
3534 5656 3804 5721 ablutionem

2301 5798 2669 5879 suscepisset,
2696 5805 2983 5879 quotannis
3010 5809 3357 5879 rememorari
3384 5802 3609 5879 debebaﬁ
3649 5783 3807 5879 F321“

2301 5852 2477 5924 rardo'
2488 5852 2670 5927 sicut}
2702 5852 2766 5927 ῖὶ
2776 5852 3695 5949 saeuassa'gai{asiam
3712 5852 3791 5917 95'»
