4048 6350
179 346 329 404 285

1265 356 1356 414 ne
1395 356 1725 418 LITURGIA
1763 358 2159 437 GALLICANA
2201 366 2406 426 uasa
2447 370 2533 427 ιιι.

3338 416 3343 421 .
3401 338 3524 437 28ιῖ

181 465 495 520 caelestem
524 470 741 557 renatus
761 463 1001 522 redivivo
1022 434 1085 523 ac
1107 483 1246 526 novo
1270 473 1563 528 nativitatis
1588 489 1808 547 genere.
1843 474 1897 539 Α
1923 477 2033 534 Eva
2064 479 2356 552 decipitur;
2391 500 2532 541 nunc
2558 499 2749 557 angeto
2779 496 3085 557 nunctanta.
3114 491 3280 551 Maria
3306 495 3502 557 clarifi-

180 570 469 613 remeans
498 554 562 611 ad
601 557 857 627 originem
900 573 1076 624 suam,
1108 576 1208 617 nos
1242 562 1309 617 ad
1366 565 1597 619 caelestia
1649 581 1816 637 regna

182 646 485 719 perduxit.
515 646 561 701 Ο
589 648 869 703 consilium
893 648 1087 709 divinae
1118 653 1467 724 providentiae
1494 659 1505 708 !
1541 672 1573 708 ο
1602 658 1813 713 intesti-

180 739 470 794 mandum
503 739 858 807 reparationis
887 742 1142 798 auxilium
1168 743 1184 799 ι
1215 743 1317 799 Per
1346 744 1617 818 Virginem
1653 749 1809 803 nobis

181 830 445 900 gloriosa
473 830 579 883 vita
603 830 926 896 restituitur,
957 850 1076 915 qua:
1109 850 1203 907 per
1231 835 1356 908 ligni
1387 822 1806 894 inobetlientiam

181 919 533 975 credebatur
556 920 789 977 extincta
833 938 847 977 :
882 937 976 993 per
1004 938 1196 996 aquam
1228 927 1410 983 mundi
1457 940 1673 999 peccata
1722 930 1809 984 di-

183 1011 455 1074 luuntur,
487 1024 583 1082 per
609 1026 766 1082 quam
812 1022 937 1069 ante
983 1019 1485 1075 senserat-mundus
1516 1021 1630 1089 ipse
1676 1036 1808 1077 nau-

185 1099 459 1173 fragium.
506 1101 622 1157 Tibi
650 1116 808 1175 ergo,
846 1120 1055 1162 summe
1083 1106 1327 1177 Genitor,
1360 1126 1492 1178 pura
1517 1112 1807 1170 devotione

186 1198 607 1254 immaculatum
652 1212 843 1255 munus
890 1200 1163 1257 offerimus
1196 1221 1209 1257 :
1237 1212 1292 1260 et
1334 1206 1637 1263 elevatione
1688 1224 1807 1264 ma-

187 1305 371 1345 nuum
407 1299 730 1358 nostrarum,
774 1290 929 1361 juxta
960 1273 1077 1348 Filii
1108 1296 1180 1349 tui
1219 1294 1347 1352 Iesu
1375 1296 1572 1353 Christi
1621 1298 1805 1370 dispo-

187 1382 480 1445 sitionem,
513 1382 659 1452 pium
685 1380 1005 1438 sacrificium
1026 1384 1381 1441 celebramus.
1409 1386 1513 1443 Per
1532 1386 1805 1444 Christum

187 1473 495 1533 Dominum
524 1482 788 1532 nostrum.

347 1567 511 1629 XLV.
541 1581 692 1625 uisu
722 1582 774 1623 tu
804 1582 1122 1624 INVIN‘I‘IONB
1154 1577 1180 1607 ι
1203 1583 1425 1626 essent
1449 1584 1659 1627 caucis.

277 1657 579 1719 Glorientur
626 1660 678 1715 in
724 1673 888 1717 cruce
928 1660 1140 1717 Domini
1189 1662 1361 1717 nostri
1405 1663 1532 1719 Jesu
1579 1662 1809 1726 Christi,

191 1747 399 1809 fratres
428 1749 709 1815 carissimi,
732 1758 910 1807 ettota
937 1752 1135 1807 mentis
1157 1750 1491 1807 exultatione
1523 1751 1805 1819 lmtemur;

190 1848 251 1903 et
283 1840 446 1913 hujus
489 1840 596 1898 diei
646 1841 993 1897 festivitatem
1038 1856 1159 1897 cunt
1212 1842 1402 1912 grandi
1454 1844 1802 1910 reverentia,
1835 1879 1885 1941 Β

192 1932 360 2005 261
391 1940 449 1989 et
489 1931 713 2003 spiritali
758 1932 953 2004 gaudio
980 1932 1350 2001 celebremus,
1385 1933 1439 1990 in
1491 1950 1596 2003 qua
1636 1949 1807 1993 cruce

190 2023 314 2101 ipse
347 2024 601 2079 Dominus
629 2034 812 2081 noster
853 2033 908 2079 et.
938 2022 1189 2081 Salvator
1240 2039 1338 2091 pro
1389 2034 1575 2083 uestra
1624 2026 1802 2085 salute

191 2115 476 2189 pependit,
522 2126 577 2173 et
604 2116 877 2173 diabolum
926 2116 1297 2185 triumphavit.
1331 2116 1434 2173 Per
1478 2116 1633 2200 hanc.
1669 2133 1801 2188 ergo

192 2220 438 2275 crucem,
470 2208 625 2267 malai
652 2207 1109 2279 concupiscentia:
1136 2207 1457 2277 adpetitum,
1491 2207 1634 2277 quod
1676 2207 1800 2265 dul-

195 2299 336 2359 cedo
366 2300 573 2359 arboris
617 2300 838 2368 inlexit,
888 2299 1194 2359 amaritudo
1236 2299 1380 2357 fellis
1426 2300 1699 2367 coercuit;
1746 2309 1806 2359 et

193 2368 337 2461 gulae
387 2390 734 2456 desiderium,
764 2390 903 2461 quod
937 2391 1176 2446 suavitas
1217 2391 1363 2461 pomi
1392 2390 1624 2462 decepit,
1658 2392 1801 2455 aceti

194 2483 459 2553 asperitas
491 2483 801 2539 refrenavit.
846 2483 961 2540 Sal.

212 2626 219 2633 .
868 2574 1125 2629 Collectio.

267 2660 418 2719 Dona
465 2661 654 2727 nobis,
703 2660 1049 2730 omnipotens
1092 2658 1275 2726 Pater,
1320 2674 1418 2731 per
1479 2661 1798 2733 mysterium

193 2752 370 2815 erucis
419 2751 685 2824 Uniganiti
734 2753 833 2819 tui,
879 2761 939 2808 ut
965 2766 1231 2808 venenum
1278 2753 1547 2822 serpentis
1588 2754 1799 2823 antiqui

197 2844 365 2918 (quod
396 2845 639 2905 ﬁdelibus
677 2846 866 2904 nititur
893 2845 1206 2916 propinare)
1246 2860 1343 2914 per
1381 2846 1511 2902 illud
1562 2847 1798 2905 medica~

197 2949 457 3007 lunatum,
485 2939 627 3010 quod
672 2939 869 2997 Christi
900 2940 1141 2997 manavit
1167 2940 1356 3005 latere,
1390 2940 1562 3010 possit
1604 2956 1635 2996 a
1662 2942 1797 2998 lide-
1880 2963 1887 2969 ν

196 3030 328 3086 lium
356 3032 661 3101 pectoribus
684 3031 1002 3102 expurgari;
1034 3046 1276 3101 quosque
1299 3033 1628 3103 trangressio
1655 3048 1797 3103 pra-

196 3123 335 3192 cepti
359 3122 428 3178 de
458 3121 712 3177 Paradiso
749 3121 986 3191 expulit,
1016 3116 1290 3178 confessio
1321 3123 1554 3178 nominis
1592 3122 1795 3180 Christi

196 3215 254 3272 in
277 3214 530 3271 Paradiso
557 3214 834 3272 reformet.
865 3216 979 3271 Sal.

206 3337 217 3347 .
809 3308 929 3359 Post
952 3308 1169 3361 nomine.

268 3391 490 3449 Domine
518 3389 646 3447 Jesu
677 3389 906 3455 Christe,
935 3391 1029 3461 qui
1060 3390 1113 3446 in
1155 3388 1396 3461 patibulo
1442 3391 1617 3453 erucis
1660 3406 1787 3447 sus-

197 3500 409 3559 pensus.
444 3484 681 3553 Patrem,
707 3499 771 3542 es
804 3484 976 3541 forma
997 3485 1140 3542 servi
1165 3499 1327 3555 quam
1357 3498 1697 3554 susceperas,
1728 3495 1788 3543 ut

194 3576 318 3651 quid
345 3588 395 3632 te
419 3576 784 3646 dereliquerit,
816 3576 1154 3642 adclamasti,
1208 3585 1262 3631 et
1312 3585 1372 3633 ut
1415 3578 1781 3647 persecutori-

194 3670 294 3739 bus
320 3670 525 3725 veniam
558 3669 814 3726 tribueret
842 3669 1155 3739 postulasti,
1188 3677 1332 3724 tuam
1364 3670 1636 3738 supplices
1668 3672 1778 3729 im.

192 3762 459 3845 ploramus
500 3763 872 3827 clementiam,
926 3769 986 3819 ut
1024 3761 1168 3832 quod
1212 3770 1335 3817 tunc
1386 3776 1482 3830 pro
1528 3773 1782 3834 suscepta

192 3855 364 3933 carnis
391 3855 690 3912 humilitate
722 3872 753 3913 a
801 3855 961 3915 Patre
998 3864 1254 3924 expetere
1296 3854 1589 3921 videbaris,
1636 3873 1780 3913 nunc

192 3962 311 4019 cum
335 3950 549 4018 eodem,
592 3965 830 4009 connexa
877 3965 1092 4020 semper
1132 3951 1435 4009 Divinitatis
1482 3960 1773 4022 potestate,

191 4041 491 4102 consistens
518 4053 780 4114 praestare
803 4043 1065 4114 digneris.
1096 4042 1212 4101 Sal.

838 4137 912 4187 Ad
932 4148 1121 4187 nucem.

838 4150 912 4187 Λα
964 4150 1121 4187 auem.

262 4217 420 4284 Deus,
448 4218 539 4289 qui
588 4218 881 4275 Ecelesiam
915 4150 1057 4277 {nam
1086 4217 1429 4285 catholicam,
1465 4232 1629 4290 quam
1684 4227 1776 4277 tuo

190 4318 368 4371 sancto
415 4310 674 4381 sanguine
725 4309 1009 4378 redemisi,
1061 4323 1348 4379 numquam
1402 4308 1767 4381 derelinquis,

191 4405 439 4476 uobisque
463 4403 691 4474 indignis
714 4404 768 4459 in
788 4403 977 4460 eadem
999 4401 1449 4461 concurrentibus
1479 4401 1771 4460 criminum

190 4496 563 4568 indulgentiam
600 4496 838 4565 placatus
880 4494 1156 4565 concedis,
1188 4504 1243 4551 et
1266 4494 1355 4566 qui
1410 4494 1637 4549 latronis
1689 4505 1767 4553 tc-

190 4603 301 4647 cum
331 4589 381 4643 in
412 4603 568 4644 cruce
612 4588 891 4657 pendentis
920 4586 1316 4645 confessionem
1343 4585 1645 4657 iustificare
1675 4589 1763 4643 tli-

1931 577 2103 627 catur.
2138 571 2288 629 Tunc
2319 591 2414 643 per
2442 574 2694 632 invidiam
2728 582 2995 649 serpentis
3034 584 3193 642 homo
3218 588 3309 656 qui
3334 572 3519 652 fuerat

1922 669 2135 717 creatus
2162 664 2473 733 perimitur;
2502 682 2643 725 nunc
2674 685 2769 739 per
2799 672 3220 733 misericordiam
3245 680 3513 740 redimen-

1923 752 1989 811 tis
2011 753 2171 812 homo
2184 759 2273 827 qui
2298 762 2529 831 perierat
2550 762 2823 820 liberatur.
2848 765 3000 825 Tunc
3016 768 3177 826 homo
3196 775 3515 837 mandatum

1926 861 2032 902 non
2078 850 2432 908 custodiendo
2477 853 2545 908 de
2592 855 2840 924 paradiso
2891 860 3129 931 pellitur,
3191 879 3333 923 nunc
3372 865 3513 927 latro

1920 934 2193 995 Christum
2241 939 2524 999 Dominum
2553 946 2861 1002 confitendo
2899 950 3204 1018 paradisum
3249 967 3507 1014 meretur.

1927 1030 2083 1091 Unde
2114 1034 2391 1104 supplices
2439 1052 2707 1108 rogamus,
2739 1042 3157 1101 clementissime
3205 1046 3380 1117 Pater,
3414 1067 3522 1120 per,

1918 1123 2133 1195 inclytae
2162 1126 2324 1198 363
2342 1128 2517 1185 crucis
2540 1129 2864 1188 innarrabile
2883 1144 3297 1202 sacramentum,
3330 1149 3386 1195 et
3413 1158 3507 1211 per

1921 1217 2132 1279 Domini
2161 1220 2330 1279 nostri
2360 1219 2488 1278 Jesu
2535 1219 2730 1281 Christi
2768 1223 2885 1281 Filii
2923 1228 2997 1283 tui
3039 1229 3352 1295 admirabile
3390 1250 3510 1308 reg-

1916 1326 2067 1378 num,
2115 1319 2176 1379 ut
2219 1311 2336 1384 ejus
2381 1311 2723 1373 festivitatem
2770 1317 3138 1387 celebramus,
3192 1320 3508 1385 hodiernqu

1921 1405 2088 1477 diem,
2123 1408 2175 1466 in
2203 1421 2312 1477 quo
2340 1409 2518 1464 crucis
2558 1424 2658 1465 nos
2686 1426 2875 1467 omnes
2900 1426 3023 1471 cum
3057 1413 3234 1471 laetitia
3283 1417 3519 1485 spiritali.

1920 1505 1978 1557 et
2006 1497 2246 1559 m'odesta
2292 1500 2619 1558 exultatione
2652 1515 2930 1577 peragere,
2961 1514 3015 1562 et
3043 1505 3182 1563 inter
3212 1508 3522 1575 caelesuum

1912 1588 2171 1655 virtutum
2204 1591 2392 1649 laudes
2421 1592 2740 1653 humilitatis
2785 1605 2981 1653 nostrae
3014 1611 3172 1654 voces
3220 1602 3504 1674 suscipias,

1914 1681 2198 1752 multiplici
2234 1680 2583 1749 confessione
2610 1686 2680 1741 ita
2711 1684 2988 1749 dicentes:
3021 1689 3269 1745 Sanctus.

1911 1794 2091 1851 XLVI.
2121 1811 2272 1853 mssa
2314 1813 2500 1854 sane"
2526 1814 2776 1856 inustum
2815 1800 2842 1842 δ
2889 1818 3141 1860 aros'rou
3171 1822 3239 1860 trr
3268 1822 3504 1866 IVANCE-

2604 1887 2793 1929 ιιδτι.

1981 1980 2329 2052 Omnipotens
2356 1985 2683 2055 sempiterno
2722 1987 2899 2054 Deus,
2931 1989 3023 2060 qui
3063 1991 3220 2061 hujus
3270 1993 3372 2050 diei
3418 1994 3501 2051 fe-

1908 2072 2200 2128 Stivitatem
2230 2074 2404 2130 fecisti
2432 2075 2498 2130 ad
2530 2077 2765 2133 latitiam
2792 2077 2936 2135 beati
2974 2080 3236 2140 Johannis
3266 2100 3502 2158 evange-

1908 2167 2065 2231 listae,
2097 2166 2165 2221 da
2197 2165 2451 2224 Ecclesim
2474 2178 2579 2225 tute
2603 2172 2763 2226 etiam
2788 2186 2970 2232 amare
3003 2177 3144 2246 quod
3174 2180 3420 2249 credidit,
3445 2193 3503 2240 et

1908 2257 2204 2327 pradicare
2230 2258 2373 2330 quod
2414 2260 2619 2317 docuit.
2658 2261 2764 2318 Per
2792 2262 3077 2322 Dominum
3120 2276 3362 2327 nostrum
3410 2272 3503 2330 Je-

1904 2359 2024 2402 sum
2057 2350 2323 2404 Christum
2355 2350 2549 2407 Filium
2583 2363 2751 2408 tuum.

2600 2443 2852 2496 Collectin.

1984 2522 2143 2589 Deus,
2172 2524 2261 2593 qui
2294 2539 2389 2594 per
2414 2540 2477 2583 os
2506 2525 2644 2584 beati
2682 2528 2940 2587 Johannis
2964 2534 3307 2603 evangelista:
3337 2537 3499 2599 Verbi

1902 2615 1977 2673 tui
2003 2625 2195 2675 arcana
2226 2620 2497 2684 reserasti,
2531 2630 2744 2689 prmata.
2776 2637 3083 2693 quasumus
3105 2669 3120 2695 ,
3152 2637 3210 2683 ut
3235 2632 3375 2700 quod
3401 2634 3496 2691 ille

1904 2708 2101 2762 nostris
2121 2709 2339 2764 auribus
2365 2712 2689 2767 excellenter
2708 2712 2920 2780 infudit,
2954 2716 3324 2789 intelligentia
3345 2738 3496 2779 com.

1905 2801 2109 2867 petenti
2138 2802 2438 2858 eruditione
2468 2805 2759 2873 capiamus.
2796 2807 2917 2863 Per.

2516 2918 2632 2970 Post
2650 2924 2860 2972 nomina.

1972 3022 2201 3090 Praesta,
2230 3026 2573 3096 omnipotens
2598 3026 2760 3094 Deus,
2786 3038 2845 3083 ut
2869 3029 3098 3087 Verbum
3121 3047 3245 3088 caro
3273 3034 3494 3108 lactttm,

1900 3115 2042 3184 quod
2094 3116 2279 3172 beatus
2326 3117 2598 3174 Joltannes
2640 3122 2968 3193 evangelista
3016 3126 3354 3196 praedicavit,
3404 3144 3498 3201 per

1902 3209 2308 3267 intercessionis
2328 3226 2437 3266 suae
2456 3211 2761 3281 praesidium
2786 3212 2988 3271 habitet
3004 3232 3217 3293 semper
3237 3220 3292 3275 in
3316 3223 3493 3280 nobis.

1901 3300 2024 3358 Per.

2549 3375 2621 3425 Ad
2650 3387 2835 3438 pacem.

1966 3457 2163 3513 Pacem
2187 3466 2355 3525 tuam,
2386 3457 2631 3526 Domine,
2659 3460 2728 3515 de
2757 3461 2888 3516 caelo
2908 3461 2977 3516 da
3001 3463 3183 3531 nobis;
3206 3474 3261 3521 et
3280 3469 3495 3539 posside

1893 3566 2012 3618 nos,
2047 3564 2101 3605 ιιι
2134 3566 2238 3605 non
2274 3552 2474 3607 haereat
2497 3552 2550 3605 in
2573 3552 2868 3609 visceribus
2894 3557 3098 3611 nostris
3121 3557 3491 3619 fraudulentus

1899 3643 2114 3698 osculos
2145 3642 2470 3712 proditoris;
2495 3644 2591 3700 sed
2622 3660 2721 3713 pax
2747 3645 2861 3713 illa,
2894 3663 3051 3718 quam
3084 3648 3184 3705 tuis
3230 3652 3491 3724 reliquisti

1891 3733 2193 3799 discipulis,
2241 3748 2459 3804 semper
2505 3736 2722 3791 inlibata
2774 3748 3085 3807 permaneat
3140 3741 3191 3795 in
3238 3743 3487 3803 cordibus

1889 3828 2107 3882 nostris.
2140 3825 2262 3882 Per.

2550 3898 2841 3953 Immolatio.

1964 4000 2099 4057 Vere
2121 4001 2341 4073 dignum
2367 4011 2424 4059 et
2446 4002 2651 4074 justum
2682 4015 2786 4074 est,
2810 4021 3022 4079 aequum
3049 4016 3104 4064 et
3127 4011 3355 4066 salutare
3379 4022 3482 4081 est;

1885 4110 1985 4152 nos
2017 4096 2151 4163 tibi,
2183 4098 2525 4167 omnipotens
2559 4101 2721 4166 Deus,
2751 4104 2951 4171 gratias
2996 4121 3173 4175 agere,
3225 4107 3365 4162 beati
3397 4107 3486 4161 «10-

1889 4194 2085 4249 hannis
2110 4195 2339 4264 apostoli
2372 4197 2446 4251 tui
2474 4204 2529 4251 et
2552 4200 2899 4267 evangelista;-
2921 4203 3115 4255 natalia
3145 4210 3483 4267 venerantes,

1886 4287 1986 4352 Qui
2019 4286 2233 4342 Domini
2282 4290 2452 4342 nostri
2502 4289 2627 4343 Jesu
2681 4290 2880 4345 Christi
2924 4293 3039 4347 Filii
3084 4295 3159 4349 tui
3206 4297 3484 4350 vocatione

1889 4385 2162 4447 suscepta,
2190 4387 2466 4433 terrenum
2497 4382 2706 4449 respuit
2728 4390 2930 4450 patrem
2956 4392 3012 4437 ut
3038 4396 3218 4452 posset
3244 4386 3484 4440 invenire

1889 4469 2183 4525 calestem.
2215 4469 2371 4527 Retia
2418 4471 2599 4526 saeculi
2631 4472 2824 4542 quibus
2854 4473 3225 4544 implicabatur
3263 4477 3479 4546 abjecit,

1886 4572 1946 4618 ut
1971 4564 2290 4619 aeternitatis
2314 4563 2457 4619 dona
2496 4574 2677 4621 mente
2720 4565 2885 4622 libera
2928 4576 3245 4624 sectaretur.
3276 4569 3476 4624 Natan-

189 4690 366 4753 gnatus
392 4694 470 4747 es,
494 4652 831 4748 quaesumus,
865 4688 923 4734 ut
968 4678 1205 4737 omnium
1232 4676 1284 4739 in
1334 4652 1387 4731 te
1429 4676 1764 4741 credentium
1796 4652 1852 4713 D
2012 4656 2065 4712 ia
2086 4657 2337 4712 ﬂuctibus
2376 4672 2566 4713 navem
2593 4659 2845 4729 reliquit,
2875 4669 2935 4717 ut
2959 4664 3342 4719 ecclesiasticae
3372 4680 3475 4735 gu-

190 4774 337 4828 litiem
374 4788 602 4843 augeas,
637 4772 994 4842 multiplices;
1024 4779 1080 4826 et
1109 4772 1263 4826 solita
1309 4771 1503 4838 pietate
1557 4786 1762 4840 pacem,

189 4879 333 4933 quam
361 4863 629 4918 custodire
653 4862 883 4935 jussisti,
918 4862 1197 4918 inlibatam
1224 4861 1277 4916 in
1306 4874 1403 4914 nos
1444 4873 1769 4920 conservare

188 4956 430 5026 digneris.
457 4955 568 5013 Sal.

202 5050 209 5057 ’
243 5024 263 5026 “
821 5024 1145 5078 meo.

252 5111 469 5183 Dignum
492 5118 550 5166 et
572 5109 778 5182 justum
802 5118 910 5176 est,
940 5111 1280 5180 omnipotens
1312 5109 1453 5168 Deus
1472 5151 1489 5177 ,
1538 5110 1635 5167 tibi
1681 5124 1771 5166 sa-

187 5205 491 5262 criﬁciorum
521 5211 646 5259 tota
683 5204 1012 5272 persolvere,
1067 5213 1122 5259 te
1170 5205 1223 5258 in
1272 5203 1444 5258 laudis
1495 5205 1765 5273 praeonio

186 5297 537 5354 indesinenter
563 5295 845 5360 adtollere,
877 5310 939 5349 ac
970 5295 1275 5367 utriusque,
1302 5305 1355 5349 et
1378 5296 1521 5350 illius
1548 5297 1761 5351 scilicet

184 5387 488 5451 habitatoris
534 5387 784 5459 paradisi,
816 5397 872 5443 et
910 5387 1066 5443 istius
1116 5385 1489 5456 Redemptoris
1540 5387 1761 5442 humani

1886 4750 2223 4809 bernationis
2248 4753 2639 4825 tranquillitate
2681 4757 3022 4813 consisteret.
3055 4759 3100 4812 Α
3129 4758 3353 4827 piscium
3381 4774 3477 4812 ea-

1880 4842 2063 4911 ptione
2113 4843 2351 4898 cessavit
2382 4884 2398 4910 ,
2452 4853 2515 4901 ut
2574 4845 2784 4900 animas
2834 4848 3119 4903 mundanis
3171 4850 3475 4919 gurgitibus

1877 4933 2162 4990 immersae
2202 4936 2411 4991 calamo
2472 4936 2733 4992 doctrinm
2801 4939 3049 4995 salutaris
3112 4942 3468 4998 abstraheret.

1879 5026 2098 5081 Destitit
2120 5026 2292 5096 pelagi
2316 5027 2590 5097 profunda
2614 5030 2818 5098 rimari,
2849 5041 3178 5087 secretorum
3206 5042 3474 5089 scrutator

1877 5118 2124 5177 redditur
2151 5119 2493 5185 divinorum;
2524 5136 2591 5177 eo
2636 5137 2809 5193 usque
2858 5125 3175 5192 procedam,
3207 5134 3266 5181 ut
3311 5134 3368 5179 et
3417 5124 3469 5179 in

1876 5225 2045 5267 creua:
2075 5213 2315 5283 mysticae
2339 5225 2683 5269 sacrmancto
2712 5216 2957 5270 convivio
2980 5200 3149 5286 ipsius
3198 5219 3473 5272 recumbe-

1874 5316 1960 5361 ret
2014 5313 2228 5371 pectore
2273 5304 2604 5374 Salvatoris,
2657 5316 2712 5362 et
2760 5323 2880 5365 eum
2913 5308 2965 5360 in
3014 5320 3173 5360 cruce
3212 5306 3467 5363 Dominus

1870 5394 2193 5451 constitutus
2218 5394 2470 5453 vicarium
2498 5394 2581 5451 sui
2612 5396 2869 5467 Magistri,
2888 5394 3117 5464 Virginis
3142 5394 3308 5449 lilium
3329 5396 3458 5452 sub-

184 5484 386 5556 generis
413 5482 655 5551 exempla
684 5496 1013 5551 proponere.
1040 5481 1132 5537 llle
1183 5481 1397 5550 quidem
1450 5484 1620 5549 print,
1663 5482 1758 5537 sed
1868 5497 2121 5558 rogaret;
2160 5496 2219 5542 et
2259 5488 2311 5541 in
2344 5488 2606 5557 principio
2654 5487 2910 5551 Verbum,
2953 5486 3095 5556 quod
3145 5487 3283 5543 Deus
3333 5498 3453 5544 erat

184 5575 277 5629 iste
300 5574 518 5639 melior;
546 5574 633 5627 ille
673 5583 939 5637 terrenus,
974 5572 1071 5627 iste
1098 5571 1329 5627 calestis
1358 5589 1373 5637 ;
1403 5572 1495 5626 ille
1524 5572 1591 5625 de
1624 5572 1753 5626 limo

184 5655 366 5737 factus,
391 5669 496 5724 iste
518 5662 685 5723 verbo
706 5674 1017 5737 conceptus.
1051 5665 1200 5722 Tunc
1228 5664 1439 5721 diabolo
1477 5662 1755 5731 suadente,

254 5813 276 5840 ι
308 5803 413 5859 Hoc
466 5803 658 5858 festum
713 5804 838 5859 item
898 5803 1266 5873 praescriptum
1319 5809 1401 5863 est
1450 5801 1506 5855 in
1559 5798 1760 5863 Ordine

183 5875 520 5945 Gregoriano.

1865 5577 2005 5651 apud
2035 5579 2221 5645 Deum,
2252 5579 2367 5647 ipse
2413 5594 2521 5649 pra:
2551 5579 2709 5653 263
2741 5578 2936 5632 ceteris
2963 5579 3273 5634 ostenderet
3322 5593 3461 5651 pre-

1870 5670 2121 5734 dicaado,
2157 5684 2252 5737 per
2277 5670 2551 5726 Christum
2588 5668 2867 5724 Dominum
2894 5679 3151 5727 nostrum.

1939 5804 1967 5844 δ
1993 5806 2073 5869 Ad
2100 5815 2309 5876 portam
2341 5806 2580 5867 Latinam
2606 5801 2959 5877 appellamus.
