4048 6350
581 289 683 349 ιεῖ

763 409 970 468 XLVII.
1007 429 1161 471 mssa
1188 429 1350 470 PRIMA
1379 431 1466 470 DIE
1499 430 1549 469 IN
1586 430 1986 472 ROGATIONIBUS.

661 503 717 559 In
744 503 953 576 jejunio
981 514 1007 543 ι
1037 506 1136 562 hoc
1167 508 1348 563 afflicti
1376 523 1621 577 corpore,
1671 517 1724 562 et
1756 509 1917 563 corde
1957 509 2173 564 contriti

577 594 985 665 I'requentamus
1009 598 1076 652 ad
1123 609 1173 654 te
1221 613 1427 668 preces,
1461 599 1878 654 clementissime
1909 599 2068 667 Deus,
2121 607 2174 654 ut

587 701 709 743 cum
738 689 1057 746 abstinentia
1088 691 1351 761 corporali
1382 692 1698 746 abstinentia
1730 691 1883 746 nobis
1928 691 2174 744 vitiorum

585 782 815 838 donetur
848 802 859 836 :
892 795 946 839 ut
977 787 1226 840 restricto
1256 801 1481 855 corpore
1510 787 1575 840 ab
1605 786 1798 854 epulis,
1847 795 1922 848 tn,
1976 785 2067 854 qui
2119 797 2177 838 es

589 875 816 932 refecﬁo
845 890 990 942 vera,
1024 877 1074 930 in
1106 877 1301 932 nostris
1331 877 1582 932 cordibus
1611 877 1822 930 oriaris.
1854 876 1974 930 Per.

661 967 872 1022 Gratias
901 969 996 1023 tibi
1023 971 1248 1040 agimus,
1283 970 1506 1024 Domine
1535 978 1740 1034 sancte,
1794 969 1953 1023 Pater
1999 969 2177 1023 omni-

581 1070 793 1131 potens.
827 1071 1026 1116 :eterne
1057 1062 1216 1128 Deus,
1241 1062 1328 1132 qui
1362 1076 1476 1126 nos,
1509 1071 1630 1130 post
1674 1062 2160 1129 transgressionem

579 1152 769 1224 ieiunii
815 1156 992 1209 vetitia
1019 1155 1398 1225 contingendo,
1431 1156 1498 1208 ad
1544 1153 1931 1209 continentiam
1981 1153 2172 1208 salutis

579 1248 839 1316 reparasti
875 1262 964 1314 per
994 1245 1298 1311 Christum;
1333 1257 1385 1302 te
1407 1247 1459 1302 in
1486 1247 1588 1302 hoc
1616 1246 1876 1315 jejunium
1908 1247 2176 1317 supplices

579 1352 642 1394 ac
673 1340 933 1408 provoluti
965 1354 1235 1409 rogamus,
1268 1350 1325 1393 ut
1356 1339 1526 1396 dones
1556 1339 1710 1394 nobis
1740 1349 1940 1395 rectam
1971 1355 1998 1392 a
2029 1339 2173 1395 vitiis

579 1439 834 1498 mentem,
868 1442 918 1484 et
948 1431 1151 1500 Spiritu
1181 1432 1462 1501 principali
1497 1431 1614 1501 (qui
1647 1440 1731 1486 est
1756 1430 2178 1486 mortificationis

577 1524 804 1593 amator)
838 1539 934 1578 nos
963 1526 1323 1592 conrohores,
1358 1535 1414 1579 ut
1442 1535 1560 1594 post
1589 1533 1766 1580 actum
1792 1525 2056 1594 jejunium
2107 1523 2176 1580 ad

579 1623 796 1672 aeterna:
826 1617 1131 1673 refectionis
1163 1634 1258 1673 nos
1290 1632 1486 1688 pascua
1516 1619 1796 1688 perducas.
1831 1617 1954 1673 Per.

1208 1713 1324 1763 Post
1348 1716 1558 1764 nomina.

1259 295 1608 353 APPENDIX
1649 295 1741 354 AD
1776 296 2010 358 OPE-RA
2048 296 2304 361 SANC'I'I
2339 297 2712 362 AUGUSTINI
2751 299 3192 365 PARISIENSIS.
3809 321 3888 378 288

2201 421 2343 479 Aac
2371 419 2620 488 squalore
2660 419 2847 491 jejunii
2879 421 3178 481 substratos
3232 426 3508 493 intuens,
3569 432 3624 488 in
3673 436 3891 501 virtutum

2279 511 2614 566 successibus
2641 513 2838 569 releva.
2872 514 2991 570 Per.

2933 629 3188 682 Collectio.

2349 706 2706 778 Omnipotens
2733 712 3063 782 sempiterne
3091 714 3261 784 Deus,
3301 719 3688 792 mundentur,
3717 742 3889 795 quasu-

2280 816 2401 856 mus
2421 845 2437 869 ,
2470 802 2680 859 viscera
2706 814 2889 860 nostra
2920 822 2949 860 a
2979 811 3186 865 cunctis
3212 813 3427 868 carnis
3464 815 3713 881 delictis,
3737 819 3891 891 jejunii

2281 893 2656 949 adtenuationc
2685 895 2957 964 confecta;
2993 910 3048 954 ut
3079 901 3131 956 in
3167 902 3359 972 ipsius
3384 904 3596 976 jejunii
3622 908 3886 970 humilitate

2283 987 2559 1055 prostratis
2591 1000 2695 1042 non
2725 988 2899 1044 valeat
2919 993 3096 1048 carnis
3115 995 3430 1052 infirmitas
3458 998 3736 1055 dominari
3761 1020 3773 1056 :
3794 1007 3888 1074 quia

2283 1087 2336 1135 tu
2382 1081 2652 1136 institutor
2682 1083 3020 1152 sobrietatis,
3055 1089 3099 1144 si
3132 1090 3248 1156 vis,
3313 1103 3491 1163 potes
3541 1099 3717 1151 nostri
3762 1101 3888 1159 citius

2280 1172 2544 1239 misereri,
2583 1183 2639 1228 ut
2668 1175 2924 1244 spiritalia
2953 1181 3256 1251 cogitemus
3280 1224 3298 1245 ,
3341 1195 3406 1240 et
3445 1189 3887 1258 concupiscentias

2279 1264 2476 1330 carnis,
2504 1273 2553 1320 te
2581 1266 2887 1337 adjuvante,
2924 1271 3217 1330 vincamus.
3260 1276 3407 1333 Per.

2897 1384 3015 1436 Post
3042 1387 3233 1437 nomina
3244 1427 3256 1438 .

2355 1485 2513 1552 Deus,
2547 1488 2636 1558 qui
2667 1491 2860 1544 mentis
2909 1492 3194 1561 puritatem
3248 1497 3577 1569 adprobas,
3637 1520 3740 1561 non
3781 1509 3886 1580 jeju-

2281 1576 2426 1632 nium
2451 1593 2482 1633 a
2509 1580 2640 1635 cibis
2670 1583 3010 1641 solummodo
3033 1587 3262 1654 gloriam
3323 1592 3643 1652 humanam
3695 1576 3878 1671 captan-

2284 1680 2413 1738 tem,
2443 1674 2666 1745 dignare
2693 1679 2878 1734 oculos
2906 1681 3082 1737 cordis
3111 1687 3284 1741 nostri
3344 1689 3407 1743 in
3463 1689 3575 1746 hoc
3623 1693 3812 1764 jejunio
3833 1700 3884 1754 ita

653 1795 764 1849 Tua
793 1805 946 1859 sum,
982 1796 1226 1864 nomine,
1262 1797 1516 1852 alimonia
1563 1798 1757 1866 quibus
1800 1797 1852 1853 in
1898 1798 2168 1855 condiam
2203 1781 2252 1841 Β
2281 1766 2600 1866 inluminare
2626 1774 2909 1840 introrsus,
2945 1786 3002 1832 ut
3025 1778 3115 1834 tibi
3151 1779 3202 1834 in
3234 1780 3334 1837 his
3362 1798 3501 1853 quae
3535 1785 3778 1845 homines
3801 1807 3874 1849 ne-

581 1887 723 1942 victu
742 1888 808 1941 ad
833 1889 1279 1944 sustentationem
1303 1889 1598 1956 reficimur,
1625 1898 1819 1960 tuaque
1837 1889 2039 1959 jejunia
2062 1891 2180 1960 qui-

582 1978 684 2034 bus
711 1993 924 2034 carnem
955 1997 982 2034 a
1015 1980 1216 2036 lubrica
1260 1981 1554 2050 voluptate,
1585 1989 1637 2037 te
1669 1983 2034 2052 praecipiente,
2086 1999 2176 2038 re-

581 2071 912 2140 stringimus.
939 2073 1014 2127 'I‘u
1039 2073 1104 2127 ad
1126 2074 1547 2128 consolationem
1573 2085 1810 2130 nostram
1841 2074 2165 2130 vicissitudi-

582 2177 679 2218 nes
711 2172 1007 2228 temporum
1036 2165 1372 2235 disposuisti,
1399 2177 1455 2220 ut
1484 2175 1694 2236 tempus
1723 2165 1922 2223 edendi
1950 2182 2180 2237 corpora

580 2261 760 2310 nostra
792 2252 1012 2311 refectio
1042 2257 1219 2312 sobria
1249 2258 1440 2325 aleret,
1480 2267 1533 2313 et
1553 2258 1833 2328 jejunandi
1868 2269 2078 2329 tempus
2105 2275 2169 2315 ea

582 2345 636 2402 in
679 2347 939 2418 justitiam
983 2350 1075 2404 tibi
1128 2350 1374 2419 placitam
1429 2349 1631 2405 faceret
1683 2359 1975 2407 macerata.
2037 2352 2185 2408 Hanc

580 2439 809 2496 hostiam
845 2442 915 2496 ob
957 2443 1218 2511 jejunium
1252 2443 1513 2496 triduana:
1543 2443 1920 2498 macerationis
1963 2458 1993 2496 a
2022 2444 2179 2500 nobis

583 2534 816 2589 oblatam
864 2536 1204 2591 sanctificans
1252 2537 1534 2606 dignanter
1573 2537 1834 2603 adsume,
1881 2548 1937 2592 et
1989 2548 2184 2609 praesta

586 2625 828 2695 placatus
856 2635 945 2691 ut,
978 2629 1150 2696 sopita
1191 2627 1547 2682 delectatione
1575 2642 1859 2696 corporea,
1912 2644 2066 2686 mens
2118 2631 2187 2686 ab

583 2716 953 2786 iniquitatibus
987 2719 1184 2788 pariter
1213 2718 1583 2789 conquiescat.
1624 2721 1746 2774 Per.

1243 2810 1316 2859 Ad
1341 2823 1527 2873 pacem.

659 2890 897 2947 Refectio
954 2903 1062 2958 tua,
1112 2894 1336 2949 Domine
1366 2935 1380 2959 ,
1435 2894 1696 2949 restrictis
1745 2895 2095 2966 corporibus,
2130 2896 2186 2954 in

589 2984 779 3054 spiritu
793 2986 1146 3041 contribulato
1171 2995 1519 3058 gustatur;et
1539 2988 1679 3054 ideo,
1709 2995 1953 3058 prostrati
1975 2991 2171 3059 jejunii

584 3075 911 3147 paenitentia,
964 3079 1232 3149 supplices
1282 3094 1591 3147 exoramus,
1646 3081 2010 3136 misericordia
2067 3082 2184 3138 sola

584 3181 826 3241 petentes
855 3172 994 3242 quod
1027 3187 1188 3241 opere
1217 3188 1321 3227 non
1365 3188 1668 3240 meremur;
1702 3184 1758 3228 ut
1784 3176 2087 3229 sentiamus
2130 3175 2182 3228 in
2213 3174 2260 3235 C

585 3266 777 3335 spiritu
807 3264 1111 3321 dilectionis
1140 3277 1243 3321 tua:
1292 3267 1543 3337 pabulum
1588 3283 1774 3333 suave,
1829 3270 1969 3338 quod
2021 3270 2184 3326 corda

586 3367 768 3412 nostra
798 3358 865 3412 ab
909 3360 1079 3426 epulis
1108 3362 1387 3429 vacantia,
1438 3361 1504 3415 ad
1559 3361 1789 3431 proximi
1839 3361 2184 3418 dilectionem

586 3447 898 3504 succendat.
929 3448 1048 3504 Per.

1244 3522 1530 3573 Immolatio.

661 3622 797 3679 Vere
827 3624 1040 3693 dignum
1073 3634 1129 3682 et
1163 3626 1364 3696 justum
1393 3635 1477 3682 est
1528 3626 1692 3698 26!.
1721 3634 1773 3680 te
1825 3625 1877 3680 in
1926 3629 2183 3682 observa-

588 3717 735 3774 tione
762 3719 946 3789 jejnnii
980 3735 1243 3790 quaerere,
1275 3721 1366 3791 qui
1398 3736 1456 3775 es
1487 3721 1638 3791 panis
1667 3735 1828 3776 verus
1859 3731 1913 3776 et
1943 3721 2094 3776 vivus
2119 3721 2187 3778 de

589 3814 721 3869 calo
750 3813 1098 3871 descendens.
1133 3816 1210 3871 Te
1240 3816 1440 3887 itaque,
1491 3817 1782 3874 humiliatis
1824 3819 2030 3889 jejunio
2058 3834 2184 3875 cor-

589 3905 832 3975 poribus,
859 3917 1038 3962 mente
1068 3909 1385 3964 famulantes
1405 3909 1616 3977 devota,
1643 3927 1738 3982 per
1767 3912 1902 3966 hanc
1935 3913 2186 3969 sacrificii

590 3996 1009 4053 immolationem
1037 4014 1307 4071 rogamus,
1341 4010 1399 4055 ut
1420 4000 1848 4059 humiliationem
1867 4005 2054 4074 jejunii
2079 4007 2179 4061 hu-

590 4090 702 4162 ius,
734 4107 891 4162 quam
926 4107 1022 4162 pro
1061 4095 1255 4149 nostris
1287 4094 1524 4150 reatibus
1556 4096 1607 4150 in
1660 4097 1760 4152 hac
1809 4098 2058 4155 triduana
2088 4101 2185 4156 ob-

589 4183 890 4263 servatione
921 4184 1294 4252 persolvimus,
1329 4184 1399 4240 ita
1430 4185 1690 4242 intuearis
1741 4190 1998 4256 placatus,
2050 4200 2110 4246 ut
2153 4208 2184 4247 a

591 4271 802 4328 delictis
827 4273 1128 4344 jejunantes
1157 4276 1422 4342 absolvas,
1477 4294 1613 4347 quos
1643 4281 2031 4338 incnntinentia
2086 4299 2186 4341 vo-

591 4381 770 4421 rarum
819 4367 870 4421 in
923 4367 1198 4435 pravitatis
1246 4373 1672 4440 transgressione
1737 4375 2019 4430 immersit.
2082 4377 2185 4433 Per

592 4458 863 4516 Christum
895 4461 1204 4518 Dominum.

663 4551 890 4609 XLVIII.
923 4570 1051 4609 ITEII
1082 4572 1229 4611 mssa
1258 4571 1491 4613 secuuna
1526 4575 1612 4614 me
1637 4575 1687 4614 IN
1709 4574 2108 4619 ROGATIONIBUS.

661 4644 823 4711 Deus,
849 4647 1001 4716 cujus
1028 4650 1276 4718 exemplo
1301 4650 1568 4720 jejunium
1595 4652 1777 4708 datum
1806 4665 1887 4711 est
1915 4667 2037 4725 post
2082 4674 2180 4726 gu-

592 4748 728 4796 stum
749 4741 1138 4810 prohibitionis,
1161 4758 1253 4812 per
1269 4744 1682 4800 inobedientiam
1709 4747 1835 4816 ligni
1858 4749 2180 4820 ingressum,

591 4834 707 4901 tibi,
739 4833 983 4901 Domine,
1025 4837 1184 4891 corda
1231 4845 1436 4904 nostra,
1477 4840 1527 4892 in
1575 4838 1767 4910 jejunii
1821 4846 2183 4901 maceratione

593 4928 849 4997 subjecta,
885 4944 979 4998 per
1006 4931 1432 4987 inlustrationem
1462 4939 1565 4986 tuae
1595 4932 1961 5003 inspirationis
1983 4937 2181 4992 sancti-

593 5017 722 5083 fica;
759 5028 811 5074 et
839 5021 905 5074 de
945 5021 1246 5077 cwlestibus
1276 5024 1494 5079 sedibus
1528 5024 1632 5079 tuis
1664 5040 1763 5080 nos
1793 5026 1846 5080 in
1878 5028 1990 5082 luto
2035 5028 2184 5084 I‘.-ecis

669 5145 691 5173 ι
721 5135 838 5191 Non
879 5136 1069 5199 solam,
1103 5145 1158 5190 ut
1199 5137 1382 5204 modo,
1432 5138 1834 5203 abstinentiam,
1888 5141 1978 5193 sed
2025 5139 2182 5194 etiam

593 5208 852 5276 ieiunium
895 5207 1356 5279 inARogationibus
1385 5211 1704 5279 praecipiunt
1745 5211 1969 5264 concilia
2022 5212 2185 5264 Galli-

592 5294 744 5342 cana,
795 5277 1180 5332 Aurelianense
1230 5296 1280 5342 ι,
1333 5277 1676 5346 ‹·ειιιοιιθ’27,
1723 5291 1776 5336 et
1804 5280 2116 5336 Turonense
2146 5297 2184 5335 ιι

593 5365 794 5420 tuumne
851 5350 934 5403 I7.
983 5349 1132 5403 Unde
1168 5369 1186 5402 ι
1237 5351 1590 5420 Rogationum
1626 5351 2062 5420 operosissimam
2113 5351 2186 5406 fe-

595 5419 886 5474 stivitatem
920 5440 936 5470 ι
963 5421 1197 5488 appellat
1229 5419 1417 5476 Avitus
1447 5424 1497 5476 in
1528 5419 1741 5476 homilia
1773 5422 1840 5475 de
1868 5422 2182 5489 ltogationi-

599 5489 696 5563 IIIIS
731 5509 740 5540 :
778 5509 814 5563 «_
836 5491 1120 5545 Festivitas
1150 5493 1411 5561 siquidem
1436 5503 1534 5555 est,
1565 5492 2042 5563 cujnsjucunditas
2073 5503 2180 5548 tota

598 5561 1024 5632 solasribt‘ietas,
1057 5564 1210 5630 cujus
1256 5565 1427 5630 epulae
1475 5561 1746 5632 Iacrymm,
1798 5564 1949 5631 cujus
2000 5573 2182 5631 pastus

597 5631 797 5684 esuries
822 5642 924 5685 est.
967 5651 984 5683 ι
1023 5634 1146 5687 Ιιίιιο
1180 5653 1197 5683 ι
1233 5650 1334 5687 non
1367 5649 1459 5700 per
1490 5634 1687 5688 Gallias
1719 5635 1897 5698 modo,
1923 5635 2017 5689 scd
2044 5651 2178 5701 pene

600 5718 688 5767 per
717 5703 897 5757 orbem
931 5713 1096 5756 totum
1139 5725 1155 5756 ι
1191 5705 1417 5758 celebris
1466 5705 1619 5757 initio
1672 5704 1904 5758 homilite
1957 5706 2179 5761 dicitur.

606 5772 745 5827 l‘unc
778 5774 965 5827 lectum
997 5774 1166 5829 fuerat
1197 5774 1538 5841 Evangelium
1568 5790 1630 5829 ex
1663 5775 1892 5829 Matthzei
1917 5793 2032 5840 cap.
2063 5791 2176 5842 vm,

601 5844 664 5898 de
692 5844 901 5899 Christo
931 5843 1154 5900 Domino
1186 5845 1237 5898 in
1272 5846 1390 5900 navi
1429 5846 1749 5915 dormiente,
1781 5857 1831 5902 et
1864 5863 1892 5900 a
1945 5847 2177 5918 discipu-

2286 1862 2461 1917 sciunt
2481 1862 2534 1917 in
2563 1867 2774 1921 occulto
2805 1881 2834 1920 a
2863 1868 3005 1924 vitiis
3024 1870 3230 1940 jejunio
3256 1874 3766 1948 placeamuszquia
3786 1885 3879 1940 doni

2287 1954 2360 2009 tui
2388 1965 2471 2011 est
2502 1959 2604 2012 hoc
2634 1961 2827 2029 ipsum,
2861 1964 3001 2032 quod
3031 1979 3062 2019 a
3091 1966 3225 2022 cibis
3256 1969 3648 2040 abstinemus,
3683 1975 3746 2030 sit
3787 1993 3876 2032 mu-

2287 2047 2430 2102 neris
2453 2049 2527 2103 tui
2551 2059 2608 2104 ut
2633 2065 2664 2104 a
2686 2052 2918 2120 peccatis
2937 2055 3098 2110 etiam
3121 2073 3244 2113 cum
3265 2059 3501 2130 jejunio
3524 2067 3875 2135 emundemnr;

2287 2148 2340 2194 et
2369 2139 2722 2198 desiderabile
2751 2144 2894 2201 fonte
2923 2147 3180 2205 ubertatis
3206 2153 3282 2207 ita
3312 2155 3444 2211 haec
3480 2173 3708 2215 munera
3739 2163 3871 2218 imbre

2287 2234 2456 2287 sancti
2486 2234 2722 2301 Spiritus
2754 2239 3029 2308 perfunde,
3055 2251 3112 2297 ut
3139 2259 3168 2298 a
3194 2244 3608 2317 jejunantibus
3640 2267 3867 2324 percepta,

2288 2335 2475 2381 cuncta
2508 2329 2634 2384 vitia
2666 2335 2944 2402 mtmdent,
2991 2348 3046 2393 et
3088 2340 3323 2399 virtutes
3379 2345 3637 2404 inserant
3681 2365 3870 2405 morum.

2289 2419 2407 2476 Per.

2954 2503 3027 2553 Ad
3055 2518 3244 2568 pacem.

2363 2583 2416 2640 In
2441 2585 2626 2655 jejunii
2659 2587 2954 2648 humilitate
3000 2596 3310 2668 substratis,
3367 2604 3719 2673 omnipotens
3756 2619 3865 2662 sem-

2290 2677 2497 2744 piterne
2545 2681 2702 2746 Deus,
2749 2683 2998 2757 absterge
3046 2705 3263 2746 omnem
3323 2694 3513 2750 labem
3571 2699 3781 2767 peccati,
3826 2705 3867 2755 ut

2290 2769 2541 2826 mundata
2575 2776 2742 2830 nostri
2770 2778 2950 2834 cordis
2981 2795 3194 2848 arcana,
3227 2800 3358 2840 cum
3394 2787 3724 2844 abstinentia
3749 2789 3862 2846 cibo-

2289 2875 2430 2927 rum,
2453 2864 2750 2939 jurgiorum
2783 2871 2943 2925 etiam
2977 2871 3391 2943 inquietudines
3421 2881 3702 2949 exclusas,
3732 2881 3862 2935 dilec-

2293 2953 2368 3008 tio
2399 2963 2484 3009 tua
2517 2967 2570 3011 et
2603 2962 2863 3030 proximi,
2905 2966 3104 3022 nostris
3133 2968 3186 3022 in
3233 2970 3506 3028 cordibus
3535 2987 3661 3043 pura
3691 2986 3861 3028 succre-

2293 3058 2425 3103 scat.
2457 3047 2582 3107 Per.

2932 3127 3256 3184 Conteststto.

2363 3230 2501 3286 Vere
2530 3230 2748 3303 dignum
2787 3244 2839 3290 et
2864 3235 3068 3305 justum
3098 3249 3182 3295 est
3226 3251 3281 3297 te
3339 3250 3456 3299 tota
3488 3244 3666 3300 cordis
3693 3240 3857 3298 contri-
3983 3244 3985 3274 ‘

2290 3322 2436 3378 tione
2467 3324 2518 3378 in
2544 3323 2772 3393 jejunio,
2823 3330 3163 3399 omnipotens
3193 3335 3540 3405 sempiterne
3589 3337 3737 3403 Deus,
3785 3346 3857 3403 per
3981 3323 3985 3432 il

2291 3416 2564 3471 Christum
2597 3417 2879 3474 Dominum
2920 3433 3187 3482 nostrum.
3237 3428 3343 3494 Qui
3379 3446 3482 3486 nos
3526 3430 3855 3502 mysteriorum
3981 3416 3985 3470 'I

2290 3517 2502 3562 tuorum
2533 3513 2755 3566 secretis
2797 3513 3115 3580 informans,
3162 3521 3455 3588 pacificum
3504 3523 3661 3594 265
3707 3531 3856 3576 nemus

2291 3613 2386 3655 ore
2415 3601 2679 3657 columbae
2711 3613 2973 3672 gestatum
3007 3608 3119 3666 Noe
3148 3614 3326 3669 oculis
3374 3615 3687 3678 ostendens,
3734 3609 3855 3666 nobis

2289 3688 2358 3746 de
2386 3692 2593 3747 virente
2617 3695 2811 3750 arbore
2841 3700 3014 3755 crucis
3035 3702 3335 3771 gloriosum
3361 3706 3579 3776 signum
3602 3701 3851 3774 expressit;

2291 3800 2449 3854 quem
2484 3786 2747 3844 columbae
2774 3794 2982 3862 species
3012 3794 3064 3848 in
3095 3794 3297 3854 Christi
3348 3800 3626 3856 decoravit
3669 3799 3851 3861 honore,
3983 3816 3985 3846 ι

2293 3877 2499 3932 cunctis
2517 3879 2796 3936 colendum
2813 3885 3040 3951 Spiritus
3054 3890 3487 3948 sanctificatione
3501 3894 3848 3948 demonstrans.
3981 3883 3985 3965 β

2290 3969 2453 4040 Cujus
2480 3974 2724 4030 animalis
2752 3976 3056 4034 innocentia
3085 3996 3207 4038 esse
3251 3984 3468 4041 similes
3517 3989 3846 4056 praeoptantes.

2296 4064 2364 4118 ab
2391 4080 2561 4135 eoque
2590 4070 2910 4124 sanctificari
2935 4072 3158 4144 Spiritu,
3190 4078 3351 4148 cujus
3376 4081 3494 4148 ipse
3524 4077 3731 4145 sumpsi!
3753 4085 3846 4141 SPC'

2293 4162 2449 4227 ciem,
2483 4174 2798 4231 exorantes;
2825 4169 2877 4221 in
2904 4169 3006 4225 hoc
3023 4170 3228 4240 jejunio
3251 4177 3501 4231 triduana
3526 4171 3842 4230 humiliatioan

2292 4255 2557 4322 instituto,
2586 4258 2837 4315 invictum
2874 4261 2974 4317 hoc
3003 4265 3212 4332 signum
3238 4264 3262 4304 δ
3295 4284 3420 4324 cum
3449 4269 3670 4338 plebium
3697 4260 3844 4319 cuneis

2295 4344 2662 4412 prmferentes,
2695 4355 2857 4415 atque
2884 4348 3216 4418 Maiestatem
3248 4363 3394 4411 tuam
3428 4353 3681 4427 psallentii
3711 4362 3728 4389 ε
3754 4360 3838 4403 m0-

2289 4432 2570 4491 dulatione
2605 4438 2899 4505 laudantes,
2936 4442 3190 4511 petimus,
3232 4449 3592 4516 omnipotens,
3624 4444 3761 4504 Deus,
3796 4442 3838 4490 I1!

2214 4558 2266 4617 Β
2291 4527 2526 4596 accipias
2555 4539 2745 4584 cuncta
2780 4532 2949 4600 plebis
2997 4545 3116 4590 vota
3147 4552 3372 4609 qumque
3401 4552 3611 4609 quoquo
3649 4537 3738 4591 ritu
3765 4526 3834 4584 tibi

2293 4619 2468 4675 reddit
2490 4623 2757 4691 subjecta;
2790 4635 2844 4681 et
2873 4627 2944 4682 ita
2978 4643 3070 4682 cos
3102 4629 3154 4684 in
3194 4631 3293 4687 hoc
3329 4633 3537 4702 jejunio
3564 4620 3832 4686 sanctiﬁéeﬁi

2296 4722 2352 4766 ut
2388 4728 2416 4766 a
2467 4718 2673 4770 cunctis
2705 4728 3011 4775 mereantur
3040 4724 3160 4777 exui
3194 4728 3444 4793 peccatis.
3483 4726 3579 4780 Per
3605 4719 3828 4777 Christum

2294 4803 2597 4861 Dominum.

2463 4919 2646 4974 XLIX.
2699 4938 2846 4976 mssa
2882 4941 3077 4980 τειηιΑ
3110 4942 3195 4981 DIE
3229 4944 3279 4984 IN
3313 4938 3691 4984 ROGATIONIBUS.

2370 5030 2531 5100 Deus,
2567 5046 2724 5101 quem
2760 5036 2939 5091 nullus
2966 5039 3271 5095 mortalium
3301 5054 3512 5107 sensus,
3545 5048 3663 5091 usus
3688 5024 3825 5084 carni!

2290 5143 2355 5198 Iis
2382 5145 2665 5221 excitato,
2691 5148 2836 5221 quod
2872 5149 3215 5221 Evangelium
3248 5153 3302 5206 in
3338 5160 3517 5207 nostro
3540 5143 3821 5221 Lectionario

2295 5230 2399 5291 non
2431 5218 2814 5291 prmscrihitur.
2859 5217 3043 5289 Itaque
3071 5224 3214 5276 varia
3244 5233 3361 5278 erat
3389 5217 3758 5291 Evangeliorntn
3781 5219 3820 5291 ιιξε

2294 5285 2520 5360 diversis
2564 5289 2850 5355 provinciis
2899 5284 3088 5360 lectio,
3133 5294 3256 5351 licet
3304 5295 3442 5352 idem
3487 5284 3618 5349 esset
3664 5284 3818 5346 ubifl“

2297 5355 2587 5437 Galliarum
2618 5360 2750 5437 ordo
2777 5379 2835 5415 ac
2867 5362 3020 5420 ritus.
3075 5355 3086 5360 ⁷
3490 5435 3513 5437 _
3669 5425 3679 5437 .

2366 5425 2392 5464 δ
2426 5426 2559 5506 Ilinc
2591 5431 2860 5506 probatur,
2889 5417 3028 5501 quod
3062 5436 3111 5489 in
3147 5437 3239 5492 Iih.
3275 5456 3310 5494 ιι
3361 5453 3425 5493 ex
3477 5425 3708 5506 οτεεοῐὲο

2289 5500 2503 5574 ro‘nensi
2533 5502 2784 5574 episcopo
2812 5497 3065 5574 diximus,
3095 5523 3310 5566 crucem
3339 5509 3389 5564 in
3422 5507 3502 5562 his
3526 5497 3811 5569 supplicabo-

2290 5569 2444 5624 nibus
2474 5569 2639 5628 fuisse
2666 5569 2962 5644 pralatam.

2361 5653 2381 5678 ε
2413 5645 2605 5696 Avitus
2639 5638 2686 5698 in
2717 5647 2977 5704 Sermone
3001 5651 3070 5705 de
3109 5653 3484 5724 Rogationihus
3515 5647 3599 5706 ait,
3627 5638 3796 5710 Mante."
3967 5638 3969 5740 ί

2365 5730 2396 5740 υ.
2437 5732 2454 5740 -
2497 5729 2614 5740 ιω...
2663 5715 2768 5740 ιι--
2806 5718 3002 5740 ΙΛ-Ω-,ες
3105 5723 3118 5740 ι
3237 5727 3245 5736 -
3271 5725 3283 5740 ι
3363 5723 3408 5740 σι
3439 5717 3582 5740 ι--ιε..
3622 5706 3800 5740 ι)..ηι.ιιις

2288 5721 2397 5767 tum
2436 5732 2454 5765 ι
2495 5729 2615 5796 cum
2663 5715 2772 5772 Deo
2800 5718 3120 5796 (definiisse)
3161 5706 3408 5796 ciiiidquid
3439 5717 3582 5774 hodie
3620 5706 3800 5768 Psalmis

2286 5802 2347 5840 ac
2379 5787 2623 5854 precibus
2651 5787 2887 5848 mundus
2917 5787 3189 5852 inclamat.
3227 5816 3247 5850 ι
3306 5787 3317 5796 ’
3964 5817 3967 5908 1

3967 5922 3969 5942 l
