4048 6350
265 318 384 380 283

1284 304 1369 365 DE
1409 305 1735 367 LITURGIA
1776 306 2169 368 GALLICANA
2211 308 2415 365 LIBER
2451 309 2539 365 Ill.

3464 317 3570 376 290

260 436 555 496 inlecebra
602 436 988 504 prmgravaUIS,
1024 423 1122 481 nisi
1154 440 1184 481 a
1231 434 1282 483 te
1324 427 1512 498 jejunii
1562 430 1866 500 expiatione
1898 437 1947 496 Α
1972 426 2245 493 omnibus,
2277 437 2619 494 quaesumus,
2649 422 3009 491 benedictam.
3039 425 3351 499 ascriptam.
3383 430 3452 486 Et
3481 450 3568 489 re-

267 530 450 589 fuerit
474 528 811 592 inlustratus,
844 523 1109 595 agnoscit,
1140 521 1278 591 pelle
1306 522 1377 578 de
1405 522 1655 578 cordibus
1681 525 1879 580 nostris

267 641 407 684 cum
438 620 760 679 abstinentia
789 617 998 673 turbam
1027 616 1283 671 vitiorum
1313 615 1381 671 de
1407 617 1653 687 ingluviaa
1679 617 1880 672 saturi-

269 731 391 777 tate
433 715 784 791 gignentium,
819 723 876 768 ut
918 729 1049 783 pura
1083 711 1177 767 tibi
1206 711 1406 767 serviat
1433 711 1595 768 etiam
1628 722 1751 784 post
1777 728 1878 770 ex-

268 823 460 870 actum
487 810 776 882 jejunium,
805 822 962 878 quam
999 815 1053 862 tu
1082 806 1348 876 prOpitius
1377 805 1686 873 donaveris,
1712 807 1878 864 devo-

270 907 358 961 tio
388 903 659 961 novitatis.
688 903 807 958 Per.

946 993 1203 1044 Collectio.

355 1084 475 1139 Iam
511 1084 564 1138 in
597 1081 826 1137 triduani
855 1079 1044 1150 jejunii
1073 1079 1177 1135 ﬁne
1207 1079 1454 1134 conclusa
1476 1123 1489 1146 ,
1516 1078 1879 1134 sinceritatem

278 1185 456 1241 tuam,
503 1175 759 1238 Domine,
807 1173 1162 1242 deprecamur
1216 1173 1266 1226 in
1317 1171 1612 1228 visceribus
1661 1173 1876 1242 nostris,

279 1269 652 1323 maceratione
677 1264 866 1336 jejunii
889 1263 1140 1330 adﬂictis,
1169 1264 1455 1330 advenire;
1487 1274 1539 1319 et
1571 1274 1625 1318 ut
1656 1265 1720 1319 de
1748 1264 1880 1320 atria

282 1370 378 1416 tua
407 1369 592 1415 sancta
641 1358 894 1414 exaudias
925 1367 1234 1428 peccatores
1265 1359 1316 1412 in
1347 1359 1595 1427 squalore
1639 1357 1876 1414 miseria-

279 1468 404 1508 rum
454 1452 693 1522 iacentes
740 1465 1019 1520 rogamus;
1053 1461 1110 1504 ut
1158 1450 1256 1505 des
1302 1450 1457 1505 nobis
1509 1451 1712 1506 fontem
1758 1465 1882 1522 gra-

276 1544 481 1598 tiarum
538 1551 774 1607 tuarum,
803 1548 859 1597 et
903 1540 1107 1610 pandas
1151 1541 1252 1596 iter
1300 1556 1406 1611 quo
1455 1549 1573 1610 post
1619 1541 1880 1612 jejunium

280 1648 530 1690 escarum
559 1633 854 1689 carnalium
881 1633 990 1688 itur
1017 1633 1084 1688 ad
1113 1632 1460 1689 refectionem
1495 1648 1704 1703 pascuae
1735 1650 1878 1691 sem-

294 1729 583 1799 piternam.
616 1724 740 1780 Per.

895 1817 1014 1869 Post
1051 1817 1267 1868 nomina.

355 1903 741 1974 Jejunantium,
773 1900 1024 1968 Domine,
1055 1915 1384 1972 quaesumus,
1428 1901 1726 1970 supplicum
1757 1912 1880 1958 vota

282 1997 551 2070 propitius
582 1998 819 2062 intuere;
865 2005 920 2051 et
945 2011 1170 2051 munera
1203 1998 1485 2066 praesentia
1517 2000 1877 2066 sanctiticans,

277 2104 380 2161 per
408 2089 802 2160 perceptionem
833 2104 1021 2145 eorum
1065 2089 1274 2143 occulta
1314 2089 1489 2144 cordis
1515 2092 1682 2145 nostri
1715 2106 1881 2148 reme-

276 2184 368 2239 dia
403 2194 505 2238 tua:
533 2183 769 2240 claritica
801 2182 1018 2252 pietatis
1044 2199 1058 2238 :
1086 2192 1143 2236 ut
1167 2197 1331 2252 opera
1352 2183 1584 2238 carnalia
1619 2200 1714 2239 nec
1737 2184 1878 2240 ﬂuxa

281 2291 386 2332 nos
419 2286 655 2342 teneant,
681 2289 818 2346 quos
840 2274 1112 2331 inStitutor
1126 2274 1321 2346 jejunii
1346 2274 1591 2333 Christus
1611 2280 1880 2346 reparavit

275 2369 615 2439 redemptor.
639 2369 760 2424 Per.

928 2459 1000 2509 Ad
1043 2472 1230 2523 pacem.

354 2539 496 2595 Deus
522 2582 538 2608 ,
571 2543 660 2612 qui
702 2540 1168 2612 intemperantiam
1219 2542 1514 2598 saturitatis
1564 2551 1669 2597 tua:
1711 2542 1879 2598 absti-

276 2631 478 2687 nentia:
524 2632 861 2689 dedicatione
888 2633 1189 2704 superasti,
1221 2644 1275 2690 et
1304 2637 1585 2703 puritatem
1629 2633 1878 2690 casﬁmo-

276 2723 407 2792 niaa,
436 2733 496 2780 ut
538 2727 911 2795 cognoscaris,
947 2726 1178 2794 dedisti;
1210 2739 1435 2782 serenus
1477 2741 1577 2781 nos
1608 2734 1697 2780 tuo
1724 2724 1870 2780 vultu

276 2821 659 2890 circumspice,
688 2830 744 2876 et
769 2821 1134 2892 jejunantibus
1164 2835 1349 2890 pacem
1383 2821 1609 2892 proximi
1641 2829 1694 2875 et
1726 2828 1870 2875 tuam

275 2914 549 2985 largiaris;
583 2929 740 2986 quam
783 2916 848 2971 ad
892 2915 1106 2972 Patrem
1150 2916 1483 2982 ascendens,
1518 2915 1682 2988 266
1721 2915 1877 2972 nobis

276 3007 540 3078 reliquisti
570 3008 902 3064 sectandam.
938 3007 1061 3063 Per.

936 3100 1226 3150 Immolatio.

357 3185 490 3242 Vere
545 3187 763 3258 dignum
794 3196 845 3242 et
870 3186 1070 3258 justum
1102 3197 1206 3256 est,
1239 3187 1479 3258 satisque
1529 3195 1612 3241 est
1655 3185 1873 3256 dignum
1901 3223 1948 3287 Ο

278 3288 332 3335 te
362 3280 534 3334 solum
591 3295 619 3334 a
659 3279 1027 3350 jejunantibus
1072 3294 1336 3351 quaerere,
1382 3279 1471 3348 qui
1514 3293 1572 3334 es
1617 3280 1870 3349 magister

278 3375 666 3441 abstinentiae,
720 3385 773 3431 et
818 3374 1163 3430 continentia:
1215 3384 1584 3430 remunerator
1630 3385 1867 3430 aeterne:

276 3467 478 3536 quique
501 3481 528 3520 a
549 3467 936 3537 jejunantibus,
963 3467 1118 3524 ﬁdele
1139 3476 1343 3524 tantum
1364 3470 1525 3524 corde
1556 3478 1869 3538 exposcant,

290 3558 560 3627 abstergis
586 3573 800 3615 omnem
835 3563 1117 3624 maculam,
1142 3575 1300 3630 quam
1331 3561 1580 3615 saturitas
1607 3559 1875 3616 contrahit

283 3649 565 3707 indecens.
617 3651 730 3707 Hoc
775 3653 955 3723 itaque
984 3665 1226 3708 sanctum
1255 3654 1515 3724 jejunium
1542 3655 1592 3708 in
1624 3655 1872 3711 Leviticis

281 3742 529 3812 apicibus
560 3760 653 3815 per
687 3745 939 3800 famulum
971 3755 1116 3801 tuum
1134 3747 1350 3818 Moysen
1373 3747 1667 3802 evidentius
1690 3747 1870 3803 decla-

279 3840 443 3894 rasti:
471 3841 519 3894 in
543 3856 648 3911 quo
665 3841 870 3911 jussisti
892 3851 949 3896 ut
975 3842 1378 3899 ltumiliaremus
1400 3844 1607 3898 animas
1630 3854 1862 3910 nostras,

281 3944 350 3984 ne
377 3931 880 4000 exterminarcmur,
915 3934 1054 3988 sicut
1096 3948 1190 3989 esu
1219 3933 1359 4004 gulae
1389 3933 1600 3990 deditus
1647 3934 1873 4005 populus

283 4022 694 4078 exterminatur.
726 4025 881 4090 Quod
914 4023 1073 4080 etiam
1107 4024 1260 4080 nobis
1305 4024 1617 4094 Unigcnitns
1653 4035 1772 4080 tuus
1801 4027 1870 4082 ita

279 4119 638 4172 sanctiﬁcavit
685 4119 979 4189 implendo,
1005 4128 1059 4175 et
1105 4130 1164 4176 ut
1207 4136 1428 4192 regnum
1479 4122 1745 4192 perditum
1780 4139 1874 4194 per

280 4210 537 4283 jejunium
569 4197 852 4284 panderet,
871 4225 922 4270 et
952 4216 1184 4285 peccatis
1210 4217 1421 4271 veniam
1453 4215 1626 4271 daret.
1662 4217 1726 4270 Et
1751 4215 1873 4272 ideo

280 4319 400 4374 quae
448 4307 724 4361 instituisti
767 4307 969 4377 jejunia
1021 4289 1234 4378 suscipe
1272 4309 1467 4374 libens,
1501 4324 1596 4378 per
1621 4324 1683 4364 ea
1712 4324 1811 4363 nos
1841 4324 1872 4364 a

280 4395 517 4453 reatibus
561 4400 766 4454 cunctis
806 4399 1126 4469 absolvens,
1161 4416 1256 4471 per
1285 4401 1557 4457 Christum
1589 4401 1873 4457 Dominum

281 4501 547 4547 nostrum.

356 4582 484 4638 Post
522 4584 750 4641 Sanctus
773 4603 862 4657 per
893 4597 1026 4641 totas
1055 4597 1153 4642 (res
1183 4589 1368 4642 missas
1399 4587 1526 4642 dicis
1552 4603 1570 4640 .'

359 4678 507 4734 llanc
538 4680 700 4750 igitur
729 4680 1053 4737 oblationem
1086 4682 1301 4737 familiae
1333 4693 1437 4737 tua:
1469 4683 1561 4737 tibi
1587 4682 1870 4750 adstantis,

284 4785 509 4841 quorum
540 4771 632 4826 tibi
666 4772 796 4828 ﬁdes
840 4774 1050 4844 cognita
1078 4783 1186 4841 est,
1215 4784 1269 4830 et
1295 4785 1417 4829 nota
1449 4773 1686 4841 devotio,
1715 4790 1873 4845 quam

287 4863 380 4919 tibi
423 4864 654 4920 oﬂerunt
698 4882 798 4937 pro
843 4867 1130 4925 devotione
1179 4870 1478 4926 animorum
1508 4886 1751 4936 suorum,
1781 4886 1877 4941 pro

286 4974 515 5030 quorum
560 4960 654 5015 tibi
687 4962 896 5031 placitis
926 4962 1208 5019 desideriis
1258 4965 1642 5035 supplicamus,
1673 4979 1880 5020 memor

287 5067 408 5109 esse
459 5054 704 5125 dignare,
735 5056 960 5112 Domine
982 5101 996 5126 ,
1025 5068 1210 5115 sancte
1257 5059 1442 5127 Pater,
1472 5071 1668 5116 a:terne
1719 5060 1876 5127 Deus,

287 5144 343 5198 in
372 5145 560 5201 diebus
586 5147 916 5217 jejuniorum
952 5150 1214 5220 ipsorum,
1247 5161 1303 5207 ut
1337 5169 1366 5208 a
1390 5155 1597 5208 cunctis
1626 5169 1721 5209 eos
1755 5168 1874 5223 pec-

287 5237 420 5293 catis
449 5239 743 5309 abstergas,
760 5249 829 5306 _et
854 5242 1123 5297 residuum
1149 5245 1429 5313 temporis,
1455 5261 1560 5315 quo
1582 5244 1662 5300 eis
1689 5244 1880 5300 alimo-

289 5331 499 5387 niorum
525 5335 795 5405 perceptio
825 5336 1182 5404 concedetur,
1217 5337 1286 5391 ita
1320 5353 1415 5393 eos
1444 5353 1770 5394 conservare
1800 5337 1881 5392 di-

287 5425 509 5502 gnerisj,
539 5437 597 5481 ut
623 5426 856 5483 sobriam
887 5429 1049 5483 vitam
1079 5429 1336 5485 habentes
1356 5469 1375 5494 .
1405 5446 1512 5486 non
1545 5433 1881 5488 involvantur

289 5530 628 5591 peccatorum
658 5522 860 5592 laqueis
887 5523 956 5578 ab
978 5523 1154 5592 epulis
1173 5528 1440 5590 excltatis,
1481 5541 1574 5594 per
1601 5525 1875 5580 Christum

293 5614 570 5672 Dominum
625 5626 890 5674 nostrum.
942 5618 1111 5687 Quam
1153 5618 1475 5673 oblationem
1528 5628 1582 5672 tu
1631 5619 1772 5674 Deus
1822 5618 1878 5673 in

292 5823 333 5881 ὓ
361 5754 558 5880 “ullam
606 5756 869 5828 particula
916 5772 1050 5811 nunc
1095 5755 1294 5827 passim
1322 5755 1557 5812 occurrit
1598 5757 1651 5810 in
1679 5753 1879 5810 Missali

340 5841 366 5877 a
414 5843 584 5881 tcano.

340 5841 584 5881 atttcano.

422 5899 512 5953 Sic
541 5899 592 5953 in
620 5900 846 5956 vetustis
870 5900 990 5956 aliis
1018 5899 1144 5960 Mss.
1175 5901 1227 5956 in
1251 5899 1484 5956 Collecta
1516 5913 1610 5954 seu
1638 5897 1878 5954 oratione

1985 521 2148 590 liqua.

1981 633 2046 689 L.
2086 648 2482 692 COLLECTIONES
2516 649 2572 690 IN
2609 649 2996 693 ROGATIONIBUS
3034 652 3136 693 pen
3173 653 3395 695 DIVERSA
3435 654 3570 700 ιοεΑ

2611 721 2947 762 SANCTOBUI.

2448 800 2503 850 In
2533 807 2701 850 sancto
2740 800 2889 850 Petro
2911 815 3039 852 nunc
3062 805 3107 853 ⁸.

2055 881 2196 938 Deus
2220 883 2482 954 refugium
2503 899 2821 954 pauperum,
2846 900 2971 956 spes
3002 886 3306 955 humilium,
3323 888 3574 961 salusque

1981 974 2326 1041 miserorum,
2354 975 2743 1031 interveniente
2773 992 2870 1046 pro
2911 977 3067 1034 nobis
3118 978 3428 1035 beatissimo
3457 979 3573 1036 fun-

1981 1071 2169 1129 datore
2189 1073 2444 1130 Ecclesiae
2485 1083 2591 1130 tuae
2621 1075 2802 1144 Petro,
2826 1079 3244 1148 supplicationes
3269 1081 3570 1152 supplicum

1981 1179 2194 1226 tuorum
2228 1173 2280 1226 in
2311 1173 2399 1227 die
2431 1173 2662 1228 triduani
2693 1173 2851 1243 hujus
2868 1174 3060 1245 jejunii
3090 1176 3385 1233 clementer
3409 1191 3574 1232 exau-

1983 1264 2070 1330 di;
2113 1275 2166 1320 et
2219 1265 2662 1335 tranquillitatem
2713 1283 2745 1321 a
2785 1267 2929 1323 vitiis
2981 1271 3182 1338 pariter
3233 1279 3287 1326 et
3333 1270 3578 1328 hostibus

1985 1359 2187 1415 nostris
2214 1360 2452 1415 concede
2482 1363 2838 1431 temporibus,
2866 1372 2923 1418 ut
2943 1379 3079 1434 quos
3109 1364 3315 1432 justitia
3342 1366 3580 1437 ﬂagello-

1988 1468 2106 1508 rum
2140 1465 2349 1510 tuorum
2368 1455 2514 1525 juste
2544 1456 2722 1512 facere
2746 1466 2924 1528 potest
2949 1473 3072 1514 esse
3100 1457 3368 1526 adﬂictos,
3403 1460 3577 1518 abun-

1983 1547 2163 1603 dantia
2194 1550 2578 1605 misericordiae
2609 1560 2734 1617 ture,
2761 1552 2879 1621 ipso
2907 1552 3069 1608 beato
3095 1552 3254 1609 Petro
3278 1554 3578 1625 obtinente,

1983 1638 2143 1695 faciat
2171 1641 2498 1697 consolatos.
2531 1641 2654 1697 Per.

2653 1735 2905 1787 Collectio.

1910 1830 1958 1890 Β
2054 1820 2407 1890 Omnipotens
2458 1822 2789 1891 sempiterne
2845 1821 3021 1886 Deus,
3069 1822 3159 1892 qui
3215 1822 3376 1878 beato
3421 1822 3581 1880 Petro

1985 1916 2249 1984 apostolo,
2281 1914 2508 1971 conlatis
2539 1915 2779 1970 clavibus
2822 1916 2973 1985 regni
3024 1913 3274 1980 caelestis,
3306 1915 3511 1970 animas
3547 1913 3579 1954 δ

1985 2007 2182 2077 ligandi
2225 2018 2384 2077 atque
2431 2006 2673 2062 solvendi
2714 2007 2873 2078 267
2921 2006 3258 2078 pontiﬁcium
3290 2006 3575 2076 tradidisti,

1983 2100 2177 2154 exaudi
2223 2099 2484 2169 propitius
2531 2114 2720 2169 preces
2747 2109 2958 2155 nostras
2989 2102 3040 2155 in
3071 2100 3158 2157 die
3182 2101 3369 2172 jejunii
3401 2101 3582 2172 hujus,

1983 2206 2038 2243 et.
2088 2191 2475 2246 intercessione
2508 2189 2625 2260 ejus
2653 2231 2667 2255 ,
2702 2206 3032 2261 quaesumus,
3057 2201 3115 2247 ut
3158 2209 3188 2248 a
3234 2205 3580 2264 peccatorum

1983 2291 2290 2337 nostrorum
2322 2283 2547 2338 nexibus
2571 2283 2881 2340 liberemur.
2910 2283 3033 2339 Per.

2430 2372 2665 2423 Collectio
2690 2375 2738 2423 in
2765 2379 2935 2425 sancto
2958 2375 3128 2426 Paulo.

2058 2453 2208 2522 Vide,
2237 2454 2485 2521 Domine,
2520 2471 2830 2525 quaesumus
2851 2497 2868 2524 ,
2899 2457 3263 2515 inﬁrmitatem
3293 2472 3532 2520 n05tram
3557 2478 3580 2533 ;

1979 2546 2114 2602 etin
2146 2547 2332 2602 diebus
2361 2546 2692 2618 jejuniorum
2744 2550 2990 2617 istorum,
3019 2565 3153 2620 quos
3201 2551 3337 2608 trina
3383 2569 3580 2612 conse-

1979 2641 2149 2694 cratio
2204 2640 2346 2694 trino
2396 2656 2620 2696 numero
2669 2641 2797 2696 facit
2845 2651 3139 2709 extensos,
3188 2645 3580 2708 interveniente

1980 2733 2138 2787 beato
2169 2733 2414 2802 apostolo
2443 2742 2532 2788 tuo
2565 2733 2726 2789 Paulo
2752 2775 2767 2800 ,
2799 2736 2980 2791 celere
3027 2737 3183 2792 nobis
3229 2738 3428 2809 pietate
3457 2755 3578 2798 suo-

1980 2840 2137 2880 curre
2164 2842 2175 2878 :
2201 2835 2256 2880 ut
2287 2840 2422 2895 quos
2446 2825 2652 2896 justitia
2692 2828 2921 2898 corripis
2940 2868 2956 2895 ,
2988 2829 3357 2886 misericordia
3383 2846 3575 2888 conso-

1981 2917 2131 2974 leris.
2162 2917 2283 2976 Per.

2573 2991 2700 3042 Item
2736 2991 2979 3043 collectio.

2052 3073 2279 3142 Exaudi,
2313 3073 2558 3143 Domine,
2589 3091 2920 3146 quaesumus,
2954 3079 3210 3147 gemitum
3241 3089 3484 3137 nostrum
3516 3082 3572 3140 in

1980 3163 2166 3220 diebus
2211 3166 2534 3236 jejuniorum
2586 3170 2725 3224 trino
2775 3184 2998 3225 numero
3046 3169 3292 3228 Trinitati
3338 3183 3574 3231 sacrato-

1977 3271 2126 3323 rum;
2161 3268 2214 3312 et
2259 3258 2623 3313 intercedente
2671 3261 2825 3314 beato
2873 3259 3038 3316 Paulo
3087 3262 3344 3333 magistro
3389 3273 3575 3321 nostro

1976 3357 2138 3416 atque
2187 3348 2431 3416 doctore,
2466 3363 2773 3419 quaesumus
2799 3391 2815 3417 ,
2847 3367 2913 3407 ne
2967 3353 3107 3422 apud
3160 3364 3211 3409 te
3249 3356 3368 3424 plus
3399 3357 3575 3414 valeat

1974 3437 2202 3494 oﬂensio
2231 3440 2673 3511 delinquentium,
2702 3459 2859 3512 quam
2917 3450 2980 3496 n2?
3002 3447 3188 3503 eratio
3220 3457 3328 3516 tua,
3355 3463 3571 3522 semper

1977 3533 2179 3589 indulta
2209 3534 2423 3590 ﬂetibus
2454 3537 2891 3605 supplicantium.
2920 3538 3039 3592 Per.

2411 3631 2579 3681 Oratio
2604 3632 2652 3681 in
2677 3641 2844 3683 sancto
2867 3633 3136 3697 Stephano.
3157 3609 3179 3627 ’

2049 3713 2268 3778 Praesta,
2287 3730 2614 3784 qumsumus,
2631 3717 2973 3787 omnipotens
2994 3728 3047 3773 et
3074 3719 3383 3775 misericors
3406 3721 3569 3791 Deus,

1975 3814 2033 3860 ut
2056 3805 2325 3876 fragilitati
2358 3817 2554 3862 nostrae
2583 3807 2812 3864 adﬂicth
2857 3810 2906 3863 in
2950 3809 3139 3866 diebus
3172 3812 3392 3866 istorum
3423 3811 3570 3882 jeju-

1975 3897 2183 3953 niorum
2232 3899 2543 3970 magniﬁcus
2575 3900 2732 3956 levita
2763 3917 2826 3956 ac
2851 3901 3039 3959 beatus
3087 3903 3388 3974 Stephanus
3418 3903 3570 3961 auxi-

1975 3990 2103 4046 lium
2138 3994 2543 4049 interventionis
2572 3994 2825 4051 exhibeat
2850 4012 2862 4050 :
2888 3997 2976 4066 qui
3030 3997 3265 4052 imitator
3291 3997 3573 4054 dominica

1977 4087 2236 4157 passionis
2266 4097 2322 4143 et
2352 4089 2566 4158 pietatis
2587 4135 2600 4158 ,
2632 4091 2834 4158 primus
2866 4091 2917 4145 in
2944 4106 3135 4148 cruore
3185 4094 3426 4164 martyrii
3453 4091 3568 4149 eni-

1977 4181 2112 4248 tuit;
2144 4191 2201 4237 et
2245 4197 2460 4252 semper
2506 4185 2576 4238 sit
2625 4183 2894 4253 perfectus
2937 4183 3279 4256 suﬂ‘ragator,
3310 4195 3487 4257 atque,
3514 4193 3568 4243 te

1976 4275 2303 4331 concedente
2325 4316 2341 4343 ,
2377 4284 2654 4344 promptus
2685 4276 2917 4346 adjutor.
2950 4276 3073 4334 Per.

2573 4366 2702 4419 Item
2738 4366 2982 4418 collectio.

2051 4451 2243 4508 Preces
2293 4461 2504 4507 nostras
2545 4467 2596 4506 tn
2640 4453 2743 4507 hoc
2778 4452 2984 4522 jejunio
3035 4462 3330 4523 protentas,
3364 4467 3574 4524 quaesu-

1982 4556 2121 4610 mus,
2148 4543 2394 4609 Domine,
2427 4543 2570 4598 beati
2613 4543 2790 4599 levita:
2821 4553 2875 4598 et
2903 4546 3156 4614 martyris
3196 4545 3272 4599 tui
3315 4545 3574 4617 Stephani

1902 4620 1954 4679 Ῑ)
1983 4646 2337 4705 prosequatur
2367 4637 2569 4704 oratio;
2603 4645 2656 4693 et
2698 4646 2754 4692 ut
2784 4637 2924 4693 adsit
2972 4637 3127 4693 nobis
3155 4639 3382 4695 adﬂictis
3412 4643 3576 4697 mise-

1980 4730 2208 4787 ricordia
2238 4741 2348 4801 tua,
2384 4730 2500 4799 ejus
2534 4731 2784 4800 precibus
2808 4732 3139 4800 adjuvemur.
3173 4733 3294 4788 Per.

2440 4825 2608 4874 Oratio
2631 4826 2679 4874 in
2704 4830 2872 4874 sancto
2903 4824 3122 4875 Martino.

2057 4910 2276 4982 Porrige
2297 4910 2576 4965 dexteram
2610 4920 2776 4977 tuam,
2810 4925 3137 4980 quaesumus,
3165 4909 3411 4975 Domine,
3438 4911 3578 4980 plebi

1988 5011 2114 5068 tua),
2143 5003 2194 5056 in
2226 5003 2311 5056 die
2337 5002 2664 5072 jejuniorum
2685 5016 2904 5058 suorum
2935 5002 3362 5060 misericordiam
3393 5012 3578 5073 postu-

1988 5091 2156 5159 lanti;
2190 5103 2269 5163 ut,
2315 5094 2679 5151 intercedente
2724 5096 2884 5152 beato
2937 5097 3185 5163 Martino,
3217 5104 3452 5152 terrores
3484 5097 3580 5152 im-

1991 5187 2258 5243 minentes
2307 5187 2664 5258 declinemus,
2688 5197 2744 5245 et
2771 5190 2958 5246 solatia
2994 5189 3119 5244 vitae
3168 5188 3582 5244 immortalitatis

1988 5283 2245 5354 accipiam
2261 5299 2344 5349 us,
2373 5291 2429 5338 et
2457 5285 2785 5354 sempiterna
2815 5282 3009 5353 gaudia
3036 5281 3580 5351 comprehendamus.

1989 5375 2111 5432 Per.

2659 5445 2783 5495 Item
2807 5445 2921 5495 alia.

2065 5531 2206 5587 Dens
2231 5540 2414 5586 auctor
2438 5530 2653 5601 jejumt,
2688 5530 2962 5583 institutor
2991 5525 3351 5594 abstinentiae,
3381 5527 3470 5598 qui
3497 5526 3580 5598 je-

1983 5624 2116 5694 junii
2147 5623 2370 5679 formam
2399 5624 2783 5691 complectens,
2813 5619 3129 5676 submovisti
3159 5619 3444 5689 ingluviem
3486 5634 3578 5675 sa-

1989 5759 2057 5814 de
2082 5771 2268 5842 sancto
2296 5759 2474 5839 Petro,
2509 5756 2597 5810 ubi
2640 5752 2800 5810 modo
2842 5736 3050 5824 legitur.
3083 5753 3326 5810 absolute
3358 5752 3579 5823 ligandi,

1990 5845 2184 5888 omissa
2217 5844 2344 5887 VOCC
2376 5844 2594 5882 animas.
