4048 6350
148 277 291 336 293

146 478 307 537 Per.

850 548 1110 602 Collectio.

214 636 420 702 οδω,
448 638 604 706 cujus
645 648 886 691 amorem
918 633 1146 705 piissimi
1183 634 1526 690 confessurus
1551 640 1607 687 et
1634 642 1779 686 Inar-

152 740 326 804 tyres
356 732 429 784 tui
473 728 756 785 Ferreolus
785 737 841 784 et
870 726 1127 784 Fcrrucio
1170 739 1362 783 cruore
1405 725 1681 790 adserunt,
1717 734 1770 779 et

152 833 357 879 morte
376 823 729 887 conﬁrmant;
752 820 844 892 qui
864 820 989 875 dum
1013 821 1104 877 tibi
1127 829 1236 875 tam
1258 819 1487 875 libenter
1503 827 1776 889 sumptum

150 928 194 969 ι
228 925 292 970 te
318 915 440 969 vita:
470 926 667 969 munus
710 912 1045 981 impendunt,
1076 914 1345 969 neminem
1377 926 1484 965 non
1532 925 1628 981 pro
1656 911 1777 965 Vita

154 1007 316 1063 mori
368 1016 661 1073 testantur;
710 1006 944 1063 concede
987 1016 1045 1062 ut
1099 1007 1258 1063 fidem
1302 1019 1464 1077 quam
1516 1002 1773 1061 cordibus

154 1102 382 1159 nostris
402 1102 621 1171 proprio
642 1100 951 1166 inscriptam
978 1099 1239 1170 sanguine
1264 1099 1625 1168 reliquerunt,
1652 1097 1777 1151 vita;

157 1194 391 1251 meritis
416 1192 760 1258 eacolamus;
793 1200 848 1246 et
876 1191 1018 1262 quod
1048 1192 1103 1245 in
1133 1192 1215 1246 eis
1244 1191 1573 1246 admiramur
1598 1190 1777 1244 imitus

160 1302 324 1352 mur,
352 1286 497 1357 quod
528 1286 758 1341 colimus
785 1286 1267 1358 diligamus,-quod
1313 1285 1472 1345 laude
1498 1286 1784 1358 proseun

162 1396 302 1438 mur
324 1380 738 1439 conversatione
760 1386 1055 1435 sectemur.
1088 1381 1190 1437 Per

799 1472 921 1523 Post
946 1475 1188 1547 nomina”

250 1555 559 1613 Rocensitis
586 1556 894 1613 minibus
935 1557 1161 1613 fratrum
1182 1570 1545 1629 carorumque
1566 1564 1784 1614 nostro-

162 1660 564 1715 rum,oremus
594 1648 927 1704 Dominicam
955 1650 1402 1732 misericordiam,
1430 1651 1571 1707 utin
1600 1651 1784 1707 medio

182 1739 534 1796 Hierusalem
566 1754 621 1795 in
649 1741 1068 1812 congregatione
1094 1754 1403 1800 sanctorum
1431 1744 1547 1800 huic
1570 1744 1786 1799 nomina
1818 1770 1871 1832 Β
1894 1739 2199 1844 ἓ”““””“””
2231 1739 2613 1840 “ῖ“’“”“”’ξ¹ῗ“
2646 1742 2647 1745 “

182 1834 299 1858 ἐκ
334 1833 487 1858 tum
517 1834 583 1858 Α
632 1836 819 1858 “HL
856 1837 1294 1858 nwmndmh
1326 1840 1371 1858 ε,
1405 1840 1783 1858 μήθ-ἥψω
1925 1802 2013 1858 ius
2067 1802 2264 1855 exemp
2293 1802 2379 1840 um
2432 1801 2499 1840 an
2546 1799 2647 1852 "eo

166 1834 299 1890 sibi
330 1833 491 1889 faciat
516 1834 587 1888 ab
630 1836 824 1907 angelo
855 1837 1298 1895 sanctiﬁcationis
1326 1840 1379 1895 in
1405 1840 1790 1896 beatitudinem

174 1930 381 1985 tterni
411 1929 590 2000 gaudii
619 1932 934 1999 recenseri;
962 1932 1395 2006 sacrificiumque
1420 1934 1523 1991 hoc
1547 1944 1790 1991 nostrum

177 2019 329 2075 sicut
372 2021 426 2076 in
475 2020 968 2092 prazformationem
1020 2023 1412 2082 Melchisedech
1441 2066 1456 2092 ,
1487 2026 1542 2081 in
1592 2025 1792 2082 virtute

179 2112 528 2179 sanctificet;
585 2129 774 2185 preces
821 2126 1036 2188 quoque
1083 2116 1423 2174 ob’erentium
1475 2118 1613 2174 hanc
1642 2118 1794 2176 obla-

179 2201 391 2258 tionem
439 2204 765 2274 propitiatus
811 2206 1067 2262 exaudiat
1117 2204 1173 2262 in
1222 2208 1789 2267 commemorationem

180 2295 624 2353 beatissimorum
681 2305 978 2367 martyrum
1028 2297 1269 2357 Ferreoli
1319 2309 1377 2357 et
1426 2296 1793 2369 Ferrucionis,

180 2392 541 2461 omniumque
585 2400 932 2461 sanctorum;
964 2402 1026 2451 ut
1068 2410 1254 2453 eorum
1300 2397 1550 2468 precibus
1590 2395 1792 2470 adjuti,

187 2500 298 2540 non
328 2485 506 2542 solum
548 2485 854 2544 viventibus
880 2488 1125 2558 praasidia
1154 2532 1172 2559 ,
1204 2504 1389 2547 verum
1421 2492 1581 2548 etiam
1609 2490 1797 2548 defuit-

184 2579 287 2633 etis
324 2579 466 2634 caris
494 2581 689 2636 nostris
718 2581 957 2651 requiem
999 2583 1249 2641 obtinere
1294 2594 1632 2644 mereantur.
1667 2587 1792 2645 Per.

719 2670 954 2723 Collectio
991 2674 1049 2724 ad
1074 2687 1244 2738 pacem

263 2750 521 2811 Ilirabilis
551 2754 604 2810 in
636 2758 842 2813 sanctis
874 2758 1001 2823 tuis,
1039 2758 1263 2817 Domine
1294 2762 1574 2831 virtutum,
1595 2771 1648 2819 et
1677 2769 1801 2834 pec-

193 2848 472 2903 catoribus
532 2850 687 2906 nobis
749 2850 1184 2909 beatissimorum
1236 2864 1532 2928 martyrum
1586 2862 1796 2914 tuorum

200 2942 445 2998 Ferreoli
472 2950 528 2998 et
552 2942 900 3000 Ferrucionis
929 2946 1227 3015 patrocinio
1269 2947 1485 3019 largire.
1527 2946 1605 3006 illi
1646 2952 1801 3007 coro-

196 3050 295 3092 nas
326 3036 565 3108 insignes
592 3039 927 3110 gemmibus,
958 3038 1225 3111 lapidibus
1268 3044 1521 3113 pretiosis
1553 3045 1800 3119 martyrii

194 3129 395 3186 Virtute
424 3139 768 3198 meruerunt;
796 3147 895 3189 nos
924 3142 1113 3189 eorum
1142 3130 1433 3205 suﬂ'ragiis,
1460 3143 1512 3192 te
1533 3132 1772 3191 donante

198 3222 521 3278 delictorum
562 3222 773 3279 veniam
804 3237 1237 3296 consequamur;
1280 3230 1337 3282 et
1380 3226 1616 3283 concede
1642 3228 1799 3284 nobis

198 3326 254 3371 ut
282 3316 599 3387 coniunctio
627 3316 891 3373 labiorum
926 3316 1119 3389 copula
1160 3318 1426 3375 efﬁciatur
1473 3321 1797 3386 animarum,

198 3419 252 3464 et
305 3408 665 3466 ministerium
721 3410 893 3467 osculi
940 3420 1219 3484 perpetua:
1275 3410 1518 3485 proficiat
1566 3414 1795 3472 caritati.

200 3498 323 3557 Per.

837 3574 1161 3629 Coutestatio.

275 3656 504 3728 Dignum
529 3666 586 3716 et
610 3659 812 3729 iustum
839 3667 947 3715 est.
958 3658 1099 3715 Vere
1125 3659 1347 3731 dignum
1369 3668 1425 3717 et
1444 3660 1651 3731 justum
1675 3670 1761 3717 est
1782 3678 1796 3714 :

204 3753 693 3825 quotienscumque
740 3765 947 3825 pugnas
1008 3760 1318 3809 sanctorum
1368 3753 1659 3809 recolimus
1683 3796 1698 3820 ,
1749 3758 1803 3810 te

204 3840 521 3910 laudamus;
553 3852 611 3900 et
653 3842 709 3899 in
753 3858 861 3914 quo
902 3853 1170 3916 martyres
1218 3853 1339 3900 tuos
1387 3844 1699 3901 Ferreolum
1747 3846 1804 3900 et

210 3935 595 3993 Ferrucionem
646 3935 1001 4007 proferimus,
1032 3938 1137 3993 tuis
1179 3938 1469 3993 virtutibus
1518 3938 1676 4009 271
1706 3936 1804 3991 ad-

204 4028 533 4096 scribamur;
570 4030 692 4099 quia
742 4029 955 4086 illorum
999 4044 1199 4086 corona
1246 4039 1334 4085 tua
1380 4040 1467 4087 est
1492 4030 1684 4100 gloria,
1710 4029 1803 4099 qui

220 4134 320 4191 per
349 4120 565 4177 unicum
592 4121 786 4177 Filium
816 4130 963 4177 tuum
1007 4122 1190 4179 .lesum
1219 4120 1491 4178 Christum
1524 4121 1804 4177 Dominum

212 4227 277 4268 ac
324 4213 663 4270 Salvatorem
710 4220 958 4269 nostrum
1003 4215 1251 4270 mortalia
1302 4229 1529 4284 corpora
1577 4214 1804 4270 docuisti

208 4306 430 4376 pretiosi
461 4307 689 4375 palmam
733 4314 952 4378 portare
982 4308 1248 4380 martyrii.
1279 4308 1433 4365 iuste
1476 4317 1657 4364 autem
1702 4308 1807 4363 tuis

209 4397 412 4453 nirritis
465 4399 829 4465 exhibemus,
877 4415 986 4467 quo
1047 4400 1459 4457 fortissimorum
1510 4409 1805 4471 martyrum

209 4489 351 4570 facta
383 4505 725 4559 veneramur,
758 4494 849 4563 qui
878 4493 1139 4549 humanas
1186 4505 1394 4550 mentes
1424 4494 1489 4548 ad
1534 4502 1806 4550 certamen

1201 273 1291 331 DE
1330 272 1657 332 LITUBGIA
1702 266 2088 333 GALLICANA
2130 268 2337 329 LIBER
2372 269 2459 329 ll].

148 389 222 448 in
255 388 418 445 nobis
438 388 797 459 corporalium
821 386 1073 445 vitiorum
1098 385 1444 444 fundamenta
1473 393 1775 445 consumat.
1806 388 1857 453 Α

3366 271 3477 335 ΞΜ

1883 386 2117 441 animum
2155 386 2221 440 ad
2264 384 2503 457 martyrii
2556 392 2678 441 vota
2724 386 3054 456 componat?
3082 395 3176 445 aut
3202 390 3323 465 quis
3366 407 3473 449 non

1884 484 2204 550 provocetur
2221 479 2679 553 adipugnammum
2696 479 2874 535 videat
2887 478 3079 553 magno
3093 468 3289 538 laboris
3302 484 3475 553 fructu

1878 568 2275 631 remuneratam
2320 587 2620 648 martyrum
2664 572 2829 631 fuisse
2859 575 3175 631 victoriam?
3207 566 3477 647 Rogamus

1883 683 2032 739 ergo,
2064 666 2315 736 Domine,
2358 664 2417 722 ut
2448 669 2500 725 in
2552 668 3119 724 commemorationem
3170 680 3479 727 sanctorum

1878 758 2097 821 tuorUm
2131 758 2368 818 Ferreoli
2393 767 2448 818 et
2468 754 2830 826 Ferrucionis,
2858 761 3071 819 illorum
3096 764 3343 835 pretiosae
3370 765 3479 820 vir-

1882 848 2016 931 tutis
2062 853 2376 910 memoriam
2427 853 2762 920 recolentes,
2799 866 3003 925 partem
3033 855 3477 916 remunerationis

1884 946 2171 1013 admittas;
2202 961 2265 1002 ac
2298 952 2521 1016 pratstes
2549 954 2608 1002 ut
2636 944 2839 1004 familia
2870 948 2958 1004 tua
2984 964 3332 1019 perseverare
3361 965 3493 1007 cur»

1883 1053 2003 1095 sum
2030 1039 2193 1109 coepti
2226 1038 2427 1095 laboris
2473 1040 2761 1108 expediat:
2785 1052 3047 1110 quatenus
3080 1042 3173 1109 qui
3202 1042 3254 1097 in
3285 1051 3338 1098 te
3365 1057 3482 1099 cre-

1884 1132 2038 1197 dunt,
2066 1140 2120 1187 et
2149 1131 2245 1187 tibi
2275 1132 2540 1198 serviunt,
2572 1133 2674 1187 etsi
2703 1142 2810 1187 non
2858 1132 2912 1187 in
2943 1132 3137 1204 priuis,
3171 1130 3255 1190 vel
3302 1136 3355 1190 in
3397 1149 3485 1191 se-

1885 1227 2058 1283 cunda
2093 1226 2543 1285 remunerationis
2561 1238 2730 1294 sorte,
2746 1228 2921 1285 locum
2942 1228 3087 1299 apud
3106 1240 3157 1285 te
3176 1240 3486 1286 mereantur

1888 1321 2141 1378 obtinere
2167 1319 2414 1392 iustitia.
2444 1320 2510 1375 Et
2536 1320 2657 1378 ideo
2684 1334 2805 1378 cum
2834 1320 3037 1393 angelis
3065 1330 3225 1393 atque
3251 1322 3479 1378 archané

1885 1412 2026 1485 gelis
2056 1414 2288 1469 clamant
2317 1411 2579 1470 dicentes.

1889 1506 2027 1563 LIV.
2069 1523 2221 1565 iussa
2251 1522 2303 1564 ut
2328 1521 2653 1564 sanusne
2687 1521 2870 1563 MNCTI
2908 1522 3164 1563 souaunis
3192 1520 3484 1564 cantaret.

1971 1601 2132 1668 Deus,
2157 1599 2247 1671 qui
2276 1601 2491 1657 beatum
2539 1600 2840 1657 Iohannem
2895 1599 3190 1669 Baptistam
3242 1600 3488 1663 veritatis

1892 1696 2202 1751 testimonio
2230 1694 2520 1762 decorasti,
2546 1694 2613 1750 da
2643 1694 2799 1750 nobis
2820 1704 3149 1764 quaesumus,
3174 1692 3489 1749 humilitatis

2681 1793 2741 1839 ut
2783 1783 3152 1841 desideremus
3190 1784 3491 1856 intelligere

1894 1880 2039 1951 quod
2067 1880 2336 1945 exercuit,
2368 1888 2423 1934 et
2453 1878 2678 1950 adsequi
2710 1885 2823 1934 toto
2863 1891 3052 1935 amore
3074 1874 3218 1947 quod
3264 1872 3485 1933 meruit.

1898 1972 2005 2030 Per
2027 1971 2211 2029 Jesum
2237 1970 2531 2027 Christum.
3476 1978 3477 1981 ‘

2253 2085 2262 2094 -
2436 2062 2672 2115 Collectio
2693 2065 2939 2128 sequitur.

1975 2148 2329 2219 Omnipotens
2376 2148 2710 2218 sempiterno
2744 2150 2925 2214 Deus,
2980 2149 3068 2218 qui
3124 2148 3493 2207 beatissimum

1902 2258 2299 2314 prtecursorem
2340 2251 2487 2299 tuum
2527 2241 2829 2298 Johanncm
2874 2242 3166 2313 Bsptistam
3193 2242 3258 2297 ad
3288 2256 3493 2315 pratia-

1904 2337 2105 2393 randas
2154 2335 2424 2406 Unigeuiti
2483 2336 2556 2390 tui
2599 2336 2710 2390 vias
2756 2335 2905 2391 nasci
2961 2334 3165 2405 iussisti
3196 2377 3210 2401 ,
3268 2344 3492 2405 praete,

1910 2444 2224 2501 quasumus
2246 2441 2302 2485 ut
2320 2428 2721 2484 intercessionis
2747 2428 2867 2499 ejus
2896 2428 3156 2483 auxilium
3192 2426 3417 2497 tribuas,
3440 2434 3494 2483 et

1901 2524 1970 2580 ad
2009 2522 2280 2593 implenda
2307 2522 2556 2578 mandata
2590 2532 2861 2592 prepares
2902 2521 3223 2577 voluntates.
3258 2520 3361 2578 Per
3390 2520 3495 2577 Do-

1902 2617 2109 2672 mitium
2136 2624 2400 2671 nostrum.

2498 2714 2610 2764 Post
2637 2719 2832 2763 norntna

1973 2800 2323 2872 Omnipotens
2342 2799 2668 2868 sempiterno
2700 2798 2860 2864 Deus,
2890 2798 2983 2867 qui
3004 2795 3146 2853 hunc
3162 2794 3307 2855 diem
3335 2798 3497 2855 hono-

1910 2893 2136 2950 rabilem
2164 2894 2319 2950 nobis
2362 2893 2415 2948 in
2445 2892 2588 2949 beati
2613 2890 2873 2947 Johannis
2923 2886 3175 2962 Baptistae
3217 2890 3497 2948 nativitatis

1906 2988 2086 3045 fecisti
2113 2990 2397 3059 insignem,
2422 3000 2750 3059 quaesumus,
2786 2995 2843 3042 ut
2878 2988 3000 3043 tuus
3023 2986 3332 3044 Prascursor
3369 2989 3497 3058 (quo

1910 3080 2074 3154 272
2101 3082 2238 3137 inter
2270 3084 2424 3137 nato;
2450 3082 2731 3139 mulierum
2756 3078 3006 3138 omnibus
3050 3081 3219 3153 major
3247 3096 3352 3136 non
3379 3096 3498 3137 sur-

1779 3181 1795 3247 Ῐ
1828 3178 1876 3247 C
1913 3176 2075 3247 rexit)
2111 3187 2350 3231 nostram
2386 3175 2724 3247 fragilitatem
2754 3174 2857 3232 tua:
2888 3170 3072 3247 pietati
3115 3172 3492 3244 commendet;

1904 3279 1963 3327 et
2008 3268 2149 3327 caris
2195 3270 2412 3339 nostris,
2445 3285 2675 3340 quorum
2733 3279 2858 3325 sunt
2884 3272 3101 3325 nomina
3152 3270 3395 3335 recitata,
3428 3264 3500 3325 ita

1913 3360 2253 3437 refrigerium
2279 3361 2495 3434 pietatis
2526 3363 2812 3435 impetret,
2860 3374 2917 3419 ut
2964 3362 3035 3420 ibi
3062 3363 3387 3434 recipiantur
3419 3356 3501 3423 vel

1903 3450 2124 3523 ultimi,
2180 3448 2270 3511 ‘ubi
2320 3471 2563 3512 summus
2614 3454 2889 3527 praeminet
2937 3456 2991 3515 in
3036 3471 3201 3529 regno
3244 3454 3499 3513 caelorum

1904 3548 2167 3618 BaptiSta.
2199 3548 2353 3617 Quod
2377 3550 2512 3619 ipse.

2451 3662 2687 3717 Collectis
2710 3663 2771 3714 ad
2793 3675 2982 3727 pacem

1900 3824 1901 3827 η
1978 3771 2120 3828 Deus
2148 3778 2178 3809 ι
2202 3770 2291 3840 qui
2321 3774 2644 3840 prai‘sentem
2672 3767 2817 3824 diem
2840 3765 3218 3823 bonorabilem
3250 3766 3408 3824 nobis
3436 3767 3493 3824 il

1910 3862 2053 3919 beati
2074 3860 2339 3919 Johannis
2366 3861 2643 3917 nativitate
2670 3858 2866 3925 fecisti,
2910 3859 2979 3915 da
3012 3858 3221 3929 populis
3248 3856 3357 3914 tuis
3384 3857 3496 3929 spi-

1912 3954 2149 4012 ritalium
2205 3954 2433 4023 gratiam
2476 3951 2812 4024 gaudiorum,
2868 3960 2925 4007 et
2976 3951 3217 4006 omnium
3263 3949 3500 4008 fidelium

1908 4057 2119 4107 mentes
2148 4046 2318 4118 dirigo
2345 4046 2399 4104 in
2423 4047 2562 4102 viam
2592 4045 2782 4101 salutis
2808 4051 2865 4101 et
2890 4043 3056 4115 pacis.
3092 4042 3212 4099 Per.

2568 4134 2856 4187 lmmolatio.

1984 4222 2125 4280 Vere
2145 4222 2367 4293 dignum
2409 4230 2622 4278 estnos
2675 4219 2769 4277 tibi
2817 4232 3034 4289 semper
3080 4217 3170 4273 hic
3208 4224 3265 4275 et
3303 4215 3503 4288 ubique

1909 4317 2112 4387 gratias
2166 4330 2350 4385 agere,
2394 4314 2619 4371 Domine
2668 4320 2873 4376 sancte,
2928 4309 3089 4367 Pater
3138 4310 3502 4381 omnipotens,

1912 4418 2121 4465 aeterne
2149 4408 2308 4464 Deus.
2343 4407 2443 4474 Qui
2485 4408 2538 4461 in
2578 4405 2818 4462 omnium
2861 4413 3169 4460 sanctorum
3209 4413 3505 4460 tuorumes

1914 4498 2207 4569 splendore
2231 4495 2524 4564 mirabilis;
2555 4498 2645 4567 qui
2694 4503 3014 4567 przesentem
3046 4494 3187 4549 diem
3219 4493 3507 4551 honorabi-

208 4564 445 4641 ctelestis
473 4586 660 4653 gloriae
715 4601 902 4642 amore
943 4592 1048 4642 tute
1096 4586 1310 4656 pietatis
1357 4586 1633 4643 accendis.
1679 4564 2025 4649 TuaeDlem
2074 4590 2313 4646 nobisin
2355 4590 2496 4645 beati
2543 4564 2804 4644 Johannis
2845 4585 3122 4642 nativitate
3168 4583 3379 4652 fecisti;
3427 4596 3506 4653 ut,

208 4691 443 4747 namque
473 4678 689 4734 virtutis
717 4686 801 4734 est
823 4678 1102 4748 prtemium
1129 4692 1289 4749 pinna
1312 4688 1644 4734 sanctorum.
1674 4677 1807 4735 Nam

210 4769 268 4826 in
317 4785 420 4841 qua
468 4770 856 4841 subiacuerunt
902 4772 1030 4826 saevi
1076 4771 1316 4827 membra
1363 4770 1664 4838 carniﬁcis,
1714 4770 1809 4827 tibi

216 4862 383 4919 servit
412 4872 710 4934 martyrum
742 4862 943 4918 eii’usus
974 4866 1211 4933 sanguis,
1246 4863 1338 4919 tibi
1370 4863 1700 4933 triumphum
1726 4876 1812 4918 re-

216 4964 391 5027 portat
419 4970 611 5013 manus
637 4963 857 5011 cruenta
893 4954 1130 5019 lictoris;
1164 4955 1363 5027 quique
1406 4954 1584 5025 gladio
1613 4955 1809 5013 volunv

215 5049 349 5105 taria
378 5049 511 5104 colla
542 5050 853 5120 subposuit,
880 5050 975 5108 tibi
1004 5051 1162 5117 vicit;
1192 5052 1391 5122 quique
1422 5051 1628 5122 ungulis
1660 5051 1809 5106 ﬂam-

198 5141 421 5213 misque
464 5140 770 5215 subiacuit,
808 5144 883 5199 tui
932 5143 1163 5214 palmam
1210 5144 1443 5200 nominis
1491 5144 1808 5215 reportavit.

218 5234 396 5295 Habes
424 5250 578 5307 ergo,
609 5235 864 5302 Domine,
898 5236 950 5291 in
996 5252 1102 5303 quo
1145 5237 1379 5304 exultes,
1408 5240 1812 5307 quotienscum-

215 5344 319 5401 que
358 5339 518 5385 tanta:
548 5331 763 5387 virtutis
792 5332 1111 5386 memoriam
1165 5328 1484 5396 recolitnus;
1518 5343 1617 5385 nec
1642 5330 1814 5386 inmo-

217 5421 320 5480 rito
365 5422 591 5495 singulis
638 5423 940 5493 quibusque
967 5420 1204 5477 caeleSIia
1249 5421 1387 5476 dona
1418 5414 1814 5492 disponis,'qui

217 5526 419 5574 tantum
452 5534 546 5588 per
588 5527 803 5574 sanctos
852 5515 972 5575 tutis
1017 5515 1252 5585 undique
1282 5530 1523 5572 amorem
1552 5513 1810 5583 adquirit.

220 5612 348 5680 Quis
388 5626 495 5668 non
548 5620 667 5683 post
698 5617 896 5669 tantam
944 5607 1157 5679 pietatis
1190 5617 1295 5663 tua:
1338 5604 1813 5677 magnificentiam,

292 5762 317 5792 ⁸
359 5753 485 5808 Haec
512 5750 773 5808 Collectio
802 5747 990 5803 eadem
1025 5745 1078 5800 in
1111 5743 1311 5799 Ordine
1358 5741 1712 5813 Gregoriano.

1922 4685 2112 4753 gratiae
2163 4694 2265 4737 tum
2315 4689 2571 4752 operante
2601 4679 2813 4745 virtute,
2846 4676 2938 4732 ille
2983 4677 3115 4748 (quo
3173 4676 3312 4733 inter
3355 4687 3509 4733 natos

1921 4774 2209 4830 mulierum
2260 4772 2438 4828 nullus
2488 4769 2683 4842 major)
2731 4769 3000 4831 oriretur;
3051 4766 3117 4821 da
3146 4768 3359 4837 populis
3404 4768 3509 4824 tuis

1926 4866 2286 4924 eruditionem
2319 4865 2636 4937 spiritalium
2668 4862 3002 4933 gaudiorum,
3030 4874 3086 4916 et
3111 4861 3350 4917 omnium
3382 4861 3511 4919 fide-

1934 4960 2066 5013 lium
2096 4966 2304 5012 mentes
2325 4957 2494 5028 dirige
2520 4956 2574 5011 in
2598 4954 2738 5011 viam
2770 4952 2960 5009 salutis
2980 4962 3037 5009 et
3057 4953 3234 5024 pacis;
3262 4962 3323 5008 ut
3349 4968 3508 5024 quem

1919 5048 2286 5106 matiifestavit
2336 5046 2639 5103 teatilicatio
2697 5044 2911 5113 nuntii,
2960 5044 3182 5114 impleat
3231 5048 3512 5115 prementia

1919 5144 2170 5211 nuntiati,
2203 5158 2295 5213 per
2327 5140 2597 5199 Christum
2626 5142 2907 5199 Dommum
2929 5147 3198 5199 nostrum.
3226 5140 3330 5196 Per
3355 5155 3513 5210 quem

1920 5244 2253 5315 Maiestatem
2282 5250 2447 5297 tuam.
2756 5316 2759 5317 ν

2016 5396 2021 5399 η
2433 5331 2726 5382 Benedictio
2752 5329 2781 5371 δ
2806 5330 2996 5395 populi.

1998 5418 2163 5485 Deus,
2192 5418 2280 5489 qui
2314 5431 2410 5487 per
2436 5414 2713 5471 Zachariae
2744 5415 3011 5486 loquelam
3036 5408 3391 5468 manifestasti
3422 5425 3515 5464 ua-

1918 5514 2178 5570 tivitatem
2219 5519 2393 5569 sancti
2436 5508 2718 5577 Johannis,
2755 5513 2794 5578 -ι-
2844 5515 3062 5577 praesta,
3111 5518 3437 5576 quesumus,
3462 5513 3518 5560 ut

1917 5606 2012 5679 qui
2034 5607 2276 5668 natalitia
2316 5604 2435 5677 ejus
2482 5584 2831 5661 devotissime
2855 5598 3105 5670 colimus,
3134 5597 3520 5656 intercessione

291 5821 321 5863 δ
357 5822 494 5882 Tres
520 5837 713 5880 cruces
745 5820 832 5875 hic
874 5820 1134 5875 denotant
1168 5816 1361 5872 trinam
1390 5809 1569 5887 populi
1601 5809 2053 5871 benedictionem.
