4048 6350
618 292 726 361 295

1386 305 1734 367 APPENDIX
1775 307 1865 367 AD
1905 302 2135 368 OPERA
2172 306 2415 367 SANC‘I‘I
2456 307 2772 367 GERMANI
2805 307 3263 372 PARISIENSIS.
3835 315 3914 378 Ἀθ

621 416 768 474 illius
795 414 1146 487 gaudeamus.
1171 415 1212 490 -Ῑ-
1239 415 1313 474 Ut
1340 421 1570 491 populus
1613 432 1756 492 tuus,
1788 425 1880 495 qui
1929 423 1995 478 ad
2024 423 2218 479 nativi—
2243 425 2300 487 Α
2324 423 2563 494 vestigiis
2591 422 2761 494 Caput
2803 426 3044 481 omnium
3093 437 3362 483 nostrum
3408 435 3647 485 secutus
3683 439 3764 488 est
3798 431 3912 493 Chri-

625 522 795 570 tatem
840 519 959 583 ejus
1013 523 1402 583 convenerunt,
1456 516 1732 572 salventur
1777 517 1988 573 meritis
2012 517 2218 587 perin-

625 613 932 661 terventum
963 606 1202 661 omnium
1247 616 1554 663 sanctorum
1586 619 1641 665 et
1688 610 2124 679 deprecationem
2155 611 2219 667 il-

621 696 728 754 lius
758 701 966 756 meritis
992 699 1330 772 adjuventur.
1378 702 1417 772 *ξ’
1471 704 1568 772 Da,
1607 704 1855 772 Domine,
1885 716 1943 761 ut
1996 707 2098 762 illis
2124 722 2221 763 an-

621 791 775 858 gelus
821 791 1036 850 Gabriel
1094 795 1234 866 (quo
1274 796 1559 854 Zacharias
1605 799 1858 870 loquente
1913 800 2217 874 obmutuit)

622 881 946 942 intercessor
989 886 1234 948 adsistat.
1272 897 1329 946 et
1353 890 1559 947 meritis
1591 887 1739 948 illius
1792 893 2113 963 adiuventur
2165 901 2221 950 et

623 977 884 1035 moribus.

835 1102 944 1158 LV.
979 1119 1129 1161 IISSA
1168 1119 1482 1163 SANCTORUI
1520 1123 1678 1163 Ps'rtu
1719 1123 1788 1163 er
1816 1121 1993 1162 PAULI.

693 1217 1043 1289 Omnipotens
1091 1231 1118 1260 ι
1149 1223 1480 1293 sempiterne
1533 1223 1698 1290 Deus,
1743 1224 1835 1294 qui
1885 1222 2026 1277 hunc
2072 1220 2216 1276 diem

621 1308 1053 1368 beatissimorum
1098 1317 1466 1386 apostolorum
1503 1316 1648 1372 Petri
1679 1326 1734 1371 et
1782 1315 1931 1370 Pauli
1961 1314 2216 1386 martyrio

625 1405 978 1472 consecrasti,
1011 1405 1077 1461 da
1138 1407 1396 1464 Ecclesia
1443 1417 1546 1464 tua
1603 1418 1713 1464 toto
1763 1417 2025 1464 terrarum
2084 1407 2217 1463 orbe

619 1493 851 1561 dilfusa,
894 1511 1084 1553 eorum
1143 1514 1357 1568 semper
1399 1500 1713 1570 magisterio
1756 1499 2065 1570 gubernari,
2120 1512 2215 1568 per

616 1599 752 1656 quos
803 1588 1032 1658 sumpsit
1081 1589 1356 1661 religionis
1409 1591 1714 1647 exordium.
1775 1590 1877 1647 Per
1925 1590 2208 1647 Dominum

616 1690 858 1737 nostrum
887 1679 1072 1738 Jesum
1100 1681 1373 1739 Christum
1407 1686 1600 1742 Filium
1643 1697 1814 1744 tuum.

1169 1773 1402 1827 Collectio
1425 1783 1671 1841 sequitur.

689 1856 917 1922 Exaudi,
949 1873 1277 1928 quaesumus,
1321 1861 1567 1928 Domine,
1616 1865 1873 1934 populum
1922 1874 2070 1920 tuum
2100 1879 2220 1920 cum

617 1957 931 2002 sanctorum
957 1952 1318 2019 apostolorum
1371 1961 1581 2009 tuorum
1615 1956 1756 2012 Petri
1781 1967 1834 2013 et
1866 1957 2013 2013 Pauli
2043 1968 2223 2026 patro-

620 2041 767 2098 cinio
795 2045 1221 2114 supplicantem;
1257 2049 1416 2120 273
1455 2059 1512 2105 ut
1533 2059 1624 2106 tuo
1647 2051 1848 2107 auxilio
1884 2053 2103 2118 servati,
2135 2067 2222 2108 se—

619 2145 745 2190 cura
777 2135 874 2190 tibi
907 2137 1074 2206 possit
1098 2137 1384 2194 devotione
1406 2142 1626 2196 servire.
1664 2143 1765 2199 Per
1794 2142 1997 2199 Jesum.

1116 2229 1353 2280 Collectio
1376 2239 1483 2293 post
1507 2235 1716 2284 nomina.

689 2309 1070 2379 Apostolorum
1095 2321 1329 2382 tuorum,
1364 2315 1607 2381 Domine,
1642 2319 1916 2374 beatorum
1976 2318 2119 2375 Petri
2167 2329 2223 2376 et

627 2398 778 2456 Pauli
806 2401 1107 2460 desiderata
1130 2407 1414 2464 sollemnia
1439 2426 1805 2476 recensemus,
1830 2421 2046 2482 prasta,
2071 2428 2222 2482 qua-

621 2505 833 2559 sumus,
864 2505 921 2550 ut
953 2496 1159 2553 honora
1186 2500 1359 2569 gloria
1390 2501 1676 2571 passionis,
1707 2503 1847 2558 sicut
1867 2503 1973 2558 illis
2016 2504 2224 2575 magni-

621 2582 896 2642 ficentiam
930 2590 1116 2644 tribuit
1148 2593 1556 2661 sempiternam,
1590 2593 1661 2648 ita
1685 2594 1838 2650 nobis
1863 2595 2072 2650 veniam
2115 2594 2222 2651 lar-

622 2677 798 2748 giatur
823 2690 1058 2750 optatam
1083 2701 1097 2750 ;
1122 2692 1175 2739 et
1202 2685 1420 2740 nomina
1461 2701 1647 2742 eorum
1691 2703 1810 2759 qua
1849 2691 2070 2746 recitata
2096 2698 2224 2746 sunt

617 2770 676 2828 in
707 2773 845 2830 libro
871 2777 996 2832 vita
1029 2791 1254 2836 censeas
1287 2780 1560 2850 deputari.
1609 2780 1713 2837 Per
1740 2797 1886 2852 eum,
1917 2782 2008 2853 qui
2040 2792 2218 2840 tecum

623 2864 768 2922 vivit.

1162 2944 1396 2996 Collectio
1419 2947 1476 2994 ad
1507 2959 1692 3008 pacem.

699 3019 842 3077 Deus
891 3025 1038 3093 pacis
1065 3027 1332 3095 conditor,
1368 3028 1510 3086 Deus
1560 3032 1797 3087 caritatis
1847 3031 2103 3101 iudultor,
2152 3033 2218 3088 da

626 3111 779 3168 nobis
796 3114 1037 3186 placidus
1061 3133 1244 3188 pacem
1270 3129 1439 3191 tuam,
1471 3131 1525 3178 et
1553 3132 1741 3192 praesta
1767 3133 1824 3179 ut
1847 3123 1975 3180 dum
1999 3135 2217 3182 sancto-

2329 526 2494 573 stum.
2527 517 2621 573 Cui
2650 518 2846 574 merito
2871 533 2982 575 om.

2361 611 2652 662 Benedictio
2678 612 2843 676 populi
2863 615 2912 663 in
2937 614 3098 665 natale
3121 614 3495 679 apostolorum
3517 614 3666 667 Petri
3688 623 3741 671 at
3757 617 3886 674 Pauli.

2395 698 2555 766 Deus,
2579 700 2669 769 qui
2691 700 2950 756 membris
2969 701 3250 768 Ecclesia,
3269 702 3750 774 velutgemellom
3765 706 3915 776 lumen,

2322 808 2434 864 quo
2463 804 2758 849 caveantur
2787 795 3046 864 tenebra,
3087 796 3271 852 fecisti
3306 797 3473 853 Petri
3505 801 3791 869 lacrymas,
3812 801 3916 857 Pauli

2323 885 2534 943 litteras
2591 901 2902 944 coruscare.
2971 889 3161 946 Amen.
3234 890 3412 946 Hanc
3474 891 3698 962 plebem
3747 894 3914 962 placitus

2324 981 2533 1052 inspice
2558 995 2573 1034 :
2599 983 2690 1053 qui
2716 983 2878 1040 cales
2901 983 3031 1039 facis
3053 985 3270 1054 aperire
3294 984 3482 1040 Petro
3512 985 3568 1039 in
3601 987 3772 1053 clave,
3800 987 3916 1042 Paulo

2321 1073 2378 1130 in
2410 1073 2682 1145 dogmate.
2716 1076 2910 1132 Amen.
2965 1077 3128 1149 274
3163 1079 3238 1135 Ut
3273 1079 3697 1148 praviantibus
3746 1081 3913 1139 ducibus

2327 1164 2439 1222 illic
2467 1182 2602 1238 grex
2645 1168 2817 1237 possit
2865 1170 3143 1237 accedere,
3175 1187 3295 1243 quo
3330 1184 3727 1244 pervenerunt
3760 1178 3914 1245 pariter

2320 1268 2429 1315 tam
2461 1261 2552 1316 ille
2584 1261 2775 1316 Pastor
2825 1264 3143 1333 suspendio,
3196 1281 3378 1336 quam
3445 1269 3557 1324 iste
3613 1270 3804 1324 doctori
3841 1285 3906 1338 per

2324 1352 2562 1423 gladium
2593 1352 2647 1407 in
2675 1368 2988 1425 congresso.
3027 1357 3128 1413 Per
3153 1357 3472 1415 Dominum
3509 1371 3777 1418 nostrum.

2320 1443 2454 1500 LVI.
2488 1459 2657 1500 suisst
2692 1460 2744 1500 IN
2774 1462 2983 1501 Nnth
3007 1445 3036 1486 δ
3065 1463 3221 1506 υηῐυε
3251 1465 3543 1508 Αροετοιι
3573 1468 3644 1508 ετ
3674 1469 3906 1510 limuls.

2395 1535 2620 1592 Domie
2650 1537 2813 1605 Deus,
2840 1539 3082 1594 omnium
3127 1539 3480 1597 Sanctorum
3509 1543 3768 1614 splendor
3791 1545 3910 1600 mira-

2325 1626 2471 1692 bilis,
2507 1627 2598 1697 qui
2623 1626 2767 1683 hunc
2788 1627 2933 1683 diem
2977 1630 3120 1685 beati
3169 1633 3425 1700 apostoli
3464 1633 3545 1688 tui
3576 1633 3657 1689 ill.
3706 1636 3908 1706 martyrio

2332 1723 2639 1778 eonsecrasi
2665 1765 2680 1788 ,
2709 1722 2776 1778 da
2809 1723 3066 1779 Ecclesia
3103 1735 3209 1780 tua
3235 1727 3426 1797 digne
3457 1729 3530 1783 de
3554 1737 3707 1784 tanto
3732 1729 3908 1799 gaudere

2251 1818 2605 1893 Bapostolo,
2641 1826 2698 1872 ut
2723 1829 2852 1889 aput
2899 1821 3341 1877 misericordiam
3394 1835 3591 1892 tuam,
3639 1834 3692 1881 et
3718 1828 3906 1897 exemplo

2328 1911 2446 1980 ejus
2473 1913 2745 1981 juvemur,
2777 1922 2832 1968 et
2858 1913 3087 1969 meritis.
3118 1915 3220 1972 Per
3250 1915 3571 1974 Dominum
3600 1927 3825 1975 nostrum
3846 1919 3906 1974 Fi-

2324 2005 2456 2058 lium
2489 2012 2661 2059 tuum.

2873 2075 3109 2130 Collectio
3133 2082 3400 2143 sequitur.

2396 2157 2730 2228 Maiestatem
2762 2167 2926 2227 tuam,
2965 2163 3215 2231 Domine,
3249 2168 3602 2238 suppliciter
3627 2183 3896 2228 exoramus:

2324 2260 2386 2308 ut
2415 2253 2555 2308 sicut
2587 2253 2848 2309 Ecclesia
2879 2266 2984 2312 tua
3029 2258 3218 2314 beatus
3261 2259 3350 2315 ill.
3385 2263 3676 2332 apostolus
3705 2263 3899 2333 pradica-

2327 2353 2415 2401 tor
2430 2353 2485 2400 et
2512 2345 2702 2402 doctor
2726 2346 2953 2414 exstitit,
2979 2349 3049 2404 ita
3080 2352 3148 2406 sit
3171 2367 3273 2423 pro
3300 2354 3475 2409 nobis
3518 2368 3798 2427 perpetuus
3819 2353 3897 2410 sul-

2322 2434 2578 2510 Iragator.
2623 2438 2725 2494 Per
2766 2438 3052 2498 Dominum
3089 2453 3344 2501 nostrum
3377 2447 3600 2502 Jesum.

2819 2534 3054 2587 Collectio
3080 2543 3188 2598 post
3215 2543 3453 2591 nomina.

2403 2614 2662 2675 Latilicet
2696 2637 2816 2687 nos,
2848 2637 3192 2692 quaesumus,
3238 2624 3510 2693 Domine,
3564 2641 3749 2681 munus
3789 2623 3893 2677 obla-

2335 2713 2480 2775 tum;
2516 2719 2573 2764 ut
2601 2713 2740 2768 sicut
2769 2715 2820 2768 in
2847 2715 3090 2785 apostolo
3120 2723 3214 2770 tuo
3260 2725 3320 2772 te
3351 2717 3669 2773 mirabilem
3696 2715 3894 2788 pradica-

2328 2814 2472 2867 mus,
2497 2803 2577 2857 sic
2605 2821 2699 2872 per
2721 2806 2869 2862 illum
2902 2822 3307 2878 praesumamus
3355 2811 3709 2882 indulgentia
3734 2808 3890 2878 largita-

2330 2899 2459 2947 tem.
2498 2893 2701 2950 Prtesla
2741 2899 2895 2953 nobis
2952 2899 3069 2969 ejus
3119 2900 3442 2957 desiderata
3499 2902 3828 2963 commercia;
3859 2907 3892 2951 ul

2341 2986 2496 3056 cujus
2558 3000 2869 3061 perpetuam
2920 2992 3235 3064 dignitatem
3291 3008 3649 3054 sacrosancto
3692 2991 3888 3067 mysmi:

2325 3078 2732 3151 frequentamus
2785 3101 2840 3140 tn
2866 3087 3051 3154 terris,
3080 3097 3136 3143 et
3168 3091 3472 3158 praesentia
3518 3090 3672 3146 nobis
3711 3084 3889 3144 subsidia

621 3216 742 3260 rum
775 3175 984 3263 tuorum
1017 3175 1382 3278 apostolorum
1426 3175 1573 3268 Petri
1607 3222 1661 3270 et
1712 3214 1862 3270 Pauli
1902 3214 2038 3272 festa
2076 3217 2220 3274 eele-
2245 3221 2292 3284 C
2326 3175 2560 3242 pomum
2590 3187 2644 3231 ει
2669 3185 2893 3234 merum
2927 3179 3030 3284 PE?
3057 3179 3352 3284 9°???“
3387 3194 3660 3240 nosuum'

621 3294 860 3365 bramus,
895 3315 990 3370 per
1010 3317 1194 3358 eorum
1224 3304 1670 3363 intercessionem
1703 3307 1852 3376 pacis
1873 3309 2218 3365 securitatem

623 3403 745 3446 cum
770 3405 1111 3462 peccatorum
1137 3396 1290 3452 venia
1309 3398 1570 3470 consequi
1599 3413 1927 3457 mereamur.
1960 3400 2063 3457 Per
2113 3400 2221 3459 Do-

620 3484 824 3542 minum
856 3496 1100 3544 nostrum
1123 3487 1327 3545 Jesum.

1167 3577 1436 3630 Immolatio
1456 3580 1638 3632 missa.

697 3657 834 3715 Vere
855 3661 1072 3730 dignum
1094 3669 1150 3718 et
1173 3662 1376 3732 justum
1416 3671 1500 3718 est
1526 3677 1626 3719 uos
1657 3663 1752 3719 tibi
1782 3677 1996 3734 semper
2019 3673 2076 3722 et
2103 3664 2218 3722 ubi-

622 3766 726 3823 que
756 3754 956 3822 gratias
971 3768 1151 3825 agere,
1176 3755 1403 3812 Domine
1428 3765 1635 3824 sancte,
1663 3755 1822 3814 Pater
1844 3759 2210 3831 omnipotens,

621 3850 821 3899 teterne
849 3843 990 3902 Deus
1017 3863 1029 3900 :
1062 3847 1330 3917 praecipue
1359 3848 1520 3905 hodie
1568 3850 1620 3904 in
1649 3849 1910 3906 honorem
1962 3851 2215 3909 beatissi-

625 3947 840 3989 morum
885 3937 1250 4006 apostolorum
1295 3949 1350 3995 et
1397 3951 1694 4011 martyrum
1720 3953 1935 3999 tuorum
1969 3944 2112 4001 Petri
2162 3956 2218 4004 et

624 4025 816 4085 Pauli:
863 4044 996 4099 quos
1035 4031 1106 4085 ita
1144 4033 1338 4089 electio
1368 4040 1459 4089 tua
1490 4034 1584 4090 tibi
1631 4049 1950 4092 consecrare
1999 4037 2216 4110 dignata

622 4129 724 4188 est,
749 4131 804 4175 ut
826 4121 966 4176 beati
997 4123 1140 4180 Petri
1171 4125 1481 4181 sacularem
1509 4127 1748 4197 piscandi
1777 4137 1946 4185 artem
1977 4132 2030 4186 in
2082 4131 2218 4188 divi-

622 4225 750 4266 num
781 4210 973 4282 dogma
1025 4223 1390 4283 converteret,
1421 4227 1686 4287 quatenus
1714 4219 2007 4276 humanum
2047 4237 2219 4294 genus

623 4303 694 4360 de
725 4303 992 4374 profundo
1023 4305 1181 4362 istius
1209 4309 1396 4364 mundi
1423 4322 1816 4383 praceptorum
1847 4322 2057 4371 tuorum
2087 4316 2218 4372 reti-

627 4401 729 4458 bus
755 4402 1036 4459 Iiberares.
1068 4403 1203 4459 Nam
1242 4408 1554 4476 coapostolo
1602 4407 1718 4480 ejus
1773 4409 1942 4467 Paulo
1983 4423 2215 4469 mentem

627 4507 749 4548 eum
771 4496 986 4550 nomine
1015 4467 1394 4565 comtnutasti;
1429 4509 1480 4554 et
1532 4467 1691 4570 quem
1732 4503 1881 4572 prius
1911 4514 2217 4573 perseeuto-
2315 4470 2529 4538 legatis
2558 4480 2662 4573 17³³³
2689 4483 2808 4528 vom
2841 4485 3031 4573 Ῥέη
3051 4476 3329 4573 suseipiah
3359 4478 3428 4534 Et
3456 4479 3526 4533 ita
3557 4490 3602 4530 θ’
3633 4471 3773 4573 0PM

622 4596 738 4639 rem
761 4585 1030 4642 metuebat
1058 4588 1320 4655 Ecclesia,
1354 4605 1494 4646 nunc
1524 4592 1816 4649 caelestium
1845 4597 2215 4654 mandatorum
2244 4623 2298 4683 Β

623 4673 834 4731 laetatur
876 4693 934 4734 se
984 4678 1188 4737 habere
1235 4679 1532 4736 doctorem.
1567 4681 1762 4739 Paulus
1792 4695 2024 4741 cacatus
2049 4697 2132 4743 est
2157 4697 2216 4743 ut

623 4768 855 4839 videret,
919 4771 1111 4828 Petrus
1164 4775 1381 4844 negavit
1420 4783 1479 4829 ut
1526 4777 1789 4832 crederet.
1849 4778 1981 4834 Huic
2034 4779 2216 4836 claves

621 4864 1081 4935 calestisimperii
1117 4866 1408 4936 tradidisti,
1463 4867 1542 4922 illi
1574 4868 1642 4922 ad
1685 4870 1986 4925 evocandas
2031 4880 2216 4941 gentes

622 4960 816 5017 divina
838 4961 971 5033 legis
995 4962 1274 5018 scientiam
1323 4963 1614 5018 contulisti.
1648 4963 1781 5020 Nam
1832 4964 1922 5020 ille
1970 4964 2216 5021 introdu-

623 5051 718 5118 cit,
751 5051 837 5107 hic
871 5052 1065 5121 aperit.
1107 5054 1281 5109 Ambo
1312 5053 1470 5124 igitur
1512 5055 1721 5110 virtutis
1751 5065 1966 5112 aeterna
1997 5058 2216 5127 praemia

625 5151 754 5199 sunt
786 5143 988 5214 adepti.
1036 5144 1188 5200 Hune
1241 5145 1460 5202 dextera
1495 5155 1584 5202 tua
1624 5147 1956 5218 gradientem
2010 5148 2065 5203 in
2106 5150 2212 5204 ele-

628 5243 811 5291 mento
864 5235 1089 5306 liquido,
1119 5251 1187 5292 ne
1217 5249 1568 5309 mergeretur,
1603 5241 1775 5295 erexit
1801 5259 1814 5306 ;
1862 5241 2009 5296 illum
2040 5249 2220 5297 autem

630 5329 792 5384 tertio
848 5328 1253 5399 naulragantem
1314 5331 1575 5401 profunda
1642 5333 1814 5403 pelagi
1868 5332 1996 5389 fecit
2048 5333 2221 5389 vitare

628 5418 962 5476 discrimina.
996 5421 1092 5476 Hic
1124 5431 1305 5491 portas
1334 5424 1550 5489 inferni,
1599 5425 1688 5482 ille
1717 5425 1904 5481 mortis
1929 5426 2057 5481 vicit
2097 5441 2224 5482 acu-

625 5507 1011 5570 leum.Paulus
1038 5516 1211 5586 capite
1258 5517 1528 5587 plectitur,
1583 5519 1707 5589 quia
1759 5519 2006 5588 gentibus
2059 5529 2222 5592 caput

622 5599 752 5658 ﬁdei
780 5607 1191 5676 comprobatur;
1230 5608 1418 5666 Petrus
1449 5619 1627 5666 autem
1661 5611 1949 5681 pramissis
1984 5613 2037 5670 in
2060 5627 2220 5671 cruce

702 5796 728 5859 ξι
767 5784 958 5859 Afﬁnis
984 5798 1068 5843 est
1097 5789 1213 5844 hac
1229 5791 1400 5844 oratio
1428 5788 1794 5859 Gregoriana.

2968 3270 3294 3325 Contestatio.

2398 3349 2540 3406 Vere
2569 3349 2784 3421 dignum
2812 3363 2864 3409 et
2890 3352 3092 3423 justum
3114 3365 3197 3412 est.
3227 3366 3280 3412 te
3325 3357 3577 3423 laudare,
3606 3356 3883 3423 omnipotens

2325 3439 2489 3505 Deus,
2525 3445 2792 3514 praecipue
2819 3445 2871 3499 in
2903 3447 3040 3500 beati
3072 3448 3310 3517 apostoli
3337 3450 3416 3504 tui
3441 3449 3519 3504 ill.
3548 3445 3826 3506 Iestivitate,
3850 3440 3883 3494 in

2323 3548 2426 3604 qua
2451 3535 2717 3605 gloriosus
2741 3538 2855 3606 ejus
2903 3539 3124 3612 sanguis
3152 3557 3250 3611 pro
3301 3543 3530 3598 Christo
3577 3541 3760 3597 effusus
3805 3543 3877 3588 est.

2323 3626 2492 3698 Cujus
2530 3630 2852 3686 venerabilis
2879 3646 3070 3688 annua
3123 3636 3466 3692 recursionis
3525 3629 3826 3690 sollemnitas
3847 3631 3881 3678 el

2323 3732 2587 3792 perpetua
2615 3739 2850 3795 semper,
2881 3734 2937 3782 et
2958 3742 3095 3783 nova
3137 3739 3256 3796 est;
3312 3730 3444 3800 quia
3477 3738 3532 3783 et
3557 3729 3609 3784 in
3648 3726 3879 3790 conspecw

2323 3820 2430 3869 tua
2452 3813 2745 3885 Majestatis
2773 3827 3053 3888 permanet
3081 3835 3228 3876 mors
3258 3830 3482 3878 tuorum
3508 3821 3727 3890 pretiosa
3752 3815 3878 3883 justo-

2325 3921 2482 3974 rum;
2531 3919 2587 3964 et
2613 3920 2984 3971 restaurantur
3019 3914 3356 3970 incrementa
3405 3915 3624 3979 latitia,
3655 3924 3760 3967 cum
3793 3901 3877 3960 lei-

2322 4000 2504 4058 citatis
2531 4014 2752 4060 aterna
2780 4007 3094 4062 recoluntur
3119 4007 3364 4064 exordia.
3399 4008 3678 4079 Supplices
3697 4013 3742 4057 te
3762 4007 3874 4066 roga-

2323 4111 2464 4162 mus,
2491 4101 2832 4168 omnipotens
2890 4102 3066 4170 Deus,
3125 4111 3184 4157 ut
3233 4105 3396 4160 nobis
3451 4105 3650 4158 donare
3685 4089 3868 4164 digneris

2322 4189 2622 4260 apostolum
2655 4202 2800 4249 tuum
2833 4193 2908 4248 ill.
2953 4210 3050 4266 pro
3096 4199 3333 4268 peccatis
3373 4197 3576 4254 nostris
3606 4194 3868 4248 intercesso-

2325 4298 2462 4350 rem,
2497 4287 2908 4344 necessitatibus
2957 4298 3273 4359 patronum;
3323 4300 3384 4347 ut
3429 4291 3521 4362 qui
3571 4302 3660 4360 pro
3699 4279 3869 4337 γετίιθίε

2323 4391 2538 4432 sacrum
2587 4382 2901 4450 sanguinem
2932 4381 3087 4452 fudit,
3117 4385 3234 4454 ipse
3265 4395 3395 4441 ante
3424 4389 3749 4453 conspectum
3788 4369 3866 4472 II“

3778 4472 3858 4516 IIIO'

2321 4573 2439 4615 rum
2468 4572 2773 4620 nostrorum
2805 4566 3145 4625 olliciositate
3198 4571 3527 4641 placeamus,
3561 4576 3615 4622 ut
3639 4563 3748 4620 dum
3787 4563 3856 4608 005

2322 4652 2372 4708 ei
2401 4657 2766 4726 supplicamus
2793 4661 2844 4716 in
2876 4664 3056 4728 terris,
3087 4663 3177 4721 ille
3206 4681 3306 4722 nos
3335 4662 3700 4723 commendare
3717 4652 3856 4721 dlﬂne'

2324 4756 2412 4803 tur
2442 4750 2494 4805 in
2515 4753 2662 4809 caelis
2689 4753 2918 4812 Domino
2937 4756 3067 4814 Jesu
3089 4760 3327 4817 Christo.
3354 4759 3453 4816 Cui
3503 4754 3684 4814 merito
3708 4751 3851 4804 omnes

2323 4842 2501 4911 angeL

2324 4951 2481 5012 LVII.
2515 4971 2666 5016 IISSA
2713 4975 2764 5015 IN
2806 4977 2932 5017 IlEN
2974 4979 3238 5021 PASSIONIS
3276 4980 3462 5022 amart
3503 4968 3732 5019 tantum
3759 4959 3850 5005 ω’

2823 5050 2994 5090 τιετε
3040 5052 3107 5091 ΕΤ
3138 5053 3418 5093 IARTYRIS.

2406 5140 2569 5213 275
2597 5141 2762 5198 Deum
2797 5141 3033 5213 Patrem,
3058 5158 3112 5202 et
3141 5148 3358 5216 Filium,
3398 5157 3452 5204 et
3495 5143 3727 5215 Spiritum
3758 5139 3852 5185 ειη-

2331 5239 2477 5288 ctum
2505 5235 2690 5290 humili
2721 5239 3060 5296 confessione
3080 5252 3133 5297 et
3156 5243 3380 5313 supplici
3412 5237 3692 5297 devotione,
3709 5225 3851 5280 Ῑτδιΐεί

2330 5323 2617 5392 carissimi,
2650 5329 2952 5386 unianimes
2981 5333 3357 5400 Obsecremus;
3388 5344 3444 5388 ut
3491 5344 3584 5386 nos
3627 5319 3849 5414 hodie-vf

2331 5413 2567 5471 ticinata
2598 5417 2778 5487 Vocis,
2813 5422 2973 5480 Verbi
3025 5425 3401 5492 Pracursoris,
3456 5426 3620 5493 legum
3671 5406 3848 5502 Limilify

2330 5507 2593 5567 Lucerna
2615 5513 2862 5580 lucentis,
2897 5522 3065 5574 sancti
3098 5525 3345 5594 martyris
3379 5518 3615 5588 Baptista
3642 5503 3844 5596 Joltantlls

2329 5605 2636 5674 passionem
2665 5608 3085 5682 celebrantibus,
3135 5614 3375 5684 ejusdem
3424 5597 3842 5666 intercessiouettr

698 5855 728 5897 δ
769 5857 928 5916 Deest
951 5858 1065 5915 hac
1081 5861 1244 5916 missa
1262 5855 1627 5919 communisiu
1646 5862 1984 5922 Lectionario
2003 5872 2211 5935 nostro,
2252 5865 2309 5927 in
2331 5880 2436 5935 quo
2461 5866 2664 5925 nullum
2695 5879 2778 5927 est
2828 5869 3127 5929 Commune
3159 5871 3538 5942 Apostolorum-
