4048 6350
236 275 353 336 297

232 502 453 545 sacrum
501 492 812 563 sanguinem
843 494 998 564 fudit,
1034 512 1131 566 pro
1162 497 1318 554 nobis
1349 496 1416 553 ad
1448 495 1614 553 Deum
1639 508 1829 565 preces

228 579 470 642 fundere
498 584 765 657 dignetur.
798 586 901 644 Per
927 589 1209 645 Dominum
1234 607 1289 647 n.

797 682 1032 736 Collectio
1059 686 1299 750 sequitur.
1394 676 1401 688 ⁸

308 759 367 818 1n
397 766 657 822 honorem
710 765 1006 824 beatissimi
1052 760 1304 841 martyris
1349 770 1426 825 tui
1454 769 1709 840 Baptistae
1738 766 1831 822 Jo-

232 853 456 924 hannis,
479 857 634 927 cujus
664 858 825 915 hodie
855 861 1159 930 passionem
1196 862 1552 925 celebramus,
1606 860 1690 915 his
1718 858 1829 914 Ma-

230 947 416 1019 iestati
446 958 572 1017 tute,
619 953 959 1022 omnipotens
1013 956 1172 1021 Deus,
1220 954 1468 1010 laudibus
1506 953 1828 1018 servientes,

230 1040 518 1098 sollemnia
542 1043 679 1099 festa
704 1046 1064 1115 concinimus,
1110 1050 1425 1120 suppliciter
1452 1048 1827 1118 deprecantes,

230 1132 470 1204 utcujus
508 1137 713 1193 meritis
742 1139 1109 1211 obsequimur,
1137 1141 1277 1214 ejus,
1304 1152 1356 1199 te
1397 1142 1665 1211 donante,
1702 1148 1832 1212 aput

222 1228 578 1288 clementiam
611 1242 755 1291 tuam
787 1238 1033 1307 precibus
1063 1240 1403 1311 adjuvemur.
1426 1239 1549 1296 Per.

864 1335 982 1386 Post
1000 1339 1210 1387 nomina.

305 1410 522 1468 Munera
553 1417 730 1484 populi
757 1418 854 1484 tui,
885 1420 1229 1490 omnipotens
1274 1420 1433 1487 Deus,
1484 1433 1605 1488 quae
1634 1416 1730 1473 tibi
1745 1416 1830 1498 .in

230 1500 341 1557 hac
370 1504 663 1561 beatissimi
687 1508 935 1581 Martyris
979 1514 1051 1566 tui
1080 1512 1333 1580 Baptistae
1376 1510 1635 1566 Johannis
1681 1509 1831 1565 festi-

232 1595 410 1653 vitate
437 1597 748 1671 deferimus,
776 1618 1105 1673 quaesumus,
1138 1605 1458 1676 propitiatus
1488 1601 1736 1669 intende;
1774 1611 1830 1657 ut

237 1687 464 1757 perfecti
523 1690 681 1763 hujus
754 1696 1001 1752 sacriﬁcii
1057 1698 1484 1753 sanctiﬁcatione
1556 1696 1767 1767 purgati
1809 1734 1827 1759 ,

1266 283 1354 343 DE
1392 279 1722 343 LITURGIA
1761 274 2151 337 GALLICANA
2194 274 2393 335 LIBER
2430 273 2518 334 ιιι.

233 392 489 463 Inminet,
517 393 788 466 defendat,
807 406 863 456 et
889 400 1229 468 sanctiﬁcat;
1264 410 1321 457 ut
1349 401 1440 471 qui
1459 414 1568 469 .pro
1596 397 1822 453 veritate
1849 396 1903 455 Α

3411 268 3529 329 298;

2462 388 2700 441 Collectio
2721 378 2783 440 ad
2809 398 3000 451 pacem.

2003 476 2217 545 Accipe,
2270 488 2594 545 quaesumus,
2643 472 2906 539 Domine,
2959 487 3184 530 munera
3234 474 3521 543 dignanter

1930 567 2137 631 oblata,
2170 574 2225 621 et
2250 565 2390 621 beati
2415 564 2551 621 Sixti
2578 564 2816 634 episcopi
2844 572 2898 619 et
2937 565 3190 636 martyris
3220 564 3522 637 suifragan-

1931 658 2074 713 tibus
2098 658 2323 725 meritis,
2355 658 2423 713 ad
2481 668 2678 713 nostra:
2729 656 2921 712 salutis
2950 667 3295 728 augmentum
3327 673 3519 729 prove-

1931 751 2049 808 nire
2078 751 2345 817 concede;
2394 758 2449 806 et
2495 750 2661 816 illam,
2704 766 2823 820 quae
2877 751 2932 804 in
2980 765 3045 805 eo
3079 749 3322 820 Ilagravit
3366 750 3521 809 fortis

1932 844 2167 909 dilectio,
2190 845 2243 898 in
2275 843 2430 900 nobis
2470 843 2684 912 adspira
2731 844 3013 913 benignus.
3046 844 3148 900 Per
3170 858 3292 900 eum
3317 861 3374 917 q.

2495 934 2767 987 lmmolatio
2790 937 2965 986 missae.

2004 1022 2144 1079 Vere
2168 1022 2385 1093 dignum
2412 1032 2467 1078 et
2484 1022 2686 1093 justum
2707 1034 2812 1093 est,
2835 1037 3047 1095 aequum
3070 1033 3125 1079 et
3150 1024 3387 1080 salutare
3414 1033 3522 1091 est,

1934 1119 2028 1175 tibi
2059 1118 2298 1175 assiduas
2341 1119 2527 1175 laudes
2576 1135 2790 1186 canere,
2840 1120 3065 1175 Domine
3110 1128 3317 1187 sancte,
3365 1119 3525 1177 Pater

1932 1213 2297 1282 omnipotens,
2330 1223 2531 1269 aeterne
2560 1213 2722 1279 Deus,
2780 1226 2877 1282 per
2921 1209 3192 1267 Christum
3226 1212 3526 1267 Dominum

1933 1315 2198 1359 nostrum.
2222 1305 2321 1371 Qui
2371 1320 2466 1374 per
2511 1304 2799 1360 adventum
2830 1319 2990 1361 suurn
3039 1303 3323 1359 credentes
3353 1303 3406 1359 in
3459 1316 3524 1360 se

1934 1396 2181 1452 homines
2209 1397 2276 1451 ad
2307 1398 2539 1452 cmlestia
2582 1410 2746 1468 regna
2796 1397 3025 1452 transire
3054 1396 3343 1466 permisit:
3392 1409 3526 1465 quo-

1933 1488 2078 1544 niam
2118 1489 2193 1544 hii
2220 1490 2307 1561 qui
2333 1504 2390 1544 se
2421 1498 2528 1545 tua:
2560 1497 2724 1545 testes
2751 1488 2983 1545 oﬁ‘erunt
3021 1489 3285 1553 veritatis,
3340 1487 3526 1544 inimi-

1933 1597 2076 1649 cum,
2101 1583 2227 1638 dum
2257 1584 2592 1648 occiduntur,
2632 1583 2905 1641 occidunt.
2948 1583 3027 1639 Ex
3058 1583 3251 1654 quibus
3276 1591 3362 1641 est
3394 1597 3518 1638 san-

1935 1689 2052 1733 ctus
2077 1692 2139 1733 ac
2164 1678 2483 1733 venerabilis
2509 1678 2693 1734 Sixtus
2742 1685 2967 1749 martyr,
3012 1675 3164 1747 cujus
3208 1675 3367 1731 hodie
3418 1675 3529 1730 sol-

232 1789 543 1838 nostrorum
570 1800 600 1840 ει
632 1793 685 1843 ιε
726 1803 1035 1847 mereamur
1062 1792 1321 1863 consequi
1346 1793 1563 1851 veniam
1604 1791 1828 1850 delicto.
1859 1800 1908 1861 Β
1936 1771 2190 1828 lemnitas
2212 1773 2516 1829 celebratur
2544 1788 2558 1826 :
2589 1771 2682 1843 qui
2704 1771 2834 1827 dum
2861 1770 3170 1840 apostolica
3190 1768 3335 1826 sedis
3363 1782 3528 1863 exce-

230 1884 377 1928 rum.
402 1871 523 1931 Per.

780 1970 1015 2024 Collectio
1036 1974 1098 2024 ad
1118 1987 1310 2037 pacem.

305 2044 549 2119 Suscipe,
578 2065 906 2122 quaesumus,
961 2057 1220 2125 Domine,
1265 2074 1456 2130 preces
1498 2069 1732 2126 nostras,
1777 2068 1833 2116 et

238 2136 631 2199 intercessione
660 2150 913 2219 martyris
963 2151 1036 2206 tui
1080 2151 1336 2222 Baptistae
1366 2153 1646 2222 Johannis,
1671 2169 1830 2224 quem

237 2227 296 2284 in
320 2240 412 2287 tuo
443 2230 648 2292 honore
677 2252 1028 2310 veneramur,
1083 2245 1336 2301 Ecclesiae
1384 2254 1488 2302 tuae
1532 2257 1657 2302 vota
1699 2261 1832 2303 con-

234 2320 431 2377 ﬁrma:
462 2325 554 2395 qui
582 2329 742 2383 etiam
770 2329 962 2400 dignus
1006 2342 1088 2388 est
1137 2334 1353 2391 habitus
1401 2344 1463 2391 ut
1491 2337 1539 2392 ei
1574 2345 1625 2392 te
1655 2337 1830 2406 bapti-

239 2413 492 2481 zandum,
524 2420 707 2475 mundi
731 2419 998 2491 Salvator,
1025 2425 1268 2483 offerres.
1323 2428 1549 2499 Dignum
1572 2438 1655 2485 est
1684 2429 1829 2486 enim

237 2506 342 2563 hoc
393 2513 613 2581 mereri,
663 2524 722 2570 ut
775 2532 964 2575 omnes
1009 2533 1108 2575 nos
1151 2521 1488 2592 baptismatis
1532 2524 1605 2578 tui
1657 2524 1832 2595 gratia

237 2613 582 2673 consecutos,
614 2609 929 2668 meritorum
982 2628 1203 2671 suorum
1252 2616 1660 2686 intercessione,
1703 2631 1835 2675 con-

234 2694 390 2754 ciliet
416 2697 663 2757 Salvator
689 2705 895 2760 mundi.

793 2793 1066 2848 Immolatio
1089 2802 1274 2851 missae.

310 2870 538 2944 Dignum
561 2886 615 2931 et
641 2878 840 2948 justum
877 2892 980 2947 est,
1014 2899 1226 2955 aequum
1249 2892 1304 2941 et
1331 2885 1571 2944 salutare
1599 2894 1705 2953 est,
1735 2898 1835 2942 nos

235 2961 334 3017 tibi
362 2979 578 3035 semper
602 2983 763 3038 agere
790 2973 1009 3043 gratias,
1054 2977 1395 3045 omnipotens
1423 2986 1478 3033 et
1522 2976 1836 3035 misericors

236 3050 405 3119 Deus,
453 3054 597 3112 inter
646 3057 744 3115 has
805 3074 1267 3122 sacramentorum
1323 3068 1531 3138 epulas,
1584 3069 1837 3140 martyris

1934 1865 2102 1935 pisset
2151 1865 2379 1937 insignia
2410 1907 2427 1933 ,
2481 1873 2538 1920 et
2599 1880 2661 1920 se
2707 1864 2940 1934 primum
3008 1878 3130 1920 esse
3192 1861 3531 1933 conspiceret

1929 1955 2290 2023 sacerdotum,
2314 1956 2651 2012 occasionem
2670 1956 2921 2012 salutaris
2940 1954 3205 2026 passionis
3223 1954 3529 2024 excipiens,

1932 2065 2038 2107 non
2071 2059 2276 2105 tantum
2303 2050 2581 2106 saecularis
2618 2050 2767 2107 exuit
2812 2050 3004 2107 sordes
3031 2049 3292 2120 contagii,
3339 2064 3529 2106 verum

1932 2140 2094 2196 etiam
2124 2142 2430 2209 exemplum
2473 2139 2572 2195 fuit
2595 2141 2811 2196 ceteris.
2845 2140 2976 2195 Nam
3006 2154 3133 2196 mox
3157 2155 3285 2196 suus
3312 2154 3531 2210 quoque

1933 2232 2179 2312 minister
2225 2233 2456 2288 eximius
2508 2233 2835 2288 venerabilis
2881 2232 3224 2298 Laurentius,
3285 2232 3527 2287 victoria:

1934 2328 2166 2397 palmam
2197 2327 2454 2392 imitatus,
2514 2328 2721 2395 accepit
2769 2334 3146 2382 ornamentum
3185 2339 3293 2395 quo
3343 2323 3530 2381 debuit

1934 2434 2150 2489 poenam
2170 2418 2369 2484 subire,
2397 2427 2454 2473 ut
2472 2418 2696 2488 gloriam
2725 2428 3027 2475 mereretur
3056 2426 3313 2476 aeternam
3340 2431 3529 2475 conse-

1932 2527 2124 2585 gnere.
2154 2512 2259 2567 Per
2285 2512 2585 2567 Christum.

2006 2603 2146 2658 LIX.
2173 2618 2321 2659 mssa
2352 2620 2402 2659 IN
2426 2619 2635 2659 manu
2663 2618 2850 2661 SANCTI
2879 2618 3139 2660 LAURENTI
3169 2618 3455 2661 narrare.

2009 2697 2172 2765 Deus,
2204 2697 2443 2754 ﬁdelium
2495 2705 2707 2753 tuorum
2736 2698 2969 2754 salvator
3021 2705 3077 2753 et
3124 2707 3321 2765 rector,
3354 2696 3529 2753 omni-

1938 2798 2132 2860 potens
2158 2791 2483 2861 sempiterne
2514 2790 2677 2856 Deus,
2723 2790 2910 2846 adesto
2952 2790 3092 2846 votis
3146 2789 3528 2846 sollemnitatis

1938 2883 2246 2950 hodiernae;
2300 2895 2355 2940 et
2405 2885 2563 2957 277
2612 2884 2869 2941 Ecclesiae
2917 2884 3124 2957 gaudiis
3172 2884 3241 2941 de
3292 2884 3528 2955 gloriosa

1940 2981 2192 3050 martyris
2215 2980 2290 3033 tui
2346 2962 2594 3049 passione
2636 2979 2777 3035 beati
2810 2979 3063 3035 Laurenti
3110 2979 3405 3050 conceptis,
3435 2979 3534 3035 be-

1910 3120 1913 3123 .
1940 3070 2136 3140 nignus
2157 3070 2372 3139 adspira
2394 3088 2406 3125 :
2436 3080 2695 3139 augeatur
2714 3072 2952 3126 omnium
2978 3070 3114 3125 ﬁdes
3130 3080 3289 3126 tanta:
3312 3070 3529 3127 virtutis

237 3148 325 3241 tui
348 3160 515 3219 caput
562 3164 683 3207 cum
732 3156 1037 3225 evangelica
1085 3159 1459 3217 recordatione
1502 3163 1751 3229 misceri,
1781 3170 1837 3217 et
1864 3179 1913 3241 ρ
1941 3170 2082 3227 ortu,
2114 3170 2168 3217 et
2195 3162 2360 3217 corda
2405 3164 2694 3218 laetantium
2736 3164 3335 3236 supplicio‘martyrum
3389 3166 3528 3236 igni-

206 3240 394 3296 .velut
423 3243 475 3296 in
516 3242 668 3300 disco
698 3248 896 3303 metalli
945 3250 1232 3316 radiantis,
1288 3251 1361 3307 ita
1391 3268 1553 3323 super
1592 3269 1835 3312 mensam

240 3342 352 3389 tua:
374 3336 770 3406 propitiationis
800 3340 1004 3398 offerri.
1041 3344 1121 3401 Sit
1176 3360 1304 3416 ergo
1359 3347 1534 3414 nobis,
1589 3348 1832 3419 Domine,

234 3421 471 3496 iocunda
494 3426 751 3497 laudatio,
780 3433 849 3487 sit
880 3433 932 3488 in
962 3435 1225 3491 honorem
1250 3436 1498 3508 Martyris
1536 3440 1838 3499 recordatio

237 3518 436 3574 cantici
480 3520 841 3591 triumphalis.
893 3526 957 3580 Et
1016 3542 1137 3583 cum
1169 3527 1253 3583 his
1297 3530 1601 3587 caelestibus
1651 3547 1839 3603 super-

237 3608 437 3680 nisque
466 3613 751 3670 virtutibus
779 3616 951 3672 ﬁdelis
974 3618 1153 3688 populi
1185 3622 1503 3691 symphonia
1526 3623 1837 3691 misceatur,

240 3714 365 3770 quae
392 3717 421 3756 a
453 3704 655 3760 dextris
677 3708 783 3762 tuis
810 3722 1047 3763 consona
1072 3726 1204 3766 voce
1232 3713 1331 3766 sub
1363 3713 1497 3767 trina
1519 3716 1839 3783 repetitione

235 3802 481 3863 cantant,
512 3795 772 3854 dicentes.
814 3800 1064 3865 Sanctus,
1111 3800 1361 3869 Sanctus,
1404 3802 1656 3859 Sanctus.

237 3905 425 3964 LVIII.
450 3923 599 3967 IIISSA
620 3926 673 3966 m
692 3927 901 3969 manu:
927 3928 1116 3970 SANCTI
1143 3929 1286 3971 sum
1308 3932 1456 3971 pars
1488 3931 1635 3972 uanis
1654 3932 1836 3976 noua.

315 4027 479 4099 276
504 4028 728 4086 Domine
755 4031 917 4100 Deus,
952 4032 1183 4090 ﬁdelium
1208 4037 1598 4105 insuperabilis
1622 4038 1835 4094 fortitu-

242 4116 339 4186 do,
365 4120 455 4188 qui
486 4121 624 4176 inter
651 4122 938 4179 mundana:
969 4125 1400 4182 conversationis
1448 4126 1678 4184 adversa
1707 4144 1840 4184 san-

240 4219 449 4266 ctorum
474 4226 572 4268 nos
600 4215 830 4272 maxime
858 4216 1251 4288 gloriticatione
1272 4218 1555 4286 solaris,...
1589 4221 1663 4277 tui
1687 4220 1840 4279 inde-

240 4301 485 4358 sinenter
515 4306 797 4373 accendis,
840 4308 1036 4374 excita,
1089 4309 1337 4379 Domine,
1393 4311 1446 4365 in
1477 4312 1719 4368 Ecclesia
1751 4323 1839 4368 tua

242 4392 529 4464 Spiritum,
583 4398 669 4453 cui
715 4399 805 4456 ille
852 4403 1107 4469 servivit;
1156 4413 1215 4458 ut
1263 4403 1577 4460 Studeamus
1609 4406 1837 4477 diligere

239 4487 386 4558 quod
416 4490 637 4556 amavit,
660 4501 715 4547 et
758 4506 925 4560 opere
969 4510 1224 4551 exercere
1271 4498 1418 4566 quod
1471 4498 1674 4555 docuit.
1734 4500 1839 4557 Per

239 4576 535 4639 Dominum
560 4592 801 4640 nostrum
830 4585 1009 4641 Jesum
1046 4586 1239 4643 Filium
1271 4596 1443 4646 tuum.

773 4676 1010 4730 Collectio
1033 4683 1279 4744 sequitur.

322 4755 529 4815 Praesta
557 4760 733 4828 nobis,
764 4764 1105 4833 omnipotens
1146 4775 1201 4821 et
1228 4767 1539 4823 misericors
1585 4768 1747 4834 Deus,
1782 4777 1841 4826 ut

248 4848 397 4907 beati
424 4852 562 4908 Sixti
591 4854 843 4927 martyris
872 4856 948 4911 tui
978 4860 1202 4927 repetita
1238 4859 1596 4927 sollemnitas,
1625 4872 1679 4917 et
1707 4861 1843 4917 libe-

241 4944 511 5003 rationem
566 4947 719 5004 nobis
763 4947 1055 5019 perfectam
1105 4950 1322 5021 tribuat,
1365 4960 1421 5010 et
1447 4953 1699 5011 salutem.
1738 4953 1841 5011 Per

242 5034 535 5112 Dominum
558 5050 815 5099 nostrum.

742 5154 976 5209 Collectio
1002 5164 1112 5221 post
1137 5161 1352 5210 nomina.

319 5254 544 5325 Adesto,
570 5259 816 5331 Domine,
846 5264 1325 5334 supplicationibus
1348 5269 1567 5334 nostris,
1595 5278 1649 5325 et
1669 5269 1840 5326 inter-

244 5349 499 5408 cessione
527 5357 781 5427 martyris
805 5359 879 5413 tui
909 5356 1050 5414 Sixti
1093 5368 1403 5429 perpetuam
1434 5360 1590 5416 nobis
1632 5362 1844 5417 miseri-

242 5441 490 5499 cordiam
517 5446 779 5518 benignus
810 5449 1089 5521 impende;
1121 5463 1177 5507 et
1204 5456 1419 5507 nomina
1466 5468 1587 5522 quae
1618 5453 1840 5508 recitata

242 5543 378 5590 sunt
432 5547 740 5594 nostrorum
769 5556 1020 5599 caronum
1066 5544 1121 5599 in
1169 5542 1374 5599 caelesti
1407 5544 1595 5615 pagina
1647 5544 1841 5615 jubeas

243 5622 507 5685 intimari.
532 5630 636 5687 Per
656 5630 939 5690 Dominum
962 5645 1230 5693 nostrum.

1870 4571 1922 4633 Ι)

1938 3263 2123 3319 antur;
2158 3263 2215 3309 ut
2236 3255 2372 3323 apud
2421 3255 2847 3312 misericordiam
2904 3266 3048 3311 tuam
3080 3257 3225 3315 illius
3274 3258 3529 3329 juvemur

1939 3351 2171 3414 merito,
2218 3346 2372 3418 cujus
2423 3348 2730 3403 exultamus
2774 3349 3042 3419 exemplo.
3090 3348 3192 3406 Per
3250 3350 3531 3410 Dominum

1940 3446 2180 3495 llOSll'lllll
2190 3478 2203 3492 .
3258 3466 3261 3467 ν

2471 3530 2709 3583 Collectio
2729 3535 2971 3596 sequitur.
3027 3555 3039 3573 ο

2015 3615 2172 3681 Deus,
2203 3616 2388 3671 mundi
2438 3625 2649 3672 creator
2677 3626 2729 3672 et
2760 3627 2958 3684 rector,
3006 3619 3095 3690 qui
3128 3618 3268 3675 hunc
3294 3619 3437 3676 diem
3481 3622 3533 3679 in

1940 3708 2118 3763 levita:
2148 3709 2222 3764 tui
2250 3708 2502 3763 Laurenti
2533 3709 2789 3780 martyrio
2818 3711 3166 3777 consecrasti,
3197 3713 3390 3767 exaudi
3412 3728 3533 3781 pro-

1942 3800 2105 3872 pitius
2130 3802 2394 3871 supplices
2428 3812 2566 3865 tuos,
2612 3811 2665 3856 et
2693 3802 2929 3858 concede
2967 3812 3025 3859 ut
3055 3818 3243 3859 omnes
3272 3804 3362 3874 qui
3397 3819 3534 3859 mar-

1943 3893 2069 3965 tyrii
2088 3893 2206 3963 ejus
2234 3894 2424 3948 merita
2456 3908 2792 3960 veneramur,
2824 3894 3301 3952 intercessionibus
3329 3895 3449 3967 ejus
3471 3896 3537 3952 ab

1942 3988 2159 4044 aeternis
2184 3988 2443 4057 gehennae
2474 3988 2737 4043 incendiis
2765 3989 3076 4047 liberemur.
3102 3990 3205 4047 Per
3230 3991 3536 4049 Dominum.

2443 4080 2677 4131 Collectio
2697 4087 2803 4144 post
2826 4084 3039 4132 nomina.

2014 4164 2262 4221 Concede
2292 4166 2729 4235 nobis,Domine,
2756 4168 2982 4237 gratiam
3010 4176 3152 4224 tuam
3171 4168 3223 4223 in
3244 4169 3385 4226 beati
3407 4168 3523 4225 Lau

1943 4261 2083 4317 renti
2132 4261 2384 4331 martyris
2426 4261 2742 4318 celebritate
2786 4261 3166 4332 multiplicem;
3201 4271 3259 4318 ut
3286 4263 3356 4320 de
3406 4263 3539 4320 tanti

1943 4368 2115 4424 agone
2158 4354 2470 4411 certaminis
2525 4354 2699 4411 discat
2756 4356 2984 4426 populus
3040 4356 3415 4426 Christianus,
3485 4364 3540 4412 et

1944 4447 2098 4504 ﬁrma
2124 4447 2343 4506 solidari
2373 4448 2628 4520 patientia
2646 4491 2660 4517 ,
2692 4456 2747 4504 et
2775 4450 2860 4520 pia
2889 4450 3132 4506 exultare
3158 4451 3400 4510 victoria.

2474 4562 2714 4613 Collectio
2739 4562 2797 4611 ad
2820 4573 3012 4625 pacem.

2018 4674 2200 4731 Sancti
2230 4671 2483 4728 Laurenti
2513 4687 2631 4735 nos,
2660 4670 2906 4739 Domine,
2939 4681 3269 4738 quaesumus,
3300 4670 3540 4735 precatio

1938 4766 2086 4839 justa
2113 4774 2360 4832 tueatur;
2394 4764 2612 4835 etquod
2659 4772 2842 4818 nostra
2888 4760 3217 4817 conscientia
3248 4774 3353 4814 non
3399 4775 3541 4827 pra:-

1944 4862 2130 4926 sumit,
2161 4861 2278 4930 ejus
2306 4858 2479 4923 nobis,
2511 4856 2601 4928 qui
2627 4855 2718 4911 tibi
2750 4854 2977 4925 placuit,
3011 4852 3257 4911 oratione
3285 4852 3537 4908 donetur.

1944 4954 2048 5010 Per
2079 4953 2361 5009 Dominum
2391 4957 2634 5006 nostrum
2660 4946 2851 5003 Filium
2877 4956 3048 5005 tuum.

2513 5060 2785 5113 [malatia
2808 5061 2989 5112 misse.

2028 5173 2162 5228 Vere
2190 5171 2409 5243 dignum
2426 5179 2483 5227 et
2499 5170 2704 5241 justum
2729 5177 2831 5239 est,
2856 5169 3197 5238 omnipotens
3213 5162 3544 5233 sempiterne

1950 5268 2113 5333 Deus,
2147 5265 2244 5321 tibi
2272 5265 2325 5320 in
2358 5265 2491 5319 tanti
2520 5263 2769 5334 martyris
2796 5261 3116 5317 Laurenti...
3142 5256 3315 5312 laudis
3342 5252 3544 5310 hostias

1951 5360 2257 5425 immolare,
2286 5358 2376 5429 qui
2425 5357 2655 5413 hostiam
2700 5356 2965 5411 viventem
2995 5350 3157 5405 hodie
3184 5349 3239 5404 in
3271 5348 3439 5417 ipsius
3467 5346 3542 5403 le-

1945 5452 2070 5508 vitae
2098 5452 2178 5507 tui
2209 5452 2350 5506 beati
2391 5448 2650 5505 Laurenti
2697 5444 2949 5518 martyris
2980 5443 3280 5499 ministerio
3308 5456 3406 5512 per
3446 5440 3530 5494 ﬁo-

1946 5561 2063 5603 rem
2091 5544 2225 5601 casti
2250 5543 2490 5612 corporis
2518 5541 2793 5611 accepisti.
2825 5538 2993 5609 Cujus
3020 5550 3207 5592 vocem
3243 5551 3335 5606 per
3380 5534 3540 5604 hym-

1948 5638 2182 5695 nidicum
2230 5635 2627 5692 modolamini"
2678 5631 2869 5704 pSalmi
2917 5627 3241 5697 audivimus,
3296 5626 3547 5682 canentis

322 5759 517 5849 ξείίὲεξξ
542 5765 833 5849 φράυιαω.
854 5767 940 5824 Vel
966 5768 1238 5825 ηιθάιιιαιὲο
1269 5767 1366 5827 Hic
1391 5783 1521 5840 ergo
1542 5766 1842 5849 Ver-$1001.03
1880 5778 2007 5829 tunc
2036 5772 2087 5829 in
2115 5772 2251 5830 festo
2280 5773 2451 5828 sancti
2477 5768 2748 5827 Laurentii
2767 5810 2782 5838 ,
2815 5767 2889 5825 uti
2930 5782 3104 5837 nunc,
3151 5764 3444 5824 cauebatur
3492 5774 3547 5815 In

254 5826 771 5893 Mine'Gallicano.
818 5826 831 5833 ’
1453 5826 1485 5840 ”
1780 5827 1787 5834 ’

528 5929 811 5995 Ρηιιοι..
838 5931 1105 5998 LXXII.
1310 6028 1315 6039 ι
1808 5930 1843 5942 “’

3077 5923 3154 5985 10
