  <div class='ocr_page' id='page_1' title='image "/cluster/home/n/w/nwhite01/storage/ocr_20150623/72/hvd.32044015469364/157.png"; bbox 0 0 4048 6350; ppageno 0'>
   <div class='ocr_carea' id='block_1_1' title="bbox 589 278 700 360">
    <p class='ocr_par' dir='ltr' id='par_1_1' title="bbox 589 278 700 360">
     <span class='ocr_line' id='line_1_1' title="bbox 589 278 700 360; baseline 0 0"><span class='ocrx_word' id='word_1_1' title='bbox 589 278 700 360; x_wconf 61' lang='lat'><strong>$99</strong></span> 
     </span>
    </p>
   </div>
   <div class='ocr_carea' id='block_1_2' title="bbox 1303 265 3868 342">
    <p class='ocr_par' dir='ltr' id='par_1_2' title="bbox 1303 265 3868 342">
     <span class='ocr_line' id='line_1_2' title="bbox 1303 265 3868 342; baseline -0.002 -4"><span class='ocrx_word' id='word_1_2' title='bbox 1303 279 1654 339; x_wconf 81' lang='lat' dir='ltr'><strong>APPENDIX</strong></span> <span class='ocrx_word' id='word_1_3' title='bbox 1694 278 1783 339; x_wconf 84' lang='lat' dir='ltr'><strong>AD</strong></span> <span class='ocrx_word' id='word_1_4' title='bbox 1820 274 2050 336; x_wconf 79' lang='lat' dir='ltr'><strong>OPERA</strong></span> <span class='ocrx_word' id='word_1_5' title='bbox 2091 274 2340 336; x_wconf 79' lang='lat' dir='ltr'><strong>SANC&#39;I‘I</strong></span> <span class='ocrx_word' id='word_1_6' title='bbox 2379 265 2693 335; x_wconf 71' lang='lat' dir='ltr'><strong>GERIIANI</strong></span> <span class='ocrx_word' id='word_1_7' title='bbox 2736 274 3176 336; x_wconf 80' lang='lat' dir='ltr'><strong>PABISIENSIS.</strong></span> <span class='ocrx_word' id='word_1_8' title='bbox 3788 282 3868 342; x_wconf 63' lang='grc' dir='ltr'><strong>ΓΜ</strong></span> 
     </span>
    </p>
   </div>
   <div class='ocr_carea' id='block_1_3' title="bbox 589 388 3869 473">
    <p class='ocr_par' dir='ltr' id='par_1_3' title="bbox 589 388 3869 473">
     <span class='ocr_line' id='line_1_3' title="bbox 589 388 3869 473; baseline -0.004 -13"><span class='ocrx_word' id='word_1_9' title='bbox 589 412 748 473; x_wconf 85' lang='lat' dir='ltr'><strong>atque</strong></span> <span class='ocrx_word' id='word_1_10' title='bbox 773 398 1000 457; x_wconf 76' lang='lat' dir='ltr'><strong>dicentis</strong></span> <span class='ocrx_word' id='word_1_11' title='bbox 1032 414 1046 451; x_wconf 90' lang='lat'><strong>:</strong></span> <span class='ocrx_word' id='word_1_12' title='bbox 1076 396 1319 454; x_wconf 84' lang='lat' dir='ltr'><strong>Probasti</strong></span> <span class='ocrx_word' id='word_1_13' title='bbox 1349 412 1446 453; x_wconf 90' lang='lat' dir='ltr'><strong>cor</strong></span> <span class='ocrx_word' id='word_1_14' title='bbox 1485 412 1684 464; x_wconf 89' lang='lat' dir='ltr'><strong>meum,</strong></span> <span class='ocrx_word' id='word_1_15' title='bbox 1715 396 1877 462; x_wconf 89' lang='lat' dir='ltr'><strong>Deus,</strong></span> <span class='ocrx_word' id='word_1_16' title='bbox 1907 404 1961 450; x_wconf 91' lang='lat' dir='ltr'><strong>et</strong></span> <span class='ocrx_word' id='word_1_17' title='bbox 1986 394 2173 447; x_wconf 87' lang='lat' dir='ltr'><strong>visita-</strong></span> <span class='ocrx_word' id='word_1_18' title='bbox 2203 403 2261 463; x_wconf 68' lang='grc' dir='ltr'>Α</span> <span class='ocrx_word' id='word_1_19' title='bbox 2284 393 2484 447; x_wconf 77' lang='lat' dir='ltr'><strong>nostris</strong></span> <span class='ocrx_word' id='word_1_20' title='bbox 2528 392 2619 462; x_wconf 89' lang='lat' dir='ltr'><strong>qui</strong></span> <span class='ocrx_word' id='word_1_21' title='bbox 2672 392 2724 446; x_wconf 91' lang='lat' dir='ltr'><strong>in</strong></span> <span class='ocrx_word' id='word_1_22' title='bbox 2774 391 2988 447; x_wconf 80' lang='lat' dir='ltr'><strong>Christo</strong></span> <span class='ocrx_word' id='word_1_23' title='bbox 3032 390 3319 453; x_wconf 86' lang='lat' dir='ltr'><strong>dormiunt</strong></span> <span class='ocrx_word' id='word_1_24' title='bbox 3365 388 3652 461; x_wconf 78' lang='lat' dir='ltr'><strong>refrigeria</strong></span> <span class='ocrx_word' id='word_1_25' title='bbox 3700 403 3869 455; x_wconf 65' lang='lat' dir='ltr'><strong>alerua</strong></span> 
     </span>
    </p>
   </div>
   <div class='ocr_carea' id='block_1_4' title="bbox 589 485 2182 561">
    <p class='ocr_par' dir='ltr' id='par_1_4' title="bbox 589 485 2182 561">
     <span class='ocr_line' id='line_1_4' title="bbox 589 485 2182 561; baseline -0.008 -11"><span class='ocrx_word' id='word_1_26' title='bbox 589 498 657 550; x_wconf 85' lang='lat' dir='ltr'><strong>sti</strong></span> <span class='ocrx_word' id='word_1_27' title='bbox 678 502 857 561; x_wconf 85' lang='lat' dir='ltr'><strong>nocte,</strong></span> <span class='ocrx_word' id='word_1_28' title='bbox 885 492 940 549; x_wconf 80' lang='lat' dir='ltr'><strong>td</strong></span> <span class='ocrx_word' id='word_1_29' title='bbox 962 501 1048 547; x_wconf 79' lang='lat' dir='ltr'><strong>est</strong></span> <span class='ocrx_word' id='word_1_30' title='bbox 1093 492 1149 547; x_wconf 90' lang='lat' dir='ltr'><strong>in</strong></span> <span class='ocrx_word' id='word_1_31' title='bbox 1179 490 1419 546; x_wconf 78' lang='lat' dir='ltr'><strong>tenebris</strong></span> <span class='ocrx_word' id='word_1_32' title='bbox 1448 489 1663 556; x_wconf 63' lang='lat' dir='ltr'><strong>saeculi;</strong></span> <span class='ocrx_word' id='word_1_33' title='bbox 1699 489 1819 558; x_wconf 89' lang='lat' dir='ltr'><strong>igne</strong></span> <span class='ocrx_word' id='word_1_34' title='bbox 1864 485 2182 542; x_wconf 77' lang='lat' dir='ltr'><strong>metexami-</strong></span> 
     </span>
    </p>
   </div>
   <div class='ocr_carea' id='block_1_5' title="bbox 594 578 2180 650">
    <p class='ocr_par' dir='ltr' id='par_1_5' title="bbox 594 578 2180 650">
     <span class='ocr_line' id='line_1_5' title="bbox 594 578 2180 650; baseline -0.008 -7"><span class='ocrx_word' id='word_1_35' title='bbox 594 588 752 650; x_wconf 84' lang='lat' dir='ltr'><strong>uasti,</strong></span> <span class='ocrx_word' id='word_1_36' title='bbox 779 594 835 641; x_wconf 86' lang='lat' dir='ltr'><strong>et</strong></span> <span class='ocrx_word' id='word_1_37' title='bbox 860 598 967 640; x_wconf 86' lang='lat' dir='ltr'><strong>non</strong></span> <span class='ocrx_word' id='word_1_38' title='bbox 992 591 1073 639; x_wconf 81' lang='lat' dir='ltr'><strong>est</strong></span> <span class='ocrx_word' id='word_1_39' title='bbox 1119 583 1333 638; x_wconf 88' lang='lat' dir='ltr'><strong>inventa</strong></span> <span class='ocrx_word' id='word_1_40' title='bbox 1361 582 1413 636; x_wconf 92' lang='lat' dir='ltr'><strong>in</strong></span> <span class='ocrx_word' id='word_1_41' title='bbox 1448 595 1537 635; x_wconf 92' lang='lat' dir='ltr'><strong>me</strong></span> <span class='ocrx_word' id='word_1_42' title='bbox 1569 580 1837 650; x_wconf 77' lang='lat' dir='ltr'><strong>iniquitas.</strong></span> <span class='ocrx_word' id='word_1_43' title='bbox 1865 579 1910 633; x_wconf 87' lang='grc'>0</span> <span class='ocrx_word' id='word_1_44' title='bbox 1945 578 2180 648; x_wconf 80' lang='lat' dir='ltr'><strong>gloriosa</strong></span> 
     </span>
    </p>
   </div>
   <div class='ocr_carea' id='block_1_6' title="bbox 590 670 2181 733">
    <p class='ocr_par' dir='ltr' id='par_1_6' title="bbox 590 670 2181 733">
     <span class='ocr_line' id='line_1_6' title="bbox 590 670 2181 733; baseline -0.006 0"><span class='ocrx_word' id='word_1_45' title='bbox 590 678 899 733; x_wconf 76' lang='lat' dir='ltr'><strong>certaminis</strong></span> <span class='ocrx_word' id='word_1_46' title='bbox 927 675 1091 731; x_wconf 85' lang='lat' dir='ltr'><strong>virtus</strong></span> <span class='ocrx_word' id='word_1_47' title='bbox 1116 676 1130 728; x_wconf 77' lang='grc' dir='ltr'><strong><em>ι</em></strong></span> <span class='ocrx_word' id='word_1_48' title='bbox 1178 689 1211 727; x_wconf 96' lang='lat' dir='ltr'><strong>o</strong></span> <span class='ocrx_word' id='word_1_49' title='bbox 1239 679 1555 729; x_wconf 86' lang='lat' dir='ltr'><strong>Inconcussa</strong></span> <span class='ocrx_word' id='word_1_50' title='bbox 1585 672 1885 727; x_wconf 78' lang='lat' dir='ltr'><strong>constantia</strong></span> <span class='ocrx_word' id='word_1_51' title='bbox 1916 670 2181 727; x_wconf 88' lang='lat' dir='ltr'><strong>conﬁten-</strong></span> 
     </span>
    </p>
   </div>
   <div class='ocr_carea' id='block_1_7' title="bbox 590 763 2179 833">
    <p class='ocr_par' dir='ltr' id='par_1_7' title="bbox 590 763 2179 833">
     <span class='ocr_line' id='line_1_7' title="bbox 590 763 2179 833; baseline -0.004 -10"><span class='ocrx_word' id='word_1_52' title='bbox 590 771 659 825; x_wconf 91' lang='lat' dir='ltr'><strong>tis</strong></span> <span class='ocrx_word' id='word_1_53' title='bbox 684 770 697 823; x_wconf 79' lang='grc' dir='ltr'><strong>ι</strong></span> <span class='ocrx_word' id='word_1_54' title='bbox 731 767 972 824; x_wconf 85' lang='lat' dir='ltr'><strong>Stridunt</strong></span> <span class='ocrx_word' id='word_1_55' title='bbox 1001 766 1239 821; x_wconf 88' lang='lat' dir='ltr'><strong>membra</strong></span> <span class='ocrx_word' id='word_1_56' title='bbox 1267 764 1499 820; x_wconf 84' lang='lat' dir='ltr'><strong>viventia</strong></span> <span class='ocrx_word' id='word_1_57' title='bbox 1529 779 1692 833; x_wconf 86' lang='lat' dir='ltr'><strong>super</strong></span> <span class='ocrx_word' id='word_1_58' title='bbox 1718 764 2032 819; x_wconf 85' lang='lat' dir='ltr'><strong>craticulam</strong></span> <span class='ocrx_word' id='word_1_59' title='bbox 2078 763 2179 817; x_wconf 84' lang='lat' dir='ltr'><strong>im-</strong></span> 
     </span>
    </p>
   </div>
   <div class='ocr_carea' id='block_1_8' title="bbox 590 855 2177 931">
    <p class='ocr_par' dir='ltr' id='par_1_8' title="bbox 590 855 2177 931">
     <span class='ocr_line' id='line_1_8' title="bbox 590 855 2177 931; baseline -0.006 -15"><span class='ocrx_word' id='word_1_60' title='bbox 590 861 795 931; x_wconf 88' lang='lat' dir='ltr'><strong>posita;</strong></span> <span class='ocrx_word' id='word_1_61' title='bbox 829 869 882 915; x_wconf 90' lang='lat' dir='ltr'><strong>et</strong></span> <span class='ocrx_word' id='word_1_62' title='bbox 904 859 1085 928; x_wconf 85' lang='lat' dir='ltr'><strong>prunis</strong></span> <span class='ocrx_word' id='word_1_63' title='bbox 1115 857 1483 921; x_wconf 63' lang='lat' dir='ltr'><strong>saevientibus,</strong></span> <span class='ocrx_word' id='word_1_64' title='bbox 1515 856 1853 922; x_wconf 84' lang='lat' dir='ltr'><strong>anhelantes,</strong></span> <span class='ocrx_word' id='word_1_65' title='bbox 1898 855 2177 910; x_wconf 90' lang='lat' dir='ltr'><strong>incensum</strong></span> 
     </span>
    </p>
   </div>
   <div class='ocr_carea' id='block_1_9' title="bbox 592 947 2182 1020">
    <p class='ocr_par' dir='ltr' id='par_1_9' title="bbox 592 947 2182 1020">
     <span class='ocr_line' id='line_1_9' title="bbox 592 947 2182 1020; baseline -0.003 -16"><span class='ocrx_word' id='word_1_66' title='bbox 592 966 748 1005; x_wconf 90' lang='lat' dir='ltr'><strong>suum</strong></span> <span class='ocrx_word' id='word_1_67' title='bbox 797 949 849 1003; x_wconf 91' lang='lat' dir='ltr'><strong>in</strong></span> <span class='ocrx_word' id='word_1_68' title='bbox 882 949 1095 1003; x_wconf 92' lang='lat' dir='ltr'><strong>modum</strong></span> <span class='ocrx_word' id='word_1_69' title='bbox 1145 948 1505 1020; x_wconf 82' lang='lat' dir='ltr'><strong>thymiamatis</strong></span> <span class='ocrx_word' id='word_1_70' title='bbox 1535 948 1730 1003; x_wconf 81' lang='lat' dir='ltr'><strong>divinis</strong></span> <span class='ocrx_word' id='word_1_71' title='bbox 1763 947 1983 1001; x_wconf 88' lang='lat' dir='ltr'><strong>naribus</strong></span> <span class='ocrx_word' id='word_1_72' title='bbox 2025 947 2182 1000; x_wconf 80' lang='lat' dir='ltr'><strong>exhi-</strong></span> 
     </span>
    </p>
   </div>
   <div class='ocr_carea' id='block_1_10' title="bbox 590 1038 2182 1111">
    <p class='ocr_par' dir='ltr' id='par_1_10' title="bbox 590 1038 2182 1111">
     <span class='ocr_line' id='line_1_10' title="bbox 590 1038 2182 1111; baseline -0.004 -14"><span class='ocrx_word' id='word_1_73' title='bbox 590 1041 720 1107; x_wconf 80' lang='lat' dir='ltr'><strong>bent</strong></span> <span class='ocrx_word' id='word_1_74' title='bbox 766 1041 1007 1097; x_wconf 89' lang='lat' dir='ltr'><strong>odorem.</strong></span> <span class='ocrx_word' id='word_1_75' title='bbox 1049 1041 1188 1096; x_wconf 88' lang='lat' dir='ltr'><strong>Dicit</strong></span> <span class='ocrx_word' id='word_1_76' title='bbox 1233 1041 1376 1095; x_wconf 89' lang='lat' dir='ltr'><strong>enim</strong></span> <span class='ocrx_word' id='word_1_77' title='bbox 1410 1040 1612 1111; x_wconf 82' lang='lat' dir='ltr'><strong>Martyr</strong></span> <span class='ocrx_word' id='word_1_78' title='bbox 1644 1040 1755 1109; x_wconf 91' lang='lat' dir='ltr'><strong>ipse</strong></span> <span class='ocrx_word' id='word_1_79' title='bbox 1803 1054 1925 1095; x_wconf 88' lang='lat' dir='ltr'><strong>cum</strong></span> <span class='ocrx_word' id='word_1_80' title='bbox 1976 1038 2182 1094; x_wconf 82' lang='lat' dir='ltr'><strong>Paulo:</strong></span> 
     </span>
    </p>
   </div>
   <div class='ocr_carea' id='block_1_11' title="bbox 592 1130 2181 1201">
    <p class='ocr_par' dir='ltr' id='par_1_11' title="bbox 592 1130 2181 1201">
     <span class='ocr_line' id='line_1_11' title="bbox 592 1130 2181 1201; baseline -0.005 -10"><span class='ocrx_word' id='word_1_81' title='bbox 592 1132 788 1191; x_wconf 81' lang='lat' dir='ltr'><strong>Christi</strong></span> <span class='ocrx_word' id='word_1_82' title='bbox 822 1134 992 1189; x_wconf 89' lang='lat' dir='ltr'><strong>bonus</strong></span> <span class='ocrx_word' id='word_1_83' title='bbox 1032 1133 1167 1188; x_wconf 91' lang='lat' dir='ltr'><strong>odor</strong></span> <span class='ocrx_word' id='word_1_84' title='bbox 1192 1148 1377 1187; x_wconf 89' lang='lat' dir='ltr'><strong>sumus</strong></span> <span class='ocrx_word' id='word_1_85' title='bbox 1408 1133 1537 1189; x_wconf 89' lang='lat' dir='ltr'><strong>Deo.</strong></span> <span class='ocrx_word' id='word_1_86' title='bbox 1590 1132 1705 1187; x_wconf 87' lang='lat' dir='ltr'><strong>Non</strong></span> <span class='ocrx_word' id='word_1_87' title='bbox 1734 1134 1877 1187; x_wconf 90' lang='lat' dir='ltr'><strong>enim</strong></span> <span class='ocrx_word' id='word_1_88' title='bbox 1910 1130 2181 1201; x_wconf 74' lang='lat' dir='ltr'><strong>cogitabat</strong></span> 
     </span>
    </p>
   </div>
   <div class='ocr_carea' id='block_1_12' title="bbox 592 1222 2189 1294">
    <p class='ocr_par' dir='ltr' id='par_1_12' title="bbox 592 1222 2189 1294">
     <span class='ocr_line' id='line_1_12' title="bbox 592 1222 2189 1294; baseline -0.001 -15"><span class='ocrx_word' id='word_1_89' title='bbox 592 1224 862 1294; x_wconf 86' lang='lat' dir='ltr'><strong>quomodo</strong></span> <span class='ocrx_word' id='word_1_90' title='bbox 890 1226 941 1278; x_wconf 90' lang='lat' dir='ltr'><strong>in</strong></span> <span class='ocrx_word' id='word_1_91' title='bbox 970 1234 1108 1278; x_wconf 91' lang='lat' dir='ltr'><strong>terra</strong></span> <span class='ocrx_word' id='word_1_92' title='bbox 1138 1223 1360 1291; x_wconf 86' lang='lat' dir='ltr'><strong>positus,</strong></span> <span class='ocrx_word' id='word_1_93' title='bbox 1380 1239 1408 1277; x_wconf 91' lang='lat' dir='ltr'><strong>a</strong></span> <span class='ocrx_word' id='word_1_94' title='bbox 1440 1222 1965 1294; x_wconf 73' lang='lat' dir='ltr'><strong>passionis&#39;periculo</strong></span> <span class='ocrx_word' id='word_1_95' title='bbox 1998 1223 2189 1277; x_wconf 87' lang='lat' dir='ltr'><strong>libera-</strong></span> 
     </span>
    </p>
   </div>
   <div class='ocr_carea' id='block_1_13' title="bbox 593 1317 2190 1389">
    <p class='ocr_par' dir='ltr' id='par_1_13' title="bbox 593 1317 2190 1389">
     <span class='ocr_line' id='line_1_13' title="bbox 593 1317 2190 1389; baseline -0.002 -17"><span class='ocrx_word' id='word_1_96' title='bbox 593 1326 761 1383; x_wconf 81' lang='lat' dir='ltr'><strong>retur,</strong></span> <span class='ocrx_word' id='word_1_97' title='bbox 794 1317 887 1373; x_wconf 83' lang='lat' dir='ltr'><strong>sed</strong></span> <span class='ocrx_word' id='word_1_98' title='bbox 917 1317 1188 1386; x_wconf 89' lang='lat' dir='ltr'><strong>quomodo</strong></span> <span class='ocrx_word' id='word_1_99' title='bbox 1218 1317 1359 1372; x_wconf 90' lang='lat' dir='ltr'><strong>inter</strong></span> <span class='ocrx_word' id='word_1_100' title='bbox 1382 1326 1648 1389; x_wconf 87' lang='lat' dir='ltr'><strong>martyres</strong></span> <span class='ocrx_word' id='word_1_101' title='bbox 1691 1318 1743 1372; x_wconf 94' lang='lat' dir='ltr'><strong>in</strong></span> <span class='ocrx_word' id='word_1_102' title='bbox 1789 1319 1937 1373; x_wconf 89' lang='lat' dir='ltr'><strong>caelis</strong></span> <span class='ocrx_word' id='word_1_103' title='bbox 1964 1332 2190 1373; x_wconf 85' lang='lat' dir='ltr'><strong>corona-</strong></span> 
     </span>
    </p>
   </div>
   <div class='ocr_carea' id='block_1_14' title="bbox 592 1407 2127 1479">
    <p class='ocr_par' dir='ltr' id='par_1_14' title="bbox 592 1407 2127 1479">
     <span class='ocr_line' id='line_1_14' title="bbox 592 1407 2127 1479; baseline -0.003 -14"><span class='ocrx_word' id='word_1_104' title='bbox 592 1416 759 1465; x_wconf 79' lang='lat' dir='ltr'><strong>retur.</strong></span> <span class='ocrx_word' id='word_1_105' title='bbox 784 1407 888 1462; x_wconf 89' lang='lat' dir='ltr'><strong>Per</strong></span> <span class='ocrx_word' id='word_1_106' title='bbox 916 1407 1188 1464; x_wconf 80' lang='lat' dir='ltr'><strong>Christum</strong></span> <span class='ocrx_word' id='word_1_107' title='bbox 1216 1408 1499 1465; x_wconf 90' lang='lat' dir='ltr'><strong>Dominum</strong></span> <span class='ocrx_word' id='word_1_108' title='bbox 1530 1417 1793 1464; x_wconf 90' lang='lat' dir='ltr'><strong>nostrum.</strong></span> <span class='ocrx_word' id='word_1_109' title='bbox 1822 1410 1922 1465; x_wconf 89' lang='lat' dir='ltr'><strong>Per</strong></span> <span class='ocrx_word' id='word_1_110' title='bbox 1946 1422 2127 1479; x_wconf 86' lang='lat' dir='ltr'><strong>quem.</strong></span> 
     </span>
    </p>
   </div>
   <div class='ocr_carea' id='block_1_15' title="bbox 845 1500 1935 1560">
    <p class='ocr_par' dir='ltr' id='par_1_15' title="bbox 845 1500 1935 1560">
     <span class='ocr_line' id='line_1_15' title="bbox 845 1500 1935 1560; baseline -0.001 -5"><span class='ocrx_word' id='word_1_111' title='bbox 845 1500 957 1555; x_wconf 85' lang='lat' dir='ltr'><strong>LX.</strong></span> <span class='ocrx_word' id='word_1_112' title='bbox 989 1515 1141 1557; x_wconf 68' lang='grc' dir='ltr'><strong>ωειλ</strong></span> <span class='ocrx_word' id='word_1_113' title='bbox 1168 1516 1352 1557; x_wconf 60' lang='lat' dir='ltr'><strong>ssnon</strong></span> <span class='ocrx_word' id='word_1_114' title='bbox 1388 1517 1625 1557; x_wconf 74' lang='lat' dir='ltr'><strong>rppourt</strong></span> <span class='ocrx_word' id='word_1_115' title='bbox 1653 1518 1935 1560; x_wconf 72' lang='lat' dir='ltr'><strong>MARTYBIS.</strong></span> 
     </span>
    </p>
   </div>
   <div class='ocr_carea' id='block_1_16' title="bbox 664 1613 2192 1685">
    <p class='ocr_par' dir='ltr' id='par_1_16' title="bbox 664 1613 2192 1685">
     <span class='ocr_line' id='line_1_16' title="bbox 664 1613 2192 1685; baseline -0.001 -16"><span class='ocrx_word' id='word_1_116' title='bbox 664 1613 921 1685; x_wconf 61' lang='lat' dir='ltr'><strong>Q78Da</strong></span> <span class='ocrx_word' id='word_1_117' title='bbox 950 1615 1128 1677; x_wconf 83' lang='lat' dir='ltr'><strong>nobis,</strong></span> <span class='ocrx_word' id='word_1_118' title='bbox 1155 1614 1497 1683; x_wconf 87' lang='lat' dir='ltr'><strong>omnipotens</strong></span> <span class='ocrx_word' id='word_1_119' title='bbox 1525 1625 1579 1670; x_wconf 89' lang='lat' dir='ltr'><strong>et</strong></span> <span class='ocrx_word' id='word_1_120' title='bbox 1604 1615 1909 1670; x_wconf 86' lang='lat' dir='ltr'><strong>misericors</strong></span> <span class='ocrx_word' id='word_1_121' title='bbox 1942 1615 2103 1675; x_wconf 88' lang='lat' dir='ltr'><strong>Deus,</strong></span> <span class='ocrx_word' id='word_1_122' title='bbox 2133 1621 2192 1668; x_wconf 84' lang='lat' dir='ltr'><strong>ut</strong></span> 
     </span>
    </p>
   </div>
   <div class='ocr_carea' id='block_1_17' title="bbox 595 1706 2190 1778">
    <p class='ocr_par' dir='ltr' id='par_1_17' title="bbox 595 1706 2190 1778">
     <span class='ocr_line' id='line_1_17' title="bbox 595 1706 2190 1778; baseline -0.001 -15"><span class='ocrx_word' id='word_1_123' title='bbox 595 1707 739 1763; x_wconf 81' lang='lat' dir='ltr'><strong>beati</strong></span> <span class='ocrx_word' id='word_1_124' title='bbox 776 1706 1003 1776; x_wconf 74' lang='lat' dir='ltr'><strong>Yppoliti</strong></span> <span class='ocrx_word' id='word_1_125' title='bbox 1031 1708 1283 1778; x_wconf 83' lang='lat' dir='ltr'><strong>martyris</strong></span> <span class='ocrx_word' id='word_1_126' title='bbox 1315 1709 1389 1762; x_wconf 88' lang='lat' dir='ltr'><strong>tui</strong></span> <span class='ocrx_word' id='word_1_127' title='bbox 1420 1708 1725 1763; x_wconf 79' lang='lat' dir='ltr'><strong>veneranda</strong></span> <span class='ocrx_word' id='word_1_128' title='bbox 1770 1708 2097 1772; x_wconf 81' lang='lat' dir='ltr'><strong>solemnitas,</strong></span> <span class='ocrx_word' id='word_1_129' title='bbox 2132 1717 2190 1761; x_wconf 85' lang='lat' dir='ltr'><strong>et</strong></span> 
     </span>
    </p>
   </div>
   <div class='ocr_carea' id='block_1_18' title="bbox 2286 483 2726 541">
    <p class='ocr_par' dir='ltr' id='par_1_18' title="bbox 2286 483 2726 541">
     <span class='ocr_line' id='line_1_18' title="bbox 2286 483 2726 541; baseline -0.002 0"><span class='ocrx_word' id='word_1_130' title='bbox 2286 483 2570 541; x_wconf 87' lang='lat' dir='ltr'><strong>concedas.</strong></span> <span class='ocrx_word' id='word_1_131' title='bbox 2605 484 2726 541; x_wconf 88' lang='lat' dir='ltr'><strong>Per.</strong></span> 
     </span>
    </p>
   </div>
   <div class='ocr_carea' id='block_1_19' title="bbox 2858 553 3401 618">
    <p class='ocr_par' dir='ltr' id='par_1_19' title="bbox 2858 553 3401 618">
     <span class='ocr_line' id='line_1_19' title="bbox 2858 553 3401 618; baseline -0.002 -12"><span class='ocrx_word' id='word_1_132' title='bbox 2858 553 3093 606; x_wconf 79' lang='lat' dir='ltr'><strong>Collectio</strong></span> <span class='ocrx_word' id='word_1_133' title='bbox 3110 557 3169 606; x_wconf 87' lang='lat' dir='ltr'><strong>ad</strong></span> <span class='ocrx_word' id='word_1_134' title='bbox 3194 567 3401 618; x_wconf 83' lang='lat' dir='ltr'><strong>pacem.</strong></span> 
     </span>
    </p>
   </div>
   <div class='ocr_carea' id='block_1_20' title="bbox 2362 637 3872 711">
    <p class='ocr_par' dir='ltr' id='par_1_20' title="bbox 2362 637 3872 711">
     <span class='ocr_line' id='line_1_20' title="bbox 2362 637 3872 711; baseline 0.005 -18"><span class='ocrx_word' id='word_1_135' title='bbox 2362 637 2641 693; x_wconf 72' lang='lat' dir='ltr'><strong>Prmtende</strong></span> <span class='ocrx_word' id='word_1_136' title='bbox 2673 639 2826 693; x_wconf 88' lang='lat' dir='ltr'><strong>nobis</strong></span> <span class='ocrx_word' id='word_1_137' title='bbox 2856 638 3287 694; x_wconf 85' lang='lat' dir='ltr'><strong>misericordiam</strong></span> <span class='ocrx_word' id='word_1_138' title='bbox 3322 639 3511 711; x_wconf 66' lang='lat'><strong>279</strong></span> <span class='ocrx_word' id='word_1_139' title='bbox 3536 649 3702 707; x_wconf 87' lang='lat' dir='ltr'><strong>tuam,</strong></span> <span class='ocrx_word' id='word_1_140' title='bbox 3725 651 3769 699; x_wconf 88' lang='lat' dir='ltr'><strong>et</strong></span> <span class='ocrx_word' id='word_1_141' title='bbox 3785 653 3872 700; x_wconf 87' lang='lat' dir='ltr'><strong>esto</strong></span> 
     </span>
    </p>
   </div>
   <div class='ocr_carea' id='block_1_21' title="bbox 2294 734 3871 805">
    <p class='ocr_par' dir='ltr' id='par_1_21' title="bbox 2294 734 3871 805">
     <span class='ocr_line' id='line_1_21' title="bbox 2294 734 3871 805; baseline 0.006 -20"><span class='ocrx_word' id='word_1_142' title='bbox 2294 734 2475 805; x_wconf 87' lang='lat' dir='ltr'><strong>populi</strong></span> <span class='ocrx_word' id='word_1_143' title='bbox 2510 735 2582 787; x_wconf 91' lang='lat' dir='ltr'><strong>tui</strong></span> <span class='ocrx_word' id='word_1_144' title='bbox 2613 734 2866 789; x_wconf 87' lang='lat' dir='ltr'><strong>defensor</strong></span> <span class='ocrx_word' id='word_1_145' title='bbox 2898 743 2951 789; x_wconf 86' lang='lat' dir='ltr'><strong>et</strong></span> <span class='ocrx_word' id='word_1_146' title='bbox 2978 745 3183 800; x_wconf 87' lang='lat' dir='ltr'><strong>custos,</strong></span> <span class='ocrx_word' id='word_1_147' title='bbox 3220 741 3283 788; x_wconf 92' lang='lat' dir='ltr'><strong>ut</strong></span> <span class='ocrx_word' id='word_1_148' title='bbox 3330 746 3658 791; x_wconf 84' lang='lat' dir='ltr'><strong>sanctorum</strong></span> <span class='ocrx_word' id='word_1_149' title='bbox 3702 746 3871 794; x_wconf 85' lang='lat' dir='ltr'><strong>tuorum</strong></span> 
     </span>
    </p>
   </div>
   <div class='ocr_carea' id='block_1_22' title="bbox 2292 824 3873 902">
    <p class='ocr_par' dir='ltr' id='par_1_22' title="bbox 2292 824 3873 902">
     <span class='ocr_line' id='line_1_22' title="bbox 2292 824 3873 902; baseline 0.003 -22"><span class='ocrx_word' id='word_1_150' title='bbox 2292 824 2496 880; x_wconf 90' lang='lat' dir='ltr'><strong>Cornili</strong></span> <span class='ocrx_word' id='word_1_151' title='bbox 2529 833 2582 881; x_wconf 87' lang='lat' dir='ltr'><strong>et</strong></span> <span class='ocrx_word' id='word_1_152' title='bbox 2611 824 2866 897; x_wconf 84' lang='lat' dir='ltr'><strong>Cypriani</strong></span> <span class='ocrx_word' id='word_1_153' title='bbox 2909 827 3213 881; x_wconf 89' lang='lat' dir='ltr'><strong>veneranda</strong></span> <span class='ocrx_word' id='word_1_154' title='bbox 3237 826 3551 883; x_wconf 81' lang='lat' dir='ltr'><strong>sollemnia</strong></span> <span class='ocrx_word' id='word_1_155' title='bbox 3575 841 3755 885; x_wconf 82' lang='lat' dir='ltr'><strong>securo</strong></span> <span class='ocrx_word' id='word_1_156' title='bbox 3780 847 3873 902; x_wconf 81' lang='lat' dir='ltr'><strong>pos-</strong></span> 
     </span>
    </p>
   </div>
   <div class='ocr_carea' id='block_1_23' title="bbox 2296 914 3230 984">
    <p class='ocr_par' dir='ltr' id='par_1_23' title="bbox 2296 914 3230 984">
     <span class='ocr_line' id='line_1_23' title="bbox 2296 914 3230 984; baseline 0.001 -14"><span class='ocrx_word' id='word_1_157' title='bbox 2296 914 2405 971; x_wconf 84' lang='lat' dir='ltr'><strong>sint</strong></span> <span class='ocrx_word' id='word_1_158' title='bbox 2434 915 2777 984; x_wconf 88' lang='lat' dir='ltr'><strong>frequentare</strong></span> <span class='ocrx_word' id='word_1_159' title='bbox 2805 927 3093 971; x_wconf 81' lang='lat' dir='ltr'><strong>conventu.</strong></span> <span class='ocrx_word' id='word_1_160' title='bbox 3128 916 3230 971; x_wconf 86' lang='lat' dir='ltr'><strong>Per</strong></span> 
     </span>
    </p>
   </div>
   <div class='ocr_carea' id='block_1_24' title="bbox 2900 1012 3383 1066">
    <p class='ocr_par' dir='ltr' id='par_1_24' title="bbox 2900 1012 3383 1066">
     <span class='ocr_line' id='line_1_24' title="bbox 2900 1012 3383 1066; baseline 0.008 -4"><span class='ocrx_word' id='word_1_161' title='bbox 2900 1012 3169 1064; x_wconf 87' lang='lat' dir='ltr'><strong>Immolatio</strong></span> <span class='ocrx_word' id='word_1_162' title='bbox 3189 1017 3383 1066; x_wconf 61' lang='lat' dir='ltr'><strong>missa.</strong></span> 
     </span>
    </p>
   </div>
   <div class='ocr_carea' id='block_1_25' title="bbox 2368 1097 3870 1173">
    <p class='ocr_par' dir='ltr' id='par_1_25' title="bbox 2368 1097 3870 1173">
     <span class='ocr_line' id='line_1_25' title="bbox 2368 1097 3870 1173; baseline 0.003 -22"><span class='ocrx_word' id='word_1_163' title='bbox 2368 1098 2594 1167; x_wconf 87' lang='lat' dir='ltr'><strong>Dignum</strong></span> <span class='ocrx_word' id='word_1_164' title='bbox 2624 1107 2678 1152; x_wconf 89' lang='lat' dir='ltr'><strong>et</strong></span> <span class='ocrx_word' id='word_1_165' title='bbox 2704 1097 2907 1166; x_wconf 87' lang='lat' dir='ltr'><strong>justum</strong></span> <span class='ocrx_word' id='word_1_166' title='bbox 2937 1108 3024 1153; x_wconf 89' lang='lat' dir='ltr'><strong>est</strong></span> <span class='ocrx_word' id='word_1_167' title='bbox 3052 1114 3272 1169; x_wconf 83' lang='lat' dir='ltr'><strong>semper</strong></span> <span class='ocrx_word' id='word_1_168' title='bbox 3306 1112 3365 1155; x_wconf 90' lang='lat' dir='ltr'><strong>et</strong></span> <span class='ocrx_word' id='word_1_169' title='bbox 3410 1102 3618 1172; x_wconf 88' lang='lat' dir='ltr'><strong>ubique</strong></span> <span class='ocrx_word' id='word_1_170' title='bbox 3658 1102 3747 1157; x_wconf 84' lang='lat' dir='ltr'><strong>tibi</strong></span> <span class='ocrx_word' id='word_1_171' title='bbox 3780 1117 3870 1173; x_wconf 81' lang='lat' dir='ltr'><strong>gra-</strong></span> 
     </span>
    </p>
   </div>
   <div class='ocr_carea' id='block_1_26' title="bbox 2300 1189 3873 1264">
    <p class='ocr_par' dir='ltr' id='par_1_26' title="bbox 2300 1189 3873 1264">
     <span class='ocr_line' id='line_1_26' title="bbox 2300 1189 3873 1264; baseline -0.001 -19"><span class='ocrx_word' id='word_1_172' title='bbox 2300 1190 2404 1245; x_wconf 84' lang='lat' dir='ltr'><strong>tias</strong></span> <span class='ocrx_word' id='word_1_173' title='bbox 2433 1203 2612 1259; x_wconf 85' lang='lat' dir='ltr'><strong>agere,</strong></span> <span class='ocrx_word' id='word_1_174' title='bbox 2668 1189 3012 1258; x_wconf 81' lang='lat' dir='ltr'><strong>omnipatens</strong></span> <span class='ocrx_word' id='word_1_175' title='bbox 3050 1202 3254 1248; x_wconf 82' lang='lat' dir='ltr'><strong>aeterne</strong></span> <span class='ocrx_word' id='word_1_176' title='bbox 3290 1192 3472 1259; x_wconf 88' lang='lat' dir='ltr'><strong>Deus,</strong></span> <span class='ocrx_word' id='word_1_177' title='bbox 3513 1200 3675 1264; x_wconf 82' lang='lat' dir='ltr'><strong>teque</strong></span> <span class='ocrx_word' id='word_1_178' title='bbox 3722 1194 3766 1247; x_wconf 85' lang='lat' dir='ltr'><strong>in</strong></span> <span class='ocrx_word' id='word_1_179' title='bbox 3788 1209 3873 1245; x_wconf 66' lang='lat' dir='ltr'><strong>san&lt;</strong></span> 
     </span>
    </p>
   </div>
   <div class='ocr_carea' id='block_1_27' title="bbox 2294 1283 3871 1354">
    <p class='ocr_par' dir='ltr' id='par_1_27' title="bbox 2294 1283 3871 1354">
     <span class='ocr_line' id='line_1_27' title="bbox 2294 1283 3871 1354; baseline 0 -15"><span class='ocrx_word' id='word_1_180' title='bbox 2294 1294 2502 1339; x_wconf 90' lang='lat' dir='ltr'><strong>ctorum</strong></span> <span class='ocrx_word' id='word_1_181' title='bbox 2553 1293 2849 1353; x_wconf 79' lang='lat' dir='ltr'><strong>martyrum</strong></span> <span class='ocrx_word' id='word_1_182' title='bbox 2884 1283 3178 1353; x_wconf 67' lang='lat' dir='ltr'><strong>pradicare</strong></span> <span class='ocrx_word' id='word_1_183' title='bbox 3210 1284 3423 1341; x_wconf 86' lang='lat' dir='ltr'><strong>virtute</strong></span> <span class='ocrx_word' id='word_1_184' title='bbox 3461 1304 3476 1340; x_wconf 88' lang='lat'>:</span> <span class='ocrx_word' id='word_1_185' title='bbox 3514 1301 3648 1354; x_wconf 87' lang='lat' dir='ltr'><strong>quos</strong></span> <span class='ocrx_word' id='word_1_186' title='bbox 3678 1286 3871 1339; x_wconf 72' lang='lat' dir='ltr'><strong>discretis</strong></span> 
     </span>
    </p>
   </div>
   <div class='ocr_carea' id='block_1_28' title="bbox 2298 1378 3873 1448">
    <p class='ocr_par' dir='ltr' id='par_1_28' title="bbox 2298 1378 3873 1448">
     <span class='ocr_line' id='line_1_28' title="bbox 2298 1378 3873 1448; baseline 0 -17"><span class='ocrx_word' id='word_1_187' title='bbox 2298 1386 2562 1431; x_wconf 86' lang='lat' dir='ltr'><strong>terrarum</strong></span> <span class='ocrx_word' id='word_1_188' title='bbox 2597 1378 2834 1445; x_wconf 87' lang='lat' dir='ltr'><strong>partibus</strong></span> <span class='ocrx_word' id='word_1_189' title='bbox 2873 1392 3064 1447; x_wconf 79' lang='lat' dir='ltr'><strong>greges</strong></span> <span class='ocrx_word' id='word_1_190' title='bbox 3106 1391 3297 1433; x_wconf 87' lang='lat' dir='ltr'><strong>sacros</strong></span> <span class='ocrx_word' id='word_1_191' title='bbox 3331 1388 3655 1448; x_wconf 88' lang='lat' dir='ltr'><strong>pascentes,</strong></span> <span class='ocrx_word' id='word_1_192' title='bbox 3686 1392 3776 1432; x_wconf 87' lang='lat' dir='ltr'><strong>una</strong></span> <span class='ocrx_word' id='word_1_193' title='bbox 3810 1392 3873 1431; x_wconf 76' lang='lat' dir='ltr'><strong>ea-</strong></span> 
     </span>
    </p>
   </div>
   <div class='ocr_carea' id='block_1_29' title="bbox 2295 1467 3867 1539">
    <p class='ocr_par' dir='ltr' id='par_1_29' title="bbox 2295 1467 3867 1539">
     <span class='ocr_line' id='line_1_29' title="bbox 2295 1467 3867 1539; baseline 0 -18"><span class='ocrx_word' id='word_1_194' title='bbox 2295 1468 2525 1537; x_wconf 65' lang='lat' dir='ltr'><strong>dunquc</strong></span> <span class='ocrx_word' id='word_1_195' title='bbox 2547 1468 2672 1535; x_wconf 83' lang='lat' dir='ltr'><strong>fide,</strong></span> <span class='ocrx_word' id='word_1_196' title='bbox 2688 1467 2756 1521; x_wconf 91' lang='lat' dir='ltr'><strong>de</strong></span> <span class='ocrx_word' id='word_1_197' title='bbox 2773 1467 2997 1522; x_wconf 81' lang='lat' dir='ltr'><strong>diversis</strong></span> <span class='ocrx_word' id='word_1_198' title='bbox 3019 1469 3140 1523; x_wconf 87' lang='lat' dir='ltr'><strong>licet</strong></span> <span class='ocrx_word' id='word_1_199' title='bbox 3163 1469 3542 1537; x_wconf 75' lang='lat' dir='ltr'><strong>temporibus,</strong></span> <span class='ocrx_word' id='word_1_200' title='bbox 3562 1478 3867 1539; x_wconf 78' lang='lat' dir='ltr'><strong>consonante,</strong></span> 
     </span>
    </p>
   </div>
   <div class='ocr_carea' id='block_1_30' title="bbox 2299 1563 3871 1636">
    <p class='ocr_par' dir='ltr' id='par_1_30' title="bbox 2299 1563 3871 1636">
     <span class='ocr_line' id='line_1_30' title="bbox 2299 1563 3871 1636; baseline 0.001 -20"><span class='ocrx_word' id='word_1_201' title='bbox 2299 1564 2522 1631; x_wconf 84' lang='lat' dir='ltr'><strong>parique</strong></span> <span class='ocrx_word' id='word_1_202' title='bbox 2547 1563 2779 1617; x_wconf 86' lang='lat' dir='ltr'><strong>nominis</strong></span> <span class='ocrx_word' id='word_1_203' title='bbox 2807 1565 2880 1617; x_wconf 95' lang='lat' dir='ltr'><strong>tui</strong></span> <span class='ocrx_word' id='word_1_204' title='bbox 2907 1564 3253 1621; x_wconf 79' lang='lat' dir='ltr'><strong>confessione</strong></span> <span class='ocrx_word' id='word_1_205' title='bbox 3285 1567 3598 1630; x_wconf 88' lang='lat' dir='ltr'><strong>coronasti,</strong></span> <span class='ocrx_word' id='word_1_206' title='bbox 3626 1582 3713 1636; x_wconf 78' lang='lat' dir='ltr'><strong>per</strong></span> <span class='ocrx_word' id='word_1_207' title='bbox 3734 1565 3871 1620; x_wconf 85' lang='lat' dir='ltr'><strong>Domi-</strong></span> 
     </span>
    </p>
   </div>
   <div class='ocr_carea' id='block_1_31' title="bbox 2298 1655 3061 1725">
    <p class='ocr_par' dir='ltr' id='par_1_31' title="bbox 2298 1655 3061 1725">
     <span class='ocr_line' id='line_1_31' title="bbox 2298 1655 3061 1725; baseline 0.003 -16"><span class='ocrx_word' id='word_1_208' title='bbox 2298 1670 2423 1709; x_wconf 87' lang='lat' dir='ltr'><strong>num</strong></span> <span class='ocrx_word' id='word_1_209' title='bbox 2450 1666 2715 1710; x_wconf 82' lang='lat' dir='ltr'><strong>nostrum.</strong></span> <span class='ocrx_word' id='word_1_210' title='bbox 2748 1655 2849 1711; x_wconf 85' lang='lat' dir='ltr'><strong>Per</strong></span> <span class='ocrx_word' id='word_1_211' title='bbox 2878 1672 3061 1725; x_wconf 89' lang='lat' dir='ltr'><strong>quem.</strong></span> 
     </span>
    </p>
   </div>
   <div class='ocr_carea' id='block_1_32' title="bbox 596 1767 2189 1869">
    <p class='ocr_par' dir='ltr' id='par_1_32' title="bbox 596 1767 2189 1869">
     <span class='ocr_line' id='line_1_32' title="bbox 596 1767 2189 1869; baseline 0.001 -17"><span class='ocrx_word' id='word_1_212' title='bbox 596 1767 933 1852; x_wconf 72' lang='lat' dir='ltr'><strong>devotionem</strong></span> <span class='ocrx_word' id='word_1_213' title='bbox 963 1797 1118 1852; x_wconf 86' lang='lat' dir='ltr'><strong>nobis</strong></span> <span class='ocrx_word' id='word_1_214' title='bbox 1163 1767 1358 1869; x_wconf 66' lang='lat' dir='ltr'><strong>augeat</strong></span> <span class='ocrx_word' id='word_1_215' title='bbox 1398 1807 1455 1854; x_wconf 94' lang='lat' dir='ltr'><strong>et</strong></span> <span class='ocrx_word' id='word_1_216' title='bbox 1489 1799 1741 1854; x_wconf 83' lang='lat' dir='ltr'><strong>salutem.</strong></span> <span class='ocrx_word' id='word_1_217' title='bbox 1774 1798 1878 1854; x_wconf 88' lang='lat' dir='ltr'><strong>Per</strong></span> <span class='ocrx_word' id='word_1_218' title='bbox 1908 1799 2189 1855; x_wconf 86' lang='lat' dir='ltr'><strong>Dominum</strong></span> 
     </span>
    </p>
   </div>
   <div class='ocr_carea' id='block_1_33' title="bbox 2297 1767 3867 1869">
    <p class='ocr_par' dir='ltr' id='par_1_33' title="bbox 2300 1767 3867 1829">
     <span class='ocr_line' id='line_1_33' title="bbox 2300 1767 3867 1829; baseline 0.001 -4"><span class='ocrx_word' id='word_1_219' title='bbox 2490 1785 2639 1825; x_wconf 74' lang='lat' dir='ltr'><strong>MISSA</strong></span> <span class='ocrx_word' id='word_1_220' title='bbox 2669 1787 2719 1825; x_wconf 83' lang='lat' dir='ltr'><strong>IN</strong></span> <span class='ocrx_word' id='word_1_221' title='bbox 2751 1787 2959 1827; x_wconf 73' lang='grc' dir='ltr'><strong>ΝΑτΑιε</strong></span> <span class='ocrx_word' id='word_1_222' title='bbox 2991 1788 3307 1828; x_wconf 69' lang='lat' dir='ltr'><strong>SANCTOBUM</strong></span> <span class='ocrx_word' id='word_1_223' title='bbox 3338 1788 3707 1829; x_wconf 64' lang='lat' dir='ltr'><strong>GERNLNORUI</strong></span> <span class='ocrx_word' id='word_1_224' title='bbox 3734 1786 3867 1827; x_wconf 66' lang='lat' dir='ltr'><strong>IOHAJ&#39;</strong></span> 
     </span>
    </p>
   </div>
   <div class='ocr_carea' id='block_1_34' title="bbox 596 1889 1259 1946">
    <p class='ocr_par' dir='ltr' id='par_1_34' title="bbox 596 1889 1259 1946">
     <span class='ocr_line' id='line_1_34' title="bbox 596 1889 1259 1946; baseline 0 0"><span class='ocrx_word' id='word_1_225' title='bbox 596 1898 841 1946; x_wconf 81' lang='lat' dir='ltr'><strong>nostrum</strong></span> <span class='ocrx_word' id='word_1_226' title='bbox 871 1889 1063 1946; x_wconf 84' lang='lat' dir='ltr'><strong>Filium</strong></span> <span class='ocrx_word' id='word_1_227' title='bbox 1093 1900 1259 1946; x_wconf 88' lang='lat' dir='ltr'><strong>tuum.</strong></span> 
     </span>
    </p>
   </div>
   <div class='ocr_carea' id='block_1_35' title="bbox 1141 1981 1635 2045">
    <p class='ocr_par' dir='ltr' id='par_1_35' title="bbox 1141 1981 1635 2045">
     <span class='ocr_line' id='line_1_35' title="bbox 1141 1981 1635 2045; baseline 0 -11"><span class='ocrx_word' id='word_1_228' title='bbox 1141 1981 1376 2034; x_wconf 81' lang='lat' dir='ltr'><strong>Collectio</strong></span> <span class='ocrx_word' id='word_1_229' title='bbox 1394 1984 1635 2045; x_wconf 86' lang='lat' dir='ltr'><strong>sequitur.</strong></span> 
     </span>
    </p>
   </div>
   <div class='ocr_carea' id='block_1_36' title="bbox 668 2065 2197 2137">
    <p class='ocr_par' dir='ltr' id='par_1_36' title="bbox 668 2065 2197 2137">
     <span class='ocr_line' id='line_1_36' title="bbox 668 2065 2197 2137; baseline 0 -13"><span class='ocrx_word' id='word_1_230' title='bbox 668 2065 873 2124; x_wconf 67' lang='lat' dir='ltr'><strong>Praesta</strong></span> <span class='ocrx_word' id='word_1_231' title='bbox 904 2067 1057 2122; x_wconf 84' lang='lat' dir='ltr'><strong>nobis</strong></span> <span class='ocrx_word' id='word_1_232' title='bbox 1076 2107 1091 2134; x_wconf 94' lang='lat'><strong>,</strong></span> <span class='ocrx_word' id='word_1_233' title='bbox 1121 2067 1460 2137; x_wconf 84' lang='lat' dir='ltr'><strong>omnipotens</strong></span> <span class='ocrx_word' id='word_1_234' title='bbox 1498 2075 1554 2123; x_wconf 91' lang='lat' dir='ltr'><strong>et</strong></span> <span class='ocrx_word' id='word_1_235' title='bbox 1576 2069 1891 2124; x_wconf 82' lang='lat' dir='ltr'><strong>misericors</strong></span> <span class='ocrx_word' id='word_1_236' title='bbox 1917 2066 2060 2123; x_wconf 87' lang='lat' dir='ltr'><strong>Deus</strong></span> <span class='ocrx_word' id='word_1_237' title='bbox 2081 2108 2096 2132; x_wconf 88' lang='lat'><em>.</em></span> <span class='ocrx_word' id='word_1_238' title='bbox 2136 2075 2197 2125; x_wconf 83' lang='lat' dir='ltr'><strong>ut</strong></span> 
     </span>
    </p>
   </div>
   <div class='ocr_carea' id='block_1_37' title="bbox 597 2159 2195 2234">
    <p class='ocr_par' dir='ltr' id='par_1_37' title="bbox 597 2159 2195 2234">
     <span class='ocr_line' id='line_1_37' title="bbox 597 2159 2195 2234; baseline -0.001 -15"><span class='ocrx_word' id='word_1_239' title='bbox 597 2160 740 2219; x_wconf 64' lang='lat' dir='ltr'><strong>bea&#39;i</strong></span> <span class='ocrx_word' id='word_1_240' title='bbox 768 2159 997 2231; x_wconf 86' lang='lat' dir='ltr'><strong>Yppuliti</strong></span> <span class='ocrx_word' id='word_1_241' title='bbox 1026 2162 1278 2234; x_wconf 80' lang='lat' dir='ltr'><strong>martyris</strong></span> <span class='ocrx_word' id='word_1_242' title='bbox 1300 2163 1373 2216; x_wconf 90' lang='lat' dir='ltr'><strong>tui</strong></span> <span class='ocrx_word' id='word_1_243' title='bbox 1399 2164 1623 2232; x_wconf 90' lang='lat' dir='ltr'><strong>repetita</strong></span> <span class='ocrx_word' id='word_1_244' title='bbox 1661 2162 1995 2226; x_wconf 86' lang='lat' dir='ltr'><strong>solemnitas,</strong></span> <span class='ocrx_word' id='word_1_245' title='bbox 2033 2174 2085 2217; x_wconf 93' lang='lat' dir='ltr'><strong>et</strong></span> <span class='ocrx_word' id='word_1_246' title='bbox 2124 2163 2195 2218; x_wconf 88' lang='lat' dir='ltr'><strong>li-</strong></span> 
     </span>
    </p>
   </div>
   <div class='ocr_carea' id='block_1_38' title="bbox 597 2253 2195 2324">
    <p class='ocr_par' dir='ltr' id='par_1_38' title="bbox 597 2253 2195 2324">
     <span class='ocr_line' id='line_1_38' title="bbox 597 2253 2195 2324; baseline 0 -11"><span class='ocrx_word' id='word_1_247' title='bbox 597 2254 931 2313; x_wconf 76' lang='lat' dir='ltr'><strong>berationem</strong></span> <span class='ocrx_word' id='word_1_248' title='bbox 959 2255 1114 2309; x_wconf 81' lang='lat' dir='ltr'><strong>nobis</strong></span> <span class='ocrx_word' id='word_1_249' title='bbox 1147 2253 1435 2324; x_wconf 84' lang='lat' dir='ltr'><strong>perfectam</strong></span> <span class='ocrx_word' id='word_1_250' title='bbox 1480 2256 1701 2323; x_wconf 82' lang='lat' dir='ltr'><strong>tribuat,</strong></span> <span class='ocrx_word' id='word_1_251' title='bbox 1731 2265 1789 2313; x_wconf 91' lang='lat' dir='ltr'><strong>et</strong></span> <span class='ocrx_word' id='word_1_252' title='bbox 1816 2257 2064 2314; x_wconf 78' lang='lat' dir='ltr'><strong>salutem.</strong></span> <span class='ocrx_word' id='word_1_253' title='bbox 2094 2257 2195 2313; x_wconf 78' lang='lat' dir='ltr'><strong>Per</strong></span> 
     </span>
    </p>
   </div>
   <div class='ocr_carea' id='block_1_39' title="bbox 596 2347 1175 2407">
    <p class='ocr_par' dir='ltr' id='par_1_39' title="bbox 596 2347 1175 2407">
     <span class='ocr_line' id='line_1_39' title="bbox 596 2347 1175 2407; baseline -0.007 0"><span class='ocrx_word' id='word_1_254' title='bbox 596 2347 881 2407; x_wconf 84' lang='lat' dir='ltr'><strong>Dominum</strong></span> <span class='ocrx_word' id='word_1_255' title='bbox 909 2355 1175 2403; x_wconf 88' lang='lat' dir='ltr'><strong>nostrum.</strong></span> 
     </span>
    </p>
   </div>
   <div class='ocr_carea' id='block_1_40' title="bbox 1094 2438 1700 2502">
    <p class='ocr_par' dir='ltr' id='par_1_40' title="bbox 1094 2438 1700 2502">
     <span class='ocr_line' id='line_1_40' title="bbox 1094 2438 1700 2502; baseline -0.003 -12"><span class='ocrx_word' id='word_1_256' title='bbox 1094 2438 1331 2490; x_wconf 85' lang='lat' dir='ltr'><strong>Collectio</strong></span> <span class='ocrx_word' id='word_1_257' title='bbox 1353 2446 1465 2502; x_wconf 88' lang='lat' dir='ltr'><strong>post</strong></span> <span class='ocrx_word' id='word_1_258' title='bbox 1486 2442 1700 2490; x_wconf 89' lang='lat' dir='ltr'><strong>nomina.</strong></span> 
     </span>
    </p>
   </div>
   <div class='ocr_carea' id='block_1_41' title="bbox 676 2522 2200 2594">
    <p class='ocr_par' dir='ltr' id='par_1_41' title="bbox 676 2522 2200 2594">
     <span class='ocr_line' id='line_1_41' title="bbox 676 2522 2200 2594; baseline -0.001 -17"><span class='ocrx_word' id='word_1_259' title='bbox 676 2525 832 2590; x_wconf 88' lang='lat' dir='ltr'><strong>Deus,</strong></span> <span class='ocrx_word' id='word_1_260' title='bbox 866 2535 1074 2579; x_wconf 92' lang='lat' dir='ltr'><strong>tuorum</strong></span> <span class='ocrx_word' id='word_1_261' title='bbox 1106 2524 1306 2593; x_wconf 77' lang='lat' dir='ltr'><strong>gloria,</strong></span> <span class='ocrx_word' id='word_1_262' title='bbox 1338 2524 1557 2594; x_wconf 89' lang='lat' dir='ltr'><strong>martyri</strong></span> <span class='ocrx_word' id='word_1_263' title='bbox 1588 2532 1680 2579; x_wconf 92' lang='lat' dir='ltr'><strong>tuo</strong></span> <span class='ocrx_word' id='word_1_264' title='bbox 1710 2522 1977 2594; x_wconf 75' lang='lat' dir='ltr'><strong>Yppolyto</strong></span> <span class='ocrx_word' id='word_1_265' title='bbox 1997 2563 2010 2585; x_wconf 92' lang='lat'><strong>,</strong></span> <span class='ocrx_word' id='word_1_266' title='bbox 2053 2536 2200 2591; x_wconf 69' lang='lat' dir='ltr'><strong>qum-</strong></span> 
     </span>
    </p>
   </div>
   <div class='ocr_carea' id='block_1_42' title="bbox 599 2613 2197 2687">
    <p class='ocr_par' dir='ltr' id='par_1_42' title="bbox 599 2613 2197 2687">
     <span class='ocr_line' id='line_1_42' title="bbox 599 2613 2197 2687; baseline -0.003 -18"><span class='ocrx_word' id='word_1_267' title='bbox 599 2628 809 2682; x_wconf 82' lang='lat' dir='ltr'><strong>sumus,</strong></span> <span class='ocrx_word' id='word_1_268' title='bbox 852 2623 910 2669; x_wconf 92' lang='lat' dir='ltr'><strong>ut</strong></span> <span class='ocrx_word' id='word_1_269' title='bbox 954 2613 1237 2683; x_wconf 60' lang='lat' dir='ltr'><strong>profnobis</strong></span> <span class='ocrx_word' id='word_1_270' title='bbox 1284 2614 1771 2687; x_wconf 61' lang='lat' dir='ltr'><strong>supplicantem...</strong></span> <span class='ocrx_word' id='word_1_271' title='bbox 1823 2614 1998 2668; x_wconf 88' lang='lat' dir='ltr'><strong>omnia</strong></span> <span class='ocrx_word' id='word_1_272' title='bbox 2044 2614 2197 2666; x_wconf 89' lang='lat' dir='ltr'><strong>nohls</strong></span> 
     </span>
    </p>
   </div>
   <div class='ocr_carea' id='block_1_43' title="bbox 598 2704 2185 2775">
    <p class='ocr_par' dir='ltr' id='par_1_43' title="bbox 598 2704 2185 2775">
     <span class='ocr_line' id='line_1_43' title="bbox 598 2704 2185 2775; baseline -0.001 -14"><span class='ocrx_word' id='word_1_273' title='bbox 598 2719 857 2775; x_wconf 76' lang='lat' dir='ltr'><strong>prOSpera</strong></span> <span class='ocrx_word' id='word_1_274' title='bbox 901 2705 1154 2762; x_wconf 89' lang='lat' dir='ltr'><strong>concede.</strong></span> <span class='ocrx_word' id='word_1_275' title='bbox 1204 2705 1308 2761; x_wconf 86' lang='lat' dir='ltr'><strong>Per</strong></span> <span class='ocrx_word' id='word_1_276' title='bbox 1356 2706 1639 2763; x_wconf 89' lang='lat' dir='ltr'><strong>Dominum</strong></span> <span class='ocrx_word' id='word_1_277' title='bbox 1690 2713 1931 2761; x_wconf 80' lang='lat' dir='ltr'><strong>nostrum</strong></span> <span class='ocrx_word' id='word_1_278' title='bbox 1990 2704 2185 2765; x_wconf 83' lang='lat' dir='ltr'><strong>Filium</strong></span> 
     </span>
    </p>
   </div>
   <div class='ocr_carea' id='block_1_44' title="bbox 599 2803 1201 2865">
    <p class='ocr_par' dir='ltr' id='par_1_44' title="bbox 599 2803 1201 2865">
     <span class='ocr_line' id='line_1_44' title="bbox 599 2803 1201 2865; baseline 0 -16"><span class='ocrx_word' id='word_1_279' title='bbox 599 2803 771 2851; x_wconf 91' lang='lat' dir='ltr'><strong>tuum.</strong></span> <span class='ocrx_word' id='word_1_280' title='bbox 1170 2856 1201 2865; x_wconf 25' lang='grc' dir='ltr'><strong>ἦ</strong></span> 
     </span>
    </p>
   </div>
   <div class='ocr_carea' id='block_1_45' title="bbox 1128 2864 1658 2929">
    <p class='ocr_par' dir='ltr' id='par_1_45' title="bbox 1128 2864 1658 2929">
     <span class='ocr_line' id='line_1_45' title="bbox 1128 2864 1658 2929; baseline -0.002 -12"><span class='ocrx_word' id='word_1_281' title='bbox 1128 2864 1363 2917; x_wconf 70' lang='lat' dir='ltr'><strong>Collectio</strong></span> <span class='ocrx_word' id='word_1_282' title='bbox 1385 2867 1444 2915; x_wconf 84' lang='lat' dir='ltr'><strong>ad</strong></span> <span class='ocrx_word' id='word_1_283' title='bbox 1471 2879 1658 2929; x_wconf 87' lang='lat' dir='ltr'><strong>pacem.</strong></span> 
     </span>
    </p>
   </div>
   <div class='ocr_carea' id='block_1_46' title="bbox 670 2948 2188 3017">
    <p class='ocr_par' dir='ltr' id='par_1_46' title="bbox 670 2948 2188 3017">
     <span class='ocr_line' id='line_1_46' title="bbox 670 2948 2188 3017; baseline -0.001 -12"><span class='ocrx_word' id='word_1_284' title='bbox 670 2948 740 3005; x_wconf 91' lang='lat' dir='ltr'><strong>Ut</strong></span> <span class='ocrx_word' id='word_1_285' title='bbox 787 2949 941 3004; x_wconf 88' lang='lat' dir='ltr'><strong>nobis</strong></span> <span class='ocrx_word' id='word_1_286' title='bbox 994 2960 1105 3015; x_wconf 88' lang='lat' dir='ltr'><strong>tua,</strong></span> <span class='ocrx_word' id='word_1_287' title='bbox 1156 2950 1421 3017; x_wconf 89' lang='lat' dir='ltr'><strong>Domine,</strong></span> <span class='ocrx_word' id='word_1_288' title='bbox 1473 2950 1708 3007; x_wconf 88' lang='lat' dir='ltr'><strong>remedia</strong></span> <span class='ocrx_word' id='word_1_289' title='bbox 1757 2952 1886 3006; x_wconf 89' lang='lat' dir='ltr'><strong>dent</strong></span> <span class='ocrx_word' id='word_1_290' title='bbox 1937 2951 2188 3017; x_wconf 89' lang='lat' dir='ltr'><strong>salutem,</strong></span> 
     </span>
    </p>
   </div>
   <div class='ocr_carea' id='block_1_47' title="bbox 598 3039 2196 3115">
    <p class='ocr_par' dir='ltr' id='par_1_47' title="bbox 598 3039 2196 3115">
     <span class='ocr_line' id='line_1_47' title="bbox 598 3039 2196 3115; baseline -0.002 -16"><span class='ocrx_word' id='word_1_291' title='bbox 598 3042 783 3099; x_wconf 85' lang='lat' dir='ltr'><strong>beatus</strong></span> <span class='ocrx_word' id='word_1_292' title='bbox 814 3039 1088 3112; x_wconf 77' lang='lat' dir='ltr'><strong>Yppolitus</strong></span> <span class='ocrx_word' id='word_1_293' title='bbox 1119 3054 1341 3115; x_wconf 86' lang='lat' dir='ltr'><strong>martyr,</strong></span> <span class='ocrx_word' id='word_1_294' title='bbox 1374 3060 1702 3114; x_wconf 53' lang='lat' dir='ltr'><strong>quaesumus,</strong></span> <span class='ocrx_word' id='word_1_295' title='bbox 1738 3060 1833 3114; x_wconf 91' lang='lat' dir='ltr'><strong>pro</strong></span> <span class='ocrx_word' id='word_1_296' title='bbox 1876 3044 2031 3099; x_wconf 88' lang='lat' dir='ltr'><strong>nobis</strong></span> <span class='ocrx_word' id='word_1_297' title='bbox 2070 3059 2196 3113; x_wconf 86' lang='lat' dir='ltr'><strong>sup-</strong></span> 
     </span>
    </p>
   </div>
   <div class='ocr_carea' id='block_1_48' title="bbox 598 3133 2113 3205">
    <p class='ocr_par' dir='ltr' id='par_1_48' title="bbox 598 3133 2113 3205">
     <span class='ocr_line' id='line_1_48' title="bbox 598 3133 2113 3205; baseline 0.001 -17"><span class='ocrx_word' id='word_1_298' title='bbox 598 3133 802 3205; x_wconf 90' lang='lat' dir='ltr'><strong>plicans</strong></span> <span class='ocrx_word' id='word_1_299' title='bbox 836 3135 1085 3203; x_wconf 90' lang='lat' dir='ltr'><strong>copiosus</strong></span> <span class='ocrx_word' id='word_1_300' title='bbox 1110 3136 1374 3190; x_wconf 88' lang='lat' dir='ltr'><strong>audiatur.</strong></span> <span class='ocrx_word' id='word_1_301' title='bbox 1409 3137 1512 3191; x_wconf 88' lang='lat' dir='ltr'><strong>Per</strong></span> <span class='ocrx_word' id='word_1_302' title='bbox 1538 3137 1819 3191; x_wconf 91' lang='lat' dir='ltr'><strong>Dominum</strong></span> <span class='ocrx_word' id='word_1_303' title='bbox 1850 3145 2113 3191; x_wconf 91' lang='lat' dir='ltr'><strong>nostrum.</strong></span> 
     </span>
    </p>
   </div>
   <div class='ocr_carea' id='block_1_49' title="bbox 1150 3227 1621 3279">
    <p class='ocr_par' dir='ltr' id='par_1_49' title="bbox 1150 3227 1621 3279">
     <span class='ocr_line' id='line_1_49' title="bbox 1150 3227 1621 3279; baseline 0.004 -3"><span class='ocrx_word' id='word_1_304' title='bbox 1150 3227 1421 3279; x_wconf 89' lang='lat' dir='ltr'><strong>Immolatio</strong></span> <span class='ocrx_word' id='word_1_305' title='bbox 1444 3230 1621 3279; x_wconf 57' lang='lat' dir='ltr'><strong>missas.</strong></span> 
     </span>
    </p>
   </div>
   <div class='ocr_carea' id='block_1_50' title="bbox 674 3312 2192 3383">
    <p class='ocr_par' dir='ltr' id='par_1_50' title="bbox 674 3312 2192 3383">
     <span class='ocr_line' id='line_1_50' title="bbox 674 3312 2192 3383; baseline -0.002 -14"><span class='ocrx_word' id='word_1_306' title='bbox 674 3315 809 3371; x_wconf 83' lang='lat' dir='ltr'><strong>Vere</strong></span> <span class='ocrx_word' id='word_1_307' title='bbox 854 3314 1071 3383; x_wconf 80' lang='lat' dir='ltr'><strong>dignum</strong></span> <span class='ocrx_word' id='word_1_308' title='bbox 1102 3312 1165 3367; x_wconf 85' lang='lat' dir='ltr'><strong>et&#39;</strong></span> <span class='ocrx_word' id='word_1_309' title='bbox 1195 3312 1391 3381; x_wconf 92' lang='lat' dir='ltr'><strong>justum</strong></span> <span class='ocrx_word' id='word_1_310' title='bbox 1440 3322 1543 3377; x_wconf 88' lang='lat' dir='ltr'><strong>est,</strong></span> <span class='ocrx_word' id='word_1_311' title='bbox 1593 3313 1933 3382; x_wconf 88' lang='lat' dir='ltr'><strong>omnipotens</strong></span> <span class='ocrx_word' id='word_1_312' title='bbox 1989 3319 2192 3367; x_wconf 83' lang='lat' dir='ltr'><strong>aeterne</strong></span> 
     </span>
    </p>
   </div>
   <div class='ocr_carea' id='block_1_51' title="bbox 597 3405 2192 3478">
    <p class='ocr_par' dir='ltr' id='par_1_51' title="bbox 597 3405 2192 3478">
     <span class='ocr_line' id='line_1_51' title="bbox 597 3405 2192 3478; baseline -0.003 -12"><span class='ocrx_word' id='word_1_313' title='bbox 597 3410 756 3465; x_wconf 85' lang='lat' dir='ltr'><strong>Deus.</strong></span> <span class='ocrx_word' id='word_1_314' title='bbox 790 3410 894 3478; x_wconf 82' lang='lat' dir='ltr'><strong>Qui</strong></span> <span class='ocrx_word' id='word_1_315' title='bbox 928 3410 1139 3463; x_wconf 89' lang='lat' dir='ltr'><strong>beatum</strong></span> <span class='ocrx_word' id='word_1_316' title='bbox 1174 3405 1505 3475; x_wconf 80' lang='lat' dir='ltr'><strong>Yppolitum,</strong></span> <span class='ocrx_word' id='word_1_317' title='bbox 1537 3408 1831 3477; x_wconf 88' lang='lat' dir='ltr'><strong>tyrannicis</strong></span> <span class='ocrx_word' id='word_1_318' title='bbox 1862 3406 2039 3461; x_wconf 88' lang='lat' dir='ltr'><strong>adhuc</strong></span> <span class='ocrx_word' id='word_1_319' title='bbox 2093 3405 2192 3461; x_wconf 88' lang='lat' dir='ltr'><strong>ob-</strong></span> 
     </span>
    </p>
   </div>
   <div class='ocr_carea' id='block_1_52' title="bbox 597 3496 2188 3574">
    <p class='ocr_par' dir='ltr' id='par_1_52' title="bbox 597 3496 2188 3574">
     <span class='ocr_line' id='line_1_52' title="bbox 597 3496 2188 3574; baseline -0.006 -15"><span class='ocrx_word' id='word_1_320' title='bbox 597 3503 794 3574; x_wconf 80' lang='lat' dir='ltr'><strong>sequiis</strong></span> <span class='ocrx_word' id='word_1_321' title='bbox 823 3508 1144 3570; x_wconf 88' lang='lat' dir='ltr'><strong>occupatum</strong></span> <span class='ocrx_word' id='word_1_322' title='bbox 1169 3541 1184 3566; x_wconf 91' lang='lat'><strong>,</strong></span> <span class='ocrx_word' id='word_1_323' title='bbox 1218 3498 1395 3553; x_wconf 90' lang='lat' dir='ltr'><strong>subito</strong></span> <span class='ocrx_word' id='word_1_324' title='bbox 1445 3498 1612 3552; x_wconf 86' lang='lat' dir='ltr'><strong>iecisti</strong></span> <span class='ocrx_word' id='word_1_325' title='bbox 1656 3497 1910 3552; x_wconf 86' lang='lat' dir='ltr'><strong>Laurenti</strong></span> <span class='ocrx_word' id='word_1_326' title='bbox 1958 3496 2188 3551; x_wconf 90' lang='lat' dir='ltr'><strong>socium.</strong></span> 
     </span>
    </p>
   </div>
   <div class='ocr_carea' id='block_1_53' title="bbox 598 3586 2192 3663">
    <p class='ocr_par' dir='ltr' id='par_1_53' title="bbox 598 3586 2192 3663">
     <span class='ocr_line' id='line_1_53' title="bbox 598 3586 2192 3663; baseline -0.004 -15"><span class='ocrx_word' id='word_1_327' title='bbox 598 3594 696 3662; x_wconf 84' lang='lat' dir='ltr'><strong>Qui</strong></span> <span class='ocrx_word' id='word_1_328' title='bbox 729 3592 951 3663; x_wconf 83' lang='lat' dir='ltr'><strong>spiritali</strong></span> <span class='ocrx_word' id='word_1_329' title='bbox 982 3592 1177 3647; x_wconf 87' lang='lat' dir='ltr'><strong>ardore</strong></span> <span class='ocrx_word' id='word_1_330' title='bbox 1217 3602 1530 3655; x_wconf 87' lang='lat' dir='ltr'><strong>succensus,</strong></span> <span class='ocrx_word' id='word_1_331' title='bbox 1563 3589 1689 3643; x_wconf 93' lang='lat' dir='ltr'><strong>dum</strong></span> <span class='ocrx_word' id='word_1_332' title='bbox 1746 3588 2074 3658; x_wconf 88' lang='lat' dir='ltr'><strong>unigenitum</strong></span> <span class='ocrx_word' id='word_1_333' title='bbox 2106 3586 2192 3641; x_wconf 86' lang='lat' dir='ltr'><strong>Fi-</strong></span> 
     </span>
    </p>
   </div>
   <div class='ocr_carea' id='block_1_54' title="bbox 596 3680 2193 3749">
    <p class='ocr_par' dir='ltr' id='par_1_54' title="bbox 596 3680 2193 3749">
     <span class='ocr_line' id='line_1_54' title="bbox 596 3680 2193 3749; baseline -0.004 -7"><span class='ocrx_word' id='word_1_334' title='bbox 596 3685 728 3742; x_wconf 90' lang='lat' dir='ltr'><strong>lium</strong></span> <span class='ocrx_word' id='word_1_335' title='bbox 763 3697 909 3741; x_wconf 91' lang='lat' dir='ltr'><strong>tuum</strong></span> <span class='ocrx_word' id='word_1_336' title='bbox 937 3684 1221 3739; x_wconf 86' lang='lat' dir='ltr'><strong>Dominum</strong></span> <span class='ocrx_word' id='word_1_337' title='bbox 1245 3690 1485 3737; x_wconf 90' lang='lat' dir='ltr'><strong>nostrum</strong></span> <span class='ocrx_word' id='word_1_338' title='bbox 1510 3695 1694 3736; x_wconf 89' lang='lat' dir='ltr'><strong>coram</strong></span> <span class='ocrx_word' id='word_1_339' title='bbox 1724 3680 2077 3749; x_wconf 85' lang='lat' dir='ltr'><strong>potestatibus</strong></span> <span class='ocrx_word' id='word_1_340' title='bbox 2098 3694 2193 3735; x_wconf 89' lang='lat' dir='ltr'><strong>ve-</strong></span> 
     </span>
    </p>
   </div>
   <div class='ocr_carea' id='block_1_55' title="bbox 597 3770 2191 3844">
    <p class='ocr_par' dir='ltr' id='par_1_55' title="bbox 597 3770 2191 3844">
     <span class='ocr_line' id='line_1_55' title="bbox 597 3770 2191 3844; baseline -0.006 -9"><span class='ocrx_word' id='word_1_341' title='bbox 597 3780 794 3835; x_wconf 87' lang='lat' dir='ltr'><strong>raciter</strong></span> <span class='ocrx_word' id='word_1_342' title='bbox 822 3776 1133 3842; x_wconf 83' lang='lat' dir='ltr'><strong>confitetur,</strong></span> <span class='ocrx_word' id='word_1_343' title='bbox 1185 3776 1355 3844; x_wconf 66' lang='lat' dir='ltr'><strong>poenis</strong></span> <span class='ocrx_word' id='word_1_344' title='bbox 1385 3773 1687 3842; x_wconf 83' lang='lat' dir='ltr'><strong>subjicitur,</strong></span> <span class='ocrx_word' id='word_1_345' title='bbox 1733 3772 1958 3827; x_wconf 79' lang='lat' dir='ltr'><strong>vinculis</strong></span> <span class='ocrx_word' id='word_1_346' title='bbox 2005 3770 2191 3840; x_wconf 88' lang='lat' dir='ltr'><strong>inliga-</strong></span> 
     </span>
    </p>
   </div>
   <div class='ocr_carea' id='block_1_56' title="bbox 598 3863 2194 3939">
    <p class='ocr_par' dir='ltr' id='par_1_56' title="bbox 598 3863 2194 3939">
     <span class='ocr_line' id='line_1_56' title="bbox 598 3863 2194 3939; baseline -0.006 -13"><span class='ocrx_word' id='word_1_347' title='bbox 598 3876 718 3935; x_wconf 81' lang='lat' dir='ltr'><strong>tur,</strong></span> <span class='ocrx_word' id='word_1_348' title='bbox 751 3870 925 3925; x_wconf 90' lang='lat' dir='ltr'><strong>cardis</strong></span> <span class='ocrx_word' id='word_1_349' title='bbox 952 3867 1254 3939; x_wconf 83' lang='lat' dir='ltr'><strong>conﬁgitur,</strong></span> <span class='ocrx_word' id='word_1_350' title='bbox 1300 3880 1560 3935; x_wconf 90' lang='lat' dir='ltr'><strong>equorum</strong></span> <span class='ocrx_word' id='word_1_351' title='bbox 1605 3864 1883 3920; x_wconf 85' lang='lat' dir='ltr'><strong>ferocitate</strong></span> <span class='ocrx_word' id='word_1_352' title='bbox 1932 3863 2194 3934; x_wconf 75' lang='lat' dir='ltr'><strong>disjmrgi-</strong></span> 
     </span>
    </p>
   </div>
   <div class='ocr_carea' id='block_1_57' title="bbox 598 3960 2189 4033">
    <p class='ocr_par' dir='ltr' id='par_1_57' title="bbox 598 3960 2189 4033">
     <span class='ocr_line' id='line_1_57' title="bbox 598 3960 2189 4033; baseline -0.004 -13"><span class='ocrx_word' id='word_1_353' title='bbox 598 3971 717 4029; x_wconf 86' lang='lat' dir='ltr'><strong>tur;</strong></span> <span class='ocrx_word' id='word_1_354' title='bbox 746 3972 801 4019; x_wconf 89' lang='lat' dir='ltr'><strong>et</strong></span> <span class='ocrx_word' id='word_1_355' title='bbox 825 3963 1015 4033; x_wconf 87' lang='lat' dir='ltr'><strong>adepta</strong></span> <span class='ocrx_word' id='word_1_356' title='bbox 1058 3962 1235 4031; x_wconf 89' lang='lat' dir='ltr'><strong>palma</strong></span> <span class='ocrx_word' id='word_1_357' title='bbox 1287 3960 1568 4031; x_wconf 85' lang='lat' dir='ltr'><strong>martyrii,</strong></span> <span class='ocrx_word' id='word_1_358' title='bbox 1605 3960 1711 4013; x_wconf 88' lang='lat' dir='ltr'><strong>vita</strong></span> <span class='ocrx_word' id='word_1_359' title='bbox 1763 3967 2016 4029; x_wconf 86' lang='lat' dir='ltr'><strong>perpetua</strong></span> <span class='ocrx_word' id='word_1_360' title='bbox 2069 3972 2189 4014; x_wconf 84' lang='lat' dir='ltr'><strong>cum</strong></span> 
     </span>
    </p>
   </div>
   <div class='ocr_carea' id='block_1_58' title="bbox 601 4052 2190 4126">
    <p class='ocr_par' dir='ltr' id='par_1_58' title="bbox 601 4052 2190 4126">
     <span class='ocr_line' id='line_1_58' title="bbox 601 4052 2190 4126; baseline -0.004 -13"><span class='ocrx_word' id='word_1_361' title='bbox 601 4058 869 4114; x_wconf 88' lang='lat' dir='ltr'><strong>lucratore</strong></span> <span class='ocrx_word' id='word_1_362' title='bbox 892 4065 946 4112; x_wconf 89' lang='lat' dir='ltr'><strong>et</strong></span> <span class='ocrx_word' id='word_1_363' title='bbox 975 4055 1233 4126; x_wconf 86' lang='lat' dir='ltr'><strong>magistro</strong></span> <span class='ocrx_word' id='word_1_364' title='bbox 1264 4052 1553 4108; x_wconf 88' lang='lat' dir='ltr'><strong>Laurentio</strong></span> <span class='ocrx_word' id='word_1_365' title='bbox 1577 4060 1886 4108; x_wconf 88' lang='lat' dir='ltr'><strong>coronatur.</strong></span> <span class='ocrx_word' id='word_1_366' title='bbox 1912 4052 2012 4107; x_wconf 86' lang='lat' dir='ltr'><strong>Per</strong></span> <span class='ocrx_word' id='word_1_367' title='bbox 2034 4052 2190 4108; x_wconf 83' lang='lat' dir='ltr'><strong>Chri-</strong></span> 
     </span>
    </p>
   </div>
   <div class='ocr_carea' id='block_1_59' title="bbox 600 4153 1354 4209">
    <p class='ocr_par' dir='ltr' id='par_1_59' title="bbox 600 4153 1354 4209">
     <span class='ocr_line' id='line_1_59' title="bbox 600 4153 1354 4209; baseline -0.005 0"><span class='ocrx_word' id='word_1_368' title='bbox 600 4164 743 4209; x_wconf 88' lang='lat' dir='ltr'><strong>stum</strong></span> <span class='ocrx_word' id='word_1_369' title='bbox 772 4153 1058 4207; x_wconf 86' lang='lat' dir='ltr'><strong>Dominum</strong></span> <span class='ocrx_word' id='word_1_370' title='bbox 1091 4158 1354 4205; x_wconf 89' lang='lat' dir='ltr'><strong>nostrum.</strong></span> 
     </span>
    </p>
   </div>
   <div class='ocr_carea' id='block_1_60' title="bbox 599 4265 2193 4325">
    <p class='ocr_par' dir='ltr' id='par_1_60' title="bbox 599 4265 2193 4325">
     <span class='ocr_line' id='line_1_60' title="bbox 599 4265 2193 4325; baseline -0.006 0"><span class='ocrx_word' id='word_1_371' title='bbox 599 4265 737 4325; x_wconf 68' lang='lat' dir='ltr'><strong>LXI.</strong></span> <span class='ocrx_word' id='word_1_372' title='bbox 758 4280 906 4322; x_wconf 75' lang='lat' dir='ltr'><strong>IllBSA</strong></span> <span class='ocrx_word' id='word_1_373' title='bbox 924 4279 977 4321; x_wconf 77' lang='lat' dir='ltr'><strong>IN</strong></span> <span class='ocrx_word' id='word_1_374' title='bbox 1007 4278 1213 4319; x_wconf 70' lang='lat' dir='ltr'><strong>NATALE</strong></span> <span class='ocrx_word' id='word_1_375' title='bbox 1243 4275 1555 4317; x_wconf 66' lang='grc' dir='ltr'><strong>εΑκοτοιιωί</strong></span> <span class='ocrx_word' id='word_1_376' title='bbox 1586 4275 1872 4317; x_wconf 69' lang='lat' dir='ltr'><strong>HABTYRUI</strong></span> <span class='ocrx_word' id='word_1_377' title='bbox 1895 4273 2103 4316; x_wconf 76' lang='lat' dir='ltr'><strong>CORNILI</strong></span> <span class='ocrx_word' id='word_1_378' title='bbox 2121 4276 2193 4316; x_wconf 76' lang='grc' dir='ltr'><strong>ΕΤ</strong></span> 
     </span>
    </p>
   </div>
   <div class='ocr_carea' id='block_1_61' title="bbox 1245 4364 1557 4411">
    <p class='ocr_par' dir='ltr' id='par_1_61' title="bbox 1245 4364 1557 4411">
     <span class='ocr_line' id='line_1_61' title="bbox 1245 4364 1557 4411; baseline -0.006 0"><span class='ocrx_word' id='word_1_379' title='bbox 1245 4369 1486 4411; x_wconf 71' lang='grc' dir='ltr'><strong>(ΖΥΡΒΙΔΝΙ</strong></span> <span class='ocrx_word' id='word_1_380' title='bbox 1509 4364 1557 4409; x_wconf 76' lang='grc'><strong>⁸.</strong></span> 
     </span>
    </p>
   </div>
   <div class='ocr_carea' id='block_1_62' title="bbox 676 4464 2195 4537">
    <p class='ocr_par' dir='ltr' id='par_1_62' title="bbox 676 4464 2195 4537">
     <span class='ocr_line' id='line_1_62' title="bbox 676 4464 2195 4537; baseline -0.006 -9"><span class='ocrx_word' id='word_1_381' title='bbox 676 4472 872 4529; x_wconf 91' lang='lat' dir='ltr'><strong>Sancte</strong></span> <span class='ocrx_word' id='word_1_382' title='bbox 918 4467 1147 4525; x_wconf 86' lang='lat' dir='ltr'><strong>Domine</strong></span> <span class='ocrx_word' id='word_1_383' title='bbox 1189 4467 1549 4534; x_wconf 86' lang='lat' dir='ltr'><strong>omnipotens,</strong></span> <span class='ocrx_word' id='word_1_384' title='bbox 1598 4478 1757 4537; x_wconf 88' lang='lat' dir='ltr'><strong>quem</strong></span> <span class='ocrx_word' id='word_1_385' title='bbox 1812 4464 2086 4520; x_wconf 86' lang='lat' dir='ltr'><strong>Cornilius</strong></span> <span class='ocrx_word' id='word_1_386' title='bbox 2137 4474 2195 4519; x_wconf 88' lang='lat' dir='ltr'><strong>et</strong></span> 
     </span>
    </p>
   </div>
   <div class='ocr_carea' id='block_1_63' title="bbox 601 4561 2272 4649">
    <p class='ocr_par' dir='ltr' id='par_1_63' title="bbox 601 4561 2272 4649">
     <span class='ocr_line' id='line_1_63' title="bbox 601 4561 2272 4649; baseline -0.005 -27"><span class='ocrx_word' id='word_1_387' title='bbox 601 4564 922 4639; x_wconf 84' lang='lat' dir='ltr'><strong>Cyprianus,</strong></span> <span class='ocrx_word' id='word_1_388' title='bbox 957 4562 1266 4631; x_wconf 87' lang='lat' dir='ltr'><strong>triumphali</strong></span> <span class='ocrx_word' id='word_1_389' title='bbox 1309 4563 1569 4632; x_wconf 86' lang='lat' dir='ltr'><strong>sanguine</strong></span> <span class='ocrx_word' id='word_1_390' title='bbox 1596 4561 1924 4627; x_wconf 90' lang='lat' dir='ltr'><strong>conﬁtendo,</strong></span> <span class='ocrx_word' id='word_1_391' title='bbox 1957 4576 2191 4617; x_wconf 87' lang='lat' dir='ltr'><strong>venera-</strong></span> <span class='ocrx_word' id='word_1_392' title='bbox 2214 4584 2272 4649; x_wconf 66' lang='grc' dir='ltr'><strong><em>υ</em></strong></span> 
     </span>
    </p>
   </div>
   <div class='ocr_carea' id='block_1_64' title="bbox 601 4655 2190 4727">
    <p class='ocr_par' dir='ltr' id='par_1_64' title="bbox 601 4655 2190 4727">
     <span class='ocr_line' id='line_1_64' title="bbox 601 4655 2190 4727; baseline -0.004 -10"><span class='ocrx_word' id='word_1_393' title='bbox 601 4659 738 4717; x_wconf 88' lang='lat' dir='ltr'><strong>biles</strong></span> <span class='ocrx_word' id='word_1_394' title='bbox 761 4658 1073 4724; x_wconf 80' lang='lat' dir='ltr'><strong>extiterunt,</strong></span> <span class='ocrx_word' id='word_1_395' title='bbox 1106 4664 1322 4726; x_wconf 85' lang='lat' dir='ltr'><strong>praesta,</strong></span> <span class='ocrx_word' id='word_1_396' title='bbox 1360 4670 1684 4726; x_wconf 61' lang='lat' dir='ltr'><strong>quaesumus,</strong></span> <span class='ocrx_word' id='word_1_397' title='bbox 1704 4664 1764 4711; x_wconf 91' lang='lat' dir='ltr'><strong>ut</strong></span> <span class='ocrx_word' id='word_1_398' title='bbox 1790 4663 2014 4727; x_wconf 89' lang='lat' dir='ltr'><strong>uterque</strong></span> <span class='ocrx_word' id='word_1_399' title='bbox 2035 4655 2190 4711; x_wconf 90' lang='lat' dir='ltr'><strong>nobis</strong></span> 
     </span>
    </p>
   </div>
   <div class='ocr_carea' id='block_1_65' title="bbox 598 4747 1358 4823">
    <p class='ocr_par' dir='ltr' id='par_1_65' title="bbox 598 4747 1358 4823">
     <span class='ocr_line' id='line_1_65' title="bbox 598 4747 1358 4823; baseline -0.009 -16"><span class='ocrx_word' id='word_1_400' title='bbox 598 4749 797 4823; x_wconf 76' lang='lat' dir='ltr'><strong>iugiter</strong></span> <span class='ocrx_word' id='word_1_401' title='bbox 824 4747 1202 4821; x_wconf 75' lang='lat' dir='ltr'><strong>suﬁragentur.</strong></span> <span class='ocrx_word' id='word_1_402' title='bbox 1236 4748 1358 4801; x_wconf 84' lang='lat' dir='ltr'><strong>Per.</strong></span> 
     </span>
    </p>
   </div>
   <div class='ocr_carea' id='block_1_66' title="bbox 1156 4840 1651 4902">
    <p class='ocr_par' dir='ltr' id='par_1_66' title="bbox 1156 4840 1651 4902">
     <span class='ocr_line' id='line_1_66' title="bbox 1156 4840 1651 4902; baseline -0.002 -10"><span class='ocrx_word' id='word_1_403' title='bbox 1156 4840 1392 4893; x_wconf 88' lang='lat' dir='ltr'><strong>Collectio</strong></span> <span class='ocrx_word' id='word_1_404' title='bbox 1412 4840 1651 4902; x_wconf 86' lang='lat' dir='ltr'><strong>sequitur.</strong></span> 
     </span>
    </p>
   </div>
   <div class='ocr_carea' id='block_1_67' title="bbox 676 4923 2183 4997">
    <p class='ocr_par' dir='ltr' id='par_1_67' title="bbox 676 4923 2183 4997">
     <span class='ocr_line' id='line_1_67' title="bbox 676 4923 2183 4997; baseline -0.003 -12"><span class='ocrx_word' id='word_1_405' title='bbox 676 4930 901 4986; x_wconf 89' lang='lat' dir='ltr'><strong>Sanctus</strong></span> <span class='ocrx_word' id='word_1_406' title='bbox 950 4926 1223 4983; x_wconf 85' lang='lat' dir='ltr'><strong>Cornilius</strong></span> <span class='ocrx_word' id='word_1_407' title='bbox 1272 4935 1326 4981; x_wconf 92' lang='lat' dir='ltr'><strong>et</strong></span> <span class='ocrx_word' id='word_1_408' title='bbox 1364 4926 1663 4997; x_wconf 79' lang='lat' dir='ltr'><strong>Cyprianus</strong></span> <span class='ocrx_word' id='word_1_409' title='bbox 1705 4923 1956 4997; x_wconf 78' lang='lat' dir='ltr'><strong>suffragia</strong></span> <span class='ocrx_word' id='word_1_410' title='bbox 1998 4925 2183 4992; x_wconf 88' lang='lat' dir='ltr'><strong>nobis,</strong></span> 
     </span>
    </p>
   </div>
   <div class='ocr_carea' id='block_1_68' title="bbox 602 5019 2185 5093">
    <p class='ocr_par' dir='ltr' id='par_1_68' title="bbox 602 5019 2185 5093">
     <span class='ocr_line' id='line_1_68' title="bbox 602 5019 2185 5093; baseline -0.003 -13"><span class='ocrx_word' id='word_1_411' title='bbox 602 5025 858 5093; x_wconf 89' lang='lat' dir='ltr'><strong>Domine,</strong></span> <span class='ocrx_word' id='word_1_412' title='bbox 892 5030 1150 5079; x_wconf 89' lang='lat' dir='ltr'><strong>consueta</strong></span> <span class='ocrx_word' id='word_1_413' title='bbox 1178 5022 1518 5093; x_wconf 86' lang='lat' dir='ltr'><strong>dependant,</strong></span> <span class='ocrx_word' id='word_1_414' title='bbox 1550 5030 1604 5076; x_wconf 93' lang='lat' dir='ltr'><strong>et</strong></span> <span class='ocrx_word' id='word_1_415' title='bbox 1636 5020 1747 5089; x_wconf 89' lang='lat' dir='ltr'><strong>pari</strong></span> <span class='ocrx_word' id='word_1_416' title='bbox 1776 5034 1989 5090; x_wconf 89' lang='lat' dir='ltr'><strong>semper</strong></span> <span class='ocrx_word' id='word_1_417' title='bbox 2017 5019 2185 5076; x_wconf 89' lang='lat' dir='ltr'><strong>inter-</strong></span> 
     </span>
    </p>
   </div>
   <div class='ocr_carea' id='block_1_69' title="bbox 602 5113 1706 5173">
    <p class='ocr_par' dir='ltr' id='par_1_69' title="bbox 602 5113 1706 5173">
     <span class='ocr_line' id='line_1_69' title="bbox 602 5113 1706 5173; baseline -0.006 0"><span class='ocrx_word' id='word_1_418' title='bbox 602 5118 846 5173; x_wconf 88' lang='lat' dir='ltr'><strong>cessione</strong></span> <span class='ocrx_word' id='word_1_419' title='bbox 878 5131 976 5172; x_wconf 91' lang='lat' dir='ltr'><strong>nos</strong></span> <span class='ocrx_word' id='word_1_420' title='bbox 1006 5115 1238 5171; x_wconf 82' lang='lat' dir='ltr'><strong>foveant.</strong></span> <span class='ocrx_word' id='word_1_421' title='bbox 1268 5115 1372 5169; x_wconf 79' lang='lat' dir='ltr'><strong>Per</strong></span> <span class='ocrx_word' id='word_1_422' title='bbox 1402 5113 1706 5167; x_wconf 81' lang='lat' dir='ltr'><strong>Dominum.</strong></span> 
     </span>
    </p>
   </div>
   <div class='ocr_carea' id='block_1_70' title="bbox 1101 5206 1721 5267">
    <p class='ocr_par' dir='ltr' id='par_1_70' title="bbox 1101 5206 1721 5267">
     <span class='ocr_line' id='line_1_70' title="bbox 1101 5206 1721 5267; baseline -0.003 -11"><span class='ocrx_word' id='word_1_423' title='bbox 1101 5206 1355 5257; x_wconf 81' lang='lat' dir='ltr'><strong>.Collectio</strong></span> <span class='ocrx_word' id='word_1_424' title='bbox 1378 5212 1488 5267; x_wconf 86' lang='lat' dir='ltr'><strong>post</strong></span> <span class='ocrx_word' id='word_1_425' title='bbox 1510 5206 1721 5255; x_wconf 81' lang='lat' dir='ltr'><strong>nomina.</strong></span> 
     </span>
    </p>
   </div>
   <div class='ocr_carea' id='block_1_71' title="bbox 673 5284 2187 5362">
    <p class='ocr_par' dir='ltr' id='par_1_71' title="bbox 673 5284 2187 5362">
     <span class='ocr_line' id='line_1_71' title="bbox 673 5284 2187 5362; baseline -0.005 -12"><span class='ocrx_word' id='word_1_426' title='bbox 673 5297 957 5350; x_wconf 80' lang='lat' dir='ltr'><strong>Deatorum</strong></span> <span class='ocrx_word' id='word_1_427' title='bbox 998 5300 1292 5362; x_wconf 83' lang='lat' dir='ltr'><strong>martyrum</strong></span> <span class='ocrx_word' id='word_1_428' title='bbox 1346 5291 1650 5359; x_wconf 75' lang='lat' dir='ltr'><strong>pariterque</strong></span> <span class='ocrx_word' id='word_1_429' title='bbox 1692 5286 2002 5357; x_wconf 84' lang='lat' dir='ltr'><strong>pontiﬁcum</strong></span> <span class='ocrx_word' id='word_1_430' title='bbox 2053 5284 2187 5344; x_wconf 86' lang='lat' dir='ltr'><strong>Cor-</strong></span> 
     </span>
    </p>
   </div>
   <div class='ocr_carea' id='block_1_72' title="bbox 604 5379 2185 5456">
    <p class='ocr_par' dir='ltr' id='par_1_72' title="bbox 604 5379 2185 5456">
     <span class='ocr_line' id='line_1_72' title="bbox 604 5379 2185 5456; baseline -0.003 -16"><span class='ocrx_word' id='word_1_431' title='bbox 604 5385 700 5440; x_wconf 88' lang='lat' dir='ltr'><strong>nili</strong></span> <span class='ocrx_word' id='word_1_432' title='bbox 727 5393 783 5441; x_wconf 80' lang='lat' dir='ltr'><strong>et</strong></span> <span class='ocrx_word' id='word_1_433' title='bbox 806 5383 1063 5456; x_wconf 74' lang='lat' dir='ltr'><strong>Cypriani</strong></span> <span class='ocrx_word' id='word_1_434' title='bbox 1091 5396 1210 5447; x_wconf 87' lang='lat' dir='ltr'><strong>nos,</strong></span> <span class='ocrx_word' id='word_1_435' title='bbox 1240 5394 1569 5451; x_wconf 69' lang='lat' dir='ltr'><strong>quassamus,</strong></span> <span class='ocrx_word' id='word_1_436' title='bbox 1602 5379 1737 5435; x_wconf 70' lang='lat' dir='ltr'><strong>testa</strong></span> <span class='ocrx_word' id='word_1_437' title='bbox 1772 5386 2059 5444; x_wconf 84' lang='lat' dir='ltr'><strong>tueantur;</strong></span> <span class='ocrx_word' id='word_1_438' title='bbox 2087 5392 2185 5435; x_wconf 78' lang='lat' dir='ltr'><strong>eo-</strong></span> 
     </span>
    </p>
   </div>
   <div class='ocr_carea' id='block_1_73' title="bbox 602 5467 2188 5541">
    <p class='ocr_par' dir='ltr' id='par_1_73' title="bbox 602 5467 2188 5541">
     <span class='ocr_line' id='line_1_73' title="bbox 602 5467 2188 5541; baseline -0.006 -9"><span class='ocrx_word' id='word_1_439' title='bbox 602 5491 721 5532; x_wconf 86' lang='lat' dir='ltr'><strong>rum</strong></span> <span class='ocrx_word' id='word_1_440' title='bbox 770 5490 868 5531; x_wconf 85' lang='lat' dir='ltr'><strong>nos</strong></span> <span class='ocrx_word' id='word_1_441' title='bbox 898 5474 1016 5541; x_wconf 85' lang='lat' dir='ltr'><strong>tibi,</strong></span> <span class='ocrx_word' id='word_1_442' title='bbox 1049 5472 1298 5538; x_wconf 86' lang='lat' dir='ltr'><strong>Domine,</strong></span> <span class='ocrx_word' id='word_1_443' title='bbox 1328 5469 1668 5528; x_wconf 76' lang='lat' dir='ltr'><strong>commendet</strong></span> <span class='ocrx_word' id='word_1_444' title='bbox 1705 5467 1912 5533; x_wconf 86' lang='lat' dir='ltr'><strong>oratio,</strong></span> <span class='ocrx_word' id='word_1_445' title='bbox 1947 5478 2005 5524; x_wconf 93' lang='lat' dir='ltr'><strong>ut</strong></span> <span class='ocrx_word' id='word_1_446' title='bbox 2046 5467 2188 5524; x_wconf 85' lang='lat' dir='ltr'><strong>caris</strong></span> 
     </span>
    </p>
   </div>
   <div class='ocr_carea' id='block_1_74' title="bbox 675 5620 2189 5695">
    <p class='ocr_par' dir='ltr' id='par_1_74' title="bbox 675 5620 2189 5695">
     <span class='ocr_line' id='line_1_74' title="bbox 675 5620 2189 5695; baseline -0.005 -11"><span class='ocrx_word' id='word_1_447' title='bbox 675 5641 698 5667; x_wconf 69' lang='grc' dir='ltr'>ι</span> <span class='ocrx_word' id='word_1_448' title='bbox 722 5629 851 5684; x_wconf 85' lang='lat' dir='ltr'><strong>Tam</strong></span> <span class='ocrx_word' id='word_1_449' title='bbox 884 5627 1096 5683; x_wconf 87' lang='lat' dir='ltr'><strong>celebre</strong></span> <span class='ocrx_word' id='word_1_450' title='bbox 1123 5624 1391 5695; x_wconf 86' lang='lat' dir='ltr'><strong>quondam</strong></span> <span class='ocrx_word' id='word_1_451' title='bbox 1419 5620 1637 5678; x_wconf 89' lang='lat' dir='ltr'><strong>erathis</strong></span> <span class='ocrx_word' id='word_1_452' title='bbox 1667 5620 1719 5675; x_wconf 91' lang='lat' dir='ltr'><strong>in</strong></span> <span class='ocrx_word' id='word_1_453' title='bbox 1744 5621 1985 5695; x_wconf 78' lang='lat' dir='ltr'><strong>partibus</strong></span> <span class='ocrx_word' id='word_1_454' title='bbox 2019 5620 2189 5677; x_wconf 86' lang='lat' dir='ltr'><strong>sancti</strong></span> 
     </span>
    </p>
   </div>
   <div class='ocr_carea' id='block_1_75' title="bbox 605 5691 2189 5774">
    <p class='ocr_par' dir='ltr' id='par_1_75' title="bbox 605 5691 2189 5774">
     <span class='ocr_line' id='line_1_75' title="bbox 605 5691 2189 5774; baseline -0.005 -19"><span class='ocrx_word' id='word_1_455' title='bbox 605 5700 853 5774; x_wconf 77' lang='lat' dir='ltr'><strong>Cypriani</strong></span> <span class='ocrx_word' id='word_1_456' title='bbox 905 5700 1119 5774; x_wconf 81' lang='lat' dir='ltr'><strong>festum,</strong></span> <span class='ocrx_word' id='word_1_457' title='bbox 1143 5691 1223 5750; x_wconf 61' lang='lat' dir='ltr'><strong>&#39;ut</strong></span> <span class='ocrx_word' id='word_1_458' title='bbox 1264 5696 1426 5774; x_wconf 80' lang='lat' dir='ltr'><strong>abeo</strong></span> <span class='ocrx_word' id='word_1_459' title='bbox 1452 5699 1739 5774; x_wconf 74' lang='lat' dir='ltr'><strong>sequentes</strong></span> <span class='ocrx_word' id='word_1_460' title='bbox 1784 5691 1836 5746; x_wconf 92' lang='lat' dir='ltr'><strong>in</strong></span> <span class='ocrx_word' id='word_1_461' title='bbox 1886 5692 2189 5748; x_wconf 87' lang='lat' dir='ltr'><strong>Adventum</strong></span> 
     </span>
    </p>
   </div>
   <div class='ocr_carea' id='block_1_76' title="bbox 602 5764 2191 5840">
    <p class='ocr_par' dir='ltr' id='par_1_76' title="bbox 602 5764 2191 5840">
     <span class='ocr_line' id='line_1_76' title="bbox 602 5764 2191 5840; baseline -0.007 -10"><span class='ocrx_word' id='word_1_462' title='bbox 602 5764 915 5837; x_wconf 71' lang='lat' dir='ltr'><strong>Dominicae,</strong></span> <span class='ocrx_word' id='word_1_463' title='bbox 938 5768 1136 5840; x_wconf 86' lang='lat' dir='ltr'><strong>prima,</strong></span> <span class='ocrx_word' id='word_1_464' title='bbox 1186 5765 1439 5834; x_wconf 88' lang='lat' dir='ltr'><strong>secunda,</strong></span> <span class='ocrx_word' id='word_1_465' title='bbox 1470 5774 1524 5821; x_wconf 91' lang='lat' dir='ltr'><strong>et</strong></span> <span class='ocrx_word' id='word_1_466' title='bbox 1549 5764 1629 5821; x_wconf 89' lang='lat' dir='ltr'><strong>sic</strong></span> <span class='ocrx_word' id='word_1_467' title='bbox 1657 5764 1911 5835; x_wconf 81' lang='lat' dir='ltr'><strong>deinceps</strong></span> <span class='ocrx_word' id='word_1_468' title='bbox 1939 5777 2191 5820; x_wconf 87' lang='lat' dir='ltr'><strong>numera-</strong></span> 
     </span>
    </p>
   </div>
   <div class='ocr_carea' id='block_1_77' title="bbox 602 5856 805 5901">
    <p class='ocr_par' dir='ltr' id='par_1_77' title="bbox 602 5856 805 5901">
     <span class='ocr_line' id='line_1_77' title="bbox 602 5856 805 5901; baseline -0.025 0"><span class='ocrx_word' id='word_1_469' title='bbox 602 5856 805 5901; x_wconf 75' lang='lat' dir='ltr'><strong>I&#39;CIIIIII‘.</strong></span> 
     </span>
    </p>
   </div>
   <div class='ocr_carea' id='block_1_78' title="bbox 2899 1858 3295 1899">
    <p class='ocr_par' dir='ltr' id='par_1_78' title="bbox 2899 1858 3295 1899">
     <span class='ocr_line' id='line_1_78' title="bbox 2899 1858 3295 1899; baseline 0.003 -1"><span class='ocrx_word' id='word_1_470' title='bbox 2899 1858 2984 1898; x_wconf 69' lang='lat' dir='ltr'><strong>IIIS</strong></span> <span class='ocrx_word' id='word_1_471' title='bbox 3016 1860 3082 1898; x_wconf 81' lang='grc' dir='ltr'><strong>ΕΤ</strong></span> <span class='ocrx_word' id='word_1_472' title='bbox 3114 1860 3295 1899; x_wconf 72' lang='grc' dir='ltr'><strong>Ρκυιι.</strong></span> 
     </span>
    </p>
   </div>
   <div class='ocr_carea' id='block_1_79' title="bbox 2374 1953 3863 2027">
    <p class='ocr_par' dir='ltr' id='par_1_79' title="bbox 2374 1953 3863 2027">
     <span class='ocr_line' id='line_1_79' title="bbox 2374 1953 3863 2027; baseline 0 -18"><span class='ocrx_word' id='word_1_473' title='bbox 2374 1953 2692 2022; x_wconf 70' lang='lat' dir='ltr'><strong>Quaesumus</strong></span> <span class='ocrx_word' id='word_1_474' title='bbox 2724 1954 2771 2020; x_wconf 69' lang='grc' dir='ltr'><strong>δ,</strong></span> <span class='ocrx_word' id='word_1_475' title='bbox 2803 1958 3145 2027; x_wconf 91' lang='lat' dir='ltr'><strong>omnipotens</strong></span> <span class='ocrx_word' id='word_1_476' title='bbox 3194 1966 3251 2012; x_wconf 87' lang='lat' dir='ltr'><strong>et</strong></span> <span class='ocrx_word' id='word_1_477' title='bbox 3299 1960 3625 2015; x_wconf 84' lang='lat' dir='ltr'><strong>miscricors</strong></span> <span class='ocrx_word' id='word_1_478' title='bbox 3654 1958 3792 2021; x_wconf 88' lang='lat' dir='ltr'><strong>Deus,</strong></span> <span class='ocrx_word' id='word_1_479' title='bbox 3824 1965 3863 2010; x_wconf 89' lang='lat' dir='ltr'><strong>ut</strong></span> 
     </span>
    </p>
   </div>
   <div class='ocr_carea' id='block_1_80' title="bbox 2304 2046 3859 2118">
    <p class='ocr_par' dir='ltr' id='par_1_80' title="bbox 2304 2046 3859 2118">
     <span class='ocr_line' id='line_1_80' title="bbox 2304 2046 3859 2118; baseline 0.001 -19"><span class='ocrx_word' id='word_1_480' title='bbox 2304 2060 2403 2099; x_wconf 92' lang='lat' dir='ltr'><strong>nos</strong></span> <span class='ocrx_word' id='word_1_481' title='bbox 2431 2047 2698 2116; x_wconf 85' lang='lat' dir='ltr'><strong>geminata</strong></span> <span class='ocrx_word' id='word_1_482' title='bbox 2750 2046 2928 2102; x_wconf 71' lang='lat' dir='ltr'><strong>lzetitia</strong></span> <span class='ocrx_word' id='word_1_483' title='bbox 2962 2047 3233 2104; x_wconf 62' lang='lat' dir='ltr'><strong>hodierno</strong></span> <span class='ocrx_word' id='word_1_484' title='bbox 3283 2047 3611 2107; x_wconf 84' lang='lat' dir='ltr'><strong>festivitatis</strong></span> <span class='ocrx_word' id='word_1_485' title='bbox 3659 2051 3859 2118; x_wconf 80' lang='lat' dir='ltr'><strong>excipiat,</strong></span> 
     </span>
    </p>
   </div>
   <div class='ocr_carea' id='block_1_81' title="bbox 2304 2136 3860 2209">
    <p class='ocr_par' dir='ltr' id='par_1_81' title="bbox 2304 2136 3860 2209">
     <span class='ocr_line' id='line_1_81' title="bbox 2304 2136 3860 2209; baseline 0.006 -20"><span class='ocrx_word' id='word_1_486' title='bbox 2304 2152 2422 2205; x_wconf 84' lang='lat' dir='ltr'><strong>quae</strong></span> <span class='ocrx_word' id='word_1_487' title='bbox 2467 2137 2532 2191; x_wconf 87' lang='lat' dir='ltr'><strong>de</strong></span> <span class='ocrx_word' id='word_1_488' title='bbox 2579 2136 2854 2192; x_wconf 77' lang='lat' dir='ltr'><strong>beatorum</strong></span> <span class='ocrx_word' id='word_1_489' title='bbox 2920 2148 3210 2209; x_wconf 80' lang='lat' dir='ltr'><strong>martyrum</strong></span> <span class='ocrx_word' id='word_1_490' title='bbox 3266 2152 3496 2199; x_wconf 87' lang='lat' dir='ltr'><strong>tuorum</strong></span> <span class='ocrx_word' id='word_1_491' title='bbox 3548 2143 3789 2201; x_wconf 82' lang='lat' dir='ltr'><strong>Johannis</strong></span> <span class='ocrx_word' id='word_1_492' title='bbox 3823 2150 3860 2198; x_wconf 85' lang='lat' dir='ltr'><strong>el</strong></span> 
     </span>
    </p>
   </div>
   <div class='ocr_carea' id='block_1_82' title="bbox 2302 2228 3857 2305">
    <p class='ocr_par' dir='ltr' id='par_1_82' title="bbox 2302 2228 3857 2305">
     <span class='ocr_line' id='line_1_82' title="bbox 2302 2228 3857 2305; baseline 0.005 -23"><span class='ocrx_word' id='word_1_493' title='bbox 2302 2228 2452 2282; x_wconf 86' lang='lat' dir='ltr'><strong>I’auli</strong></span> <span class='ocrx_word' id='word_1_494' title='bbox 2496 2229 2881 2300; x_wconf 79' lang='lat' dir='ltr'><strong>gloriiicatione</strong></span> <span class='ocrx_word' id='word_1_495' title='bbox 2934 2231 3195 2299; x_wconf 87' lang='lat' dir='ltr'><strong>procedit,</strong></span> <span class='ocrx_word' id='word_1_496' title='bbox 3250 2250 3398 2305; x_wconf 89' lang='lat' dir='ltr'><strong>quos</strong></span> <span class='ocrx_word' id='word_1_497' title='bbox 3450 2235 3640 2291; x_wconf 85' lang='lat' dir='ltr'><strong>eadem</strong></span> <span class='ocrx_word' id='word_1_498' title='bbox 3684 2233 3797 2289; x_wconf 83' lang='lat' dir='ltr'><strong>ﬁdes</strong></span> <span class='ocrx_word' id='word_1_499' title='bbox 3825 2244 3857 2290; x_wconf 80' lang='lat' dir='ltr'><strong>ei</strong></span> 
     </span>
    </p>
   </div>
   <div class='ocr_carea' id='block_1_83' title="bbox 2305 2320 3289 2394">
    <p class='ocr_par' dir='ltr' id='par_1_83' title="bbox 2305 2320 3289 2394">
     <span class='ocr_line' id='line_1_83' title="bbox 2305 2320 3289 2394; baseline 0.008 -21"><span class='ocrx_word' id='word_1_500' title='bbox 2305 2320 2481 2387; x_wconf 88' lang='lat' dir='ltr'><strong>passio</strong></span> <span class='ocrx_word' id='word_1_501' title='bbox 2512 2320 2638 2375; x_wconf 88' lang='lat' dir='ltr'><strong>fecit</strong></span> <span class='ocrx_word' id='word_1_502' title='bbox 2667 2337 2791 2376; x_wconf 86' lang='lat' dir='ltr'><strong>esse</strong></span> <span class='ocrx_word' id='word_1_503' title='bbox 2816 2337 3126 2394; x_wconf 87' lang='lat' dir='ltr'><strong>germanus.</strong></span> <span class='ocrx_word' id='word_1_504' title='bbox 3165 2324 3289 2381; x_wconf 83' lang='lat' dir='ltr'><strong>Per.</strong></span> 
     </span>
    </p>
   </div>
   <div class='ocr_carea' id='block_1_84' title="bbox 2864 2412 3361 2477">
    <p class='ocr_par' dir='ltr' id='par_1_84' title="bbox 2864 2412 3361 2477">
     <span class='ocr_line' id='line_1_84' title="bbox 2864 2412 3361 2477; baseline 0.004 -14"><span class='ocrx_word' id='word_1_505' title='bbox 2864 2412 3095 2465; x_wconf 83' lang='lat' dir='ltr'><strong>Collectio</strong></span> <span class='ocrx_word' id='word_1_506' title='bbox 3112 2416 3361 2477; x_wconf 88' lang='lat' dir='ltr'><strong>sequitur.</strong></span> 
     </span>
    </p>
   </div>
   <div class='ocr_carea' id='block_1_85' title="bbox 2376 2495 3856 2572">
    <p class='ocr_par' dir='ltr' id='par_1_85' title="bbox 2376 2495 3856 2572">
     <span class='ocr_line' id='line_1_85' title="bbox 2376 2495 3856 2572; baseline 0.003 -21"><span class='ocrx_word' id='word_1_507' title='bbox 2376 2495 2729 2565; x_wconf 73' lang='lat' dir='ltr'><strong>Omnipotens</strong></span> <span class='ocrx_word' id='word_1_508' title='bbox 2768 2500 3095 2569; x_wconf 80' lang='lat' dir='ltr'><strong>scmpilerne</strong></span> <span class='ocrx_word' id='word_1_509' title='bbox 3146 2500 3326 2567; x_wconf 88' lang='lat' dir='ltr'><strong>Deus,</strong></span> <span class='ocrx_word' id='word_1_510' title='bbox 3361 2518 3431 2556; x_wconf 93' lang='lat' dir='ltr'><strong>ne</strong></span> <span class='ocrx_word' id='word_1_511' title='bbox 3482 2511 3613 2571; x_wconf 86' lang='lat' dir='ltr'><strong>aput</strong></span> <span class='ocrx_word' id='word_1_512' title='bbox 3650 2502 3856 2572; x_wconf 79' lang='lat' dir='ltr'><strong>justitiam</strong></span> 
     </span>
    </p>
   </div>
   <div class='ocr_carea' id='block_1_86' title="bbox 2302 2594 3850 2665">
    <p class='ocr_par' dir='ltr' id='par_1_86' title="bbox 2302 2594 3850 2665">
     <span class='ocr_line' id='line_1_86' title="bbox 2302 2594 3850 2665; baseline 0.003 -20"><span class='ocrx_word' id='word_1_513' title='bbox 2302 2598 2449 2645; x_wconf 90' lang='lat' dir='ltr'><strong>tuam</strong></span> <span class='ocrx_word' id='word_1_514' title='bbox 2504 2601 2718 2661; x_wconf 67' lang='lat' dir='ltr'><strong>peccata</strong></span> <span class='ocrx_word' id='word_1_515' title='bbox 2775 2602 2956 2645; x_wconf 83' lang='lat' dir='ltr'><strong>nostra</strong></span> <span class='ocrx_word' id='word_1_516' title='bbox 3011 2606 3107 2646; x_wconf 90' lang='lat' dir='ltr'><strong>nos</strong></span> <span class='ocrx_word' id='word_1_517' title='bbox 3150 2594 3478 2663; x_wconf 76' lang='lat' dir='ltr'><strong>adgravent,</strong></span> <span class='ocrx_word' id='word_1_518' title='bbox 3532 2608 3850 2665; x_wconf 83' lang='lat' dir='ltr'><strong>germanorum</strong></span> 
     </span>
    </p>
   </div>
   <div class='ocr_carea' id='block_1_87' title="bbox 2304 2683 3846 2758">
    <p class='ocr_par' dir='ltr' id='par_1_87' title="bbox 2304 2683 3846 2758">
     <span class='ocr_line' id='line_1_87' title="bbox 2304 2683 3846 2758; baseline 0 -19"><span class='ocrx_word' id='word_1_519' title='bbox 2304 2693 2600 2755; x_wconf 83' lang='lat' dir='ltr'><strong>martyrum</strong></span> <span class='ocrx_word' id='word_1_520' title='bbox 2633 2683 2897 2753; x_wconf 71' lang='lat' dir='ltr'><strong>suﬁragiis</strong></span> <span class='ocrx_word' id='word_1_521' title='bbox 2928 2684 3272 2755; x_wconf 88' lang='lat' dir='ltr'><strong>adjuvemur,</strong></span> <span class='ocrx_word' id='word_1_522' title='bbox 3307 2704 3449 2756; x_wconf 86' lang='lat' dir='ltr'><strong>quos</strong></span> <span class='ocrx_word' id='word_1_523' title='bbox 3479 2698 3533 2742; x_wconf 86' lang='lat' dir='ltr'><strong>et</strong></span> <span class='ocrx_word' id='word_1_524' title='bbox 3554 2699 3748 2758; x_wconf 88' lang='lat' dir='ltr'><strong>partus,</strong></span> <span class='ocrx_word' id='word_1_525' title='bbox 3772 2700 3846 2739; x_wconf 75' lang='lat' dir='ltr'><strong>una</strong></span> 
     </span>
    </p>
   </div>
   <div class='ocr_carea' id='block_1_88' title="bbox 2305 2777 3434 2849">
    <p class='ocr_par' dir='ltr' id='par_1_88' title="bbox 2305 2777 3434 2849">
     <span class='ocr_line' id='line_1_88' title="bbox 2305 2777 3434 2849; baseline 0.004 -16"><span class='ocrx_word' id='word_1_526' title='bbox 2305 2789 2358 2833; x_wconf 92' lang='lat' dir='ltr'><strong>et</strong></span> <span class='ocrx_word' id='word_1_527' title='bbox 2386 2793 2482 2847; x_wconf 87' lang='lat' dir='ltr'><strong>par</strong></span> <span class='ocrx_word' id='word_1_528' title='bbox 2510 2777 2751 2848; x_wconf 87' lang='lat' dir='ltr'><strong>martyrii</strong></span> <span class='ocrx_word' id='word_1_529' title='bbox 2783 2778 2956 2847; x_wconf 88' lang='lat' dir='ltr'><strong>palma</strong></span> <span class='ocrx_word' id='word_1_530' title='bbox 2982 2779 3282 2849; x_wconf 80' lang='lat' dir='ltr'><strong>conjunxit.</strong></span> <span class='ocrx_word' id='word_1_531' title='bbox 3306 2780 3434 2838; x_wconf 85' lang='lat' dir='ltr'><strong>Per.</strong></span> 
     </span>
    </p>
   </div>
   <div class='ocr_carea' id='block_1_89' title="bbox 2804 2866 3419 2934">
    <p class='ocr_par' dir='ltr' id='par_1_89' title="bbox 2804 2866 3419 2934">
     <span class='ocr_line' id='line_1_89' title="bbox 2804 2866 3419 2934; baseline 0.002 -14"><span class='ocrx_word' id='word_1_532' title='bbox 2804 2866 3033 2920; x_wconf 88' lang='lat' dir='ltr'><strong>Collectio</strong></span> <span class='ocrx_word' id='word_1_533' title='bbox 3056 2878 3169 2934; x_wconf 88' lang='lat' dir='ltr'><strong>post</strong></span> <span class='ocrx_word' id='word_1_534' title='bbox 3195 2874 3419 2923; x_wconf 73' lang='lat' dir='ltr'><strong>trontina.</strong></span> 
     </span>
    </p>
   </div>
   <div class='ocr_carea' id='block_1_90' title="bbox 2375 2952 3848 3026">
    <p class='ocr_par' dir='ltr' id='par_1_90' title="bbox 2375 2952 3848 3026">
     <span class='ocr_line' id='line_1_90' title="bbox 2375 2952 3848 3026; baseline 0 -16"><span class='ocrx_word' id='word_1_535' title='bbox 2375 2954 2623 3024; x_wconf 85' lang='lat' dir='ltr'><strong>Suscipe,</strong></span> <span class='ocrx_word' id='word_1_536' title='bbox 2660 2952 2905 3019; x_wconf 91' lang='lat' dir='ltr'><strong>Domine,</strong></span> <span class='ocrx_word' id='word_1_537' title='bbox 2940 2956 3201 3022; x_wconf 89' lang='lat' dir='ltr'><strong>propitius</strong></span> <span class='ocrx_word' id='word_1_538' title='bbox 3233 2972 3436 3026; x_wconf 85' lang='lat' dir='ltr'><strong>preces</strong></span> <span class='ocrx_word' id='word_1_539' title='bbox 3460 2968 3681 3025; x_wconf 82' lang='lat' dir='ltr'><strong>nostras,</strong></span> <span class='ocrx_word' id='word_1_540' title='bbox 3703 2963 3848 3012; x_wconf 86' lang='lat' dir='ltr'><strong>ettuo-</strong></span> 
     </span>
    </p>
   </div>
   <div class='ocr_carea' id='block_1_91' title="bbox 2304 3044 3847 3116">
    <p class='ocr_par' dir='ltr' id='par_1_91' title="bbox 2304 3044 3847 3116">
     <span class='ocr_line' id='line_1_91' title="bbox 2304 3044 3847 3116; baseline 0.002 -17"><span class='ocrx_word' id='word_1_541' title='bbox 2304 3060 2422 3099; x_wconf 88' lang='lat' dir='ltr'><strong>rum</strong></span> <span class='ocrx_word' id='word_1_542' title='bbox 2456 3044 2838 3112; x_wconf 85' lang='lat' dir='ltr'><strong>deprecatione</strong></span> <span class='ocrx_word' id='word_1_543' title='bbox 2864 3046 3129 3115; x_wconf 90' lang='lat' dir='ltr'><strong>justornm</strong></span> <span class='ocrx_word' id='word_1_544' title='bbox 3163 3048 3439 3103; x_wconf 80' lang='lat' dir='ltr'><strong>Johannis</strong></span> <span class='ocrx_word' id='word_1_545' title='bbox 3483 3058 3537 3105; x_wconf 89' lang='lat' dir='ltr'><strong>et</strong></span> <span class='ocrx_word' id='word_1_546' title='bbox 3567 3050 3733 3115; x_wconf 83' lang='lat' dir='ltr'><strong>Pauli,</strong></span> <span class='ocrx_word' id='word_1_547' title='bbox 3764 3050 3847 3116; x_wconf 85' lang='lat' dir='ltr'><strong>pie-</strong></span> 
     </span>
    </p>
   </div>
   <div class='ocr_carea' id='block_1_92' title="bbox 2304 3136 3844 3213">
    <p class='ocr_par' dir='ltr' id='par_1_92' title="bbox 2304 3136 3844 3213">
     <span class='ocr_line' id='line_1_92' title="bbox 2304 3136 3844 3213; baseline 0.001 -22"><span class='ocrx_word' id='word_1_548' title='bbox 2304 3136 2397 3191; x_wconf 88' lang='lat' dir='ltr'><strong>tati</strong></span> <span class='ocrx_word' id='word_1_549' title='bbox 2426 3145 2532 3190; x_wconf 75' lang='lat' dir='ltr'><strong>tua:</strong></span> <span class='ocrx_word' id='word_1_550' title='bbox 2578 3136 2773 3205; x_wconf 88' lang='lat' dir='ltr'><strong>perﬁce</strong></span> <span class='ocrx_word' id='word_1_551' title='bbox 2803 3137 3066 3208; x_wconf 76' lang='lat' dir='ltr'><strong>benignus</strong></span> <span class='ocrx_word' id='word_1_552' title='bbox 3097 3150 3389 3209; x_wconf 87' lang='lat' dir='ltr'><strong>acceptas;</strong></span> <span class='ocrx_word' id='word_1_553' title='bbox 3419 3154 3472 3198; x_wconf 89' lang='lat' dir='ltr'><strong>et</strong></span> <span class='ocrx_word' id='word_1_554' title='bbox 3502 3157 3630 3213; x_wconf 86' lang='lat' dir='ltr'><strong>quos</strong></span> <span class='ocrx_word' id='word_1_555' title='bbox 3672 3139 3844 3210; x_wconf 84' lang='lat' dir='ltr'><strong>sangui-</strong></span> 
     </span>
    </p>
   </div>
   <div class='ocr_carea' id='block_1_93' title="bbox 2299 3228 3845 3308">
    <p class='ocr_par' dir='ltr' id='par_1_93' title="bbox 2299 3228 3845 3308">
     <span class='ocr_line' id='line_1_93' title="bbox 2299 3228 3845 3308; baseline 0.001 -24"><span class='ocrx_word' id='word_1_556' title='bbox 2299 3228 2384 3284; x_wconf 90' lang='lat' dir='ltr'><strong>nis</strong></span> <span class='ocrx_word' id='word_1_557' title='bbox 2415 3230 2778 3303; x_wconf 86' lang='lat' dir='ltr'><strong>propinquitas</strong></span> <span class='ocrx_word' id='word_1_558' title='bbox 2805 3230 3082 3301; x_wconf 79' lang='lat' dir='ltr'><strong>conjunxit</strong></span> <span class='ocrx_word' id='word_1_559' title='bbox 3109 3241 3165 3287; x_wconf 94' lang='lat' dir='ltr'><strong>et</strong></span> <span class='ocrx_word' id='word_1_560' title='bbox 3209 3233 3374 3304; x_wconf 77' lang='lat' dir='ltr'><strong>ﬁdes,</strong></span> <span class='ocrx_word' id='word_1_561' title='bbox 3417 3235 3752 3308; x_wconf 84' lang='lat' dir='ltr'><strong>patrocinium</strong></span> <span class='ocrx_word' id='word_1_562' title='bbox 3778 3245 3845 3287; x_wconf 88' lang='lat' dir='ltr'><strong>no-</strong></span> 
     </span>
    </p>
   </div>
   <div class='ocr_carea' id='block_1_94' title="bbox 2294 3320 3126 3381">
    <p class='ocr_par' dir='ltr' id='par_1_94' title="bbox 2294 3320 3126 3381">
     <span class='ocr_line' id='line_1_94' title="bbox 2294 3320 3126 3381; baseline 0.002 -3"><span class='ocrx_word' id='word_1_563' title='bbox 2294 3323 2379 3379; x_wconf 89' lang='lat' dir='ltr'><strong>bis</strong></span> <span class='ocrx_word' id='word_1_564' title='bbox 2404 3320 2647 3378; x_wconf 73' lang='lat' dir='ltr'><strong>deflzrant</strong></span> <span class='ocrx_word' id='word_1_565' title='bbox 2676 3324 2970 3379; x_wconf 90' lang='lat' dir='ltr'><strong>solaminis.</strong></span> <span class='ocrx_word' id='word_1_566' title='bbox 3005 3323 3126 3381; x_wconf 90' lang='lat' dir='ltr'><strong>Per.</strong></span> 
     </span>
    </p>
   </div>
   <div class='ocr_carea' id='block_1_95' title="bbox 2828 3413 3372 3481">
    <p class='ocr_par' dir='ltr' id='par_1_95' title="bbox 2828 3413 3372 3481">
     <span class='ocr_line' id='line_1_95' title="bbox 2828 3413 3372 3481; baseline 0.013 -17"><span class='ocrx_word' id='word_1_567' title='bbox 2828 3413 3066 3470; x_wconf 89' lang='lat' dir='ltr'><strong>Collectio</strong></span> <span class='ocrx_word' id='word_1_568' title='bbox 3092 3417 3150 3468; x_wconf 87' lang='lat' dir='ltr'><strong>ad</strong></span> <span class='ocrx_word' id='word_1_569' title='bbox 3176 3431 3372 3481; x_wconf 83' lang='lat' dir='ltr'><strong>pacem.</strong></span> 
     </span>
    </p>
   </div>
   <div class='ocr_carea' id='block_1_96' title="bbox 2369 3497 3840 3574">
    <p class='ocr_par' dir='ltr' id='par_1_96' title="bbox 2369 3497 3840 3574">
     <span class='ocr_line' id='line_1_96' title="bbox 2369 3497 3840 3574; baseline 0.001 -22"><span class='ocrx_word' id='word_1_570' title='bbox 2369 3497 2609 3562; x_wconf 88' lang='lat' dir='ltr'><strong>Intende,</strong></span> <span class='ocrx_word' id='word_1_571' title='bbox 2662 3497 2908 3565; x_wconf 89' lang='lat' dir='ltr'><strong>Domine,</strong></span> <span class='ocrx_word' id='word_1_572' title='bbox 2953 3516 3196 3568; x_wconf 90' lang='lat' dir='ltr'><strong>munera,</strong></span> <span class='ocrx_word' id='word_1_573' title='bbox 3249 3519 3584 3574; x_wconf 84' lang='lat' dir='ltr'><strong>quaesumus,</strong></span> <span class='ocrx_word' id='word_1_574' title='bbox 3635 3501 3840 3559; x_wconf 80' lang='lat' dir='ltr'><strong>altaribus</strong></span> 
     </span>
    </p>
   </div>
   <div class='ocr_carea' id='block_1_97' title="bbox 2298 3589 3841 3664">
    <p class='ocr_par' dir='ltr' id='par_1_97' title="bbox 2298 3589 3841 3664">
     <span class='ocr_line' id='line_1_97' title="bbox 2298 3589 3841 3664; baseline 0.001 -21"><span class='ocrx_word' id='word_1_575' title='bbox 2298 3589 2405 3644; x_wconf 86' lang='lat' dir='ltr'><strong>tuis</strong></span> <span class='ocrx_word' id='word_1_576' title='bbox 2464 3603 2563 3658; x_wconf 90' lang='lat' dir='ltr'><strong>pro</strong></span> <span class='ocrx_word' id='word_1_577' title='bbox 2606 3589 2883 3644; x_wconf 89' lang='lat' dir='ltr'><strong>beatorum</strong></span> <span class='ocrx_word' id='word_1_578' title='bbox 2934 3601 3229 3664; x_wconf 91' lang='lat' dir='ltr'><strong>martyrum</strong></span> <span class='ocrx_word' id='word_1_579' title='bbox 3284 3603 3500 3651; x_wconf 87' lang='lat' dir='ltr'><strong>tuorum</strong></span> <span class='ocrx_word' id='word_1_580' title='bbox 3547 3592 3774 3651; x_wconf 85' lang='lat' dir='ltr'><strong>Johannis</strong></span> <span class='ocrx_word' id='word_1_581' title='bbox 3802 3596 3841 3663; x_wconf 76' lang='lat' dir='ltr'><strong>et</strong></span> 
     </span>
    </p>
   </div>
   <div class='ocr_carea' id='block_1_98' title="bbox 2298 3680 3838 3757">
    <p class='ocr_par' dir='ltr' id='par_1_98' title="bbox 2298 3680 3838 3757">
     <span class='ocr_line' id='line_1_98' title="bbox 2298 3680 3838 3757; baseline 0.003 -21"><span class='ocrx_word' id='word_1_582' title='bbox 2298 3680 2447 3736; x_wconf 89' lang='lat' dir='ltr'><strong>Pauli</strong></span> <span class='ocrx_word' id='word_1_583' title='bbox 2484 3684 3001 3739; x_wconf 87' lang='lat' dir='ltr'><strong>commemoratione</strong></span> <span class='ocrx_word' id='word_1_584' title='bbox 3041 3688 3354 3756; x_wconf 81' lang='lat' dir='ltr'><strong>proposita;</strong></span> <span class='ocrx_word' id='word_1_585' title='bbox 3389 3697 3448 3742; x_wconf 92' lang='lat' dir='ltr'><strong>ut</strong></span> <span class='ocrx_word' id='word_1_586' title='bbox 3484 3686 3615 3742; x_wconf 91' lang='lat' dir='ltr'><strong>sicut</strong></span> <span class='ocrx_word' id='word_1_587' title='bbox 3638 3699 3723 3757; x_wconf 87' lang='lat' dir='ltr'><strong>per</strong></span> <span class='ocrx_word' id='word_1_588' title='bbox 3754 3682 3838 3741; x_wconf 65' lang='lat' dir='ltr'><strong>haec,</strong></span> 
     </span>
    </p>
   </div>
   <div class='ocr_carea' id='block_1_99' title="bbox 2296 3771 3837 3847">
    <p class='ocr_par' dir='ltr' id='par_1_99' title="bbox 2296 3771 3837 3847">
     <span class='ocr_line' id='line_1_99' title="bbox 2296 3771 3837 3847; baseline -0.003 -18"><span class='ocrx_word' id='word_1_589' title='bbox 2296 3773 2455 3830; x_wconf 80' lang='lat' dir='ltr'><strong>beata</strong></span> <span class='ocrx_word' id='word_1_590' title='bbox 2485 3777 2741 3847; x_wconf 83' lang='lat' dir='ltr'><strong>mysteria</strong></span> <span class='ocrx_word' id='word_1_591' title='bbox 2773 3776 2879 3830; x_wconf 90' lang='lat' dir='ltr'><strong>illis</strong></span> <span class='ocrx_word' id='word_1_592' title='bbox 2907 3777 3133 3846; x_wconf 91' lang='lat' dir='ltr'><strong>gloriam</strong></span> <span class='ocrx_word' id='word_1_593' title='bbox 3165 3780 3479 3845; x_wconf 86' lang='lat' dir='ltr'><strong>contulisti,</strong></span> <span class='ocrx_word' id='word_1_594' title='bbox 3530 3777 3671 3835; x_wconf 84' lang='lat' dir='ltr'><strong>nobis</strong></span> <span class='ocrx_word' id='word_1_595' title='bbox 3706 3771 3837 3829; x_wconf 88' lang='lat' dir='ltr'><strong>indul-</strong></span> 
     </span>
    </p>
   </div>
   <div class='ocr_carea' id='block_1_100' title="bbox 2297 3869 3289 3940">
    <p class='ocr_par' dir='ltr' id='par_1_100' title="bbox 2297 3869 3289 3940">
     <span class='ocr_line' id='line_1_100' title="bbox 2297 3869 3289 3940; baseline 0.003 -15"><span class='ocrx_word' id='word_1_596' title='bbox 2297 3872 2528 3940; x_wconf 88' lang='lat' dir='ltr'><strong>gentiam</strong></span> <span class='ocrx_word' id='word_1_597' title='bbox 2561 3869 2820 3939; x_wconf 90' lang='lat' dir='ltr'><strong>largiaris.</strong></span> <span class='ocrx_word' id='word_1_598' title='bbox 2858 3869 2957 3924; x_wconf 83' lang='lat' dir='ltr'><strong>Per</strong></span> <span class='ocrx_word' id='word_1_599' title='bbox 2985 3870 3289 3929; x_wconf 92' lang='lat' dir='ltr'><strong>Dominum.</strong></span> 
     </span>
    </p>
   </div>
   <div class='ocr_carea' id='block_1_101' title="bbox 2856 3960 3341 4016">
    <p class='ocr_par' dir='ltr' id='par_1_101' title="bbox 2856 3960 3341 4016">
     <span class='ocr_line' id='line_1_101' title="bbox 2856 3960 3341 4016; baseline 0.01 -5"><span class='ocrx_word' id='word_1_600' title='bbox 2856 3960 3129 4013; x_wconf 73' lang='lat' dir='ltr'><strong>Immolatio</strong></span> <span class='ocrx_word' id='word_1_601' title='bbox 3158 3965 3341 4016; x_wconf 69' lang='lat' dir='ltr'><strong>misere.</strong></span> 
     </span>
    </p>
   </div>
   <div class='ocr_carea' id='block_1_102' title="bbox 2375 4042 3832 4119">
    <p class='ocr_par' dir='ltr' id='par_1_102' title="bbox 2375 4042 3832 4119">
     <span class='ocr_line' id='line_1_102' title="bbox 2375 4042 3832 4119; baseline -0.003 -23"><span class='ocrx_word' id='word_1_602' title='bbox 2375 4042 2509 4099; x_wconf 84' lang='lat' dir='ltr'><strong>Vere</strong></span> <span class='ocrx_word' id='word_1_603' title='bbox 2527 4043 2659 4099; x_wconf 89' lang='lat' dir='ltr'><strong>satis</strong></span> <span class='ocrx_word' id='word_1_604' title='bbox 2679 4055 2762 4099; x_wconf 89' lang='lat' dir='ltr'><strong>est</strong></span> <span class='ocrx_word' id='word_1_605' title='bbox 2784 4043 3002 4115; x_wconf 89' lang='lat' dir='ltr'><strong>dignum</strong></span> <span class='ocrx_word' id='word_1_606' title='bbox 3032 4055 3194 4116; x_wconf 90' lang='lat' dir='ltr'><strong>atque</strong></span> <span class='ocrx_word' id='word_1_607' title='bbox 3217 4048 3429 4119; x_wconf 82' lang='lat' dir='ltr'><strong>justum</strong></span> <span class='ocrx_word' id='word_1_608' title='bbox 3454 4051 3511 4103; x_wconf 89' lang='lat' dir='ltr'><strong>in</strong></span> <span class='ocrx_word' id='word_1_609' title='bbox 3540 4046 3712 4102; x_wconf 86' lang='lat' dir='ltr'><strong>horum</strong></span> <span class='ocrx_word' id='word_1_610' title='bbox 3728 4052 3832 4095; x_wconf 80' lang='lat' dir='ltr'><strong>mar-</strong></span> 
     </span>
    </p>
   </div>
   <div class='ocr_carea' id='block_1_103' title="bbox 2298 4135 3825 4213">
    <p class='ocr_par' dir='ltr' id='par_1_103' title="bbox 2298 4135 3825 4213">
     <span class='ocr_line' id='line_1_103' title="bbox 2298 4135 3825 4213; baseline -0.003 -21"><span class='ocrx_word' id='word_1_611' title='bbox 2298 4146 2477 4210; x_wconf 89' lang='lat' dir='ltr'><strong>tyrum</strong></span> <span class='ocrx_word' id='word_1_612' title='bbox 2508 4138 2770 4193; x_wconf 83' lang='lat' dir='ltr'><strong>Johannis</strong></span> <span class='ocrx_word' id='word_1_613' title='bbox 2796 4150 2850 4195; x_wconf 89' lang='lat' dir='ltr'><strong>et</strong></span> <span class='ocrx_word' id='word_1_614' title='bbox 2879 4140 3054 4207; x_wconf 86' lang='lat' dir='ltr'><strong>Pauli,</strong></span> <span class='ocrx_word' id='word_1_615' title='bbox 3080 4145 3441 4211; x_wconf 84' lang='lat' dir='ltr'><strong>germanitate</strong></span> <span class='ocrx_word' id='word_1_616' title='bbox 3463 4141 3650 4213; x_wconf 84' lang='lat' dir='ltr'><strong>pariter</strong></span> <span class='ocrx_word' id='word_1_617' title='bbox 3667 4145 3715 4190; x_wconf 93' lang='lat' dir='ltr'><strong>et</strong></span> <span class='ocrx_word' id='word_1_618' title='bbox 3730 4135 3825 4189; x_wconf 74' lang='lat' dir='ltr'><strong>hea-</strong></span> 
     </span>
    </p>
   </div>
   <div class='ocr_carea' id='block_1_104' title="bbox 2296 4227 3831 4303">
    <p class='ocr_par' dir='ltr' id='par_1_104' title="bbox 2296 4227 3831 4303">
     <span class='ocr_line' id='line_1_104' title="bbox 2296 4227 3831 4303; baseline -0.007 -15"><span class='ocrx_word' id='word_1_619' title='bbox 2296 4230 2523 4288; x_wconf 89' lang='lat' dir='ltr'><strong>titudine</strong></span> <span class='ocrx_word' id='word_1_620' title='bbox 2548 4242 2848 4299; x_wconf 87' lang='lat' dir='ltr'><strong>consortes,</strong></span> <span class='ocrx_word' id='word_1_621' title='bbox 2873 4233 2990 4300; x_wconf 82' lang='lat' dir='ltr'><strong>tibi,</strong></span> <span class='ocrx_word' id='word_1_622' title='bbox 3018 4236 3369 4303; x_wconf 82' lang='lat' dir='ltr'><strong>omnipotens</strong></span> <span class='ocrx_word' id='word_1_623' title='bbox 3393 4237 3552 4302; x_wconf 76' lang='lat' dir='ltr'><strong>Deus.</strong></span> <span class='ocrx_word' id='word_1_624' title='bbox 3574 4234 3732 4289; x_wconf 84' lang='lat' dir='ltr'><strong>dicere</strong></span> <span class='ocrx_word' id='word_1_625' title='bbox 3749 4227 3831 4280; x_wconf 83' lang='lat' dir='ltr'><strong>lau-</strong></span> 
     </span>
    </p>
   </div>
   <div class='ocr_carea' id='block_1_105' title="bbox 2297 4320 3825 4397">
    <p class='ocr_par' dir='ltr' id='par_1_105' title="bbox 2297 4320 3825 4397">
     <span class='ocr_line' id='line_1_105' title="bbox 2297 4320 3825 4397; baseline -0.002 -16"><span class='ocrx_word' id='word_1_626' title='bbox 2297 4324 2394 4381; x_wconf 89' lang='lat' dir='ltr'><strong>des</strong></span> <span class='ocrx_word' id='word_1_627' title='bbox 2420 4344 2436 4381; x_wconf 84' lang='lat'><strong>;</strong></span> <span class='ocrx_word' id='word_1_628' title='bbox 2466 4340 2603 4397; x_wconf 91' lang='lat' dir='ltr'><strong>quos</strong></span> <span class='ocrx_word' id='word_1_629' title='bbox 2632 4337 2689 4383; x_wconf 89' lang='lat' dir='ltr'><strong>et</strong></span> <span class='ocrx_word' id='word_1_630' title='bbox 2743 4326 2935 4383; x_wconf 83' lang='lat' dir='ltr'><strong>fratres</strong></span> <span class='ocrx_word' id='word_1_631' title='bbox 2980 4337 3129 4386; x_wconf 90' lang='lat' dir='ltr'><strong>sorte</strong></span> <span class='ocrx_word' id='word_1_632' title='bbox 3176 4332 3454 4397; x_wconf 90' lang='lat' dir='ltr'><strong>nascendi,</strong></span> <span class='ocrx_word' id='word_1_633' title='bbox 3500 4338 3554 4386; x_wconf 90' lang='lat' dir='ltr'><strong>et</strong></span> <span class='ocrx_word' id='word_1_634' title='bbox 3601 4320 3825 4393; x_wconf 66' lang='lat' dir='ltr'><strong>magniﬁca</strong></span> 
     </span>
    </p>
   </div>
   <div class='ocr_carea' id='block_1_106' title="bbox 2298 4418 3828 4490">
    <p class='ocr_par' dir='ltr' id='par_1_106' title="bbox 2298 4418 3828 4490">
     <span class='ocr_line' id='line_1_106' title="bbox 2298 4418 3828 4490; baseline -0.001 -20"><span class='ocrx_word' id='word_1_635' title='bbox 2298 4418 2594 4486; x_wconf 60' lang='lat' dir='ltr'><strong>praestitisti</strong></span> <span class='ocrx_word' id='word_1_636' title='bbox 2624 4418 2869 4487; x_wconf 87' lang='lat' dir='ltr'><strong>passione</strong></span> <span class='ocrx_word' id='word_1_637' title='bbox 2893 4433 3200 4490; x_wconf 84' lang='lat' dir='ltr'><strong>germanos,</strong></span> <span class='ocrx_word' id='word_1_638' title='bbox 3244 4431 3303 4477; x_wconf 89' lang='lat' dir='ltr'><strong>ut</strong></span> <span class='ocrx_word' id='word_1_639' title='bbox 3328 4421 3489 4478; x_wconf 59' lang='lat' dir='ltr'><strong>simu</strong></span> <span class='ocrx_word' id='word_1_640' title='bbox 3509 4424 3675 4476; x_wconf 89' lang='lat' dir='ltr'><strong>essent</strong></span> <span class='ocrx_word' id='word_1_641' title='bbox 3702 4422 3828 4463; x_wconf 80' lang='lat' dir='ltr'><strong>vene-</strong></span> 
     </span>
    </p>
   </div>
   <div class='ocr_carea' id='block_1_107' title="bbox 2300 4502 3825 4594">
    <p class='ocr_par' dir='ltr' id='par_1_107' title="bbox 2300 4502 3825 4594">
     <span class='ocr_line' id='line_1_107' title="bbox 2300 4502 3825 4594; baseline -0.003 -30"><span class='ocrx_word' id='word_1_642' title='bbox 2300 4510 2485 4565; x_wconf 72' lang='lat' dir='ltr'><strong>randa.-</strong></span> <span class='ocrx_word' id='word_1_643' title='bbox 2512 4511 2686 4581; x_wconf 88' lang='lat' dir='ltr'><strong>gloria</strong></span> <span class='ocrx_word' id='word_1_644' title='bbox 2711 4513 3011 4583; x_wconf 87' lang='lat' dir='ltr'><strong>genitricis,</strong></span> <span class='ocrx_word' id='word_1_645' title='bbox 3055 4523 3109 4570; x_wconf 86' lang='lat' dir='ltr'><strong>et</strong></span> <span class='ocrx_word' id='word_1_646' title='bbox 3139 4513 3516 4594; x_wconf 77' lang='lat' dir='ltr'><strong>florentissima</strong></span> <span class='ocrx_word' id='word_1_647' title='bbox 3565 4508 3720 4581; x_wconf 88' lang='lat' dir='ltr'><strong>proles</strong></span> 
     </span>
    </p>
   </div>
   <div class='ocr_carea' id='block_1_108' title="bbox 2295 4588 3825 4676">
    <p class='ocr_par' dir='ltr' id='par_1_108' title="bbox 2295 4588 3825 4676">
     <span class='ocr_line' id='line_1_108' title="bbox 2295 4588 3825 4676; baseline -0.01 -18"><span class='ocrx_word' id='word_1_648' title='bbox 2295 4600 2493 4658; x_wconf 71' lang='lat' dir='ltr'><strong>clesiae.</strong></span> <span class='ocrx_word' id='word_1_649' title='bbox 2525 4604 2582 4657; x_wconf 91' lang='lat' dir='ltr'><strong>In</strong></span> <span class='ocrx_word' id='word_1_650' title='bbox 2612 4618 2837 4671; x_wconf 86' lang='lat' dir='ltr'><strong>quorum</strong></span> <span class='ocrx_word' id='word_1_651' title='bbox 2871 4606 3130 4662; x_wconf 86' lang='lat' dir='ltr'><strong>memoria</strong></span> <span class='ocrx_word' id='word_1_652' title='bbox 3161 4588 3431 4676; x_wconf 77' lang='lat' dir='ltr'><strong>passionis</strong></span> <span class='ocrx_word' id='word_1_653' title='bbox 3458 4604 3675 4660; x_wconf 83' lang='lat' dir='ltr'><strong>oblatum</strong></span> <span class='ocrx_word' id='word_1_654' title='bbox 3697 4588 3825 4648; x_wconf 79' lang='lat' dir='ltr'><strong>sacri-</strong></span> 
     </span>
    </p>
   </div>
   <div class='ocr_carea' id='block_1_109' title="bbox 2293 4692 3819 4770">
    <p class='ocr_par' dir='ltr' id='par_1_109' title="bbox 2293 4692 3819 4770">
     <span class='ocr_line' id='line_1_109' title="bbox 2293 4692 3819 4770; baseline -0.005 -21"><span class='ocrx_word' id='word_1_655' title='bbox 2293 4694 2472 4751; x_wconf 90' lang='lat' dir='ltr'><strong>ﬁcium</strong></span> <span class='ocrx_word' id='word_1_656' title='bbox 2500 4696 2683 4764; x_wconf 86' lang='lat' dir='ltr'><strong>accipe</strong></span> <span class='ocrx_word' id='word_1_657' title='bbox 2714 4694 2909 4765; x_wconf 84' lang='lat' dir='ltr'><strong>libens,</strong></span> <span class='ocrx_word' id='word_1_658' title='bbox 2943 4697 3191 4764; x_wconf 89' lang='lat' dir='ltr'><strong>Domine,</strong></span> <span class='ocrx_word' id='word_1_659' title='bbox 3230 4711 3287 4755; x_wconf 88' lang='lat' dir='ltr'><strong>et</strong></span> <span class='ocrx_word' id='word_1_660' title='bbox 3330 4714 3424 4770; x_wconf 88' lang='lat' dir='ltr'><strong>per</strong></span> <span class='ocrx_word' id='word_1_661' title='bbox 3472 4710 3587 4753; x_wconf 92' lang='lat' dir='ltr'><strong>eum</strong></span> <span class='ocrx_word' id='word_1_662' title='bbox 3625 4702 3708 4746; x_wconf 91' lang='lat' dir='ltr'><strong>nos</strong></span> <span class='ocrx_word' id='word_1_663' title='bbox 3731 4692 3819 4736; x_wconf 74' lang='lat' dir='ltr'><strong>cum</strong></span> 
     </span>
    </p>
   </div>
   <div class='ocr_carea' id='block_1_110' title="bbox 2294 4771 3816 4862">
    <p class='ocr_par' dir='ltr' id='par_1_110' title="bbox 2294 4771 3816 4862">
     <span class='ocr_line' id='line_1_110' title="bbox 2294 4771 3816 4862; baseline -0.022 -2"><span class='ocrx_word' id='word_1_664' title='bbox 2294 4791 2535 4859; x_wconf 62' lang='lat' dir='ltr'><strong>i950mm</strong></span> <span class='ocrx_word' id='word_1_665' title='bbox 2562 4789 2851 4862; x_wconf 77' lang='lat' dir='ltr'><strong>Martyrum</strong></span> <span class='ocrx_word' id='word_1_666' title='bbox 2881 4792 3274 4848; x_wconf 86' lang='lat' dir='ltr'><strong>intercessione</strong></span> <span class='ocrx_word' id='word_1_667' title='bbox 3303 4790 3572 4855; x_wconf 63' lang='lat' dir='ltr'><strong>emenda;</strong></span> <span class='ocrx_word' id='word_1_668' title='bbox 3608 4792 3659 4838; x_wconf 92' lang='lat' dir='ltr'><strong>ut</strong></span> <span class='ocrx_word' id='word_1_669' title='bbox 3678 4771 3816 4834; x_wconf 77' lang='lat' dir='ltr'><strong>liberis</strong></span> 
     </span>
    </p>
   </div>
   <div class='ocr_carea' id='block_1_111' title="bbox 2292 4866 3816 4953">
    <p class='ocr_par' dir='ltr' id='par_1_111' title="bbox 2292 4866 3816 4953">
     <span class='ocr_line' id='line_1_111' title="bbox 2292 4866 3816 4953; baseline -0.008 -14"><span class='ocrx_word' id='word_1_670' title='bbox 2292 4882 2511 4937; x_wconf 86' lang='lat' dir='ltr'><strong>vocibus</strong></span> <span class='ocrx_word' id='word_1_671' title='bbox 2555 4892 2609 4938; x_wconf 87' lang='lat' dir='ltr'><strong>et</strong></span> <span class='ocrx_word' id='word_1_672' title='bbox 2644 4884 2899 4940; x_wconf 84' lang='lat' dir='ltr'><strong>consonis</strong></span> <span class='ocrx_word' id='word_1_673' title='bbox 2942 4883 3217 4940; x_wconf 77' lang='lat' dir='ltr'><strong>meatibus</strong></span> <span class='ocrx_word' id='word_1_674' title='bbox 3245 4884 3342 4940; x_wconf 84' lang='lat' dir='ltr'><strong>tibi</strong></span> <span class='ocrx_word' id='word_1_675' title='bbox 3392 4883 3633 4953; x_wconf 79' lang='lat' dir='ltr'><strong>hymnum</strong></span> <span class='ocrx_word' id='word_1_676' title='bbox 3675 4866 3816 4925; x_wconf 48' lang='lat' dir='ltr'><strong>dicere</strong></span> 
     </span>
    </p>
   </div>
   <div class='ocr_carea' id='block_1_112' title="bbox 2289 4955 3817 5050">
    <p class='ocr_par' dir='ltr' id='par_1_112' title="bbox 2289 4955 3817 5050">
     <span class='ocr_line' id='line_1_112' title="bbox 2289 4955 3817 5050; baseline -0.009 -21"><span class='ocrx_word' id='word_1_677' title='bbox 2289 4973 2462 5033; x_wconf 88' lang='lat' dir='ltr'><strong>laudis</strong></span> <span class='ocrx_word' id='word_1_678' title='bbox 2485 4990 2815 5040; x_wconf 76' lang='lat' dir='ltr'><strong>mereamur,</strong></span> <span class='ocrx_word' id='word_1_679' title='bbox 2844 4991 2970 5032; x_wconf 75' lang='lat' dir='ltr'><strong>cum</strong></span> <span class='ocrx_word' id='word_1_680' title='bbox 3003 4979 3209 5048; x_wconf 86' lang='lat' dir='ltr'><strong>angelis</strong></span> <span class='ocrx_word' id='word_1_681' title='bbox 3235 4988 3290 5032; x_wconf 80' lang='lat' dir='ltr'><strong>et</strong></span> <span class='ocrx_word' id='word_1_682' title='bbox 3334 4975 3499 5050; x_wconf 63' lang='lat'><strong>280</strong></span> <span class='ocrx_word' id='word_1_683' title='bbox 3537 4955 3817 5031; x_wconf 48' lang='lat' dir='ltr'><strong>archangeli</strong></span> 
     </span>
    </p>
   </div>
   <div class='ocr_carea' id='block_1_113' title="bbox 2292 5070 3813 5127">
    <p class='ocr_par' dir='ltr' id='par_1_113' title="bbox 2292 5070 3813 5127">
     <span class='ocr_line' id='line_1_113' title="bbox 2292 5070 3813 5127; baseline 0.004 -4"><span class='ocrx_word' id='word_1_684' title='bbox 2292 5070 2586 5125; x_wconf 90' lang='lat' dir='ltr'><strong>clamantes</strong></span> <span class='ocrx_word' id='word_1_685' title='bbox 2612 5090 2623 5124; x_wconf 93' lang='lat'><strong>:</strong></span> <span class='ocrx_word' id='word_1_686' title='bbox 2657 5071 2887 5127; x_wconf 84' lang='lat' dir='ltr'><strong>Sanctus</strong></span> <span class='ocrx_word' id='word_1_687' title='bbox 3802 5072 3813 5083; x_wconf 90' lang='grc'><em>’</em></span> 
     </span>
    </p>
   </div>
   <div class='ocr_carea' id='block_1_114' title="bbox 2294 5179 3808 5247">
    <p class='ocr_par' dir='ltr' id='par_1_114' title="bbox 2294 5179 3808 5247">
     <span class='ocr_line' id='line_1_114' title="bbox 2294 5179 3808 5247; baseline -0.007 -6"><span class='ocrx_word' id='word_1_688' title='bbox 2294 5185 2476 5241; x_wconf 81' lang='lat' dir='ltr'><strong>LXIII.</strong></span> <span class='ocrx_word' id='word_1_689' title='bbox 2522 5201 2672 5242; x_wconf 71' lang='lat' dir='ltr'><strong>IISBA</strong></span> <span class='ocrx_word' id='word_1_690' title='bbox 2715 5201 2769 5242; x_wconf 69' lang='lat' dir='ltr'><strong>tu</strong></span> <span class='ocrx_word' id='word_1_691' title='bbox 2808 5201 3024 5242; x_wconf 67' lang='lat' dir='ltr'><strong>«anno</strong></span> <span class='ocrx_word' id='word_1_692' title='bbox 3064 5202 3360 5247; x_wconf 65' lang='lat' dir='ltr'><strong>curassint</strong></span> <span class='ocrx_word' id='word_1_693' title='bbox 3398 5190 3671 5241; x_wconf 73' lang='lat' dir='ltr'><strong>smmum</strong></span> <span class='ocrx_word' id='word_1_694' title='bbox 3712 5179 3808 5225; x_wconf 70' lang='grc' dir='ltr'><strong>Ιλπ·</strong></span> 
     </span>
    </p>
   </div>
   <div class='ocr_carea' id='block_1_115' title="bbox 2999 5274 3169 5315">
    <p class='ocr_par' dir='ltr' id='par_1_115' title="bbox 2999 5274 3169 5315">
     <span class='ocr_line' id='line_1_115' title="bbox 2999 5274 3169 5315; baseline 0.006 -2"><span class='ocrx_word' id='word_1_695' title='bbox 2999 5274 3169 5315; x_wconf 74' lang='lat' dir='ltr'><strong>TYRIS.</strong></span> 
     </span>
    </p>
   </div>
   <div class='ocr_carea' id='block_1_116' title="bbox 2362 5356 3809 5447">
    <p class='ocr_par' dir='ltr' id='par_1_116' title="bbox 2362 5356 3809 5447">
     <span class='ocr_line' id='line_1_116' title="bbox 2362 5356 3809 5447; baseline 0.016 -22"><span class='ocrx_word' id='word_1_696' title='bbox 2362 5378 2634 5435; x_wconf 69' lang='lat' dir='ltr'><strong>bacratam</strong></span> <span class='ocrx_word' id='word_1_697' title='bbox 2685 5376 2958 5446; x_wconf 82' lang='lat' dir='ltr'><strong>mysteriis</strong></span> <span class='ocrx_word' id='word_1_698' title='bbox 3002 5376 3310 5435; x_wconf 73' lang='lat' dir='ltr'><strong>caelestibus</strong></span> <span class='ocrx_word' id='word_1_699' title='bbox 3346 5375 3481 5432; x_wconf 76' lang='lat' dir='ltr'><strong>diem</strong></span> <span class='ocrx_word' id='word_1_700' title='bbox 3519 5370 3582 5423; x_wconf 66' lang='lat' dir='ltr'><strong>ad</strong></span> <span class='ocrx_word' id='word_1_701' title='bbox 3623 5356 3809 5447; x_wconf 48' lang='grc' dir='ltr'><strong>οίίίώΨ</strong></span> 
     </span>
    </p>
   </div>
   <div class='ocr_carea' id='block_1_117' title="bbox 2295 5441 3807 5539">
    <p class='ocr_par' dir='ltr' id='par_1_117' title="bbox 2295 5441 3807 5539">
     <span class='ocr_line' id='line_1_117' title="bbox 2295 5441 3807 5539; baseline -0.013 -16"><span class='ocrx_word' id='word_1_702' title='bbox 2295 5465 2597 5523; x_wconf 88' lang='lat' dir='ltr'><strong>devotionis</strong></span> <span class='ocrx_word' id='word_1_703' title='bbox 2646 5441 2848 5524; x_wconf 73' lang='lat' dir='ltr'><strong>nostrae</strong></span> <span class='ocrx_word' id='word_1_704' title='bbox 2895 5468 3271 5527; x_wconf 80' lang='lat' dir='ltr'><strong>sollemnitatis</strong></span> <span class='ocrx_word' id='word_1_705' title='bbox 3297 5461 3535 5539; x_wconf 82' lang='lat' dir='ltr'><strong>ingressi,</strong></span> <span class='ocrx_word' id='word_1_706' title='bbox 3558 5458 3725 5513; x_wconf 65' lang='lat' dir='ltr'><strong>fratrm</strong></span> <span class='ocrx_word' id='word_1_707' title='bbox 3744 5441 3807 5494; x_wconf 72' lang='grc' dir='ltr'><strong>άεο</strong></span> 
     </span>
    </p>
   </div>
   <div class='ocr_carea' id='block_1_118' title="bbox 2364 5606 3801 5698">
    <p class='ocr_par' dir='ltr' id='par_1_118' title="bbox 2364 5606 3801 5698">
     <span class='ocr_line' id='line_1_118' title="bbox 2364 5606 3801 5698; baseline 0.003 -22"><span class='ocrx_word' id='word_1_708' title='bbox 2364 5620 2392 5660; x_wconf 70' lang='grc' dir='ltr'><strong>ι)</strong></span> <span class='ocrx_word' id='word_1_709' title='bbox 2417 5621 2619 5698; x_wconf 79' lang='lat' dir='ltr'><strong>Eadem</strong></span> <span class='ocrx_word' id='word_1_710' title='bbox 2667 5639 2806 5679; x_wconf 89' lang='lat' dir='ltr'><strong>nunc</strong></span> <span class='ocrx_word' id='word_1_711' title='bbox 2845 5625 2896 5679; x_wconf 92' lang='lat' dir='ltr'><strong>in</strong></span> <span class='ocrx_word' id='word_1_712' title='bbox 2927 5622 3127 5680; x_wconf 85' lang='lat' dir='ltr'><strong>Ordine</strong></span> <span class='ocrx_word' id='word_1_713' title='bbox 3162 5625 3498 5698; x_wconf 56' lang='lat' dir='ltr'><strong>Gregoriano:</strong></span> <span class='ocrx_word' id='word_1_714' title='bbox 3530 5606 3801 5698; x_wconf 57' lang='grc' dir='ltr'><strong>Πίῳ</strong></span> 
     </span>
    </p>
   </div>
   <div class='ocr_carea' id='block_1_119' title="bbox 2293 5673 3799 5765">
    <p class='ocr_par' dir='ltr' id='par_1_119' title="bbox 2293 5673 3799 5765">
     <span class='ocr_line' id='line_1_119' title="bbox 2293 5673 3799 5765; baseline -0.007 -17"><span class='ocrx_word' id='word_1_715' title='bbox 2293 5673 2458 5765; x_wconf 65' lang='grc' dir='ltr'><strong>εχιτῖ</strong></span> <span class='ocrx_word' id='word_1_716' title='bbox 2468 5673 3226 5765; x_wconf 44' lang='lat' dir='ltr'><strong>satias?statuaries:</strong></span> <span class='ocrx_word' id='word_1_717' title='bbox 3241 5673 3331 5751; x_wconf 64' lang='grc' dir='ltr'><strong>1ῗᾷ</strong></span> <span class='ocrx_word' id='word_1_718' title='bbox 3340 5673 3446 5748; x_wconf 66' lang='grc' dir='ltr'><strong>’ὑῙέ</strong></span> <span class='ocrx_word' id='word_1_719' title='bbox 3458 5673 3690 5765; x_wconf 67' lang='lat' dir='ltr'><strong>fratribus</strong></span> <span class='ocrx_word' id='word_1_720' title='bbox 3713 5673 3799 5765; x_wconf 61' lang='grc' dir='ltr'><strong>Ιςξξ</strong></span> 
     </span>
    </p>
   </div>
   <div class='ocr_carea' id='block_1_120' title="bbox 2292 5740 3798 5837">
    <p class='ocr_par' dir='ltr' id='par_1_120' title="bbox 2292 5740 3798 5837">
     <span class='ocr_line' id='line_1_120' title="bbox 2292 5740 3798 5837; baseline -0.009 -14"><span class='ocrx_word' id='word_1_721' title='bbox 2292 5740 3433 5837; x_wconf 39' lang='lat' dir='ltr'><strong>sesama};scivissem“;</strong></span> <span class='ocrx_word' id='word_1_722' title='bbox 3472 5740 3685 5821; x_wconf 66' lang='lat' dir='ltr'><strong>nam</strong></span> <span class='ocrx_word' id='word_1_723' title='bbox 3724 5740 3798 5810; x_wconf 60' lang='grc' dir='ltr'><strong>(λιιι</strong></span> 
     </span>
    </p>
   </div>
   <div class='ocr_carea' id='block_1_121' title="bbox 2291 5836 3790 5906">
    <p class='ocr_par' dir='ltr' id='par_1_121' title="bbox 2291 5836 3790 5906">
     <span class='ocr_line' id='line_1_121' title="bbox 2291 5836 3790 5906; baseline 0.001 -15"><span class='ocrx_word' id='word_1_724' title='bbox 2291 5836 2465 5906; x_wconf 76' lang='lat' dir='ltr'><strong>puta)</strong></span> <span class='ocrx_word' id='word_1_725' title='bbox 2496 5844 2732 5894; x_wconf 85' lang='lat' dir='ltr'><strong>auctore.</strong></span> <span class='ocrx_word' id='word_1_726' title='bbox 3759 5854 3790 5865; x_wconf 70' lang='lat'><strong>&#39;-</strong></span> 
     </span>
    </p>
   </div>
  </div>
