4048 6350
250 222 373 289 801

1268 224 1358 284 DE
1396 223 1727 285 LITUBGIA
1769 223 2164 284 GALLICANA
2202 220 2413 283 LIBER
2449 222 2537 281 Ill.

3435 221 3541 281 30!

250 341 542 423 iustissimi
569 387 584 411 ,
636 341 911 399 laudemus
976 342 1258 399 Dominum
1317 342 1373 397 in
1425 343 1625 399 sanctis
1665 342 1776 398 suis
1826 352 1921 413 ςΑ
1952 345 2147 414 pietate
2185 342 2508 401 transfertur
2552 340 2619 397 ad
2649 337 2951 410 praemium,
2999 354 3123 399 cum
3144 334 3195 397 ei
3243 340 3540 397 insinuatur

258 448 498 505 eumque
545 436 598 489 in
648 434 935 489 beatissimi
1002 434 1299 491 Sinfuriani
1352 436 1605 503 martyris
1657 436 1858 491 honore

260 542 608 591 veneremur,
639 537 857 597 agentes
886 529 936 583 ei
964 528 1161 597 gratias
1187 543 1283 597 pro
1316 528 1600 595 triumphis
1636 527 1753 597 ejus
1793 536 1849 583 et

243 620 468 690 .gioria;
496 635 652 691 quem
696 620 953 676 adversus
993 622 1232 689 corporis
1262 612 1627 675 infirmitatem
1671 634 1857 689 poena-

258 727 494 781 rumque
525 712 805 777 saevitiam,
855 711 1074 780 spiritus
1117 710 1434 767 fortitudine
1479 709 1857 779 demicsntem,

256 804 381 874 spei
433 804 631 859 viribus
677 804 969 867 roboravit,
1025 819 1176 858 muro
1225 803 1558 860 credulitatis
1605 802 1856 872 inclusit,

256 914 621 970 successuque
662 902 900 956 victoria:
950 901 1016 956 ad
1049 902 1265 971 praemia
1312 901 1730 956 immortalitatis
1778 900 1861 955 in-

256 995 434 1051 vexit.
464 994 689 1050 Oremus
710 1008 921 1065 quoque
947 1004 1004 1049 ut
1030 1009 1127 1050 nos
1157 994 1209 1048 in
1239 995 1338 1049 hnc
1369 995 1588 1061 sat-culo,
1616 996 1715 1049 etsi
1743 1007 1852 1049 non

246 1086 381 1156 'pari
409 1099 580 1151 agone
605 1086 956 1144 certantibus.
985 1086 1175 1141 similis
1200 1083 1461 1141 fortitudo
1483 1101 1587 1140 non
1614 1085 1857 1151 desinat;

258 1185 318 1231 et
360 1176 498 1230 sicut
532 1173 680 1230 illum
710 1174 1014 1231 exhortatio
1056 1177 1156 1246 piae
1203 1179 1389 1232 matris
1418 1178 1613 1232 extulit
1639 1178 1704 1231 ad
1740 1191 1861 1245 per-

259 1272 526 1343 agendam
556 1274 864 1329 certaminis
894 1272 1053 1342 hujus
1075 1274 1377 1340 victoriam,
1404 1275 1475 1329 ita
1509 1291 1608 1329 nos
1637 1274 1862 1329 catholi-

250 1378 340 1419 ca:
370 1364 504 1420 fides
544 1363 800 1420 Ecclesiae
847 1366 1397 1436 inreprehensibiliter
1423 1366 1689 1423 cusmdita
1741 1382 1860 1435 per-

255 1454 423 1510 ducat
449 1454 514 1509 ad
544 1454 775 1517 veniam,
809 1455 1067 1526 provehat
1117 1456 1180 1509 ad
1212 1468 1488 1512 coronam.
1536 1456 1639 1513 Per
1680 1455 1859 1513 Domi-

260 1560 394 1602 num
428 1554 667 1601 nostrum
696 1544 880 1602 Iesum
912 1546 1201 1602 Christum.

814 1638 1051 1691 Collectio
1070 1641 1315 1704 sequitur.

1962 452 2067 494 non
2109 438 2305 493 debere
2344 445 2567 492 mortem
2598 443 2857 503 metuere,
2887 435 3012 505 quia
3086 434 3409 506 martyribus
3438 438 3546 489 vita

1962 544 2067 586 non
2118 531 2343 596 tollitur,
2389 528 2485 585 sed
2524 537 2780 583 mutatur.
2812 526 2856 582 Ο
2902 526 3215 583 admiranda
3255 530 3547 595 gratiarum

1961 623 2092 679 fides
2117 624 2132 677 ι
2164 638 2283 693 quas
2306 623 2374 679 de
2399 623 2557 677 beato
2584 623 2696 676 lilio
2722 622 2884 676 vitam
2931 621 3167 692 glorioso
3196 623 3398 697 exultat
3418 621 3548 676 alie-

1961 725 2081 783 ctu;
2105 724 2159 771 et
2186 731 2305 786 qum
2333 716 2514 785 lugere
2540 713 2879 779 credebatur,
2907 714 3141 783 gaudere
3166 715 3506 783 cognoscitur
3535 731 3547 767 :

1960 824 2147 866 secura
2185 810 2253 865 de
2282 810 2432 880 regni
2464 809 2538 863 tui
2568 808 2824 877 prtemiis,
2872 805 3038 862 illium
3069 807 3381 862 exhortatur
3420 821 3545 861 eum

1963 901 2163 972 ingenti
2195 900 2397 963 Iustitia.
2426 900 2659 955 scientes
2688 900 2980 953 morientes
3000 898 3052 953 in
3080 897 3318 965 Christo,
3345 898 3546 962 vivere,

1961 1004 2017 1048 et
2060 993 2310 1049 amissam
2341 991 2526 1056 vitam,
2564 1006 2629 1046 eo
2667 997 3024 1055 restaurante,
3071 991 3336 1060 recipere.
3384 990 3551 1059 Digne

1964 1099 2092 1155 ergo
2124 1084 2210 1139 hic
2239 1083 2615 1139 honoraturin
2648 1083 2863 1138 nomine
2910 1093 3021 1147 tuo,
3069 1081 3156 1148 qui
3189 1092 3239 1136 te
3270 1080 3553 1135 honoravit

1964 1181 2017 1235 in
2044 1180 2301 1248 sanguine
2347 1192 2477 1243 suo;
2523 1177 2613 1247 qui
2644 1191 2741 1246 pro
2772 1185 2825 1231 te
2870 1174 3101 1229 afﬂictus
3148 1184 3232 1229 est
3263 1174 3315 1229 in
3348 1175 3553 1243 suppli-

1961 1272 2068 1335 cio,
2103 1284 2200 1340 per
2240 1278 2291 1325 te
2317 1268 2643 1337 giorilicatus
2667 1277 2752 1322 est
2778 1267 2832 1323 in
2862 1267 3146 1335 sepulcro;
3176 1268 3266 1335 qui
3300 1277 3355 1321 te
3385 1265 3553 1320 hono-

1960 1362 2102 1417 ravit
2126 1362 2179 1416 in
2205 1359 2401 1429 gladio,
2432 1368 2606 1415 tecum
2642 1368 2828 1428 regnat
2850 1360 2904 1412 in
2929 1357 3094 1423 cutio;
3124 1357 3215 1425 qui
3252 1370 3346 1426 per
3384 1371 3554 1426 angu-

1958 1455 2119 1511 stiam
2150 1454 2490 1522 praesentium
2522 1449 2926 1505 tribulationum
2955 1447 3237 1518 pervenire
3263 1447 3461 1502 meruit
3483 1446 3554 1502 ad

1961 1547 2363 1616 amplitudinem
2412 1543 2707 1600 caelestium
2751 1541 3089 1613 gaudiorum,
3146 1556 3240 1607 per
3283 1538 3555 1598 Christum

1963 1639 2245 1696 Dominum
2278 1646 2542 1693 nostrum.
2575 1636 2678 1691 Per
2700 1650 2754 1704 q.
2918 1648 2925 1653 θ

336 1724 648 1779 Sanctorum
679 1724 918 1779 omnium
964 1722 1197 1795 gloriosa
1226 1724 1511 1794 protectio,
1554 1724 1718 1791 Deus,
1763 1724 1853 1795 qui

1974 1739 2143 1796 LXIV.
2174 1753 2325 1794 mssa
2353 1752 2541 1794 ιΑΝετι
2572 1750 2636 1792 ac
2666 1750 2961 1792 BBA'I'ISSIII
2990 1749 3230 1791 numen
3262 1748 3373 1791 cuit
3392 1748 3555 1790 soctts

260 1815 421 1872 beato
453 1818 669 1885 martyri
704 1825 795 1871 tuo
824 1816 1131 1873 Sinfuriano
1178 1817 1432 1873 auxilium
1462 1833 1569 1874 non
1611 1819 1851 1889 negasti,

258 1915 314 1964 et
337 1921 435 1977 per
464 1908 643 1979 iniqua
673 1910 860 1964 mortis
886 1909 1115 1963 ludibria
1146 1910 1211 1964 ad
1242 1909 1378 1965 hanc
1409 1910 1633 1979 gloriam
1666 1922 1856 1967 vocare

257 2000 511 2070 dignatus
541 2016 618 2065 es,
651 2012 844 2072 prazsta
874 2010 932 2057 ut
960 2002 1165 2057 similes
1195 2016 1291 2057 nos
1325 2002 1457 2057 fides
1488 2004 1746 2074 martyrio
1768 2018 1860 2058 co-

259 2095 429 2166 pulet,
459 2109 594 2167 quos
625 2106 836 2167 tempus
865 2097 1128 2166 passionis
1158 2097 1211 2152 in
1258 2097 1429 2153 stadio
1460 2113 1561 2153 non
1600 2099 1853 2170 reliquit;

260 2189 486 2245 acsicut
512 2190 660 2245 illum
698 2191 800 2247 iter
822 2191 1011 2246 durum
1043 2200 1099 2247 et
1130 2192 1472 2261 scopulosum
1522 2206 1617 2261 per
1664 2207 1861 2249 aerum-

261 2297 361 2340 nas
392 2285 697 2354 passionum
723 2286 968 2354 paradiso
1008 2284 1338 2351 conlocavit,
1371 2284 1443 2339 ita
1475 2298 1573 2341 nos
1620 2300 1860 2356 praesen-

260 2377 395 2432 tium
439 2377 771 2448 voluptatum
824 2385 1228 2446 contemptus...
1278 2374 1383 2431 Per
1427 2374 1709 2432 Dominum
1754 2390 1857 2433 no-

261 2480 462 2527 utrum.

827 2540 1062 2593 Collectio
1084 2547 1329 2605 sequitur.

335 2624 591 2684 Recitatis
620 2626 927 2681 nominibus
960 2625 1309 2692 olferentum,
1354 2624 1547 2681 fratres
1575 2624 1856 2693 carissimi,

263 2718 649 2789 omnipotentis
674 2719 766 2774 Dei
797 2718 1216 2775 misericordiam
1234 2719 1607 2788 deprecemur,
1636 2726 1695 2773 ut
1716 2718 1857 2786 plebi

268 2825 389 2880 quae
416 2810 472 2864 in
506 2809 710 2866 honore
740 2810 878 2865 beati
908 2809 1193 2866 Sinfuriani
1242 2810 1491 2881 martyris
1524 2818 1651 2865 vota
1680 2809 1862 2865 reddit

266 2903 570 2970 altaribus,
618 2902 812 2959 divinae
858 2902 1192 2960 credulitatis
1241 2901 1551 2959 infundatur
1603 2903 1857 2972 allectus;

269 3008 326 3055 ut
345 2998 465 3068 ejus
490 2997 954 3054 administratione
986 2998 1266 3053 firmentur
1287 3040 1300 3064 ,
1333 2998 1421 3067 qui
1467 2997 1714 3067 Martyris
1744 3012 1859 3054 me-

269 3086 385 3153 ritis
412 3102 518 3142 non
536 3087 863 3157 junguntur;
897 3102 960 3143 ac
987 3088 1127 3143 sicut
1168 3088 1258 3147 ille
1282 3098 1401 3157 post
1425 3092 1661 3144 carceris
1687 3098 1860 3156 septa,

270 3187 393 3250 post
410 3194 687 3250 poenarum
710 3180 981 3251 ligamina,
1007 3190 1232 3250 postque
1259 3180 1413 3237 famis
1434 3165 1688 3247 inediam,
1707 3190 1865 3237 aeter-

268 3272 459 3333 nitatis
513 3271 705 3341 gaudia
756 3272 965 3328 infinita
998 3271 1310 3343 perfruitur,
1366 3274 1435 3328 ita
1488 3272 1862 3329 defunctorum

268 3364 484 3429 animm,
514 3363 705 3419 laxatis
731 3364 925 3420 inferni
958 3367 1243 3434 prcssuris,
1279 3365 1507 3420 Abrahze
1545 3364 1711 3434 patris
1738 3377 1866 3435 gre-

268 3456 381 3517 mio
405 3455 775 3512 conlocentur.
807 3456 961 3524 Quod
989 3459 1105 3525 ipse
1138 3463 1320 3526 praest.
1354 3456 1603 3527 dignetur
1630 3473 1684 3527 q.

800 3546 1033 3599 Collectio
1056 3548 1115 3598 ad
1156 3560 1347 3610 pacem.

272 3686 281 3691 .
340 3633 585 3705 Largitor
614 3633 876 3690 bonorum
942 3634 1208 3699 omnium,
1261 3634 1423 3698 Deus,
1454 3634 1544 3703 qui
1578 3634 1718 3690 inter
1740 3633 1863 3690 illas

271 3737 564 3801 martyrum
585 3727 977 3799 splendentium
1000 3729 1150 3789 nivea
1183 3728 1288 3783 lide
1307 3737 1573 3792 catervas,
1599 3736 1712 3783 toto
1732 3730 1865 3785 orbe

273 3830 537 3889 tct'rarttm
561 3824 727 3894 gratia
759 3830 1081 3878 coruscante
1109 3821 1350 3887 diii'usas,
1386 3822 1678 3892 pretiosum
1704 3837 1868 3893 pecu.

275 3913 567 3982 Iiaremque
602 3914 755 3969 nobis
788 3913 1001 3971 beatum
1045 3911 1411 3970 Sinfurianum
1464 3924 1749 3984 martyrem
1793 3915 1871 3970 in.

278 4005 521 4073 dulsisti,
551 4006 745 4076 largire
788 4006 1071 4062 cotidianis
1124 4006 1418 4076 supplicum
1469 4008 1628 4078 281
1660 4015 1868 4063 tuorum

279 4096 439 4167 sutis,
472 4105 530 4163 ut
571 4098 624 4163 in
665 4100 817 4167 cujus
857 4097 990 4153 festa
1020 4098 1217 4155 devoto
1246 4098 1549 4153 exultamus
1590 4098 1869 4167 trepudio,

281 4187 398 4258 ejus
428 4188 479 4245 iu
509 4200 783 4258 posterum
814 4190 1087 4247 consortio
1124 4188 1545 4259 coniungantur;
1596 4190 1868 4245 hominum

282 4280 486 4355 paculis
514 4280 902 4349 corporalibus,
942 4280 1274 4350 spiritalibus
1315 4282 1521 4352 alligari
1568 4297 1873 4339 mereamur

282 4372 586 4443 aﬂ‘ectibus.
612 4371 737 4429 Per.

832 4442 1106 4495 Immolatio
1130 4446 1310 4496 missae.

350 4526 571 4598 Dignum
600 4534 655 4581 et
678 4526 877 4597 justum
899 4537 1001 4595 est,
1034 4543 1244 4597 :eqnum
1268 4537 1322 4583 et
1351 4528 1585 4585 salutare
1624 4538 1737 4596 est,
1770 4543 1870 4585 nos
1898 4528 1953 4592 Ι)

281 4621 373 4677 libi
398 4624 451 4675 in
495 4621 699 4677 honore
726 4621 869 4677 beati
912 4623 1162 4693 martyris
1208 4624 1278 4678 tui
1330 4622 1626 4681 Sinfuriani
1655 4624 1872 4682 laudum

283 4712 484 4771 hostias
515 4716 813 4783 immolare,
840 4715 1062 4771 Domine
1090 4716 1230 4772 Deus
1257 4727 1479 4773 aeterne.
1505 4719 1559 4774 In
1600 4719 1751 4788 cuius
1775 4735 1875 4777 nos

283 4808 640 4862 sollemnitate
667 4806 937 4863 confortat
968 4810 1049 4863 vel
1088 4810 1222 4864 ratio
1253 4811 1531 4867 manifesta
1558 4828 1759 4879 rerum,
1787 4814 1875 4870 vel

283 4901 516 4958 eruditio
536 4902 769 4972 perfecta
799 4901 1053 4959 virtutum
1083 4919 1095 4956 :
1130 4904 1219 4975 qui
1245 4904 1531 4974 Splendere
1562 4906 1872 4962 meruitnon

287 4997 458 5051 solum
506 5006 841 5051 terrenorum
886 4996 1129 5052 claritate
1159 4998 1414 5053 natalium
1440 5040 1454 5064 ,
1488 5015 1672 5055 verum
1713 4999 1873 5056 etiam

288 5090 615 5146 sublimitate
643 5089 937 5143 caelestium
968 5089 1263 5157 virtutum;
1297 5102 1351 5145 et
1382 5088 1560 5146 Fausti
1586 5101 1611 5129 α
1644 5091 1877 5161 fulgidus

287 5196 504 5252 genere,
539 5181 694 5237 fausti
727 5182 964 5253 martyrii
998 5181 1206 5236 levatur
1254 5183 1305 5237 in
1336 5185 1589 5242 culmine.
1621 5186 1721 5252 Qui
1751 5185 1881 5242 bea-

290 5284 371 5331 tos
422 5285 597 5345 patres
645 5280 981 5335 Andochium
1028 5280 1428 5353 Benignumquc
1482 5292 1742 5351 secutus,
1786 5299 1882 5353 per

290 5370 533 5441 martyrii
580 5372 911 5444 ﬂagrantiam
961 5374 1167 5429 eiectus
1202 5375 1449 5446 pervenit
1498 5377 1563 5441 ad
1612 5377 1882 5448 palmam;

290 5464 382 5536 qui
411 5464 537 5519 dum
582 5465 940 5523 adiiictionem
986 5468 1230 5537 sequitur
1260 5469 1638 5539 praesentium.
1688 5467 1888 5527 instru-

292 5558 529 5614 ctionem
565 5558 742 5616 eﬂ‘ecit
790 5567 1150 5630 posterorum.
1199 5563 1267 5617 Et
1310 5571 1553 5618 materno
1603 5562 1888 5634 conloquio

308 5768 326 5789 ,_
374 5714 669 5789 (Eanum,
702 5716 1083 5789 Symphoriani
1112 5726 1282 5789 pater,
1310 5732 1508 5789 genere
1550 5716 1791 5784 illustris,
1822 5730 1887 5772 ex

299 5782 452 5842 Aetia
474 5796 530 5842 et
557 5802 625 5843 ex
652 5782 762 5844 hoc
786 5782 921 5844 loco.

2690 1822 2821 1864 8018.

2030 1901 2424 1971 Omnipotentis
2466 1902 2676 1957 Domini
2708 1900 3130 1956 misericordiam
3169 1899 3225 1955 in
3248 1900 3404 1969 hujus
3446 1899 3557 1957 diei

1958 2010 2055 2053 sex
2106 1996 2331 2051 millium
2379 2004 2762 2051 sexcentorum
2813 2003 3107 2065 martyrum
3158 1995 3554 2060 sollemnitate,

1955 2089 2156 2146 fratres
2201 2088 2487 2155 carissimi,
2535 2088 2924 2159 deprecemur,
2974 2098 3033 2143 ut
3074 2088 3166 2159 qui
3198 2098 3359 2143 tantae
3409 2088 3557 2158 plebi

1960 2182 2187 2254 gloriam
2220 2181 2460 2253 martyrii
2482 2182 2729 2247 contulit,
2763 2182 2832 2235 ita
2864 2181 3018 2237 nobis
3038 2180 3141 2237 dici
3166 2181 3411 2238 inmensa
3433 2195 3558 2250 pec-

1960 2273 2229 2339 caminum
2273 2272 2657 2327 misericordize
2707 2287 2819 2327 sum
2865 2272 3110 2343 largitate
3156 2272 3409 2331 letificet.
3442 2272 3553 2331 Per

1964 2361 2251 2427 Dominum
2284 2370 2526 2418 nostrum
2555 2361 2777 2417 Jcsum.‘

2487 2452 2725 2505 Collectio
2748 2455 2989 2517 sequitur.

2038 2538 2198 2605 Deus,
2232 2540 2320 2609 qui
2351 2538 2551 2593 sanctis
2603 2537 2707 2593 tuis
2754 2538 3161 2596 Acauninsebus
3205 2554 3302 2610 pro
3335 2540 3559 2600 tuitiono

1963 2627 2251 2685 Christiani
2283 2631 2513 2686 nominis
2535 2632 2925 2701 persecutionis
2968 2632 3241 2687 audaciam
3273 2633 3559 2700 sustulisti,

1964 2736 2258 2792 eorumque
2285 2726 2522 2777 animum
2563 2721 2629 2776 ad
2660 2721 3072 2794 adepiscendam
3124 2725 3399 2797 dignitatis
3448 2738 3556 2783 tuae

1962 2813 2228 2886 martyrio
2258 2813 2655 2885 praefulgentem
2680 2818 2906 2884 gratiam
2929 2814 3181 2884 incitasti,
3214 2818 3556 2885 emudisupe

1964 2906 2134 2976 plices
2163 2915 2305 2973 tuos,
2333 2915 2388 2962 et
2414 2915 2609 2976 praesta
2638 2915 2696 2960 ut
2722 2908 2861 2962 sicut
2897 2906 2975 2962 illi
3013 2910 3106 2959 tuo
3133 2918 3355 2969 munere
3392 2913 3555 2984 9.82

1966 3009 2279 3055 meruerunt
2307 2999 2551 3056 beatifice
2581 3001 2852 3063 coronari,
2886 3000 2963 3056 ita
2989 3015 3173 3058 eorum
3206 3002 3476 3073 suffragiis
3491 3005 3560 3060 ab
3603 3056 3617 3066 ,

1969 3089 2117 3146 omni
2146 3092 2464 3146 conluvione
2493 3092 2719 3159 peccati,
2754 3100 2806 3147 te
2834 3091 3149 3164 auxiliante,
3168 3096 3457 3153 a‘cddamur
3478 3095 3561 3154 iu-

1970 3186 2135 3242 noxii.
2166 3186 2268 3241 Per
2304 3184 2609 3241 Dominum.

2468 3277 2701 3363 Dolicctto
2725 3289 2835 3363 p'OSI.
2854 3278 3067 3329 nomina.

2041 3361 2251 3417 Auditis
2279 3360 2586 3417 nominibus
2608 3360 2855 3416 carorum
2876 3371 3201 3429 nostrorum,
3220 3367 3559 3434 omnipoten-

1970 3462 2078 3509 tem
2121 3452 2403 3509 Dominum
2442 3452 2814 3523 deprecemur,
2854 3461 2912 3507 ut
2938 3454 3111 3524 plebis
3132 3469 3243 3510 sua:
3286 3456 3562 3514 ministro-

1970 3558 2196 3616 rumque
2223 3554 2343 3601 vota
2371 3545 2695 3615 suscipiens,
2735 3544 3034 3601 oblationes
3072 3556 3311 3615 nostras,
3343 3564 3475 3619 quas
3506 3566 3561 3606 tn

1969 3637 2533 3695 commemorationem
2561 3650 2864 3693 sanctorum
2916 3638 3330 3705 Acauninsium,
3361 3655 3422 3695 ac
3462 3655 3560 3710 pro

1970 3730 2247 3802 spiritibus
2279 3743 2527 3783 carorum
2574 3736 2878 3784 nostrorum
2909 3729 3219 3798 offerimus,
3254 3731 3305 3786 in
3339 3731 3565 3789 odorem

1971 3822 2127 3878 bonae
2170 3820 2448 3875 suavitatis
2498 3820 2743 3889 accipiat.
2786 3819 2943 3878 Unde
2973 3821 3240 3891 supplices
3272 3824 3465 3889 simus,
3513 3832 3567 3880 ut

1972 3915 2403 3971 beatissimorum
2432 3912 2880 3984 patriarcharum,
2910 3915 3318 3984 prophetarum,
3349 3925 3568 3986 aposto-

1972 4007 2172 4075 lorum,
2214 4017 2269 4064 et
2318 4015 2651 4079 martyrum,
2702 4009 3048 4079 omniumque
3102 4016 3413 4066 sanctorum
3468 4011 3568 4080 piis

1974 4102 2223 4173 precibus
2249 4099 2585 4171 adjuvemur.
2614 4100 2735 4154 Per.

2497 4190 2734 4242 Collectio
2757 4190 2817 4241 ad
2841 4204 3036 4250 pacem.

2051 4278 2212 4343 Deus,
2249 4277 2337 4333 cui
2363 4276 2792 4346 acceptissimum
2836 4292 2899 4331 ac
2926 4274 3371 4347 iucundissimum
3401 4281 3571 4333 sacri-

1976 4373 2155 4430 ficium
2202 4381 2287 4427 est
2331 4381 2637 4428 sanctorum
2695 4379 2906 4426 tuorum
2957 4370 3089 4426 fides
3132 4382 3292 4442 atque
3329 4372 3570 4437 devotio,

1977 4468 2164 4525 adesto
2192 4467 2406 4522 familiae
2434 4478 2537 4523 tute
2567 4466 2663 4523 tibi
2692 4466 2940 4536 supplici,
2971 4466 3393 4522 misericordiam
3414 4476 3567 4523 tuam

1980 4574 2075 4630 per
2102 4570 2409 4614 sanctorum
2440 4566 2652 4615 tuorum
2683 4559 3065 4613 Acanninsium
3091 4557 3343 4628 suffragia
3373 4568 3563 4627 postu-

1979 4650 2143 4717 lanti;
2171 4660 2225 4705 et
2253 4650 2317 4704 da
2347 4658 2405 4703 ut
2429 4651 2518 4720 qui
2547 4658 2601 4704 te
2627 4660 2972 4720 peccatorum
3001 4665 3220 4703 suorum
3252 4664 3437 4704 errore
3464 4650 3564 4704 lte-

1978 4753 2185 4810 serunt,
2216 4742 2427 4812 placere
2453 4743 2547 4799 tibi
2581 4758 2673 4811 per
2710 4753 3020 4798 sanctorum
3047 4752 3259 4799 tuorum
3308 4744 3571 4801 interces-

1979 4838 2184 4893 sionem
2207 4844 2532 4891 mereantur.
2568 4836 2686 4890 Per.

2540 4926 2811 4977 Immolatio
2831 4928 3017 4979 missa.

2055 5012 2279 5083 Dignum
2308 5020 2363 5068 et
2386 5012 2587 5081 justum
2614 5022 2715 5068 est.
2749 5013 2890 5070 Vere
2917 5029 3126 5083 aequum
3157 5022 3215 5070 et
3250 5015 3457 5084 justum
3482 5023 3571 5071 est

1984 5118 2082 5165 uos
2110 5104 2201 5159 tibi
2231 5103 2431 5173 gratias
2458 5116 2660 5174 εδει-ε..
2692 5105 2920 5162 Domine
2964 5113 3180 5172 sancte,
3209 5105 3367 5160 Pater
3394 5107 3573 5161 omni-

1984 5204 2195 5267 potens,
2219 5203 2419 5251 aeterne
2446 5195 2608 5251 Deus.
2641 5196 2718 5250 'l'u
2748 5197 2913 5264 enim,
2941 5197 3183 5259 Domine,
3216 5196 3572 5252 Thebaeorum

1984 5287 2302 5351 exercitum,
2347 5287 2415 5343 ad
2443 5286 2621 5357 pepuli
2656 5287 2729 5342 tui
2760 5289 3079 5357 supplicium
3120 5288 3467 5353 destinatum,
3500 5288 3576 5345 ita

1988 5379 2162 5435 subita
2202 5379 2458 5449 iussionis
2490 5390 2591 5434 tua;
2620 5380 2789 5452 gratia
2843 5381 3135 5443 revocasti,
3173 5390 3231 5434 ut
3260 5381 3377 5447 plus
3406 5382 3574 5451 elige-

1985 5482 2105 5535 rent
2131 5470 2313 5529 sedula
2341 5472 2628 5529 devotione
2673 5472 2924 5538 interfici,
2954 5487 3111 5541 quam
3142 5472 3210 5527 de
3240 5473 3575 5529 Christianu-

1985 5580 2104 5622 rum
2135 5566 2394 5636 sanguine
2422 5564 2637 5630 satiari;
2671 5579 2769 5620 nec
2806 5579 2927 5617 cum
2971 5564 3133 5618 laniis
3174 5564 3199 5604 ι)
3246 5575 3303 5621 ut
3344 5576 3394 5625 te
3419 5569 3573 5631 anxi-

2059 5725 2088 5765 ι’
2120 5731 2197 5781 An
2230 5726 2563 5780 cunctantes?
2592 5722 2841 5779 Mendosa
2881 5721 3040 5787 etiam
3068 5741 3185 5793 qure
3211 5738 3528 5805 sequuntur.
