  <div class='ocr_page' id='page_1' title='image "/cluster/home/n/w/nwhite01/storage/ocr_20150623/72/hvd.32044015469364/159.png"; bbox 0 0 4048 6350; ppageno 0'>
   <div class='ocr_carea' id='block_1_1' title="bbox 550 274 661 332">
    <p class='ocr_par' dir='ltr' id='par_1_1' title="bbox 550 274 661 332">
     <span class='ocr_line' id='line_1_1' title="bbox 550 274 661 332; baseline -0.009 -1"><span class='ocrx_word' id='word_1_1' title='bbox 550 274 661 332; x_wconf 74' lang='lat'><strong>305</strong></span> 
     </span>
    </p>
   </div>
   <div class='ocr_carea' id='block_1_2' title="bbox 1268 248 3844 327">
    <p class='ocr_par' dir='ltr' id='par_1_2' title="bbox 1268 248 3844 327">
     <span class='ocr_line' id='line_1_2' title="bbox 1268 248 3844 327; baseline -0.005 -1"><span class='ocrx_word' id='word_1_2' title='bbox 1268 265 1617 327; x_wconf 76' lang='lat' dir='ltr'><strong>APPENDIX</strong></span> <span class='ocrx_word' id='word_1_3' title='bbox 1657 265 1748 322; x_wconf 82' lang='lat' dir='ltr'><strong>AD</strong></span> <span class='ocrx_word' id='word_1_4' title='bbox 1788 265 2020 322; x_wconf 79' lang='lat' dir='ltr'><strong>OPERA</strong></span> <span class='ocrx_word' id='word_1_5' title='bbox 2058 259 2300 321; x_wconf 76' lang='lat' dir='ltr'><strong>SANCTI</strong></span> <span class='ocrx_word' id='word_1_6' title='bbox 2344 256 2655 316; x_wconf 82' lang='lat' dir='ltr'><strong>GERMANI</strong></span> <span class='ocrx_word' id='word_1_7' title='bbox 2693 252 3136 316; x_wconf 78' lang='lat' dir='ltr'><strong>PARISIENSIS.</strong></span> <span class='ocrx_word' id='word_1_8' title='bbox 3758 248 3844 312; x_wconf 68' lang='grc' dir='ltr'><strong>ὅθι</strong></span> 
     </span>
    </p>
   </div>
   <div class='ocr_carea' id='block_1_3' title="bbox 550 371 3849 460">
    <p class='ocr_par' dir='ltr' id='par_1_3' title="bbox 550 371 3849 460">
     <span class='ocr_line' id='line_1_3' title="bbox 550 371 3849 460; baseline -0.007 -10"><span class='ocrx_word' id='word_1_9' title='bbox 550 402 701 457; x_wconf 84' lang='lat' dir='ltr'><strong>ante,</strong></span> <span class='ocrx_word' id='word_1_10' title='bbox 744 387 1135 460; x_wconf 70' lang='lat' dir='ltr'><strong>persecutionis</strong></span> <span class='ocrx_word' id='word_1_11' title='bbox 1177 401 1318 443; x_wconf 89' lang='lat' dir='ltr'><strong>onus</strong></span> <span class='ocrx_word' id='word_1_12' title='bbox 1368 401 1650 456; x_wconf 72' lang='lat' dir='ltr'><strong>excepere.</strong></span> <span class='ocrx_word' id='word_1_13' title='bbox 1701 385 1940 440; x_wconf 80' lang='lat' dir='ltr'><strong>cervices</strong></span> <span class='ocrx_word' id='word_1_14' title='bbox 2006 396 2133 438; x_wconf 86' lang='lat' dir='ltr'><strong>suas</strong></span> <span class='ocrx_word' id='word_1_15' title='bbox 2161 380 2557 445; x_wconf 73' lang='lat' dir='ltr'><strong>Arecitatione</strong></span> <span class='ocrx_word' id='word_1_16' title='bbox 2611 376 2873 447; x_wconf 86' lang='lat' dir='ltr'><strong>patefacta</strong></span> <span class='ocrx_word' id='word_1_17' title='bbox 2928 386 3096 443; x_wconf 90' lang='lat' dir='ltr'><strong>sunt,</strong></span> <span class='ocrx_word' id='word_1_18' title='bbox 3145 376 3201 430; x_wconf 89' lang='lat' dir='ltr'><strong>in</strong></span> <span class='ocrx_word' id='word_1_19' title='bbox 3268 371 3617 433; x_wconf 62' lang='lat' dir='ltr'><strong>caelestibus</strong></span> <span class='ocrx_word' id='word_1_20' title='bbox 3664 373 3849 443; x_wconf 68' lang='grc' dir='ltr'>μσίώ</span> 
     </span>
    </p>
   </div>
   <div class='ocr_carea' id='block_1_4' title="bbox 554 475 2141 554">
    <p class='ocr_par' dir='ltr' id='par_1_4' title="bbox 554 475 2141 554">
     <span class='ocr_line' id='line_1_4' title="bbox 554 475 2141 554; baseline -0.007 -14"><span class='ocrx_word' id='word_1_21' title='bbox 554 482 1003 554; x_wconf 89' lang='lat' dir='ltr'><strong>persequentibus</strong></span> <span class='ocrx_word' id='word_1_22' title='bbox 1050 479 1329 535; x_wconf 89' lang='lat' dir='ltr'><strong>inclinare.</strong></span> <span class='ocrx_word' id='word_1_23' title='bbox 1361 480 1428 533; x_wconf 83' lang='lat' dir='ltr'><strong>Et</strong></span> <span class='ocrx_word' id='word_1_24' title='bbox 1460 493 1578 533; x_wconf 92' lang='lat' dir='ltr'><strong>cum</strong></span> <span class='ocrx_word' id='word_1_25' title='bbox 1608 478 1783 533; x_wconf 79' lang='lat' dir='ltr'><strong>rabies</strong></span> <span class='ocrx_word' id='word_1_26' title='bbox 1814 475 2014 530; x_wconf 89' lang='lat' dir='ltr'><strong>inimici</strong></span> <span class='ocrx_word' id='word_1_27' title='bbox 2046 475 2141 530; x_wconf 87' lang='lat' dir='ltr'><strong>de-</strong></span> 
     </span>
    </p>
   </div>
   <div class='ocr_carea' id='block_1_5' title="bbox 555 567 2138 643">
    <p class='ocr_par' dir='ltr' id='par_1_5' title="bbox 555 567 2138 643">
     <span class='ocr_line' id='line_1_5' title="bbox 555 567 2138 643; baseline -0.006 -12"><span class='ocrx_word' id='word_1_28' title='bbox 555 586 827 643; x_wconf 77' lang='lat' dir='ltr'><strong>cerneret,</strong></span> <span class='ocrx_word' id='word_1_29' title='bbox 877 582 939 627; x_wconf 89' lang='lat' dir='ltr'><strong>ut</strong></span> <span class='ocrx_word' id='word_1_30' title='bbox 976 573 1071 628; x_wconf 91' lang='lat' dir='ltr'><strong>Dei</strong></span> <span class='ocrx_word' id='word_1_31' title='bbox 1119 576 1345 643; x_wconf 89' lang='lat' dir='ltr'><strong>populus</strong></span> <span class='ocrx_word' id='word_1_32' title='bbox 1393 570 1848 626; x_wconf 86' lang='lat' dir='ltr'><strong>denumerationis</strong></span> <span class='ocrx_word' id='word_1_33' title='bbox 1889 567 2138 623; x_wconf 75' lang='lat' dir='ltr'><strong>instantia</strong></span> 
     </span>
    </p>
   </div>
   <div class='ocr_carea' id='block_1_6' title="bbox 552 660 2141 735">
    <p class='ocr_par' dir='ltr' id='par_1_6' title="bbox 552 660 2141 735">
     <span class='ocr_line' id='line_1_6' title="bbox 552 660 2141 735; baseline -0.006 -11"><span class='ocrx_word' id='word_1_34' title='bbox 552 667 843 735; x_wconf 86' lang='lat' dir='ltr'><strong>deperiret,</strong></span> <span class='ocrx_word' id='word_1_35' title='bbox 874 665 965 720; x_wconf 91' lang='lat' dir='ltr'><strong>ille</strong></span> <span class='ocrx_word' id='word_1_36' title='bbox 1013 672 1197 734; x_wconf 90' lang='lat' dir='ltr'><strong>raptus</strong></span> <span class='ocrx_word' id='word_1_37' title='bbox 1224 673 1305 719; x_wconf 91' lang='lat' dir='ltr'><strong>est</strong></span> <span class='ocrx_word' id='word_1_38' title='bbox 1333 662 1593 727; x_wconf 88' lang='lat' dir='ltr'><strong>decimus,</strong></span> <span class='ocrx_word' id='word_1_39' title='bbox 1638 662 1728 732; x_wconf 89' lang='lat' dir='ltr'><strong>qui</strong></span> <span class='ocrx_word' id='word_1_40' title='bbox 1758 660 2141 729; x_wconf 89' lang='lat' dir='ltr'><strong>anticipatione</strong></span> 
     </span>
    </p>
   </div>
   <div class='ocr_carea' id='block_1_7' title="bbox 554 751 2133 828">
    <p class='ocr_par' dir='ltr' id='par_1_7' title="bbox 554 751 2133 828">
     <span class='ocr_line' id='line_1_7' title="bbox 554 751 2133 828; baseline -0.006 -14"><span class='ocrx_word' id='word_1_41' title='bbox 554 758 798 828; x_wconf 83' lang='lat' dir='ltr'><strong>martyrii</strong></span> <span class='ocrx_word' id='word_1_42' title='bbox 841 757 994 811; x_wconf 85' lang='lat' dir='ltr'><strong>fieret</strong></span> <span class='ocrx_word' id='word_1_43' title='bbox 1040 754 1357 826; x_wconf 90' lang='lat' dir='ltr'><strong>primitivus.</strong></span> <span class='ocrx_word' id='word_1_44' title='bbox 1386 754 1601 809; x_wconf 89' lang='lat' dir='ltr'><strong>Clamor</strong></span> <span class='ocrx_word' id='word_1_45' title='bbox 1632 753 1685 807; x_wconf 90' lang='lat' dir='ltr'><strong>in</strong></span> <span class='ocrx_word' id='word_1_46' title='bbox 1715 753 1907 807; x_wconf 85' lang='lat' dir='ltr'><strong>castris</strong></span> <span class='ocrx_word' id='word_1_47' title='bbox 1935 751 2133 816; x_wconf 89' lang='lat' dir='ltr'><strong>oritur,</strong></span> 
     </span>
    </p>
   </div>
   <div class='ocr_carea' id='block_1_8' title="bbox 553 847 2141 912">
    <p class='ocr_par' dir='ltr' id='par_1_8' title="bbox 553 847 2141 912">
     <span class='ocr_line' id='line_1_8' title="bbox 553 847 2141 912; baseline -0.008 -2"><span class='ocrx_word' id='word_1_48' title='bbox 553 855 728 910; x_wconf 90' lang='lat' dir='ltr'><strong>virtus</strong></span> <span class='ocrx_word' id='word_1_49' title='bbox 753 850 1039 909; x_wconf 87' lang='lat' dir='ltr'><strong>dimicandi</strong></span> <span class='ocrx_word' id='word_1_50' title='bbox 1068 848 1456 912; x_wconf 82' lang='lat' dir='ltr'><strong>contemnitur;</strong></span> <span class='ocrx_word' id='word_1_51' title='bbox 1488 848 1557 903; x_wconf 88' lang='lat' dir='ltr'><strong>de</strong></span> <span class='ocrx_word' id='word_1_52' title='bbox 1584 847 1953 902; x_wconf 82' lang='lat' dir='ltr'><strong>adsumatione</strong></span> <span class='ocrx_word' id='word_1_53' title='bbox 1996 860 2141 899; x_wconf 88' lang='lat' dir='ltr'><strong>mar-</strong></span> 
     </span>
    </p>
   </div>
   <div class='ocr_carea' id='block_1_9' title="bbox 554 939 2140 1020">
    <p class='ocr_par' dir='ltr' id='par_1_9' title="bbox 554 939 2140 1020">
     <span class='ocr_line' id='line_1_9' title="bbox 554 939 2140 1020; baseline -0.008 -15"><span class='ocrx_word' id='word_1_54' title='bbox 554 948 682 1020; x_wconf 80' lang='lat' dir='ltr'><strong>tyrii</strong></span> <span class='ocrx_word' id='word_1_55' title='bbox 709 946 982 1003; x_wconf 81' lang='lat' dir='ltr'><strong>contentio</strong></span> <span class='ocrx_word' id='word_1_56' title='bbox 997 944 1162 1000; x_wconf 88' lang='lat' dir='ltr'><strong>ardua</strong></span> <span class='ocrx_word' id='word_1_57' title='bbox 1187 951 1559 998; x_wconf 85' lang='lat' dir='ltr'><strong>commovetur</strong></span> <span class='ocrx_word' id='word_1_58' title='bbox 1588 959 1600 993; x_wconf 87' lang='lat'><strong>:</strong></span> <span class='ocrx_word' id='word_1_59' title='bbox 1636 941 1727 996; x_wconf 91' lang='lat' dir='ltr'><strong>Dei</strong></span> <span class='ocrx_word' id='word_1_60' title='bbox 1748 940 1973 1010; x_wconf 82' lang='lat' dir='ltr'><strong>pepulus</strong></span> <span class='ocrx_word' id='word_1_61' title='bbox 1997 939 2140 994; x_wconf 88' lang='lat' dir='ltr'><strong>ferro</strong></span> 
     </span>
    </p>
   </div>
   <div class='ocr_carea' id='block_1_10' title="bbox 551 1033 2141 1110">
    <p class='ocr_par' dir='ltr' id='par_1_10' title="bbox 551 1033 2141 1110">
     <span class='ocr_line' id='line_1_10' title="bbox 551 1033 2141 1110; baseline -0.008 -12"><span class='ocrx_word' id='word_1_62' title='bbox 551 1041 878 1107; x_wconf 80' lang='lat' dir='ltr'><strong>confoditur,</strong></span> <span class='ocrx_word' id='word_1_63' title='bbox 922 1039 1137 1110; x_wconf 88' lang='lat' dir='ltr'><strong>sanguis</strong></span> <span class='ocrx_word' id='word_1_64' title='bbox 1166 1039 1510 1093; x_wconf 90' lang='lat' dir='ltr'><strong>innocentum</strong></span> <span class='ocrx_word' id='word_1_65' title='bbox 1558 1035 1868 1098; x_wconf 75' lang='lat' dir='ltr'><strong>effunditur,</strong></span> <span class='ocrx_word' id='word_1_66' title='bbox 1900 1033 2029 1087; x_wconf 84' lang='lat' dir='ltr'><strong>fides</strong></span> <span class='ocrx_word' id='word_1_67' title='bbox 2060 1033 2141 1086; x_wconf 84' lang='lat' dir='ltr'><strong>in-</strong></span> 
     </span>
    </p>
   </div>
   <div class='ocr_carea' id='block_1_11' title="bbox 551 1122 2137 1197">
    <p class='ocr_par' dir='ltr' id='par_1_11' title="bbox 551 1122 2137 1197">
     <span class='ocr_line' id='line_1_11' title="bbox 551 1122 2137 1197; baseline -0.008 -9"><span class='ocrx_word' id='word_1_68' title='bbox 551 1132 717 1189; x_wconf 89' lang='lat' dir='ltr'><strong>libata</strong></span> <span class='ocrx_word' id='word_1_69' title='bbox 747 1140 1008 1188; x_wconf 89' lang='lat' dir='ltr'><strong>servatur.</strong></span> <span class='ocrx_word' id='word_1_70' title='bbox 1038 1129 1150 1197; x_wconf 89' lang='lat' dir='ltr'><strong>Sic,</strong></span> <span class='ocrx_word' id='word_1_71' title='bbox 1192 1128 1438 1192; x_wconf 87' lang='lat' dir='ltr'><strong>Domine,</strong></span> <span class='ocrx_word' id='word_1_72' title='bbox 1468 1126 1668 1181; x_wconf 87' lang='lat' dir='ltr'><strong>milites</strong></span> <span class='ocrx_word' id='word_1_73' title='bbox 1718 1122 1953 1194; x_wconf 73' lang='lat' dir='ltr'><strong>protegis</strong></span> <span class='ocrx_word' id='word_1_74' title='bbox 1996 1132 2137 1188; x_wconf 91' lang='lat' dir='ltr'><strong>tuos,</strong></span> 
     </span>
    </p>
   </div>
   <div class='ocr_carea' id='block_1_12' title="bbox 551 1216 2141 1291">
    <p class='ocr_par' dir='ltr' id='par_1_12' title="bbox 551 1216 2141 1291">
     <span class='ocr_line' id='line_1_12' title="bbox 551 1216 2141 1291; baseline -0.007 -10"><span class='ocrx_word' id='word_1_75' title='bbox 551 1236 614 1281; x_wconf 88' lang='lat' dir='ltr'><strong>ut</strong></span> <span class='ocrx_word' id='word_1_76' title='bbox 637 1241 739 1281; x_wconf 91' lang='lat' dir='ltr'><strong>nec</strong></span> <span class='ocrx_word' id='word_1_77' title='bbox 763 1224 993 1280; x_wconf 81' lang='lat' dir='ltr'><strong>defuerit</strong></span> <span class='ocrx_word' id='word_1_78' title='bbox 1021 1223 1074 1278; x_wconf 93' lang='lat' dir='ltr'><strong>in</strong></span> <span class='ocrx_word' id='word_1_79' title='bbox 1107 1222 1352 1291; x_wconf 81' lang='lat' dir='ltr'><strong>passione</strong></span> <span class='ocrx_word' id='word_1_80' title='bbox 1380 1220 1635 1291; x_wconf 82' lang='lat' dir='ltr'><strong>patientia</strong></span> <span class='ocrx_word' id='word_1_81' title='bbox 1657 1264 1671 1287; x_wconf 90' lang='lat'><strong>,</strong></span> <span class='ocrx_word' id='word_1_82' title='bbox 1704 1233 1802 1273; x_wconf 80' lang='lat' dir='ltr'><strong>nec</strong></span> <span class='ocrx_word' id='word_1_83' title='bbox 1848 1218 1901 1271; x_wconf 95' lang='lat' dir='ltr'><strong>in</strong></span> <span class='ocrx_word' id='word_1_84' title='bbox 1932 1216 2141 1271; x_wconf 83' lang='lat' dir='ltr'><strong>confes-</strong></span> 
     </span>
    </p>
   </div>
   <div class='ocr_carea' id='block_1_13' title="bbox 551 1309 2141 1371">
    <p class='ocr_par' dir='ltr' id='par_1_13' title="bbox 551 1309 2141 1371">
     <span class='ocr_line' id='line_1_13' title="bbox 551 1309 2141 1371; baseline -0.005 -1"><span class='ocrx_word' id='word_1_85' title='bbox 551 1316 705 1371; x_wconf 87' lang='lat' dir='ltr'><strong>sione</strong></span> <span class='ocrx_word' id='word_1_86' title='bbox 733 1314 1052 1371; x_wconf 85' lang='lat' dir='ltr'><strong>constantia.</strong></span> <span class='ocrx_word' id='word_1_87' title='bbox 1084 1314 1227 1368; x_wconf 91' lang='lat' dir='ltr'><strong>Inter</strong></span> <span class='ocrx_word' id='word_1_88' title='bbox 1253 1312 1529 1367; x_wconf 87' lang='lat' dir='ltr'><strong>beatorum</strong></span> <span class='ocrx_word' id='word_1_89' title='bbox 1562 1310 1698 1364; x_wconf 90' lang='lat' dir='ltr'><strong>bella</strong></span> <span class='ocrx_word' id='word_1_90' title='bbox 1739 1320 1793 1364; x_wconf 87' lang='lat' dir='ltr'><strong>et</strong></span> <span class='ocrx_word' id='word_1_91' title='bbox 1828 1309 1980 1363; x_wconf 85' lang='lat' dir='ltr'><strong>beata</strong></span> <span class='ocrx_word' id='word_1_92' title='bbox 2025 1323 2141 1363; x_wconf 87' lang='lat' dir='ltr'><strong>cer—</strong></span> 
     </span>
    </p>
   </div>
   <div class='ocr_carea' id='block_1_14' title="bbox 551 1400 2141 1475">
    <p class='ocr_par' dir='ltr' id='par_1_14' title="bbox 551 1400 2141 1475">
     <span class='ocr_line' id='line_1_14' title="bbox 551 1400 2141 1475; baseline -0.004 -13"><span class='ocrx_word' id='word_1_93' title='bbox 551 1407 775 1473; x_wconf 88' lang='lat' dir='ltr'><strong>tamina,</strong></span> <span class='ocrx_word' id='word_1_94' title='bbox 804 1406 923 1475; x_wconf 85' lang='lat' dir='ltr'><strong>plus</strong></span> <span class='ocrx_word' id='word_1_95' title='bbox 950 1405 1139 1460; x_wconf 86' lang='lat' dir='ltr'><strong>metuit</strong></span> <span class='ocrx_word' id='word_1_96' title='bbox 1166 1404 1396 1473; x_wconf 85' lang='lat' dir='ltr'><strong>gloriosa</strong></span> <span class='ocrx_word' id='word_1_97' title='bbox 1427 1401 1697 1459; x_wconf 83' lang='lat' dir='ltr'><strong>confessio</strong></span> <span class='ocrx_word' id='word_1_98' title='bbox 1726 1402 1794 1455; x_wconf 90' lang='lat' dir='ltr'><strong>de</strong></span> <span class='ocrx_word' id='word_1_99' title='bbox 1821 1400 2141 1455; x_wconf 86' lang='lat' dir='ltr'><strong>commilito-</strong></span> 
     </span>
    </p>
   </div>
   <div class='ocr_carea' id='block_1_15' title="bbox 553 1492 2136 1570">
    <p class='ocr_par' dir='ltr' id='par_1_15' title="bbox 553 1492 2136 1570">
     <span class='ocr_line' id='line_1_15' title="bbox 553 1492 2136 1570; baseline -0.007 -13"><span class='ocrx_word' id='word_1_100' title='bbox 553 1517 684 1557; x_wconf 92' lang='lat' dir='ltr'><strong>num</strong></span> <span class='ocrx_word' id='word_1_101' title='bbox 706 1502 978 1557; x_wconf 91' lang='lat' dir='ltr'><strong>consortio</strong></span> <span class='ocrx_word' id='word_1_102' title='bbox 1005 1499 1191 1565; x_wconf 82' lang='lat' dir='ltr'><strong>dividi,</strong></span> <span class='ocrx_word' id='word_1_103' title='bbox 1215 1514 1374 1570; x_wconf 89' lang='lat' dir='ltr'><strong>quam</strong></span> <span class='ocrx_word' id='word_1_104' title='bbox 1396 1513 1587 1553; x_wconf 91' lang='lat' dir='ltr'><strong>manus</strong></span> <span class='ocrx_word' id='word_1_105' title='bbox 1607 1494 1875 1551; x_wconf 79' lang='lat' dir='ltr'><strong>carnificis</strong></span> <span class='ocrx_word' id='word_1_106' title='bbox 1898 1492 2136 1561; x_wconf 88' lang='lat' dir='ltr'><strong>gloriari.</strong></span> 
     </span>
    </p>
   </div>
   <div class='ocr_carea' id='block_1_16' title="bbox 548 1588 2139 1666">
    <p class='ocr_par' dir='ltr' id='par_1_16' title="bbox 548 1588 2139 1666">
     <span class='ocr_line' id='line_1_16' title="bbox 548 1588 2139 1666; baseline -0.008 -13"><span class='ocrx_word' id='word_1_107' title='bbox 548 1595 721 1653; x_wconf 86' lang='lat' dir='ltr'><strong>Totus</strong></span> <span class='ocrx_word' id='word_1_108' title='bbox 748 1611 976 1666; x_wconf 83' lang='lat' dir='ltr'><strong>namque</strong></span> <span class='ocrx_word' id='word_1_109' title='bbox 1007 1595 1101 1652; x_wconf 85' lang='lat' dir='ltr'><strong>Dei</strong></span> <span class='ocrx_word' id='word_1_110' title='bbox 1129 1594 1360 1664; x_wconf 86' lang='lat' dir='ltr'><strong>populus</strong></span> <span class='ocrx_word' id='word_1_111' title='bbox 1389 1601 1534 1647; x_wconf 91' lang='lat' dir='ltr'><strong>tanta</strong></span> <span class='ocrx_word' id='word_1_112' title='bbox 1560 1589 1767 1645; x_wconf 88' lang='lat' dir='ltr'><strong>ardoris</strong></span> <span class='ocrx_word' id='word_1_113' title='bbox 1798 1588 1919 1643; x_wconf 84' lang='lat' dir='ltr'><strong>fidei</strong></span> <span class='ocrx_word' id='word_1_114' title='bbox 1943 1588 2139 1642; x_wconf 84' lang='lat' dir='ltr'><strong>alacri-</strong></span> 
     </span>
    </p>
   </div>
   <div class='ocr_carea' id='block_1_17' title="bbox 547 1681 2137 1760">
    <p class='ocr_par' dir='ltr' id='par_1_17' title="bbox 547 1681 2137 1760">
     <span class='ocr_line' id='line_1_17' title="bbox 547 1681 2137 1760; baseline -0.008 -14"><span class='ocrx_word' id='word_1_115' title='bbox 547 1696 660 1746; x_wconf 84' lang='lat' dir='ltr'><strong>tate</strong></span> <span class='ocrx_word' id='word_1_116' title='bbox 689 1688 970 1760; x_wconf 86' lang='lat' dir='ltr'><strong>flagrabat,</strong></span> <span class='ocrx_word' id='word_1_117' title='bbox 1002 1696 1063 1743; x_wconf 89' lang='lat' dir='ltr'><strong>ut</strong></span> <span class='ocrx_word' id='word_1_118' title='bbox 1106 1687 1153 1741; x_wconf 89' lang='lat' dir='ltr'><strong>si</strong></span> <span class='ocrx_word' id='word_1_119' title='bbox 1185 1686 1489 1741; x_wconf 89' lang='lat' dir='ltr'><strong>tardaretur</strong></span> <span class='ocrx_word' id='word_1_120' title='bbox 1528 1682 1831 1753; x_wconf 88' lang='lat' dir='ltr'><strong>persecutio</strong></span> <span class='ocrx_word' id='word_1_121' title='bbox 1876 1681 2137 1750; x_wconf 90' lang='lat' dir='ltr'><strong>corporis,</strong></span> 
     </span>
    </p>
   </div>
   <div class='ocr_carea' id='block_1_18' title="bbox 546 1772 2219 1852">
    <p class='ocr_par' dir='ltr' id='par_1_18' title="bbox 546 1772 2219 1852">
     <span class='ocr_line' id='line_1_18' title="bbox 546 1772 2219 1852; baseline -0.009 -15"><span class='ocrx_word' id='word_1_122' title='bbox 546 1780 882 1852; x_wconf 69' lang='lat' dir='ltr'><strong>prmcederet</strong></span> <span class='ocrx_word' id='word_1_123' title='bbox 909 1778 1122 1833; x_wconf 83' lang='lat' dir='ltr'><strong>devotio</strong></span> <span class='ocrx_word' id='word_1_124' title='bbox 1145 1777 1425 1847; x_wconf 83' lang='lat' dir='ltr'><strong>passionis.</strong></span> <span class='ocrx_word' id='word_1_125' title='bbox 1458 1775 1628 1828; x_wconf 88' lang='lat' dir='ltr'><strong>Tanta</strong></span> <span class='ocrx_word' id='word_1_126' title='bbox 1674 1773 1813 1827; x_wconf 90' lang='lat' dir='ltr'><strong>enim</strong></span> <span class='ocrx_word' id='word_1_127' title='bbox 1863 1772 1962 1826; x_wconf 92' lang='lat' dir='ltr'><strong>fuit</strong></span> <span class='ocrx_word' id='word_1_128' title='bbox 2006 1786 2140 1825; x_wconf 91' lang='lat' dir='ltr'><strong>con-</strong></span> <span class='ocrx_word' id='word_1_129' title='bbox 2170 1783 2219 1843; x_wconf 73' lang='grc' dir='ltr'>Β</span> 
     </span>
    </p>
   </div>
   <div class='ocr_carea' id='block_1_19' title="bbox 1216 1863 2191 1934">
    <p class='ocr_par' dir='ltr' id='par_1_19' title="bbox 1216 1863 2191 1934">
     <span class='ocr_line' id='line_1_19' title="bbox 1216 1863 2191 1934; baseline -0.003 -13"><span class='ocrx_word' id='word_1_130' title='bbox 1216 1868 1434 1934; x_wconf 90' lang='lat' dir='ltr'><strong>inimici,</strong></span> <span class='ocrx_word' id='word_1_131' title='bbox 1464 1876 1520 1921; x_wconf 91' lang='lat' dir='ltr'><strong>ut</strong></span> <span class='ocrx_word' id='word_1_132' title='bbox 1556 1881 1655 1921; x_wconf 90' lang='lat' dir='ltr'><strong>nec</strong></span> <span class='ocrx_word' id='word_1_133' title='bbox 1698 1864 1847 1920; x_wconf 85' lang='lat' dir='ltr'><strong>furor</strong></span> <span class='ocrx_word' id='word_1_134' title='bbox 1877 1863 2145 1919; x_wconf 86' lang='lat' dir='ltr'><strong>invenerit</strong></span> <span class='ocrx_word' id='word_1_135' title='bbox 2188 1884 2191 1885; x_wconf 48' lang='grc' dir='ltr'><em>ν</em></span> 
     </span>
    </p>
   </div>
   <div class='ocr_carea' id='block_1_20' title="bbox 548 1870 1163 1940">
    <p class='ocr_par' dir='ltr' id='par_1_20' title="bbox 548 1870 1163 1940">
     <span class='ocr_line' id='line_1_20' title="bbox 548 1870 1163 1940; baseline -0.002 -14"><span class='ocrx_word' id='word_1_136' title='bbox 548 1872 749 1927; x_wconf 91' lang='lat' dir='ltr'><strong>stantia</strong></span> <span class='ocrx_word' id='word_1_137' title='bbox 776 1870 981 1940; x_wconf 87' lang='lat' dir='ltr'><strong>populi,</strong></span> <span class='ocrx_word' id='word_1_138' title='bbox 1014 1879 1163 1925; x_wconf 91' lang='lat' dir='ltr'><strong>et....</strong></span> 
     </span>
    </p>
   </div>
   <div class='ocr_carea' id='block_1_21' title="bbox 546 1956 2145 2033">
    <p class='ocr_par' dir='ltr' id='par_1_21' title="bbox 546 1956 2145 2033">
     <span class='ocr_line' id='line_1_21' title="bbox 546 1956 2145 2033; baseline -0.007 -15"><span class='ocrx_word' id='word_1_139' title='bbox 546 1961 894 2033; x_wconf 86' lang='lat' dir='ltr'><strong>postmodum</strong></span> <span class='ocrx_word' id='word_1_140' title='bbox 923 1961 1064 2031; x_wconf 92' lang='lat' dir='ltr'><strong>quod</strong></span> <span class='ocrx_word' id='word_1_141' title='bbox 1092 1958 1381 2029; x_wconf 85' lang='lat' dir='ltr'><strong>occideret,</strong></span> <span class='ocrx_word' id='word_1_142' title='bbox 1427 1971 1525 2013; x_wconf 93' lang='lat' dir='ltr'><strong>nec</strong></span> <span class='ocrx_word' id='word_1_143' title='bbox 1551 1956 1840 2026; x_wconf 83' lang='lat' dir='ltr'><strong>gloriosum</strong></span> <span class='ocrx_word' id='word_1_144' title='bbox 1862 1967 2145 2009; x_wconf 81' lang='lat' dir='ltr'><strong>Iremanse-</strong></span> 
     </span>
    </p>
   </div>
   <div class='ocr_carea' id='block_1_22' title="bbox 548 2048 2145 2124">
    <p class='ocr_par' dir='ltr' id='par_1_22' title="bbox 548 2048 2145 2124">
     <span class='ocr_line' id='line_1_22' title="bbox 548 2048 2145 2124; baseline -0.006 -16"><span class='ocrx_word' id='word_1_145' title='bbox 548 2054 623 2109; x_wconf 87' lang='lat' dir='ltr'><strong>rit</strong></span> <span class='ocrx_word' id='word_1_146' title='bbox 648 2054 808 2124; x_wconf 76' lang='lat'><strong>283</strong></span> <span class='ocrx_word' id='word_1_147' title='bbox 857 2052 997 2122; x_wconf 89' lang='lat' dir='ltr'><strong>quod</strong></span> <span class='ocrx_word' id='word_1_148' title='bbox 1039 2052 1261 2121; x_wconf 87' lang='lat' dir='ltr'><strong>periret.</strong></span> <span class='ocrx_word' id='word_1_149' title='bbox 1295 2050 1491 2105; x_wconf 88' lang='lat' dir='ltr'><strong>Factus</strong></span> <span class='ocrx_word' id='word_1_150' title='bbox 1534 2059 1615 2105; x_wconf 90' lang='lat' dir='ltr'><strong>est</strong></span> <span class='ocrx_word' id='word_1_151' title='bbox 1663 2063 1813 2103; x_wconf 90' lang='lat' dir='ltr'><strong>sacer</strong></span> <span class='ocrx_word' id='word_1_152' title='bbox 1838 2048 1927 2102; x_wconf 91' lang='lat' dir='ltr'><strong>ille</strong></span> <span class='ocrx_word' id='word_1_153' title='bbox 1970 2050 2145 2116; x_wconf 86' lang='lat' dir='ltr'><strong>Agau-</strong></span> 
     </span>
    </p>
   </div>
   <div class='ocr_carea' id='block_1_23' title="bbox 552 2141 2144 2213">
    <p class='ocr_par' dir='ltr' id='par_1_23' title="bbox 552 2141 2144 2213">
     <span class='ocr_line' id='line_1_23' title="bbox 552 2141 2144 2213; baseline -0.003 -15"><span class='ocrx_word' id='word_1_154' title='bbox 552 2145 789 2200; x_wconf 90' lang='lat' dir='ltr'><strong>ninsium</strong></span> <span class='ocrx_word' id='word_1_155' title='bbox 820 2144 969 2199; x_wconf 90' lang='lat' dir='ltr'><strong>locus</strong></span> <span class='ocrx_word' id='word_1_156' title='bbox 1013 2158 1111 2213; x_wconf 90' lang='lat' dir='ltr'><strong>per</strong></span> <span class='ocrx_word' id='word_1_157' title='bbox 1138 2142 1387 2212; x_wconf 73' lang='lat' dir='ltr'><strong>suffragia</strong></span> <span class='ocrx_word' id='word_1_158' title='bbox 1418 2142 1704 2212; x_wconf 83' lang='lat' dir='ltr'><strong>Martyrum</strong></span> <span class='ocrx_word' id='word_1_159' title='bbox 1733 2141 1880 2197; x_wconf 91' lang='lat' dir='ltr'><strong>salus</strong></span> <span class='ocrx_word' id='word_1_160' title='bbox 1908 2154 2144 2210; x_wconf 74' lang='lat' dir='ltr'><strong>prmsen—</strong></span> 
     </span>
    </p>
   </div>
   <div class='ocr_carea' id='block_1_24' title="bbox 548 2232 2145 2307">
    <p class='ocr_par' dir='ltr' id='par_1_24' title="bbox 548 2232 2145 2307">
     <span class='ocr_line' id='line_1_24' title="bbox 548 2232 2145 2307; baseline -0.004 -14"><span class='ocrx_word' id='word_1_161' title='bbox 548 2238 705 2302; x_wconf 91' lang='lat' dir='ltr'><strong>tium,</strong></span> <span class='ocrx_word' id='word_1_162' title='bbox 754 2236 1062 2307; x_wconf 82' lang='lat' dir='ltr'><strong>praesidium</strong></span> <span class='ocrx_word' id='word_1_163' title='bbox 1103 2235 1403 2291; x_wconf 89' lang='lat' dir='ltr'><strong>futurorum</strong></span> <span class='ocrx_word' id='word_1_164' title='bbox 1439 2253 1450 2287; x_wconf 90' lang='lat'>:</span> <span class='ocrx_word' id='word_1_165' title='bbox 1484 2250 1641 2305; x_wconf 86' lang='lat' dir='ltr'><strong>quem</strong></span> <span class='ocrx_word' id='word_1_166' title='bbox 1695 2232 1970 2303; x_wconf 82' lang='lat' dir='ltr'><strong>sanguinis</strong></span> <span class='ocrx_word' id='word_1_167' title='bbox 2001 2232 2145 2288; x_wconf 88' lang='lat' dir='ltr'><strong>unda</strong></span> 
     </span>
    </p>
   </div>
   <div class='ocr_carea' id='block_1_25' title="bbox 546 2323 2140 2399">
    <p class='ocr_par' dir='ltr' id='par_1_25' title="bbox 546 2323 2140 2399">
     <span class='ocr_line' id='line_1_25' title="bbox 546 2323 2140 2399; baseline -0.004 -16"><span class='ocrx_word' id='word_1_168' title='bbox 546 2328 803 2396; x_wconf 86' lang='lat' dir='ltr'><strong>perfudit,</strong></span> <span class='ocrx_word' id='word_1_169' title='bbox 827 2327 1182 2399; x_wconf 89' lang='lat' dir='ltr'><strong>pretiosorum</strong></span> <span class='ocrx_word' id='word_1_170' title='bbox 1200 2341 1491 2396; x_wconf 87' lang='lat' dir='ltr'><strong>corporum</strong></span> <span class='ocrx_word' id='word_1_171' title='bbox 1520 2327 1752 2382; x_wconf 86' lang='lat' dir='ltr'><strong>societas</strong></span> <span class='ocrx_word' id='word_1_172' title='bbox 1777 2323 2140 2380; x_wconf 87' lang='lat' dir='ltr'><strong>consecravit.</strong></span> 
     </span>
    </p>
   </div>
   <div class='ocr_carea' id='block_1_26' title="bbox 547 2416 2145 2486">
    <p class='ocr_par' dir='ltr' id='par_1_26' title="bbox 547 2416 2145 2486">
     <span class='ocr_line' id='line_1_26' title="bbox 547 2416 2145 2486; baseline -0.004 -11"><span class='ocrx_word' id='word_1_173' title='bbox 547 2416 705 2475; x_wconf 88' lang='lat' dir='ltr'><strong>Unde</strong></span> <span class='ocrx_word' id='word_1_174' title='bbox 734 2420 925 2475; x_wconf 90' lang='lat' dir='ltr'><strong>merito</strong></span> <span class='ocrx_word' id='word_1_175' title='bbox 956 2417 1071 2484; x_wconf 90' lang='lat' dir='ltr'><strong>tibi,</strong></span> <span class='ocrx_word' id='word_1_176' title='bbox 1108 2418 1353 2484; x_wconf 88' lang='lat' dir='ltr'><strong>Domine,</strong></span> <span class='ocrx_word' id='word_1_177' title='bbox 1388 2419 1530 2473; x_wconf 91' lang='lat' dir='ltr'><strong>inter</strong></span> <span class='ocrx_word' id='word_1_178' title='bbox 1553 2416 1747 2471; x_wconf 87' lang='lat' dir='ltr'><strong>choros</strong></span> <span class='ocrx_word' id='word_1_179' title='bbox 1774 2425 2067 2486; x_wconf 84' lang='lat' dir='ltr'><strong>martyrum</strong></span> <span class='ocrx_word' id='word_1_180' title='bbox 2091 2422 2145 2469; x_wconf 90' lang='lat' dir='ltr'><strong>et</strong></span> 
     </span>
    </p>
   </div>
   <div class='ocr_carea' id='block_1_27' title="bbox 548 2507 2144 2579">
    <p class='ocr_par' dir='ltr' id='par_1_27' title="bbox 548 2507 2144 2579">
     <span class='ocr_line' id='line_1_27' title="bbox 548 2507 2144 2579; baseline -0.001 -15"><span class='ocrx_word' id='word_1_181' title='bbox 548 2523 714 2564; x_wconf 88' lang='lat' dir='ltr'><strong>voces</strong></span> <span class='ocrx_word' id='word_1_182' title='bbox 761 2509 1074 2579; x_wconf 82' lang='lat' dir='ltr'><strong>angelorum</strong></span> <span class='ocrx_word' id='word_1_183' title='bbox 1125 2509 1313 2565; x_wconf 91' lang='lat' dir='ltr'><strong>laudes</strong></span> <span class='ocrx_word' id='word_1_184' title='bbox 1370 2508 1469 2565; x_wconf 90' lang='lat' dir='ltr'><strong>tibi</strong></span> <span class='ocrx_word' id='word_1_185' title='bbox 1514 2508 1724 2565; x_wconf 86' lang='lat' dir='ltr'><strong>debitas</strong></span> <span class='ocrx_word' id='word_1_186' title='bbox 1769 2507 1977 2579; x_wconf 80' lang='lat' dir='ltr'><strong>agimus</strong></span> <span class='ocrx_word' id='word_1_187' title='bbox 2022 2521 2144 2564; x_wconf 90' lang='lat' dir='ltr'><strong>cum</strong></span> 
     </span>
    </p>
   </div>
   <div class='ocr_carea' id='block_1_28' title="bbox 545 2601 1442 2660">
    <p class='ocr_par' dir='ltr' id='par_1_28' title="bbox 545 2601 1442 2660">
     <span class='ocr_line' id='line_1_28' title="bbox 545 2601 1442 2660; baseline -0.006 -1"><span class='ocrx_word' id='word_1_188' title='bbox 545 2601 880 2660; x_wconf 82' lang='lat' dir='ltr'><strong>exultatione</strong></span> <span class='ocrx_word' id='word_1_189' title='bbox 902 2602 1163 2660; x_wconf 88' lang='lat' dir='ltr'><strong>dicentes.</strong></span> <span class='ocrx_word' id='word_1_190' title='bbox 1195 2603 1442 2657; x_wconf 85' lang='lat' dir='ltr'><strong>Sanctus.</strong></span> 
     </span>
    </p>
   </div>
   <div class='ocr_carea' id='block_1_29' title="bbox 1033 2715 1644 2780">
    <p class='ocr_par' dir='ltr' id='par_1_29' title="bbox 1033 2715 1644 2780">
     <span class='ocr_line' id='line_1_29' title="bbox 1033 2715 1644 2780; baseline -0.003 -12"><span class='ocrx_word' id='word_1_191' title='bbox 1033 2715 1263 2768; x_wconf 87' lang='lat' dir='ltr'><strong>Collectio</strong></span> <span class='ocrx_word' id='word_1_192' title='bbox 1286 2724 1394 2780; x_wconf 88' lang='lat' dir='ltr'><strong>post</strong></span> <span class='ocrx_word' id='word_1_193' title='bbox 1418 2718 1644 2768; x_wconf 73' lang='lat' dir='ltr'><strong>Sanctus.</strong></span> 
     </span>
    </p>
   </div>
   <div class='ocr_carea' id='block_1_30' title="bbox 622 2820 2147 2888">
    <p class='ocr_par' dir='ltr' id='par_1_30' title="bbox 622 2820 2147 2888">
     <span class='ocr_line' id='line_1_30' title="bbox 622 2820 2147 2888; baseline 0 -10"><span class='ocrx_word' id='word_1_194' title='bbox 622 2821 874 2888; x_wconf 88' lang='lat' dir='ltr'><strong>Oremus,</strong></span> <span class='ocrx_word' id='word_1_195' title='bbox 906 2820 1101 2877; x_wconf 85' lang='lat' dir='ltr'><strong>fratres</strong></span> <span class='ocrx_word' id='word_1_196' title='bbox 1138 2820 1505 2887; x_wconf 80' lang='lat' dir='ltr'><strong>dilectissimi,</strong></span> <span class='ocrx_word' id='word_1_197' title='bbox 1536 2831 1592 2876; x_wconf 92' lang='lat' dir='ltr'><strong>ut</strong></span> <span class='ocrx_word' id='word_1_198' title='bbox 1622 2820 1884 2877; x_wconf 90' lang='lat' dir='ltr'><strong>Dominus</strong></span> <span class='ocrx_word' id='word_1_199' title='bbox 1914 2836 1976 2877; x_wconf 88' lang='lat' dir='ltr'><strong>ac</strong></span> <span class='ocrx_word' id='word_1_200' title='bbox 2004 2822 2147 2878; x_wconf 91' lang='lat' dir='ltr'><strong>Deus</strong></span> 
     </span>
    </p>
   </div>
   <div class='ocr_carea' id='block_1_31' title="bbox 548 2910 2142 2983">
    <p class='ocr_par' dir='ltr' id='par_1_31' title="bbox 548 2910 2142 2983">
     <span class='ocr_line' id='line_1_31' title="bbox 548 2910 2142 2983; baseline 0.001 -16"><span class='ocrx_word' id='word_1_201' title='bbox 548 2921 732 2969; x_wconf 88' lang='lat' dir='ltr'><strong>noster</strong></span> <span class='ocrx_word' id='word_1_202' title='bbox 760 2913 998 2983; x_wconf 88' lang='lat' dir='ltr'><strong>speciem</strong></span> <span class='ocrx_word' id='word_1_203' title='bbox 1026 2912 1182 2966; x_wconf 90' lang='lat' dir='ltr'><strong>istam</strong></span> <span class='ocrx_word' id='word_1_204' title='bbox 1202 2952 1218 2977; x_wconf 90' lang='lat'><strong>,</strong></span> <span class='ocrx_word' id='word_1_205' title='bbox 1249 2925 1348 2966; x_wconf 89' lang='lat' dir='ltr'><strong>suo</strong></span> <span class='ocrx_word' id='word_1_206' title='bbox 1375 2910 1672 2967; x_wconf 89' lang='lat' dir='ltr'><strong>ministerio</strong></span> <span class='ocrx_word' id='word_1_207' title='bbox 1700 2912 2142 2979; x_wconf 86' lang='lat' dir='ltr'><strong>consecrandam,</strong></span> 
     </span>
    </p>
   </div>
   <div class='ocr_carea' id='block_1_32' title="bbox 547 3004 2146 3077">
    <p class='ocr_par' dir='ltr' id='par_1_32' title="bbox 547 3004 2146 3077">
     <span class='ocr_line' id='line_1_32' title="bbox 547 3004 2146 3077; baseline 0.001 -17"><span class='ocrx_word' id='word_1_208' title='bbox 547 3006 789 3061; x_wconf 65' lang='lat' dir='ltr'><strong>celestis</strong></span> <span class='ocrx_word' id='word_1_209' title='bbox 819 3005 1006 3077; x_wconf 86' lang='lat' dir='ltr'><strong>gratiae</strong></span> <span class='ocrx_word' id='word_1_210' title='bbox 1038 3004 1390 3072; x_wconf 85' lang='lat' dir='ltr'><strong>inspiratione</strong></span> <span class='ocrx_word' id='word_1_211' title='bbox 1419 3005 1739 3072; x_wconf 86' lang='lat' dir='ltr'><strong>sanctificet,</strong></span> <span class='ocrx_word' id='word_1_212' title='bbox 1771 3015 1827 3061; x_wconf 91' lang='lat' dir='ltr'><strong>et</strong></span> <span class='ocrx_word' id='word_1_213' title='bbox 1854 3006 2146 3062; x_wconf 88' lang='lat' dir='ltr'><strong>humanam</strong></span> 
     </span>
    </p>
   </div>
   <div class='ocr_carea' id='block_1_33' title="bbox 546 3094 2141 3166">
    <p class='ocr_par' dir='ltr' id='par_1_33' title="bbox 546 3094 2141 3166">
     <span class='ocr_line' id='line_1_33' title="bbox 546 3094 2141 3166; baseline 0.004 -17"><span class='ocrx_word' id='word_1_214' title='bbox 546 3094 976 3153; x_wconf 86' lang='lat' dir='ltr'><strong>benedictionem</strong></span> <span class='ocrx_word' id='word_1_215' title='bbox 1010 3095 1341 3166; x_wconf 87' lang='lat' dir='ltr'><strong>plenitudine</strong></span> <span class='ocrx_word' id='word_1_216' title='bbox 1368 3094 1539 3152; x_wconf 89' lang='lat' dir='ltr'><strong>divini</strong></span> <span class='ocrx_word' id='word_1_217' title='bbox 1568 3095 1767 3153; x_wconf 82' lang='lat' dir='ltr'><strong>favoris</strong></span> <span class='ocrx_word' id='word_1_218' title='bbox 1815 3097 2141 3156; x_wconf 86' lang='lat' dir='ltr'><strong>adcumulet.</strong></span> 
     </span>
    </p>
   </div>
   <div class='ocr_carea' id='block_1_34' title="bbox 548 3190 1474 3248">
    <p class='ocr_par' dir='ltr' id='par_1_34' title="bbox 548 3190 1474 3248">
     <span class='ocr_line' id='line_1_34' title="bbox 548 3190 1474 3248; baseline -0.001 -2"><span class='ocrx_word' id='word_1_219' title='bbox 548 3190 652 3248; x_wconf 90' lang='lat' dir='ltr'><strong>Per</strong></span> <span class='ocrx_word' id='word_1_220' title='bbox 687 3192 969 3247; x_wconf 90' lang='lat' dir='ltr'><strong>Dominum</strong></span> <span class='ocrx_word' id='word_1_221' title='bbox 1000 3199 1242 3246; x_wconf 89' lang='lat' dir='ltr'><strong>nostrum</strong></span> <span class='ocrx_word' id='word_1_222' title='bbox 1272 3191 1474 3247; x_wconf 85' lang='lat' dir='ltr'><strong>Jcsum.</strong></span> 
     </span>
    </p>
   </div>
   <div class='ocr_carea' id='block_1_35' title="bbox 679 3281 2015 3339">
    <p class='ocr_par' dir='ltr' id='par_1_35' title="bbox 679 3281 2015 3339">
     <span class='ocr_line' id='line_1_35' title="bbox 679 3281 2015 3339; baseline 0 -2"><span class='ocrx_word' id='word_1_223' title='bbox 679 3281 841 3337; x_wconf 74' lang='lat' dir='ltr'><strong>LXV.</strong></span> <span class='ocrx_word' id='word_1_224' title='bbox 883 3296 1031 3338; x_wconf 68' lang='lat' dir='ltr'><strong>mssa</strong></span> <span class='ocrx_word' id='word_1_225' title='bbox 1071 3298 1257 3338; x_wconf 74' lang='lat' dir='ltr'><strong>SANC‘N</strong></span> <span class='ocrx_word' id='word_1_226' title='bbox 1300 3298 1615 3339; x_wconf 76' lang='lat' dir='ltr'><strong>LEUDEGARII</strong></span> <span class='ocrx_word' id='word_1_227' title='bbox 1656 3292 1683 3321; x_wconf 69' lang='grc' dir='ltr'>α</span> <span class='ocrx_word' id='word_1_228' title='bbox 1727 3298 2015 3339; x_wconf 69' lang='grc' dir='ltr'><strong>ιιΑιιτγιιιε.</strong></span> 
     </span>
    </p>
   </div>
   <div class='ocr_carea' id='block_1_36' title="bbox 620 3374 2141 3444">
    <p class='ocr_par' dir='ltr' id='par_1_36' title="bbox 620 3374 2141 3444">
     <span class='ocr_line' id='line_1_36' title="bbox 620 3374 2141 3444; baseline 0.001 -16"><span class='ocrx_word' id='word_1_229' title='bbox 620 3374 865 3438; x_wconf 88' lang='lat' dir='ltr'><strong>Summe,</strong></span> <span class='ocrx_word' id='word_1_230' title='bbox 926 3374 1293 3442; x_wconf 90' lang='lat' dir='ltr'><strong>omnipotens,</strong></span> <span class='ocrx_word' id='word_1_231' title='bbox 1342 3376 1555 3430; x_wconf 53' lang='lat' dir='ltr'><strong>uterne</strong></span> <span class='ocrx_word' id='word_1_232' title='bbox 1612 3375 1772 3439; x_wconf 87' lang='lat' dir='ltr'><strong>Deus,</strong></span> <span class='ocrx_word' id='word_1_233' title='bbox 1840 3375 1929 3444; x_wconf 89' lang='lat' dir='ltr'><strong>qui</strong></span> <span class='ocrx_word' id='word_1_234' title='bbox 1980 3376 2141 3430; x_wconf 91' lang='lat' dir='ltr'><strong>vitam</strong></span> 
     </span>
    </p>
   </div>
   <div class='ocr_carea' id='block_1_37' title="bbox 548 3464 2146 3537">
    <p class='ocr_par' dir='ltr' id='par_1_37' title="bbox 548 3464 2146 3537">
     <span class='ocr_line' id='line_1_37' title="bbox 548 3464 2146 3537; baseline 0.001 -16"><span class='ocrx_word' id='word_1_235' title='bbox 548 3467 689 3522; x_wconf 89' lang='lat' dir='ltr'><strong>beati</strong></span> <span class='ocrx_word' id='word_1_236' title='bbox 718 3464 976 3521; x_wconf 89' lang='lat' dir='ltr'><strong>antistitis</strong></span> <span class='ocrx_word' id='word_1_237' title='bbox 1005 3465 1084 3520; x_wconf 86' lang='lat' dir='ltr'><strong>tui</strong></span> <span class='ocrx_word' id='word_1_238' title='bbox 1110 3465 1430 3536; x_wconf 75' lang='lat' dir='ltr'><strong>Leuitegarii</strong></span> <span class='ocrx_word' id='word_1_239' title='bbox 1463 3466 1716 3537; x_wconf 89' lang='lat' dir='ltr'><strong>martyris</strong></span> <span class='ocrx_word' id='word_1_240' title='bbox 1744 3481 1842 3536; x_wconf 89' lang='lat' dir='ltr'><strong>per</strong></span> <span class='ocrx_word' id='word_1_241' title='bbox 1868 3466 2023 3521; x_wconf 89' lang='lat' dir='ltr'><strong>istius</strong></span> <span class='ocrx_word' id='word_1_242' title='bbox 2051 3481 2146 3522; x_wconf 75' lang='lat' dir='ltr'><strong>sa:-</strong></span> 
     </span>
    </p>
   </div>
   <div class='ocr_carea' id='block_1_38' title="bbox 546 3558 2144 3629">
    <p class='ocr_par' dir='ltr' id='par_1_38' title="bbox 546 3558 2144 3629">
     <span class='ocr_line' id='line_1_38' title="bbox 546 3558 2144 3629; baseline -0.002 -13"><span class='ocrx_word' id='word_1_243' title='bbox 546 3559 654 3617; x_wconf 92' lang='lat' dir='ltr'><strong>culi</strong></span> <span class='ocrx_word' id='word_1_244' title='bbox 707 3573 973 3614; x_wconf 72' lang='lat' dir='ltr'><strong>aerumnas</strong></span> <span class='ocrx_word' id='word_1_245' title='bbox 1019 3559 1249 3613; x_wconf 88' lang='lat' dir='ltr'><strong>transire</strong></span> <span class='ocrx_word' id='word_1_246' title='bbox 1285 3559 1519 3629; x_wconf 89' lang='lat' dir='ltr'><strong>jussisti,</strong></span> <span class='ocrx_word' id='word_1_247' title='bbox 1570 3558 1724 3628; x_wconf 89' lang='lat' dir='ltr'><strong>cujus</strong></span> <span class='ocrx_word' id='word_1_248' title='bbox 1775 3573 1950 3612; x_wconf 90' lang='lat' dir='ltr'><strong>annua</strong></span> <span class='ocrx_word' id='word_1_249' title='bbox 2008 3558 2144 3613; x_wconf 89' lang='lat' dir='ltr'><strong>festa</strong></span> 
     </span>
    </p>
   </div>
   <div class='ocr_carea' id='block_1_39' title="bbox 547 3646 2145 3718">
    <p class='ocr_par' dir='ltr' id='par_1_39' title="bbox 547 3646 2145 3718">
     <span class='ocr_line' id='line_1_39' title="bbox 547 3646 2145 3718; baseline -0.002 -13"><span class='ocrx_word' id='word_1_250' title='bbox 547 3650 743 3706; x_wconf 88' lang='lat' dir='ltr'><strong>devota</strong></span> <span class='ocrx_word' id='word_1_251' title='bbox 774 3659 952 3705; x_wconf 89' lang='lat' dir='ltr'><strong>mente</strong></span> <span class='ocrx_word' id='word_1_252' title='bbox 1004 3649 1362 3711; x_wconf 86' lang='lat' dir='ltr'><strong>celebramus,</strong></span> <span class='ocrx_word' id='word_1_253' title='bbox 1412 3661 1745 3718; x_wconf 84' lang='lat' dir='ltr'><strong>quaesumus,</strong></span> <span class='ocrx_word' id='word_1_254' title='bbox 1798 3656 1857 3701; x_wconf 92' lang='lat' dir='ltr'><strong>ut</strong></span> <span class='ocrx_word' id='word_1_255' title='bbox 1901 3663 1998 3715; x_wconf 89' lang='lat' dir='ltr'><strong>per</strong></span> <span class='ocrx_word' id='word_1_256' title='bbox 2026 3646 2145 3716; x_wconf 85' lang='lat' dir='ltr'><strong>ejus</strong></span> 
     </span>
    </p>
   </div>
   <div class='ocr_carea' id='block_1_40' title="bbox 553 3737 2143 3811">
    <p class='ocr_par' dir='ltr' id='par_1_40' title="bbox 553 3737 2143 3811">
     <span class='ocr_line' id='line_1_40' title="bbox 553 3737 2143 3811; baseline -0.005 -12"><span class='ocrx_word' id='word_1_257' title='bbox 553 3742 1000 3799; x_wconf 88' lang='lat' dir='ltr'><strong>intercessionem</strong></span> <span class='ocrx_word' id='word_1_258' title='bbox 1050 3740 1260 3811; x_wconf 88' lang='lat' dir='ltr'><strong>plebem</strong></span> <span class='ocrx_word' id='word_1_259' title='bbox 1287 3749 1390 3795; x_wconf 71' lang='lat' dir='ltr'><strong>tua:</strong></span> <span class='ocrx_word' id='word_1_260' title='bbox 1418 3740 1723 3795; x_wconf 74' lang='lat' dir='ltr'><strong>clementia:</strong></span> <span class='ocrx_word' id='word_1_261' title='bbox 1754 3737 2143 3806; x_wconf 87' lang='lat' dir='ltr'><strong>famulantem,</strong></span> 
     </span>
    </p>
   </div>
   <div class='ocr_carea' id='block_1_41' title="bbox 554 3829 2147 3904">
    <p class='ocr_par' dir='ltr' id='par_1_41' title="bbox 554 3829 2147 3904">
     <span class='ocr_line' id='line_1_41' title="bbox 554 3829 2147 3904; baseline -0.004 -13"><span class='ocrx_word' id='word_1_262' title='bbox 554 3836 631 3892; x_wconf 80' lang='lat' dir='ltr'><strong>ita</strong></span> <span class='ocrx_word' id='word_1_263' title='bbox 681 3836 736 3889; x_wconf 93' lang='lat' dir='ltr'><strong>in</strong></span> <span class='ocrx_word' id='word_1_264' title='bbox 786 3832 1040 3904; x_wconf 62' lang='lat' dir='ltr'><strong>prasenti</strong></span> <span class='ocrx_word' id='word_1_265' title='bbox 1072 3834 1274 3894; x_wconf 82' lang='lat' dir='ltr'><strong>foveas.</strong></span> <span class='ocrx_word' id='word_1_266' title='bbox 1303 3840 1361 3887; x_wconf 92' lang='lat' dir='ltr'><strong>ut</strong></span> <span class='ocrx_word' id='word_1_267' title='bbox 1388 3831 1454 3887; x_wconf 89' lang='lat' dir='ltr'><strong>ad</strong></span> <span class='ocrx_word' id='word_1_268' title='bbox 1478 3832 1716 3889; x_wconf 75' lang='lat' dir='ltr'><strong>cmlestia</strong></span> <span class='ocrx_word' id='word_1_269' title='bbox 1755 3845 1919 3901; x_wconf 86' lang='lat' dir='ltr'><strong>regna</strong></span> <span class='ocrx_word' id='word_1_270' title='bbox 1952 3829 2147 3901; x_wconf 84' lang='lat' dir='ltr'><strong>perdu-</strong></span> 
     </span>
    </p>
   </div>
   <div class='ocr_carea' id='block_1_42' title="bbox 548 3926 1208 3985">
    <p class='ocr_par' dir='ltr' id='par_1_42' title="bbox 548 3926 1208 3985">
     <span class='ocr_line' id='line_1_42' title="bbox 548 3926 1208 3985; baseline -0.008 0"><span class='ocrx_word' id='word_1_271' title='bbox 548 3941 663 3985; x_wconf 89' lang='lat' dir='ltr'><strong>cas.</strong></span> <span class='ocrx_word' id='word_1_272' title='bbox 696 3927 798 3983; x_wconf 88' lang='lat' dir='ltr'><strong>Per</strong></span> <span class='ocrx_word' id='word_1_273' title='bbox 829 3926 1136 3983; x_wconf 90' lang='lat' dir='ltr'><strong>Dominum.</strong></span> <span class='ocrx_word' id='word_1_274' title='bbox 1206 3964 1208 3967; x_wconf 57' lang='grc' dir='ltr'><strong><em>τ</em></strong></span> 
     </span>
    </p>
   </div>
   <div class='ocr_carea' id='block_1_43' title="bbox 1092 4037 1591 4100">
    <p class='ocr_par' dir='ltr' id='par_1_43' title="bbox 1092 4037 1591 4100">
     <span class='ocr_line' id='line_1_43' title="bbox 1092 4037 1591 4100; baseline -0.008 -10"><span class='ocrx_word' id='word_1_275' title='bbox 1092 4037 1327 4091; x_wconf 88' lang='lat' dir='ltr'><strong>Collectio</strong></span> <span class='ocrx_word' id='word_1_276' title='bbox 1348 4038 1591 4100; x_wconf 87' lang='lat' dir='ltr'><strong>sequitur.</strong></span> 
     </span>
    </p>
   </div>
   <div class='ocr_carea' id='block_1_44' title="bbox 626 4138 2144 4216">
    <p class='ocr_par' dir='ltr' id='par_1_44' title="bbox 626 4138 2144 4216">
     <span class='ocr_line' id='line_1_44' title="bbox 626 4138 2144 4216; baseline -0.003 -14"><span class='ocrx_word' id='word_1_277' title='bbox 626 4147 789 4212; x_wconf 86' lang='lat' dir='ltr'><strong>Deus,</strong></span> <span class='ocrx_word' id='word_1_278' title='bbox 836 4144 926 4216; x_wconf 91' lang='lat' dir='ltr'><strong>qui</strong></span> <span class='ocrx_word' id='word_1_279' title='bbox 977 4142 1194 4205; x_wconf 83' lang='lat' dir='ltr'><strong>beatum</strong></span> <span class='ocrx_word' id='word_1_280' title='bbox 1244 4153 1536 4213; x_wconf 84' lang='lat' dir='ltr'><strong>martyrem</strong></span> <span class='ocrx_word' id='word_1_281' title='bbox 1570 4152 1719 4198; x_wconf 89' lang='lat' dir='ltr'><strong>tuum</strong></span> <span class='ocrx_word' id='word_1_282' title='bbox 1758 4138 2144 4209; x_wconf 83' lang='lat' dir='ltr'><strong>Leudegarium</strong></span> 
     </span>
    </p>
   </div>
   <div class='ocr_carea' id='block_1_45' title="bbox 558 4232 2141 4310">
    <p class='ocr_par' dir='ltr' id='par_1_45' title="bbox 558 4232 2141 4310">
     <span class='ocr_line' id='line_1_45' title="bbox 558 4232 2141 4310; baseline -0.005 -15"><span class='ocrx_word' id='word_1_283' title='bbox 558 4239 815 4310; x_wconf 87' lang='lat' dir='ltr'><strong>inagone</strong></span> <span class='ocrx_word' id='word_1_284' title='bbox 844 4237 1099 4306; x_wconf 88' lang='lat' dir='ltr'><strong>probasti.</strong></span> <span class='ocrx_word' id='word_1_285' title='bbox 1119 4248 1170 4292; x_wconf 90' lang='lat' dir='ltr'><strong>ct</strong></span> <span class='ocrx_word' id='word_1_286' title='bbox 1202 4236 1483 4307; x_wconf 90' lang='lat' dir='ltr'><strong>probatum</strong></span> <span class='ocrx_word' id='word_1_287' title='bbox 1514 4235 1569 4289; x_wconf 94' lang='lat' dir='ltr'><strong>in</strong></span> <span class='ocrx_word' id='word_1_288' title='bbox 1591 4234 1778 4289; x_wconf 91' lang='lat' dir='ltr'><strong>dolore</strong></span> <span class='ocrx_word' id='word_1_289' title='bbox 1807 4232 2141 4299; x_wconf 89' lang='lat' dir='ltr'><strong>sustentasti,</strong></span> 
     </span>
    </p>
   </div>
   <div class='ocr_carea' id='block_1_46' title="bbox 554 4322 2146 4402">
    <p class='ocr_par' dir='ltr' id='par_1_46' title="bbox 554 4322 2146 4402">
     <span class='ocr_line' id='line_1_46' title="bbox 554 4322 2146 4402; baseline -0.005 -15"><span class='ocrx_word' id='word_1_290' title='bbox 554 4346 716 4402; x_wconf 88' lang='lat' dir='ltr'><strong>quem</strong></span> <span class='ocrx_word' id='word_1_291' title='bbox 746 4329 1005 4386; x_wconf 89' lang='lat' dir='ltr'><strong>hodierna</strong></span> <span class='ocrx_word' id='word_1_292' title='bbox 1049 4329 1139 4385; x_wconf 92' lang='lat' dir='ltr'><strong>die</strong></span> <span class='ocrx_word' id='word_1_293' title='bbox 1182 4329 1237 4383; x_wconf 91' lang='lat' dir='ltr'><strong>in</strong></span> <span class='ocrx_word' id='word_1_294' title='bbox 1291 4326 1597 4383; x_wconf 85' lang='lat' dir='ltr'><strong>caelestibus</strong></span> <span class='ocrx_word' id='word_1_295' title='bbox 1644 4322 1851 4394; x_wconf 82' lang='lat' dir='ltr'><strong>gaudiis</strong></span> <span class='ocrx_word' id='word_1_296' title='bbox 1904 4324 2146 4394; x_wconf 79' lang='lat' dir='ltr'><strong>recipere</strong></span> 
     </span>
    </p>
   </div>
   <div class='ocr_carea' id='block_1_47' title="bbox 553 4415 2146 4493">
    <p class='ocr_par' dir='ltr' id='par_1_47' title="bbox 553 4415 2146 4493">
     <span class='ocr_line' id='line_1_47' title="bbox 553 4415 2146 4493; baseline -0.005 -14"><span class='ocrx_word' id='word_1_297' title='bbox 553 4423 805 4493; x_wconf 91' lang='lat' dir='ltr'><strong>dignatus</strong></span> <span class='ocrx_word' id='word_1_298' title='bbox 837 4437 896 4479; x_wconf 87' lang='lat' dir='ltr'><strong>es</strong></span> <span class='ocrx_word' id='word_1_299' title='bbox 922 4466 935 4490; x_wconf 92' lang='lat'><strong>,</strong></span> <span class='ocrx_word' id='word_1_300' title='bbox 966 4430 1161 4491; x_wconf 76' lang='lat' dir='ltr'><strong>prmsta</strong></span> <span class='ocrx_word' id='word_1_301' title='bbox 1186 4418 1342 4474; x_wconf 88' lang='lat' dir='ltr'><strong>nobis</strong></span> <span class='ocrx_word' id='word_1_302' title='bbox 1388 4417 1599 4472; x_wconf 88' lang='lat' dir='ltr'><strong>famulis</strong></span> <span class='ocrx_word' id='word_1_303' title='bbox 1647 4416 1752 4471; x_wconf 91' lang='lat' dir='ltr'><strong>tuis</strong></span> <span class='ocrx_word' id='word_1_304' title='bbox 1773 4459 1788 4484; x_wconf 94' lang='lat'><strong>,</strong></span> <span class='ocrx_word' id='word_1_305' title='bbox 1832 4425 1887 4471; x_wconf 92' lang='lat' dir='ltr'><strong>ut</strong></span> <span class='ocrx_word' id='word_1_306' title='bbox 1914 4417 2003 4486; x_wconf 89' lang='lat' dir='ltr'><strong>qui</strong></span> <span class='ocrx_word' id='word_1_307' title='bbox 2032 4415 2146 4487; x_wconf 90' lang='lat' dir='ltr'><strong>glo-</strong></span> 
     </span>
    </p>
   </div>
   <div class='ocr_carea' id='block_1_48' title="bbox 548 4507 2219 4601">
    <p class='ocr_par' dir='ltr' id='par_1_48' title="bbox 548 4507 2219 4601">
     <span class='ocr_line' id='line_1_48' title="bbox 548 4507 2219 4601; baseline -0.005 -32"><span class='ocrx_word' id='word_1_308' title='bbox 548 4514 684 4569; x_wconf 85' lang='lat' dir='ltr'><strong>riam</strong></span> <span class='ocrx_word' id='word_1_309' title='bbox 716 4528 822 4569; x_wconf 91' lang='lat' dir='ltr'><strong>non</strong></span> <span class='ocrx_word' id='word_1_310' title='bbox 852 4527 1145 4578; x_wconf 89' lang='lat' dir='ltr'><strong>meremur,</strong></span> <span class='ocrx_word' id='word_1_311' title='bbox 1178 4507 1564 4578; x_wconf 88' lang='lat' dir='ltr'><strong>indulgentiam</strong></span> <span class='ocrx_word' id='word_1_312' title='bbox 1615 4516 1955 4577; x_wconf 89' lang='lat' dir='ltr'><strong>peccatorum</strong></span> <span class='ocrx_word' id='word_1_313' title='bbox 1977 4548 1991 4575; x_wconf 85' lang='lat'><strong>,</strong></span> <span class='ocrx_word' id='word_1_314' title='bbox 2024 4507 2141 4577; x_wconf 85' lang='lat' dir='ltr'><strong>ipso</strong></span> <span class='ocrx_word' id='word_1_315' title='bbox 2164 4518 2219 4601; x_wconf 63' lang='grc' dir='ltr'><strong>Ι)</strong></span> 
     </span>
    </p>
   </div>
   <div class='ocr_carea' id='block_1_49' title="bbox 550 4598 1745 4672">
    <p class='ocr_par' dir='ltr' id='par_1_49' title="bbox 550 4598 1745 4672">
     <span class='ocr_line' id='line_1_49' title="bbox 550 4598 1745 4672; baseline -0.008 -11"><span class='ocrx_word' id='word_1_316' title='bbox 550 4604 961 4672; x_wconf 87' lang='lat' dir='ltr'><strong>interveniente,</strong></span> <span class='ocrx_word' id='word_1_317' title='bbox 993 4602 1235 4671; x_wconf 89' lang='lat' dir='ltr'><strong>adepisci</strong></span> <span class='ocrx_word' id='word_1_318' title='bbox 1266 4614 1591 4657; x_wconf 86' lang='lat' dir='ltr'><strong>mereamur.</strong></span> <span class='ocrx_word' id='word_1_319' title='bbox 1622 4598 1745 4654; x_wconf 90' lang='lat' dir='ltr'><strong>Per.</strong></span> 
     </span>
    </p>
   </div>
   <div class='ocr_carea' id='block_1_50' title="bbox 1060 4692 1666 4753">
    <p class='ocr_par' dir='ltr' id='par_1_50' title="bbox 1060 4692 1666 4753">
     <span class='ocr_line' id='line_1_50' title="bbox 1060 4692 1666 4753; baseline -0.008 -8"><span class='ocrx_word' id='word_1_320' title='bbox 1060 4693 1300 4745; x_wconf 86' lang='lat' dir='ltr'><strong>Collectio</strong></span> <span class='ocrx_word' id='word_1_321' title='bbox 1325 4698 1432 4753; x_wconf 82' lang='lat' dir='ltr'><strong>post</strong></span> <span class='ocrx_word' id='word_1_322' title='bbox 1456 4692 1666 4741; x_wconf 87' lang='lat' dir='ltr'><strong>nomina.</strong></span> 
     </span>
    </p>
   </div>
   <div class='ocr_carea' id='block_1_51' title="bbox 621 4777 2135 4849">
    <p class='ocr_par' dir='ltr' id='par_1_51' title="bbox 621 4777 2135 4849">
     <span class='ocr_line' id='line_1_51' title="bbox 621 4777 2135 4849; baseline -0.003 -11"><span class='ocrx_word' id='word_1_323' title='bbox 621 4783 834 4838; x_wconf 81' lang='lat' dir='ltr'><strong>Auditis</strong></span> <span class='ocrx_word' id='word_1_324' title='bbox 858 4779 1166 4838; x_wconf 88' lang='lat' dir='ltr'><strong>nominibus</strong></span> <span class='ocrx_word' id='word_1_325' title='bbox 1205 4777 1523 4834; x_wconf 86' lang='lat' dir='ltr'><strong>ofl&#39;erentum</strong></span> <span class='ocrx_word' id='word_1_326' title='bbox 1547 4817 1561 4841; x_wconf 93' lang='lat'><strong>,</strong></span> <span class='ocrx_word' id='word_1_327' title='bbox 1608 4777 1801 4832; x_wconf 87' lang='lat' dir='ltr'><strong>fratres</strong></span> <span class='ocrx_word' id='word_1_328' title='bbox 1830 4777 2094 4833; x_wconf 82' lang='lat' dir='ltr'><strong>carissimi</strong></span> <span class='ocrx_word' id='word_1_329' title='bbox 2119 4821 2135 4849; x_wconf 91' lang='lat'><strong>,</strong></span> 
     </span>
    </p>
   </div>
   <div class='ocr_carea' id='block_1_52' title="bbox 551 4870 2141 4943">
    <p class='ocr_par' dir='ltr' id='par_1_52' title="bbox 551 4870 2141 4943">
     <span class='ocr_line' id='line_1_52' title="bbox 551 4870 2141 4943; baseline -0.003 -12"><span class='ocrx_word' id='word_1_330' title='bbox 551 4875 765 4931; x_wconf 89' lang='lat' dir='ltr'><strong>Dotnini</strong></span> <span class='ocrx_word' id='word_1_331' title='bbox 796 4874 1130 4943; x_wconf 91' lang='lat' dir='ltr'><strong>majestatem</strong></span> <span class='ocrx_word' id='word_1_332' title='bbox 1154 4870 1527 4939; x_wconf 89' lang='lat' dir='ltr'><strong>deprecemur,</strong></span> <span class='ocrx_word' id='word_1_333' title='bbox 1557 4878 1615 4923; x_wconf 90' lang='lat' dir='ltr'><strong>ut</strong></span> <span class='ocrx_word' id='word_1_334' title='bbox 1640 4870 1731 4939; x_wconf 92' lang='lat' dir='ltr'><strong>qui</strong></span> <span class='ocrx_word' id='word_1_335' title='bbox 1752 4870 1913 4925; x_wconf 86' lang='lat' dir='ltr'><strong>vitam</strong></span> <span class='ocrx_word' id='word_1_336' title='bbox 1940 4870 2141 4926; x_wconf 88' lang='lat' dir='ltr'><strong>summi</strong></span> 
     </span>
    </p>
   </div>
   <div class='ocr_carea' id='block_1_53' title="bbox 448 4956 2135 5032">
    <p class='ocr_par' dir='ltr' id='par_1_53' title="bbox 448 4956 2135 5032">
     <span class='ocr_line' id='line_1_53' title="bbox 448 4956 2135 5032; baseline -0.002 -10"><span class='ocrx_word' id='word_1_337' title='bbox 448 4956 463 4971; x_wconf 90' lang='grc'><em>’</em></span> <span class='ocrx_word' id='word_1_338' title='bbox 549 4966 807 5023; x_wconf 89' lang='lat' dir='ltr'><strong>antistitis</strong></span> <span class='ocrx_word' id='word_1_339' title='bbox 836 4967 917 5020; x_wconf 89' lang='lat' dir='ltr'><strong>sui</strong></span> <span class='ocrx_word' id='word_1_340' title='bbox 949 4960 1263 5031; x_wconf 86' lang='lat' dir='ltr'><strong>Leudegarii</strong></span> <span class='ocrx_word' id='word_1_341' title='bbox 1291 4962 1542 5032; x_wconf 87' lang='lat' dir='ltr'><strong>martyris</strong></span> <span class='ocrx_word' id='word_1_342' title='bbox 1574 4962 1847 5017; x_wconf 90' lang='lat' dir='ltr'><strong>transtulit</strong></span> <span class='ocrx_word' id='word_1_343' title='bbox 1876 4962 1942 5017; x_wconf 93' lang='lat' dir='ltr'><strong>ad</strong></span> <span class='ocrx_word' id='word_1_344' title='bbox 1973 4977 2135 5018; x_wconf 89' lang='lat' dir='ltr'><strong>coro-</strong></span> 
     </span>
    </p>
   </div>
   <div class='ocr_carea' id='block_1_54' title="bbox 470 5057 2129 5135">
    <p class='ocr_par' dir='ltr' id='par_1_54' title="bbox 470 5057 2129 5135">
     <span class='ocr_line' id='line_1_54' title="bbox 470 5057 2129 5135; baseline -0.001 -21"><span class='ocrx_word' id='word_1_345' title='bbox 470 5132 473 5135; x_wconf 22' lang='grc' dir='ltr'><strong><em>λ</em></strong></span> <span class='ocrx_word' id='word_1_346' title='bbox 550 5073 709 5122; x_wconf 87' lang='lat' dir='ltr'><strong>nam,</strong></span> <span class='ocrx_word' id='word_1_347' title='bbox 741 5072 837 5126; x_wconf 88' lang='lat' dir='ltr'><strong>per</strong></span> <span class='ocrx_word' id='word_1_348' title='bbox 888 5057 1250 5111; x_wconf 89' lang='lat' dir='ltr'><strong>interventum</strong></span> <span class='ocrx_word' id='word_1_349' title='bbox 1306 5063 1615 5110; x_wconf 88' lang='lat' dir='ltr'><strong>sanctorum</strong></span> <span class='ocrx_word' id='word_1_350' title='bbox 1670 5057 2129 5126; x_wconf 86' lang='lat' dir='ltr'><strong>patriarcharum,</strong></span> 
     </span>
    </p>
   </div>
   <div class='ocr_carea' id='block_1_55' title="bbox 547 5147 2135 5221">
    <p class='ocr_par' dir='ltr' id='par_1_55' title="bbox 547 5147 2135 5221">
     <span class='ocr_line' id='line_1_55' title="bbox 547 5147 2135 5221; baseline 0 -15"><span class='ocrx_word' id='word_1_351' title='bbox 547 5150 934 5221; x_wconf 83' lang='lat' dir='ltr'><strong>prophetarum</strong></span> <span class='ocrx_word' id='word_1_352' title='bbox 954 5189 970 5214; x_wconf 89' lang='lat'><strong>,</strong></span> <span class='ocrx_word' id='word_1_353' title='bbox 1015 5147 1379 5216; x_wconf 80' lang='lat' dir='ltr'><strong>apostolorum</strong></span> <span class='ocrx_word' id='word_1_354' title='bbox 1410 5160 1463 5203; x_wconf 92' lang='lat' dir='ltr'><strong>et</strong></span> <span class='ocrx_word' id='word_1_355' title='bbox 1484 5157 1780 5216; x_wconf 89' lang='lat' dir='ltr'><strong>martyrum</strong></span> <span class='ocrx_word' id='word_1_356' title='bbox 1800 5190 1817 5215; x_wconf 93' lang='lat'><strong>,</strong></span> <span class='ocrx_word' id='word_1_357' title='bbox 1849 5148 2135 5207; x_wconf 85' lang='lat' dir='ltr'><strong>anachori-</strong></span> 
     </span>
    </p>
   </div>
   <div class='ocr_carea' id='block_1_56' title="bbox 551 5239 2136 5319">
    <p class='ocr_par' dir='ltr' id='par_1_56' title="bbox 551 5239 2136 5319">
     <span class='ocr_line' id='line_1_56' title="bbox 551 5239 2136 5319; baseline 0.001 -22"><span class='ocrx_word' id='word_1_358' title='bbox 551 5251 727 5297; x_wconf 89' lang='lat' dir='ltr'><strong>tarum</strong></span> <span class='ocrx_word' id='word_1_359' title='bbox 776 5249 832 5295; x_wconf 87' lang='lat' dir='ltr'><strong>et</strong></span> <span class='ocrx_word' id='word_1_360' title='bbox 878 5239 1177 5310; x_wconf 78' lang='lat' dir='ltr'><strong>virginum,</strong></span> <span class='ocrx_word' id='word_1_361' title='bbox 1223 5240 1571 5309; x_wconf 82' lang='lat' dir='ltr'><strong>omniumque</strong></span> <span class='ocrx_word' id='word_1_362' title='bbox 1599 5250 1909 5297; x_wconf 82' lang='lat' dir='ltr'><strong>sanctorum</strong></span> <span class='ocrx_word' id='word_1_363' title='bbox 1938 5258 2136 5319; x_wconf 78' lang='lat' dir='ltr'><strong>conce-</strong></span> 
     </span>
    </p>
   </div>
   <div class='ocr_carea' id='block_1_57' title="bbox 549 5332 2135 5403">
    <p class='ocr_par' dir='ltr' id='par_1_57' title="bbox 549 5332 2135 5403">
     <span class='ocr_line' id='line_1_57' title="bbox 549 5332 2135 5403; baseline 0.001 -15"><span class='ocrx_word' id='word_1_364' title='bbox 549 5332 680 5389; x_wconf 90' lang='lat' dir='ltr'><strong>dere</strong></span> <span class='ocrx_word' id='word_1_365' title='bbox 708 5332 957 5402; x_wconf 73' lang='lat' dir='ltr'><strong>dignetur</strong></span> <span class='ocrx_word' id='word_1_366' title='bbox 983 5340 1043 5386; x_wconf 90' lang='lat' dir='ltr'><strong>ut</strong></span> <span class='ocrx_word' id='word_1_367' title='bbox 1070 5346 1239 5386; x_wconf 70' lang='lat' dir='ltr'><strong>sacra:</strong></span> <span class='ocrx_word' id='word_1_368' title='bbox 1261 5332 1546 5402; x_wconf 70' lang='lat' dir='ltr'><strong>prtesentis</strong></span> <span class='ocrx_word' id='word_1_369' title='bbox 1594 5332 1795 5389; x_wconf 90' lang='lat' dir='ltr'><strong>oblatio</strong></span> <span class='ocrx_word' id='word_1_370' title='bbox 1822 5350 1943 5403; x_wconf 81' lang='lat' dir='ltr'><strong>quae</strong></span> <span class='ocrx_word' id='word_1_371' title='bbox 1970 5333 2135 5390; x_wconf 78' lang='lat' dir='ltr'><strong>oll‘er-</strong></span> 
     </span>
    </p>
   </div>
   <div class='ocr_carea' id='block_1_58' title="bbox 549 5424 2133 5494">
    <p class='ocr_par' dir='ltr' id='par_1_58' title="bbox 549 5424 2133 5494">
     <span class='ocr_line' id='line_1_58' title="bbox 549 5424 2133 5494; baseline 0.001 -14"><span class='ocrx_word' id='word_1_372' title='bbox 549 5435 661 5493; x_wconf 91' lang='lat' dir='ltr'><strong>tur,</strong></span> <span class='ocrx_word' id='word_1_373' title='bbox 690 5425 992 5482; x_wconf 84' lang='lat' dir='ltr'><strong>viventibus</strong></span> <span class='ocrx_word' id='word_1_374' title='bbox 1033 5424 1461 5481; x_wconf 85' lang='lat' dir='ltr'><strong>emendationem</strong></span> <span class='ocrx_word' id='word_1_375' title='bbox 1485 5467 1501 5494; x_wconf 93' lang='lat'><strong>,</strong></span> <span class='ocrx_word' id='word_1_376' title='bbox 1551 5435 1606 5481; x_wconf 89' lang='lat' dir='ltr'><strong>et</strong></span> <span class='ocrx_word' id='word_1_377' title='bbox 1642 5425 1909 5483; x_wconf 81' lang='lat' dir='ltr'><strong>defunctis</strong></span> <span class='ocrx_word' id='word_1_378' title='bbox 1935 5427 2133 5483; x_wconf 87' lang='lat' dir='ltr'><strong>remis-</strong></span> 
     </span>
    </p>
   </div>
   <div class='ocr_carea' id='block_1_59' title="bbox 551 5518 2137 5591">
    <p class='ocr_par' dir='ltr' id='par_1_59' title="bbox 551 5518 2137 5591">
     <span class='ocr_line' id='line_1_59' title="bbox 551 5518 2137 5591; baseline 0.001 -16"><span class='ocrx_word' id='word_1_379' title='bbox 551 5518 761 5577; x_wconf 87' lang='lat' dir='ltr'><strong>sionem</strong></span> <span class='ocrx_word' id='word_1_380' title='bbox 780 5518 1017 5577; x_wconf 90' lang='lat' dir='ltr'><strong>obtineat</strong></span> <span class='ocrx_word' id='word_1_381' title='bbox 1045 5527 1427 5591; x_wconf 85' lang='lat' dir='ltr'><strong>peccatorum;</strong></span> <span class='ocrx_word' id='word_1_382' title='bbox 1460 5529 1516 5577; x_wconf 89' lang='lat' dir='ltr'><strong>et</strong></span> <span class='ocrx_word' id='word_1_383' title='bbox 1544 5535 1769 5591; x_wconf 90' lang='lat' dir='ltr'><strong>quorum</strong></span> <span class='ocrx_word' id='word_1_384' title='bbox 1802 5520 2017 5576; x_wconf 88' lang='lat' dir='ltr'><strong>nomina</strong></span> <span class='ocrx_word' id='word_1_385' title='bbox 2048 5521 2137 5577; x_wconf 91' lang='lat' dir='ltr'><strong>hic</strong></span> 
     </span>
    </p>
   </div>
   <div class='ocr_carea' id='block_1_60' title="bbox 622 5654 2134 5725">
    <p class='ocr_par' dir='ltr' id='par_1_60' title="bbox 622 5654 2134 5725">
     <span class='ocr_line' id='line_1_60' title="bbox 622 5654 2134 5725; baseline 0.003 -15"><span class='ocrx_word' id='word_1_386' title='bbox 622 5666 648 5695; x_wconf 72' lang='grc' dir='ltr'>ιι</span> <span class='ocrx_word' id='word_1_387' title='bbox 678 5656 777 5713; x_wconf 81' lang='lat' dir='ltr'><strong>Vel</strong></span> <span class='ocrx_word' id='word_1_388' title='bbox 802 5672 870 5713; x_wconf 89' lang='lat' dir='ltr'><strong>ex</strong></span> <span class='ocrx_word' id='word_1_389' title='bbox 898 5657 999 5711; x_wconf 86' lang='lat' dir='ltr'><strong>lioc</strong></span> <span class='ocrx_word' id='word_1_390' title='bbox 1018 5656 1136 5713; x_wconf 92' lang='lat' dir='ltr'><strong>loco</strong></span> <span class='ocrx_word' id='word_1_391' title='bbox 1165 5666 1313 5725; x_wconf 85' lang='lat' dir='ltr'><strong>patet</strong></span> <span class='ocrx_word' id='word_1_392' title='bbox 1342 5657 1558 5713; x_wconf 84' lang='lat' dir='ltr'><strong>Missale</strong></span> <span class='ocrx_word' id='word_1_393' title='bbox 1588 5659 1688 5712; x_wconf 90' lang='lat' dir='ltr'><strong>hoc</strong></span> <span class='ocrx_word' id='word_1_394' title='bbox 1717 5654 1883 5712; x_wconf 89' lang='lat' dir='ltr'><strong>fuisse</strong></span> <span class='ocrx_word' id='word_1_395' title='bbox 1911 5657 2134 5716; x_wconf 87' lang='lat' dir='ltr'><strong>Ordinis</strong></span> 
     </span>
    </p>
   </div>
   <div class='ocr_carea' id='block_1_61' title="bbox 548 5726 2132 5800">
    <p class='ocr_par' dir='ltr' id='par_1_61' title="bbox 548 5726 2132 5800">
     <span class='ocr_line' id='line_1_61' title="bbox 548 5726 2132 5800; baseline 0.004 -19"><span class='ocrx_word' id='word_1_396' title='bbox 548 5726 841 5800; x_wconf 65' lang='lat' dir='ltr'><strong>Gallicani;</strong></span> <span class='ocrx_word' id='word_1_397' title='bbox 894 5737 1053 5799; x_wconf 90' lang='lat' dir='ltr'><strong>atque</strong></span> <span class='ocrx_word' id='word_1_398' title='bbox 1105 5728 1232 5783; x_wconf 88' lang='lat' dir='ltr'><strong>hinc</strong></span> <span class='ocrx_word' id='word_1_399' title='bbox 1277 5729 1550 5800; x_wconf 81' lang='lat' dir='ltr'><strong>colligitur</strong></span> <span class='ocrx_word' id='word_1_400' title='bbox 1592 5727 1806 5785; x_wconf 87' lang='lat' dir='ltr'><strong>Codicis</strong></span> <span class='ocrx_word' id='word_1_401' title='bbox 1830 5739 1981 5800; x_wconf 79' lang='lat' dir='ltr'><strong>aetas,</strong></span> <span class='ocrx_word' id='word_1_402' title='bbox 2010 5745 2132 5788; x_wconf 90' lang='lat' dir='ltr'><strong>cum</strong></span> 
     </span>
    </p>
   </div>
   <div class='ocr_carea' id='block_1_62' title="bbox 549 5798 1645 5872">
    <p class='ocr_par' dir='ltr' id='par_1_62' title="bbox 549 5798 1645 5872">
     <span class='ocr_line' id='line_1_62' title="bbox 549 5798 1645 5872; baseline -0.001 -17"><span class='ocrx_word' id='word_1_403' title='bbox 549 5798 911 5872; x_wconf 86' lang='lat' dir='ltr'><strong>Leudegarius</strong></span> <span class='ocrx_word' id='word_1_404' title='bbox 936 5798 1229 5859; x_wconf 81' lang='lat' dir='ltr'><strong>exstinctus</strong></span> <span class='ocrx_word' id='word_1_405' title='bbox 1251 5804 1321 5858; x_wconf 89' lang='lat' dir='ltr'><strong>sit</strong></span> <span class='ocrx_word' id='word_1_406' title='bbox 1346 5814 1487 5858; x_wconf 89' lang='lat' dir='ltr'><strong>anno</strong></span> <span class='ocrx_word' id='word_1_407' title='bbox 1515 5798 1645 5855; x_wconf 89' lang='lat'><strong>678.</strong></span> 
     </span>
    </p>
   </div>
   <div class='ocr_carea' id='block_1_63' title="bbox 2240 471 3218 540">
    <p class='ocr_par' dir='ltr' id='par_1_63' title="bbox 2240 471 3218 540">
     <span class='ocr_line' id='line_1_63' title="bbox 2240 471 3218 540; baseline -0.01 -9"><span class='ocrx_word' id='word_1_408' title='bbox 2240 474 2669 532; x_wconf 89' lang='lat' dir='ltr'><strong>conscribantur.</strong></span> <span class='ocrx_word' id='word_1_409' title='bbox 2704 471 2855 539; x_wconf 83' lang='lat' dir='ltr'><strong>Quod</strong></span> <span class='ocrx_word' id='word_1_410' title='bbox 2888 472 3002 539; x_wconf 91' lang='lat' dir='ltr'><strong>ipse</strong></span> <span class='ocrx_word' id='word_1_411' title='bbox 3032 480 3218 540; x_wconf 67' lang='lat' dir='ltr'><strong>DNESI.</strong></span> 
     </span>
    </p>
   </div>
   <div class='ocr_carea' id='block_1_64' title="bbox 2768 559 3331 621">
    <p class='ocr_par' dir='ltr' id='par_1_64' title="bbox 2768 559 3331 621">
     <span class='ocr_line' id='line_1_64' title="bbox 2768 559 3331 621; baseline -0.009 -10"><span class='ocrx_word' id='word_1_412' title='bbox 2768 559 3004 611; x_wconf 82' lang='lat' dir='ltr'><strong>Oollecti&#39;o</strong></span> <span class='ocrx_word' id='word_1_413' title='bbox 3035 560 3095 609; x_wconf 89' lang='lat' dir='ltr'><strong>ad</strong></span> <span class='ocrx_word' id='word_1_414' title='bbox 3121 571 3331 621; x_wconf 79' lang='lat' dir='ltr'><strong>pacem.</strong></span> 
     </span>
    </p>
   </div>
   <div class='ocr_carea' id='block_1_65' title="bbox 2312 641 3848 712">
    <p class='ocr_par' dir='ltr' id='par_1_65' title="bbox 2312 641 3848 712">
     <span class='ocr_line' id='line_1_65' title="bbox 2312 641 3848 712; baseline -0.002 -9"><span class='ocrx_word' id='word_1_415' title='bbox 2312 647 2505 703; x_wconf 89' lang='lat' dir='ltr'><strong>Pacem</strong></span> <span class='ocrx_word' id='word_1_416' title='bbox 2552 655 2731 711; x_wconf 89' lang='lat' dir='ltr'><strong>tuam,</strong></span> <span class='ocrx_word' id='word_1_417' title='bbox 2764 642 3021 707; x_wconf 90' lang='lat' dir='ltr'><strong>Domine,</strong></span> <span class='ocrx_word' id='word_1_418' title='bbox 3076 646 3290 699; x_wconf 88' lang='lat' dir='ltr'><strong>nostris</strong></span> <span class='ocrx_word' id='word_1_419' title='bbox 3338 641 3605 698; x_wconf 86' lang='lat' dir='ltr'><strong>inlabere</strong></span> <span class='ocrx_word' id='word_1_420' title='bbox 3644 643 3848 712; x_wconf 75' lang='lat' dir='ltr'><strong>pectori-</strong></span> 
     </span>
    </p>
   </div>
   <div class='ocr_carea' id='block_1_66' title="bbox 2241 735 3846 808">
    <p class='ocr_par' dir='ltr' id='par_1_66' title="bbox 2241 735 3846 808">
     <span class='ocr_line' id='line_1_66' title="bbox 2241 735 3846 808; baseline -0.004 -11"><span class='ocrx_word' id='word_1_421' title='bbox 2241 742 2373 806; x_wconf 87' lang='lat' dir='ltr'><strong>bus;</strong></span> <span class='ocrx_word' id='word_1_422' title='bbox 2404 751 2600 797; x_wconf 90' lang='lat' dir='ltr'><strong>etcum</strong></span> <span class='ocrx_word' id='word_1_423' title='bbox 2628 740 2843 795; x_wconf 85' lang='lat' dir='ltr'><strong>beatum</strong></span> <span class='ocrx_word' id='word_1_424' title='bbox 2888 748 3181 808; x_wconf 90' lang='lat' dir='ltr'><strong>martyrem</strong></span> <span class='ocrx_word' id='word_1_425' title='bbox 3220 748 3392 792; x_wconf 88' lang='lat' dir='ltr'><strong>tuum</strong></span> <span class='ocrx_word' id='word_1_426' title='bbox 3435 735 3846 803; x_wconf 82' lang='lat' dir='ltr'><strong>Leudegarimu,</strong></span> 
     </span>
    </p>
   </div>
   <div class='ocr_carea' id='block_1_67' title="bbox 2240 827 3845 900">
    <p class='ocr_par' dir='ltr' id='par_1_67' title="bbox 2240 827 3845 900">
     <span class='ocr_line' id='line_1_67' title="bbox 2240 827 3845 900; baseline -0.004 -11"><span class='ocrx_word' id='word_1_427' title='bbox 2240 833 2295 889; x_wconf 88' lang='lat' dir='ltr'><strong>in</strong></span> <span class='ocrx_word' id='word_1_428' title='bbox 2326 834 2429 888; x_wconf 92' lang='lat' dir='ltr'><strong>hoc</strong></span> <span class='ocrx_word' id='word_1_429' title='bbox 2459 832 2659 888; x_wconf 65' lang='lat' dir='ltr'><strong>saeculo</strong></span> <span class='ocrx_word' id='word_1_430' title='bbox 2684 838 3109 887; x_wconf 90' lang='lat' dir='ltr'><strong>commorantem</strong></span> <span class='ocrx_word' id='word_1_431' title='bbox 3128 871 3143 895; x_wconf 94' lang='lat'><strong>,</strong></span> <span class='ocrx_word' id='word_1_432' title='bbox 3168 845 3278 900; x_wconf 88' lang='lat' dir='ltr'><strong>per</strong></span> <span class='ocrx_word' id='word_1_433' title='bbox 3314 829 3482 898; x_wconf 87' lang='lat' dir='ltr'><strong>pacis</strong></span> <span class='ocrx_word' id='word_1_434' title='bbox 3513 827 3745 882; x_wconf 89' lang='lat' dir='ltr'><strong>studium</strong></span> <span class='ocrx_word' id='word_1_435' title='bbox 3770 832 3845 883; x_wconf 85' lang='lat' dir='ltr'><strong>bo-</strong></span> 
     </span>
    </p>
   </div>
   <div class='ocr_carea' id='block_1_68' title="bbox 2242 918 3848 993">
    <p class='ocr_par' dir='ltr' id='par_1_68' title="bbox 2242 918 3848 993">
     <span class='ocr_line' id='line_1_68' title="bbox 2242 918 3848 993; baseline -0.004 -12"><span class='ocrx_word' id='word_1_436' title='bbox 2242 926 2328 981; x_wconf 93' lang='lat' dir='ltr'><strong>die</strong></span> <span class='ocrx_word' id='word_1_437' title='bbox 2352 926 2587 983; x_wconf 78' lang='lat' dir='ltr'><strong>cmlestis</strong></span> <span class='ocrx_word' id='word_1_438' title='bbox 2613 926 2736 981; x_wconf 87' lang='lat' dir='ltr'><strong>aula</strong></span> <span class='ocrx_word' id='word_1_439' title='bbox 2757 925 3021 993; x_wconf 89' lang='lat' dir='ltr'><strong>suscepit,</strong></span> <span class='ocrx_word' id='word_1_440' title='bbox 3047 924 3197 979; x_wconf 89' lang='lat' dir='ltr'><strong>nobis</strong></span> <span class='ocrx_word' id='word_1_441' title='bbox 3225 918 3472 992; x_wconf 85' lang='lat' dir='ltr'><strong>quoque</strong></span> <span class='ocrx_word' id='word_1_442' title='bbox 3503 922 3848 991; x_wconf 83' lang='lat' dir='ltr'><strong>peccatoribus</strong></span> 
     </span>
    </p>
   </div>
   <div class='ocr_carea' id='block_1_69' title="bbox 2242 1014 3848 1089">
    <p class='ocr_par' dir='ltr' id='par_1_69' title="bbox 2242 1014 3848 1089">
     <span class='ocr_line' id='line_1_69' title="bbox 2242 1014 3848 1089; baseline -0.003 -14"><span class='ocrx_word' id='word_1_443' title='bbox 2242 1020 2391 1089; x_wconf 87' lang='lat' dir='ltr'><strong>pacis</strong></span> <span class='ocrx_word' id='word_1_444' title='bbox 2414 1020 2717 1083; x_wconf 88' lang='lat' dir='ltr'><strong>vinculum,</strong></span> <span class='ocrx_word' id='word_1_445' title='bbox 2763 1026 2817 1073; x_wconf 92' lang='lat' dir='ltr'><strong>et</strong></span> <span class='ocrx_word' id='word_1_446' title='bbox 2866 1018 3101 1073; x_wconf 87' lang='lat' dir='ltr'><strong>caritatis</strong></span> <span class='ocrx_word' id='word_1_447' title='bbox 3147 1017 3452 1081; x_wconf 86' lang='lat' dir='ltr'><strong>studium,</strong></span> <span class='ocrx_word' id='word_1_448' title='bbox 3490 1014 3615 1085; x_wconf 89' lang='lat' dir='ltr'><strong>ejns</strong></span> <span class='ocrx_word' id='word_1_449' title='bbox 3670 1016 3848 1070; x_wconf 83' lang='lat' dir='ltr'><strong>meritis</strong></span> 
     </span>
    </p>
   </div>
   <div class='ocr_carea' id='block_1_70' title="bbox 2244 1108 3847 1187">
    <p class='ocr_par' dir='ltr' id='par_1_70' title="bbox 2244 1108 3847 1187">
     <span class='ocr_line' id='line_1_70' title="bbox 2244 1108 3847 1187; baseline -0.004 -18"><span class='ocrx_word' id='word_1_450' title='bbox 2244 1113 2411 1187; x_wconf 66' lang='grc'><strong>284</strong></span> <span class='ocrx_word' id='word_1_451' title='bbox 2435 1111 2894 1183; x_wconf 71' lang='lat' dir='ltr'><strong>suffragrantibus,</strong></span> <span class='ocrx_word' id='word_1_452' title='bbox 2922 1110 3105 1181; x_wconf 79' lang='lat' dir='ltr'><strong>largiri</strong></span> <span class='ocrx_word' id='word_1_453' title='bbox 3148 1110 3365 1180; x_wconf 89' lang='lat' dir='ltr'><strong>jubeas</strong></span> <span class='ocrx_word' id='word_1_454' title='bbox 3416 1110 3477 1164; x_wconf 92' lang='lat' dir='ltr'><strong>in</strong></span> <span class='ocrx_word' id='word_1_455' title='bbox 3530 1122 3725 1164; x_wconf 66' lang='lat' dir='ltr'><strong>aevum.</strong></span> <span class='ocrx_word' id='word_1_456' title='bbox 3769 1108 3847 1163; x_wconf 83' lang='lat' dir='ltr'><strong>Per</strong></span> 
     </span>
    </p>
   </div>
   <div class='ocr_carea' id='block_1_71' title="bbox 2244 1195 2551 1260">
    <p class='ocr_par' dir='ltr' id='par_1_71' title="bbox 2244 1195 2551 1260">
     <span class='ocr_line' id='line_1_71' title="bbox 2244 1195 2551 1260; baseline 0 -2"><span class='ocrx_word' id='word_1_457' title='bbox 2244 1195 2551 1260; x_wconf 83' lang='lat' dir='ltr'><strong>Dominum.</strong></span> 
     </span>
    </p>
   </div>
   <div class='ocr_carea' id='block_1_72' title="bbox 2803 1271 3287 1323">
    <p class='ocr_par' dir='ltr' id='par_1_72' title="bbox 2803 1271 3287 1323">
     <span class='ocr_line' id='line_1_72' title="bbox 2803 1271 3287 1323; baseline -0.002 -1"><span class='ocrx_word' id='word_1_458' title='bbox 2803 1271 3075 1323; x_wconf 88' lang='lat' dir='ltr'><strong>Immolatio</strong></span> <span class='ocrx_word' id='word_1_459' title='bbox 3096 1274 3287 1322; x_wconf 55' lang='lat' dir='ltr'><strong>missae.</strong></span> 
     </span>
    </p>
   </div>
   <div class='ocr_carea' id='block_1_73' title="bbox 2319 1352 3846 1427">
    <p class='ocr_par' dir='ltr' id='par_1_73' title="bbox 2319 1352 3846 1427">
     <span class='ocr_line' id='line_1_73' title="bbox 2319 1352 3846 1427; baseline -0.004 -15"><span class='ocrx_word' id='word_1_460' title='bbox 2319 1358 2543 1427; x_wconf 84' lang='lat' dir='ltr'><strong>Dignum</strong></span> <span class='ocrx_word' id='word_1_461' title='bbox 2572 1366 2626 1414; x_wconf 89' lang='lat' dir='ltr'><strong>et</strong></span> <span class='ocrx_word' id='word_1_462' title='bbox 2671 1356 2873 1426; x_wconf 91' lang='lat' dir='ltr'><strong>justum</strong></span> <span class='ocrx_word' id='word_1_463' title='bbox 2903 1365 3006 1411; x_wconf 91' lang='lat' dir='ltr'><strong>est.</strong></span> <span class='ocrx_word' id='word_1_464' title='bbox 3033 1355 3173 1411; x_wconf 79' lang='lat' dir='ltr'><strong>Vere</strong></span> <span class='ocrx_word' id='word_1_465' title='bbox 3230 1367 3472 1424; x_wconf 86' lang='lat' dir='ltr'><strong>aequum</strong></span> <span class='ocrx_word' id='word_1_466' title='bbox 3531 1361 3590 1408; x_wconf 90' lang='lat' dir='ltr'><strong>et</strong></span> <span class='ocrx_word' id='word_1_467' title='bbox 3638 1352 3846 1422; x_wconf 84' lang='lat' dir='ltr'><strong>pulcrum</strong></span> 
     </span>
    </p>
   </div>
   <div class='ocr_carea' id='block_1_74' title="bbox 2246 1443 3844 1516">
    <p class='ocr_par' dir='ltr' id='par_1_74' title="bbox 2246 1443 3844 1516">
     <span class='ocr_line' id='line_1_74' title="bbox 2246 1443 3844 1516; baseline -0.002 -13"><span class='ocrx_word' id='word_1_468' title='bbox 2246 1455 2330 1503; x_wconf 91' lang='lat' dir='ltr'><strong>est</strong></span> <span class='ocrx_word' id='word_1_469' title='bbox 2357 1463 2455 1502; x_wconf 89' lang='lat' dir='ltr'><strong>nos</strong></span> <span class='ocrx_word' id='word_1_470' title='bbox 2478 1448 2581 1503; x_wconf 90' lang='lat' dir='ltr'><strong>tibi</strong></span> <span class='ocrx_word' id='word_1_471' title='bbox 2602 1447 2688 1502; x_wconf 85' lang='lat' dir='ltr'><strong>hic</strong></span> <span class='ocrx_word' id='word_1_472' title='bbox 2715 1456 2770 1501; x_wconf 90' lang='lat' dir='ltr'><strong>et</strong></span> <span class='ocrx_word' id='word_1_473' title='bbox 2800 1446 2994 1516; x_wconf 88' lang='lat' dir='ltr'><strong>ubique</strong></span> <span class='ocrx_word' id='word_1_474' title='bbox 3043 1460 3262 1515; x_wconf 89' lang='lat' dir='ltr'><strong>semper</strong></span> <span class='ocrx_word' id='word_1_475' title='bbox 3317 1443 3529 1499; x_wconf 89' lang='lat' dir='ltr'><strong>laudes</strong></span> <span class='ocrx_word' id='word_1_476' title='bbox 3575 1454 3630 1498; x_wconf 90' lang='lat' dir='ltr'><strong>et</strong></span> <span class='ocrx_word' id='word_1_477' title='bbox 3675 1443 3844 1515; x_wconf 77' lang='lat' dir='ltr'><strong>gratias</strong></span> 
     </span>
    </p>
   </div>
   <div class='ocr_carea' id='block_1_75' title="bbox 2246 1535 3845 1610">
    <p class='ocr_par' dir='ltr' id='par_1_75' title="bbox 2246 1535 3845 1610">
     <span class='ocr_line' id='line_1_75' title="bbox 2246 1535 3845 1610; baseline -0.004 -15"><span class='ocrx_word' id='word_1_478' title='bbox 2246 1556 2426 1610; x_wconf 81' lang='lat' dir='ltr'><strong>agere,</strong></span> <span class='ocrx_word' id='word_1_479' title='bbox 2486 1538 2780 1609; x_wconf 89' lang='lat' dir='ltr'><strong>laudesque</strong></span> <span class='ocrx_word' id='word_1_480' title='bbox 2835 1538 3118 1602; x_wconf 90' lang='lat' dir='ltr'><strong>adtollere,</strong></span> <span class='ocrx_word' id='word_1_481' title='bbox 3172 1535 3423 1592; x_wconf 85' lang='lat' dir='ltr'><strong>Domine</strong></span> <span class='ocrx_word' id='word_1_482' title='bbox 3462 1544 3688 1602; x_wconf 84' lang='lat' dir='ltr'><strong>sancte,</strong></span> <span class='ocrx_word' id='word_1_483' title='bbox 3718 1535 3845 1589; x_wconf 84' lang='lat' dir='ltr'><strong>Pater</strong></span> 
     </span>
    </p>
   </div>
   <div class='ocr_carea' id='block_1_76' title="bbox 2247 1626 3842 1702">
    <p class='ocr_par' dir='ltr' id='par_1_76' title="bbox 2247 1626 3842 1702">
     <span class='ocr_line' id='line_1_76' title="bbox 2247 1626 3842 1702; baseline -0.002 -16"><span class='ocrx_word' id='word_1_484' title='bbox 2247 1633 2608 1702; x_wconf 87' lang='lat' dir='ltr'><strong>omnipotens,</strong></span> <span class='ocrx_word' id='word_1_485' title='bbox 2654 1641 2853 1687; x_wconf 67' lang='lat' dir='ltr'><strong>aeterne</strong></span> <span class='ocrx_word' id='word_1_486' title='bbox 2900 1630 3064 1696; x_wconf 90' lang='lat' dir='ltr'><strong>Deus,</strong></span> <span class='ocrx_word' id='word_1_487' title='bbox 3109 1645 3205 1700; x_wconf 91' lang='lat' dir='ltr'><strong>per</strong></span> <span class='ocrx_word' id='word_1_488' title='bbox 3222 1628 3442 1697; x_wconf 36' lang='lat' dir='ltr'><strong>.Jesum</strong></span> <span class='ocrx_word' id='word_1_489' title='bbox 3488 1626 3758 1684; x_wconf 88' lang='lat' dir='ltr'><strong>Christum</strong></span> <span class='ocrx_word' id='word_1_490' title='bbox 3777 1626 3842 1683; x_wconf 82' lang='lat' dir='ltr'><strong>Fi-</strong></span> 
     </span>
    </p>
   </div>
   <div class='ocr_carea' id='block_1_77' title="bbox 2250 1722 3841 1792">
    <p class='ocr_par' dir='ltr' id='par_1_77' title="bbox 2250 1722 3841 1792">
     <span class='ocr_line' id='line_1_77' title="bbox 2250 1722 3841 1792; baseline -0.002 -13"><span class='ocrx_word' id='word_1_491' title='bbox 2250 1724 2381 1779; x_wconf 91' lang='lat' dir='ltr'><strong>lium</strong></span> <span class='ocrx_word' id='word_1_492' title='bbox 2424 1734 2570 1779; x_wconf 90' lang='lat' dir='ltr'><strong>tuum</strong></span> <span class='ocrx_word' id='word_1_493' title='bbox 2603 1723 2885 1778; x_wconf 89' lang='lat' dir='ltr'><strong>Dominum</strong></span> <span class='ocrx_word' id='word_1_494' title='bbox 2920 1734 3165 1777; x_wconf 87' lang='lat' dir='ltr'><strong>nostrum</strong></span> <span class='ocrx_word' id='word_1_495' title='bbox 3185 1766 3199 1792; x_wconf 92' lang='lat'><strong>,</strong></span> <span class='ocrx_word' id='word_1_496' title='bbox 3229 1723 3307 1778; x_wconf 85' lang='lat' dir='ltr'><strong>ah</strong></span> <span class='ocrx_word' id='word_1_497' title='bbox 3342 1723 3513 1777; x_wconf 90' lang='lat' dir='ltr'><strong>initio</strong></span> <span class='ocrx_word' id='word_1_498' title='bbox 3536 1722 3716 1777; x_wconf 64' lang='lat' dir='ltr'><strong>saeculi</strong></span> <span class='ocrx_word' id='word_1_499' title='bbox 3743 1738 3841 1791; x_wconf 87' lang='lat' dir='ltr'><strong>pro-</strong></span> 
     </span>
    </p>
   </div>
   <div class='ocr_carea' id='block_1_78' title="bbox 2246 1811 3837 1884">
    <p class='ocr_par' dir='ltr' id='par_1_78' title="bbox 2246 1811 3837 1884">
     <span class='ocr_line' id='line_1_78' title="bbox 2246 1811 3837 1884; baseline -0.001 -15"><span class='ocrx_word' id='word_1_500' title='bbox 2246 1823 2521 1873; x_wconf 88' lang='lat' dir='ltr'><strong>creatum.</strong></span> <span class='ocrx_word' id='word_1_501' title='bbox 2551 1813 2785 1869; x_wconf 84' lang='lat' dir='ltr'><strong>Verbum</strong></span> <span class='ocrx_word' id='word_1_502' title='bbox 2827 1813 3029 1869; x_wconf 90' lang='lat' dir='ltr'><strong>editum</strong></span> <span class='ocrx_word' id='word_1_503' title='bbox 3060 1811 3261 1881; x_wconf 89' lang='lat' dir='ltr'><strong>Patris,</strong></span> <span class='ocrx_word' id='word_1_504' title='bbox 3327 1813 3606 1884; x_wconf 84' lang='lat' dir='ltr'><strong>principia</strong></span> <span class='ocrx_word' id='word_1_505' title='bbox 3633 1812 3659 1851; x_wconf 72' lang='lat' dir='ltr'><strong>b</strong></span> <span class='ocrx_word' id='word_1_506' title='bbox 3683 1812 3837 1868; x_wconf 70' lang='lat' dir='ltr'><strong>saeculi</strong></span> 
     </span>
    </p>
   </div>
   <div class='ocr_carea' id='block_1_79' title="bbox 2246 1904 3837 1973">
    <p class='ocr_par' dir='ltr' id='par_1_79' title="bbox 2246 1904 3837 1973">
     <span class='ocr_line' id='line_1_79' title="bbox 2246 1904 3837 1973; baseline -0.003 -12"><span class='ocrx_word' id='word_1_507' title='bbox 2246 1904 2399 1961; x_wconf 85' lang='lat' dir='ltr'><strong>istius</strong></span> <span class='ocrx_word' id='word_1_508' title='bbox 2429 1907 2763 1960; x_wconf 89' lang='lat' dir='ltr'><strong>conlocatum</strong></span> <span class='ocrx_word' id='word_1_509' title='bbox 2792 1920 2885 1973; x_wconf 88' lang='lat' dir='ltr'><strong>per</strong></span> <span class='ocrx_word' id='word_1_510' title='bbox 2927 1915 3093 1960; x_wconf 88' lang='lat' dir='ltr'><strong>totum</strong></span> <span class='ocrx_word' id='word_1_511' title='bbox 3133 1904 3329 1961; x_wconf 82' lang='lat' dir='ltr'><strong>orbein</strong></span> <span class='ocrx_word' id='word_1_512' title='bbox 3372 1915 3652 1960; x_wconf 88' lang='lat' dir='ltr'><strong>terrarum</strong></span> <span class='ocrx_word' id='word_1_513' title='bbox 3675 1913 3837 1959; x_wconf 85' lang='lat' dir='ltr'><strong>contu-</strong></span> 
     </span>
    </p>
   </div>
   <div class='ocr_carea' id='block_1_80' title="bbox 2248 1997 3837 2069">
    <p class='ocr_par' dir='ltr' id='par_1_80' title="bbox 2248 1997 3837 2069">
     <span class='ocr_line' id='line_1_80' title="bbox 2248 1997 3837 2069; baseline -0.001 -17"><span class='ocrx_word' id='word_1_514' title='bbox 2248 1999 2355 2053; x_wconf 75' lang='lat' dir='ltr'><strong>lisri</strong></span> <span class='ocrx_word' id='word_1_515' title='bbox 2380 2019 2393 2054; x_wconf 92' lang='lat'>:</span> <span class='ocrx_word' id='word_1_516' title='bbox 2429 1999 2518 2055; x_wconf 90' lang='lat' dir='ltr'><strong>ubi</strong></span> <span class='ocrx_word' id='word_1_517' title='bbox 2566 1999 2756 2054; x_wconf 87' lang='lat' dir='ltr'><strong>beatus</strong></span> <span class='ocrx_word' id='word_1_518' title='bbox 2785 2010 2989 2069; x_wconf 83' lang='lat' dir='ltr'><strong>martyr</strong></span> <span class='ocrx_word' id='word_1_519' title='bbox 3020 2007 3142 2054; x_wconf 91' lang='lat' dir='ltr'><strong>tuus</strong></span> <span class='ocrx_word' id='word_1_520' title='bbox 3166 1997 3563 2069; x_wconf 80' lang='lat' dir='ltr'><strong>Leudegarius</strong></span> <span class='ocrx_word' id='word_1_521' title='bbox 3591 1997 3837 2067; x_wconf 81' lang='lat' dir='ltr'><strong>episcopus</strong></span> 
     </span>
    </p>
   </div>
   <div class='ocr_carea' id='block_1_81' title="bbox 2248 2094 3835 2168">
    <p class='ocr_par' dir='ltr' id='par_1_81' title="bbox 2248 2094 3835 2168">
     <span class='ocr_line' id='line_1_81' title="bbox 2248 2094 3835 2168; baseline -0.001 -18"><span class='ocrx_word' id='word_1_522' title='bbox 2248 2094 2319 2150; x_wconf 92' lang='lat' dir='ltr'><strong>de</strong></span> <span class='ocrx_word' id='word_1_523' title='bbox 2346 2095 2629 2152; x_wconf 88' lang='lat' dir='ltr'><strong>altitudine</strong></span> <span class='ocrx_word' id='word_1_524' title='bbox 2660 2098 2841 2152; x_wconf 84' lang='lat' dir='ltr'><strong>saeculi</strong></span> <span class='ocrx_word' id='word_1_525' title='bbox 2879 2098 3036 2167; x_wconf 89' lang='lat' dir='ltr'><strong>hujus</strong></span> <span class='ocrx_word' id='word_1_526' title='bbox 3064 2100 3159 2168; x_wconf 89' lang='lat' dir='ltr'><strong>per</strong></span> <span class='ocrx_word' id='word_1_527' title='bbox 3186 2099 3444 2153; x_wconf 64' lang='lat' dir='ltr'><strong>altanus</strong></span> <span class='ocrx_word' id='word_1_528' title='bbox 3495 2096 3835 2152; x_wconf 84' lang='lat' dir='ltr'><strong>mutilatioues</strong></span> 
     </span>
    </p>
   </div>
   <div class='ocr_carea' id='block_1_82' title="bbox 2247 2187 3833 2262">
    <p class='ocr_par' dir='ltr' id='par_1_82' title="bbox 2247 2187 3833 2262">
     <span class='ocr_line' id='line_1_82' title="bbox 2247 2187 3833 2262; baseline 0.001 -19"><span class='ocrx_word' id='word_1_529' title='bbox 2247 2187 2571 2258; x_wconf 84' lang='lat' dir='ltr'><strong>discerptus,</strong></span> <span class='ocrx_word' id='word_1_530' title='bbox 2628 2205 2850 2260; x_wconf 88' lang='lat' dir='ltr'><strong>pompas</strong></span> <span class='ocrx_word' id='word_1_531' title='bbox 2881 2192 3061 2245; x_wconf 80' lang='lat' dir='ltr'><strong>saeculi</strong></span> <span class='ocrx_word' id='word_1_532' title='bbox 3139 2191 3579 2262; x_wconf 84' lang='lat' dir='ltr'><strong>fragilitatisque</strong></span> <span class='ocrx_word' id='word_1_533' title='bbox 3625 2190 3833 2247; x_wconf 81' lang='lat' dir='ltr'><strong>calcavit.</strong></span> 
     </span>
    </p>
   </div>
   <div class='ocr_carea' id='block_1_83' title="bbox 2249 2272 3833 2354">
    <p class='ocr_par' dir='ltr' id='par_1_83' title="bbox 2249 2272 3833 2354">
     <span class='ocr_line' id='line_1_83' title="bbox 2249 2272 3833 2354; baseline -0.001 -18"><span class='ocrx_word' id='word_1_534' title='bbox 2249 2280 2345 2336; x_wconf 84' lang='lat' dir='ltr'><strong>Cui</strong></span> <span class='ocrx_word' id='word_1_535' title='bbox 2374 2290 2430 2336; x_wconf 91' lang='lat' dir='ltr'><strong>tu</strong></span> <span class='ocrx_word' id='word_1_536' title='bbox 2455 2325 2469 2348; x_wconf 89' lang='lat'><strong>,</strong></span> <span class='ocrx_word' id='word_1_537' title='bbox 2502 2272 2750 2347; x_wconf 86' lang='lat' dir='ltr'><strong>Domine,</strong></span> <span class='ocrx_word' id='word_1_538' title='bbox 2784 2283 3038 2337; x_wconf 78' lang='lat' dir='ltr'><strong>auxilium</strong></span> <span class='ocrx_word' id='word_1_539' title='bbox 3068 2282 3208 2338; x_wconf 89' lang='lat' dir='ltr'><strong>ferre</strong></span> <span class='ocrx_word' id='word_1_540' title='bbox 3233 2284 3507 2354; x_wconf 84' lang='lat' dir='ltr'><strong>dignatus</strong></span> <span class='ocrx_word' id='word_1_541' title='bbox 3535 2298 3618 2349; x_wconf 85' lang='lat' dir='ltr'><strong>es,</strong></span> <span class='ocrx_word' id='word_1_542' title='bbox 3650 2290 3704 2337; x_wconf 91' lang='lat' dir='ltr'><strong>ut</strong></span> <span class='ocrx_word' id='word_1_543' title='bbox 3728 2294 3833 2350; x_wconf 65' lang='lat' dir='ltr'><strong>pm</strong></span> 
     </span>
    </p>
   </div>
   <div class='ocr_carea' id='block_1_84' title="bbox 2248 2374 3831 2447">
    <p class='ocr_par' dir='ltr' id='par_1_84' title="bbox 2248 2374 3831 2447">
     <span class='ocr_line' id='line_1_84' title="bbox 2248 2374 3831 2447; baseline 0 -18"><span class='ocrx_word' id='word_1_544' title='bbox 2248 2375 2417 2430; x_wconf 89' lang='lat' dir='ltr'><strong>sentis</strong></span> <span class='ocrx_word' id='word_1_545' title='bbox 2447 2375 2631 2430; x_wconf 65' lang='lat' dir='ltr'><strong>saeculi</strong></span> <span class='ocrx_word' id='word_1_546' title='bbox 2660 2392 2898 2430; x_wconf 87' lang='lat' dir='ltr'><strong>amorem</strong></span> <span class='ocrx_word' id='word_1_547' title='bbox 2926 2376 3261 2447; x_wconf 88' lang='lat' dir='ltr'><strong>despiceret,</strong></span> <span class='ocrx_word' id='word_1_548' title='bbox 3294 2388 3357 2433; x_wconf 90' lang='lat' dir='ltr'><strong>et</strong></span> <span class='ocrx_word' id='word_1_549' title='bbox 3384 2377 3636 2434; x_wconf 71' lang='lat' dir='ltr'><strong>cmlestia</strong></span> <span class='ocrx_word' id='word_1_550' title='bbox 3657 2374 3831 2444; x_wconf 86' lang='lat' dir='ltr'><strong>adepis-</strong></span> 
     </span>
    </p>
   </div>
   <div class='ocr_carea' id='block_1_85' title="bbox 2249 2467 3831 2539">
    <p class='ocr_par' dir='ltr' id='par_1_85' title="bbox 2249 2467 3831 2539">
     <span class='ocr_line' id='line_1_85' title="bbox 2249 2467 3831 2539; baseline -0.002 -15"><span class='ocrx_word' id='word_1_551' title='bbox 2249 2482 2372 2524; x_wconf 86' lang='lat' dir='ltr'><strong>cere</strong></span> <span class='ocrx_word' id='word_1_552' title='bbox 2395 2480 2753 2539; x_wconf 90' lang='lat' dir='ltr'><strong>promereret.</strong></span> <span class='ocrx_word' id='word_1_553' title='bbox 2787 2469 3164 2526; x_wconf 85' lang='lat' dir='ltr'><strong>Verumtamen</strong></span> <span class='ocrx_word' id='word_1_554' title='bbox 3191 2486 3423 2527; x_wconf 90' lang='lat' dir='ltr'><strong>crucem</strong></span> <span class='ocrx_word' id='word_1_555' title='bbox 3454 2486 3608 2525; x_wconf 89' lang='lat' dir='ltr'><strong>suam</strong></span> <span class='ocrx_word' id='word_1_556' title='bbox 3636 2467 3831 2533; x_wconf 82' lang='lat' dir='ltr'><strong>tollens,</strong></span> 
     </span>
    </p>
   </div>
   <div class='ocr_carea' id='block_1_86' title="bbox 2247 2557 3826 2631">
    <p class='ocr_par' dir='ltr' id='par_1_86' title="bbox 2247 2557 3826 2631">
     <span class='ocr_line' id='line_1_86' title="bbox 2247 2557 3826 2631; baseline -0.003 -16"><span class='ocrx_word' id='word_1_557' title='bbox 2247 2567 2301 2615; x_wconf 92' lang='lat' dir='ltr'><strong>te</strong></span> <span class='ocrx_word' id='word_1_558' title='bbox 2322 2559 2595 2615; x_wconf 89' lang='lat' dir='ltr'><strong>Pastorem</strong></span> <span class='ocrx_word' id='word_1_559' title='bbox 2620 2575 2871 2627; x_wconf 89' lang='lat' dir='ltr'><strong>sequens,</strong></span> <span class='ocrx_word' id='word_1_560' title='bbox 2904 2570 2961 2615; x_wconf 93' lang='lat' dir='ltr'><strong>ut</strong></span> <span class='ocrx_word' id='word_1_561' title='bbox 2991 2560 3222 2631; x_wconf 88' lang='lat' dir='ltr'><strong>paradisi</strong></span> <span class='ocrx_word' id='word_1_562' title='bbox 3275 2560 3509 2616; x_wconf 88' lang='lat' dir='ltr'><strong>delitias</strong></span> <span class='ocrx_word' id='word_1_563' title='bbox 3534 2557 3826 2628; x_wconf 79' lang='lat' dir='ltr'><strong>possideret,</strong></span> 
     </span>
    </p>
   </div>
   <div class='ocr_carea' id='block_1_87' title="bbox 2251 2648 3826 2724">
    <p class='ocr_par' dir='ltr' id='par_1_87' title="bbox 2251 2648 3826 2724">
     <span class='ocr_line' id='line_1_87' title="bbox 2251 2648 3826 2724; baseline -0.005 -16"><span class='ocrx_word' id='word_1_564' title='bbox 2251 2654 2542 2724; x_wconf 67' lang='lat' dir='ltr'><strong>praesentia</strong></span> <span class='ocrx_word' id='word_1_565' title='bbox 2575 2653 2751 2708; x_wconf 89' lang='lat' dir='ltr'><strong>omnia</strong></span> <span class='ocrx_word' id='word_1_566' title='bbox 2793 2652 3098 2722; x_wconf 88' lang='lat' dir='ltr'><strong>dereliquit.</strong></span> <span class='ocrx_word' id='word_1_567' title='bbox 3142 2652 3186 2706; x_wconf 89' lang='grc'>0</span> <span class='ocrx_word' id='word_1_568' title='bbox 3213 2651 3444 2708; x_wconf 90' lang='lat' dir='ltr'><strong>beatum</strong></span> <span class='ocrx_word' id='word_1_569' title='bbox 3494 2651 3668 2705; x_wconf 89' lang='lat' dir='ltr'><strong>virum</strong></span> <span class='ocrx_word' id='word_1_570' title='bbox 3714 2648 3826 2702; x_wconf 85' lang='lat' dir='ltr'><strong>Leu-</strong></span> 
     </span>
    </p>
   </div>
   <div class='ocr_carea' id='block_1_88' title="bbox 2252 2741 3825 2816">
    <p class='ocr_par' dir='ltr' id='par_1_88' title="bbox 2252 2741 3825 2816">
     <span class='ocr_line' id='line_1_88' title="bbox 2252 2741 3825 2816; baseline -0.004 -16"><span class='ocrx_word' id='word_1_571' title='bbox 2252 2746 2530 2816; x_wconf 85' lang='lat' dir='ltr'><strong>degariuin</strong></span> <span class='ocrx_word' id='word_1_572' title='bbox 2563 2746 2896 2800; x_wconf 87' lang='lat' dir='ltr'><strong>antistitem!</strong></span> <span class='ocrx_word' id='word_1_573' title='bbox 2937 2746 3025 2815; x_wconf 91' lang='lat' dir='ltr'><strong>qui</strong></span> <span class='ocrx_word' id='word_1_574' title='bbox 3048 2787 3065 2813; x_wconf 94' lang='lat'><strong>,</strong></span> <span class='ocrx_word' id='word_1_575' title='bbox 3114 2760 3207 2816; x_wconf 90' lang='lat' dir='ltr'><strong>per</strong></span> <span class='ocrx_word' id='word_1_576' title='bbox 3234 2746 3605 2801; x_wconf 88' lang='lat' dir='ltr'><strong>nefandorum</strong></span> <span class='ocrx_word' id='word_1_577' title='bbox 3642 2741 3825 2798; x_wconf 80' lang='lat' dir='ltr'><strong>consilia</strong></span> 
     </span>
    </p>
   </div>
   <div class='ocr_carea' id='block_1_89' title="bbox 2252 2838 3823 2908">
    <p class='ocr_par' dir='ltr' id='par_1_89' title="bbox 2252 2838 3823 2908">
     <span class='ocr_line' id='line_1_89' title="bbox 2252 2838 3823 2908; baseline -0.003 -14"><span class='ocrx_word' id='word_1_578' title='bbox 2252 2852 2450 2908; x_wconf 88' lang='lat' dir='ltr'><strong>corpus</strong></span> <span class='ocrx_word' id='word_1_579' title='bbox 2479 2848 2501 2876; x_wconf 79' lang='grc' dir='ltr'><strong>ο</strong></span> <span class='ocrx_word' id='word_1_580' title='bbox 2534 2838 2759 2893; x_wconf 80' lang='lat' dir='ltr'><strong>nexibus</strong></span> <span class='ocrx_word' id='word_1_581' title='bbox 2810 2838 3155 2905; x_wconf 91' lang='lat' dir='ltr'><strong>absolutum,</strong></span> <span class='ocrx_word' id='word_1_582' title='bbox 3200 2853 3265 2894; x_wconf 91' lang='lat' dir='ltr'><strong>os</strong></span> <span class='ocrx_word' id='word_1_583' title='bbox 3315 2839 3484 2894; x_wconf 88' lang='lat' dir='ltr'><strong>labiis</strong></span> <span class='ocrx_word' id='word_1_584' title='bbox 3534 2840 3823 2893; x_wconf 86' lang='lat' dir='ltr'><strong>minuatum.</strong></span> 
     </span>
    </p>
   </div>
   <div class='ocr_carea' id='block_1_90' title="bbox 2251 2927 3823 3001">
    <p class='ocr_par' dir='ltr' id='par_1_90' title="bbox 2251 2927 3823 3001">
     <span class='ocr_line' id='line_1_90' title="bbox 2251 2927 3823 3001; baseline -0.003 -16"><span class='ocrx_word' id='word_1_585' title='bbox 2251 2932 2534 2999; x_wconf 87' lang='lat' dir='ltr'><strong>oculisque</strong></span> <span class='ocrx_word' id='word_1_586' title='bbox 2563 2931 2810 2987; x_wconf 88' lang='lat' dir='ltr'><strong>orbatum</strong></span> <span class='ocrx_word' id='word_1_587' title='bbox 2836 2972 2851 2997; x_wconf 93' lang='lat'><strong>,</strong></span> <span class='ocrx_word' id='word_1_588' title='bbox 2882 2931 3100 2986; x_wconf 83' lang='lat' dir='ltr'><strong>exilium</strong></span> <span class='ocrx_word' id='word_1_589' title='bbox 3132 2940 3545 3001; x_wconf 90' lang='lat' dir='ltr'><strong>perpetratum,</strong></span> <span class='ocrx_word' id='word_1_590' title='bbox 3590 2927 3823 2985; x_wconf 81' lang='lat' dir='ltr'><strong>lubricita-</strong></span> 
     </span>
    </p>
   </div>
   <div class='ocr_carea' id='block_1_91' title="bbox 2252 3023 3818 3093">
    <p class='ocr_par' dir='ltr' id='par_1_91' title="bbox 2252 3023 3818 3093">
     <span class='ocr_line' id='line_1_91' title="bbox 2252 3023 3818 3093; baseline -0.003 -15"><span class='ocrx_word' id='word_1_591' title='bbox 2252 3023 2322 3079; x_wconf 89' lang='lat' dir='ltr'><strong>tis</strong></span> <span class='ocrx_word' id='word_1_592' title='bbox 2348 3023 2535 3079; x_wconf 70' lang='lat' dir='ltr'><strong>saeculi</strong></span> <span class='ocrx_word' id='word_1_593' title='bbox 2584 3023 2973 3093; x_wconf 87' lang='lat' dir='ltr'><strong>postpositum,</strong></span> <span class='ocrx_word' id='word_1_594' title='bbox 3006 3023 3240 3080; x_wconf 87' lang='lat' dir='ltr'><strong>diversis</strong></span> <span class='ocrx_word' id='word_1_595' title='bbox 3274 3024 3571 3079; x_wconf 87' lang='lat' dir='ltr'><strong>tormentis</strong></span> <span class='ocrx_word' id='word_1_596' title='bbox 3602 3034 3818 3092; x_wconf 81' lang='lat' dir='ltr'><strong>passum,</strong></span> 
     </span>
    </p>
   </div>
   <div class='ocr_carea' id='block_1_92' title="bbox 2258 3112 3819 3186">
    <p class='ocr_par' dir='ltr' id='par_1_92' title="bbox 2258 3112 3819 3186">
     <span class='ocr_line' id='line_1_92' title="bbox 2258 3112 3819 3186; baseline -0.004 -16"><span class='ocrx_word' id='word_1_597' title='bbox 2258 3116 2561 3184; x_wconf 90' lang='lat' dir='ltr'><strong>exemplum</strong></span> <span class='ocrx_word' id='word_1_598' title='bbox 2590 3116 2808 3185; x_wconf 89' lang='lat' dir='ltr'><strong>reliquit</strong></span> <span class='ocrx_word' id='word_1_599' title='bbox 2836 3114 3208 3186; x_wconf 90' lang='lat' dir='ltr'><strong>episcoporum</strong></span> <span class='ocrx_word' id='word_1_600' title='bbox 3236 3129 3340 3185; x_wconf 88' lang='lat' dir='ltr'><strong>per</strong></span> <span class='ocrx_word' id='word_1_601' title='bbox 3367 3130 3525 3171; x_wconf 90' lang='lat' dir='ltr'><strong>suam</strong></span> <span class='ocrx_word' id='word_1_602' title='bbox 3555 3112 3819 3184; x_wconf 78' lang='lat' dir='ltr'><strong>passiones;</strong></span> 
     </span>
    </p>
   </div>
   <div class='ocr_carea' id='block_1_93' title="bbox 2252 3201 3816 3278">
    <p class='ocr_par' dir='ltr' id='par_1_93' title="bbox 2252 3201 3816 3278">
     <span class='ocr_line' id='line_1_93' title="bbox 2252 3201 3816 3278; baseline -0.005 -17"><span class='ocrx_word' id='word_1_603' title='bbox 2252 3207 2338 3262; x_wconf 88' lang='lat' dir='ltr'><strong>vel</strong></span> <span class='ocrx_word' id='word_1_604' title='bbox 2370 3206 2720 3277; x_wconf 86' lang='lat' dir='ltr'><strong>patientiam;</strong></span> <span class='ocrx_word' id='word_1_605' title='bbox 2753 3217 2809 3263; x_wconf 90' lang='lat' dir='ltr'><strong>et</strong></span> <span class='ocrx_word' id='word_1_606' title='bbox 2829 3207 2896 3262; x_wconf 93' lang='lat' dir='ltr'><strong>ad</strong></span> <span class='ocrx_word' id='word_1_607' title='bbox 2918 3217 3220 3263; x_wconf 85' lang='lat' dir='ltr'><strong>extremum</strong></span> <span class='ocrx_word' id='word_1_608' title='bbox 3244 3209 3376 3262; x_wconf 77' lang='lat' dir='ltr'><strong>vita:</strong></span> <span class='ocrx_word' id='word_1_609' title='bbox 3402 3215 3671 3278; x_wconf 72' lang='lat' dir='ltr'><strong>perpetua:</strong></span> <span class='ocrx_word' id='word_1_610' title='bbox 3690 3201 3816 3257; x_wconf 77' lang='lat' dir='ltr'><strong>resti~</strong></span> 
     </span>
    </p>
   </div>
   <div class='ocr_carea' id='block_1_94' title="bbox 2250 3293 3816 3368">
    <p class='ocr_par' dir='ltr' id='par_1_94' title="bbox 2250 3293 3816 3368">
     <span class='ocr_line' id='line_1_94' title="bbox 2250 3293 3816 3368; baseline -0.006 -15"><span class='ocrx_word' id='word_1_611' title='bbox 2250 3307 2414 3364; x_wconf 86' lang='lat' dir='ltr'><strong>tutus,</strong></span> <span class='ocrx_word' id='word_1_612' title='bbox 2460 3298 2702 3354; x_wconf 64' lang='lat' dir='ltr'><strong>coelestia</strong></span> <span class='ocrx_word' id='word_1_613' title='bbox 2752 3312 2917 3368; x_wconf 87' lang='lat' dir='ltr'><strong>regna</strong></span> <span class='ocrx_word' id='word_1_614' title='bbox 2964 3299 3301 3368; x_wconf 86' lang='lat' dir='ltr'><strong>penetravit,</strong></span> <span class='ocrx_word' id='word_1_615' title='bbox 3352 3299 3666 3368; x_wconf 84' lang='lat' dir='ltr'><strong>angelorum</strong></span> <span class='ocrx_word' id='word_1_616' title='bbox 3685 3293 3816 3347; x_wconf 83' lang='lat' dir='ltr'><strong>choro</strong></span> 
     </span>
    </p>
   </div>
   <div class='ocr_carea' id='block_1_95' title="bbox 2246 3390 3814 3457">
    <p class='ocr_par' dir='ltr' id='par_1_95' title="bbox 2246 3390 3814 3457">
     <span class='ocr_line' id='line_1_95' title="bbox 2246 3390 3814 3457; baseline -0.004 -12"><span class='ocrx_word' id='word_1_617' title='bbox 2246 3392 2503 3457; x_wconf 90' lang='lat' dir='ltr'><strong>sociatur,</strong></span> <span class='ocrx_word' id='word_1_618' title='bbox 2554 3406 2769 3447; x_wconf 64' lang='lat' dir='ltr'><strong>corona:</strong></span> <span class='ocrx_word' id='word_1_619' title='bbox 2833 3391 3359 3448; x_wconf 89' lang='lat' dir='ltr'><strong>immarciscibilibus</strong></span> <span class='ocrx_word' id='word_1_620' title='bbox 3410 3390 3629 3448; x_wconf 80' lang='lat' dir='ltr'><strong>ﬂoribus</strong></span> <span class='ocrx_word' id='word_1_621' title='bbox 3670 3398 3814 3442; x_wconf 39' lang='lat' dir='ltr'><strong>remus</strong></span> 
     </span>
    </p>
   </div>
   <div class='ocr_carea' id='block_1_96' title="bbox 2249 3476 3811 3556">
    <p class='ocr_par' dir='ltr' id='par_1_96' title="bbox 2249 3476 3811 3556">
     <span class='ocr_line' id='line_1_96' title="bbox 2249 3476 3811 3556; baseline -0.006 -18"><span class='ocrx_word' id='word_1_622' title='bbox 2249 3493 2509 3550; x_wconf 86' lang='lat' dir='ltr'><strong>neratur;</strong></span> <span class='ocrx_word' id='word_1_623' title='bbox 2550 3485 2689 3540; x_wconf 91' lang='lat' dir='ltr'><strong>unde</strong></span> <span class='ocrx_word' id='word_1_624' title='bbox 2751 3494 2872 3554; x_wconf 89' lang='lat' dir='ltr'><strong>post</strong></span> <span class='ocrx_word' id='word_1_625' title='bbox 2926 3485 3110 3541; x_wconf 84' lang='lat' dir='ltr'><strong>multae</strong></span> <span class='ocrx_word' id='word_1_626' title='bbox 3153 3486 3401 3556; x_wconf 65' lang='lat' dir='ltr'><strong>reliquias</strong></span> <span class='ocrx_word' id='word_1_627' title='bbox 3451 3485 3732 3540; x_wconf 82' lang='lat' dir='ltr'><strong>ﬂoruerunt</strong></span> <span class='ocrx_word' id='word_1_628' title='bbox 3769 3476 3811 3530; x_wconf 90' lang='lat' dir='ltr'><strong>in</strong></span> 
     </span>
    </p>
   </div>
   <div class='ocr_carea' id='block_1_97' title="bbox 2249 3570 3809 3651">
    <p class='ocr_par' dir='ltr' id='par_1_97' title="bbox 2249 3570 3809 3651">
     <span class='ocr_line' id='line_1_97' title="bbox 2249 3570 3809 3651; baseline -0.006 -18"><span class='ocrx_word' id='word_1_629' title='bbox 2249 3575 2467 3635; x_wconf 81' lang='lat' dir='ltr'><strong>Galleis.</strong></span> <span class='ocrx_word' id='word_1_630' title='bbox 2507 3574 2796 3633; x_wconf 87' lang='lat' dir='ltr'><strong>Precaniur</strong></span> <span class='ocrx_word' id='word_1_631' title='bbox 2818 3593 2950 3651; x_wconf 87' lang='lat' dir='ltr'><strong>ergo</strong></span> <span class='ocrx_word' id='word_1_632' title='bbox 2978 3587 3051 3645; x_wconf 89' lang='lat' dir='ltr'><strong>te,</strong></span> <span class='ocrx_word' id='word_1_633' title='bbox 3088 3578 3341 3649; x_wconf 85' lang='lat' dir='ltr'><strong>Domine,</strong></span> <span class='ocrx_word' id='word_1_634' title='bbox 3388 3587 3448 3634; x_wconf 93' lang='lat' dir='ltr'><strong>ut</strong></span> <span class='ocrx_word' id='word_1_635' title='bbox 3495 3592 3593 3632; x_wconf 89' lang='lat' dir='ltr'><strong>nos</strong></span> <span class='ocrx_word' id='word_1_636' title='bbox 3619 3570 3809 3629; x_wconf 76' lang='lat' dir='ltr'><strong>famulos</strong></span> 
     </span>
    </p>
   </div>
   <div class='ocr_carea' id='block_1_98' title="bbox 2250 3666 3809 3742">
    <p class='ocr_par' dir='ltr' id='par_1_98' title="bbox 2250 3666 3809 3742">
     <span class='ocr_line' id='line_1_98' title="bbox 2250 3666 3809 3742; baseline -0.006 -17"><span class='ocrx_word' id='word_1_637' title='bbox 2250 3679 2371 3726; x_wconf 92' lang='lat' dir='ltr'><strong>tuos</strong></span> <span class='ocrx_word' id='word_1_638' title='bbox 2399 3684 2721 3742; x_wconf 87' lang='lat' dir='ltr'><strong>omnemque</strong></span> <span class='ocrx_word' id='word_1_639' title='bbox 2751 3673 2961 3742; x_wconf 90' lang='lat' dir='ltr'><strong>plebem</strong></span> <span class='ocrx_word' id='word_1_640' title='bbox 3006 3673 3425 3730; x_wconf 85' lang='lat' dir='ltr'><strong>reminiscentes</strong></span> <span class='ocrx_word' id='word_1_641' title='bbox 3468 3671 3624 3727; x_wconf 88' lang='lat' dir='ltr'><strong>talem</strong></span> <span class='ocrx_word' id='word_1_642' title='bbox 3660 3666 3809 3721; x_wconf 85' lang='lat' dir='ltr'><strong>Pasto-</strong></span> 
     </span>
    </p>
   </div>
   <div class='ocr_carea' id='block_1_99' title="bbox 2247 3762 3800 3836">
    <p class='ocr_par' dir='ltr' id='par_1_99' title="bbox 2247 3762 3800 3836">
     <span class='ocr_line' id='line_1_99' title="bbox 2247 3762 3800 3836; baseline -0.005 -17"><span class='ocrx_word' id='word_1_643' title='bbox 2247 3779 2362 3819; x_wconf 86' lang='lat' dir='ltr'><strong>rem</strong></span> <span class='ocrx_word' id='word_1_644' title='bbox 2384 3805 2396 3829; x_wconf 85' lang='lat'><strong>,</strong></span> <span class='ocrx_word' id='word_1_645' title='bbox 2417 3762 2535 3833; x_wconf 90' lang='lat' dir='ltr'><strong>ejus</strong></span> <span class='ocrx_word' id='word_1_646' title='bbox 2556 3763 2764 3821; x_wconf 90' lang='lat' dir='ltr'><strong>meritis</strong></span> <span class='ocrx_word' id='word_1_647' title='bbox 2802 3764 3268 3836; x_wconf 83' lang='lat' dir='ltr'><strong>sull‘ragrantibus,</strong></span> <span class='ocrx_word' id='word_1_648' title='bbox 3297 3766 3514 3823; x_wconf 81' lang='lat' dir='ltr'><strong>veniam</strong></span> <span class='ocrx_word' id='word_1_649' title='bbox 3536 3767 3800 3817; x_wconf 82' lang='lat' dir='ltr'><strong>mereamur</strong></span> 
     </span>
    </p>
   </div>
   <div class='ocr_carea' id='block_1_100' title="bbox 2247 3854 3805 3928">
    <p class='ocr_par' dir='ltr' id='par_1_100' title="bbox 2247 3854 3805 3928">
     <span class='ocr_line' id='line_1_100' title="bbox 2247 3854 3805 3928; baseline -0.003 -17"><span class='ocrx_word' id='word_1_650' title='bbox 2247 3854 2492 3913; x_wconf 90' lang='lat' dir='ltr'><strong>obtinere</strong></span> <span class='ocrx_word' id='word_1_651' title='bbox 2520 3859 2926 3925; x_wconf 86' lang='lat' dir='ltr'><strong>peccaminum,</strong></span> <span class='ocrx_word' id='word_1_652' title='bbox 2956 3873 3051 3928; x_wconf 91' lang='lat' dir='ltr'><strong>per</strong></span> <span class='ocrx_word' id='word_1_653' title='bbox 3088 3859 3365 3916; x_wconf 89' lang='lat' dir='ltr'><strong>Christum</strong></span> <span class='ocrx_word' id='word_1_654' title='bbox 3409 3857 3686 3915; x_wconf 86' lang='lat' dir='ltr'><strong>Dominum</strong></span> <span class='ocrx_word' id='word_1_655' title='bbox 3724 3862 3805 3906; x_wconf 85' lang='lat' dir='ltr'><strong>no-</strong></span> 
     </span>
    </p>
   </div>
   <div class='ocr_carea' id='block_1_101' title="bbox 2246 3947 3011 4022">
    <p class='ocr_par' dir='ltr' id='par_1_101' title="bbox 2246 3947 3011 4022">
     <span class='ocr_line' id='line_1_101' title="bbox 2246 3947 3011 4022; baseline 0.003 -17"><span class='ocrx_word' id='word_1_656' title='bbox 2246 3958 2445 4005; x_wconf 85' lang='lat' dir='ltr'><strong>strum.</strong></span> <span class='ocrx_word' id='word_1_657' title='bbox 2476 3947 2571 4006; x_wconf 91' lang='lat' dir='ltr'><strong>Cui</strong></span> <span class='ocrx_word' id='word_1_658' title='bbox 2599 3964 2786 4007; x_wconf 88' lang='lat' dir='ltr'><strong>omnes</strong></span> <span class='ocrx_word' id='word_1_659' title='bbox 2816 3952 3011 4022; x_wconf 86' lang='lat' dir='ltr'><strong>angeli.</strong></span> 
     </span>
    </p>
   </div>
   <div class='ocr_carea' id='block_1_102' title="bbox 2854 4045 3225 4098">
    <p class='ocr_par' dir='ltr' id='par_1_102' title="bbox 2854 4045 3225 4098">
     <span class='ocr_line' id='line_1_102' title="bbox 2854 4045 3225 4098; baseline 0.008 -3"><span class='ocrx_word' id='word_1_660' title='bbox 2854 4045 2972 4095; x_wconf 84' lang='lat' dir='ltr'><strong>Post</strong></span> <span class='ocrx_word' id='word_1_661' title='bbox 2998 4046 3225 4098; x_wconf 81' lang='lat' dir='ltr'><strong>Sanctus.</strong></span> 
     </span>
    </p>
   </div>
   <div class='ocr_carea' id='block_1_103' title="bbox 2321 4118 3796 4198">
    <p class='ocr_par' dir='ltr' id='par_1_103' title="bbox 2321 4118 3796 4198">
     <span class='ocr_line' id='line_1_103' title="bbox 2321 4118 3796 4198; baseline -0.005 -17"><span class='ocrx_word' id='word_1_662' title='bbox 2321 4126 2571 4181; x_wconf 79' lang='lat' dir='ltr'><strong>Hosanna</strong></span> <span class='ocrx_word' id='word_1_663' title='bbox 2603 4127 2858 4184; x_wconf 76' lang='lat' dir='ltr'><strong>excelsis.</strong></span> <span class='ocrx_word' id='word_1_664' title='bbox 2891 4128 3218 4185; x_wconf 88' lang='lat' dir='ltr'><strong>Benedictus</strong></span> <span class='ocrx_word' id='word_1_665' title='bbox 3244 4131 3340 4198; x_wconf 89' lang='lat' dir='ltr'><strong>qui</strong></span> <span class='ocrx_word' id='word_1_666' title='bbox 3370 4128 3518 4186; x_wconf 89' lang='lat' dir='ltr'><strong>venit</strong></span> <span class='ocrx_word' id='word_1_667' title='bbox 3542 4126 3596 4181; x_wconf 90' lang='lat' dir='ltr'><strong>in</strong></span> <span class='ocrx_word' id='word_1_668' title='bbox 3618 4118 3796 4179; x_wconf 80' lang='lat' dir='ltr'><strong>nomine</strong></span> 
     </span>
    </p>
   </div>
   <div class='ocr_carea' id='block_1_104' title="bbox 2248 4217 3797 4296">
    <p class='ocr_par' dir='ltr' id='par_1_104' title="bbox 2248 4217 3797 4296">
     <span class='ocr_line' id='line_1_104' title="bbox 2248 4217 3797 4296; baseline -0.003 -24"><span class='ocrx_word' id='word_1_669' title='bbox 2248 4217 2479 4274; x_wconf 88' lang='lat' dir='ltr'><strong>Domini.</strong></span> <span class='ocrx_word' id='word_1_670' title='bbox 2521 4220 2566 4274; x_wconf 91' lang='grc' dir='ltr'><strong>Ο</strong></span> <span class='ocrx_word' id='word_1_671' title='bbox 2597 4235 2721 4275; x_wconf 88' lang='lat' dir='ltr'><strong>vere</strong></span> <span class='ocrx_word' id='word_1_672' title='bbox 2752 4220 2905 4275; x_wconf 88' lang='lat' dir='ltr'><strong>beata</strong></span> <span class='ocrx_word' id='word_1_673' title='bbox 2947 4238 3067 4287; x_wconf 88' lang='lat' dir='ltr'><strong>vox,</strong></span> <span class='ocrx_word' id='word_1_674' title='bbox 3118 4239 3278 4293; x_wconf 90' lang='lat' dir='ltr'><strong>quam</strong></span> <span class='ocrx_word' id='word_1_675' title='bbox 3308 4224 3614 4296; x_wconf 88' lang='lat' dir='ltr'><strong>angelorum</strong></span> <span class='ocrx_word' id='word_1_676' title='bbox 3649 4226 3699 4273; x_wconf 87' lang='lat' dir='ltr'><strong>et</strong></span> <span class='ocrx_word' id='word_1_677' title='bbox 3730 4228 3797 4268; x_wconf 82' lang='lat' dir='ltr'><strong>ar-</strong></span> 
     </span>
    </p>
   </div>
   <div class='ocr_carea' id='block_1_105' title="bbox 2248 4305 3791 4388">
    <p class='ocr_par' dir='ltr' id='par_1_105' title="bbox 2248 4305 3791 4388">
     <span class='ocr_line' id='line_1_105' title="bbox 2248 4305 3791 4388; baseline -0.003 -21"><span class='ocrx_word' id='word_1_678' title='bbox 2248 4312 2622 4383; x_wconf 88' lang='lat' dir='ltr'><strong>cbangelorum</strong></span> <span class='ocrx_word' id='word_1_679' title='bbox 2663 4314 2956 4369; x_wconf 87' lang='lat' dir='ltr'><strong>concinunt</strong></span> <span class='ocrx_word' id='word_1_680' title='bbox 2997 4315 3256 4372; x_wconf 87' lang='lat' dir='ltr'><strong>virtutes!</strong></span> <span class='ocrx_word' id='word_1_681' title='bbox 3289 4333 3411 4388; x_wconf 75' lang='lat' dir='ltr'><strong>qua:</strong></span> <span class='ocrx_word' id='word_1_682' title='bbox 3446 4332 3541 4372; x_wconf 89' lang='lat' dir='ltr'><strong>nos</strong></span> <span class='ocrx_word' id='word_1_683' title='bbox 3584 4309 3721 4367; x_wconf 87' lang='lat' dir='ltr'><strong>hodie</strong></span> <span class='ocrx_word' id='word_1_684' title='bbox 3749 4305 3791 4359; x_wconf 79' lang='lat' dir='ltr'><strong>in</strong></span> 
     </span>
    </p>
   </div>
   <div class='ocr_carea' id='block_1_106' title="bbox 2250 4402 3792 4479">
    <p class='ocr_par' dir='ltr' id='par_1_106' title="bbox 2250 4402 3792 4479">
     <span class='ocr_line' id='line_1_106' title="bbox 2250 4402 3792 4479; baseline 0.001 -23"><span class='ocrx_word' id='word_1_685' title='bbox 2250 4404 2501 4472; x_wconf 91' lang='lat' dir='ltr'><strong>passione</strong></span> <span class='ocrx_word' id='word_1_686' title='bbox 2530 4402 2671 4459; x_wconf 89' lang='lat' dir='ltr'><strong>beati</strong></span> <span class='ocrx_word' id='word_1_687' title='bbox 2694 4406 2947 4475; x_wconf 85' lang='lat' dir='ltr'><strong>martyris</strong></span> <span class='ocrx_word' id='word_1_688' title='bbox 2976 4407 3050 4460; x_wconf 93' lang='lat' dir='ltr'><strong>tui</strong></span> <span class='ocrx_word' id='word_1_689' title='bbox 3076 4406 3394 4479; x_wconf 87' lang='lat' dir='ltr'><strong>Leudegarii</strong></span> <span class='ocrx_word' id='word_1_690' title='bbox 3427 4422 3532 4463; x_wconf 88' lang='lat' dir='ltr'><strong>vox</strong></span> <span class='ocrx_word' id='word_1_691' title='bbox 3568 4416 3664 4460; x_wconf 91' lang='lat' dir='ltr'><strong>una</strong></span> <span class='ocrx_word' id='word_1_692' title='bbox 3696 4408 3792 4469; x_wconf 62' lang='grc' dir='ltr'><strong>μω*</strong></span> 
     </span>
    </p>
   </div>
   <div class='ocr_carea' id='block_1_107' title="bbox 2248 4484 3789 4566">
    <p class='ocr_par' dir='ltr' id='par_1_107' title="bbox 2248 4484 3789 4566">
     <span class='ocr_line' id='line_1_107' title="bbox 2248 4484 3789 4566; baseline 0.006 -16"><span class='ocrx_word' id='word_1_693' title='bbox 2248 4495 2450 4566; x_wconf 88' lang='lat' dir='ltr'><strong>rumpit</strong></span> <span class='ocrx_word' id='word_1_694' title='bbox 2503 4496 2557 4551; x_wconf 92' lang='lat' dir='ltr'><strong>in</strong></span> <span class='ocrx_word' id='word_1_695' title='bbox 2601 4496 2773 4552; x_wconf 90' lang='lat' dir='ltr'><strong>laude.</strong></span> <span class='ocrx_word' id='word_1_696' title='bbox 2810 4497 2879 4553; x_wconf 79' lang='lat' dir='ltr'><strong>ui</strong></span> <span class='ocrx_word' id='word_1_697' title='bbox 2923 4506 2977 4552; x_wconf 90' lang='lat' dir='ltr'><strong>tu</strong></span> <span class='ocrx_word' id='word_1_698' title='bbox 3026 4498 3167 4555; x_wconf 84' lang='lat' dir='ltr'><strong>Deus</strong></span> <span class='ocrx_word' id='word_1_699' title='bbox 3220 4499 3381 4557; x_wconf 89' lang='lat' dir='ltr'><strong>Pater</strong></span> <span class='ocrx_word' id='word_1_700' title='bbox 3427 4497 3680 4557; x_wconf 79' lang='lat' dir='ltr'><strong>omnium.</strong></span> <span class='ocrx_word' id='word_1_701' title='bbox 3718 4484 3789 4559; x_wconf 73' lang='lat' dir='ltr'><strong>qui</strong></span> 
     </span>
    </p>
   </div>
   <div class='ocr_carea' id='block_1_108' title="bbox 2243 4581 3792 4664">
    <p class='ocr_par' dir='ltr' id='par_1_108' title="bbox 2243 4581 3792 4664">
     <span class='ocr_line' id='line_1_108' title="bbox 2243 4581 3792 4664; baseline 0.003 -20"><span class='ocrx_word' id='word_1_702' title='bbox 2243 4588 2400 4645; x_wconf 91' lang='lat' dir='ltr'><strong>nobis</strong></span> <span class='ocrx_word' id='word_1_703' title='bbox 2453 4590 2668 4644; x_wconf 88' lang='lat' dir='ltr'><strong>veniam</strong></span> <span class='ocrx_word' id='word_1_704' title='bbox 2729 4591 2932 4646; x_wconf 90' lang='lat' dir='ltr'><strong>tribuas</strong></span> <span class='ocrx_word' id='word_1_705' title='bbox 2980 4591 3046 4647; x_wconf 90' lang='lat' dir='ltr'><strong>de</strong></span> <span class='ocrx_word' id='word_1_706' title='bbox 3103 4597 3355 4663; x_wconf 87' lang='lat' dir='ltr'><strong>peccatis,</strong></span> <span class='ocrx_word' id='word_1_707' title='bbox 3402 4600 3704 4664; x_wconf 61' lang='lat' dir='ltr'><strong>quassumus.</strong></span> <span class='ocrx_word' id='word_1_708' title='bbox 3736 4581 3792 4634; x_wconf 68' lang='grc' dir='ltr'><strong>είι</strong></span> 
     </span>
    </p>
   </div>
   <div class='ocr_carea' id='block_1_109' title="bbox 2242 4668 3787 4753">
    <p class='ocr_par' dir='ltr' id='par_1_109' title="bbox 2242 4668 3787 4753">
     <span class='ocr_line' id='line_1_109' title="bbox 2242 4668 3787 4753; baseline -0.005 -17"><span class='ocrx_word' id='word_1_709' title='bbox 2242 4679 2564 4736; x_wconf 88' lang='lat' dir='ltr'><strong>oblivionem</strong></span> <span class='ocrx_word' id='word_1_710' title='bbox 2632 4683 3024 4751; x_wconf 74' lang='lat' dir='ltr'><strong>prmteritorum</strong></span> <span class='ocrx_word' id='word_1_711' title='bbox 3087 4684 3412 4752; x_wconf 89' lang='lat' dir='ltr'><strong>facinorum,</strong></span> <span class='ocrx_word' id='word_1_712' title='bbox 3487 4682 3572 4753; x_wconf 88' lang='lat' dir='ltr'><strong>qui</strong></span> <span class='ocrx_word' id='word_1_713' title='bbox 3628 4668 3787 4732; x_wconf 76' lang='lat' dir='ltr'><strong>dedisti</strong></span> 
     </span>
    </p>
   </div>
   <div class='ocr_carea' id='block_1_110' title="bbox 2243 4771 3786 4848">
    <p class='ocr_par' dir='ltr' id='par_1_110' title="bbox 2243 4771 3786 4848">
     <span class='ocr_line' id='line_1_110' title="bbox 2243 4771 3786 4848; baseline -0.007 -17"><span class='ocrx_word' id='word_1_714' title='bbox 2243 4774 2571 4845; x_wconf 89' lang='lat' dir='ltr'><strong>martyribus</strong></span> <span class='ocrx_word' id='word_1_715' title='bbox 2600 4785 2720 4845; x_wconf 91' lang='lat' dir='ltr'><strong>post</strong></span> <span class='ocrx_word' id='word_1_716' title='bbox 2745 4776 3077 4848; x_wconf 88' lang='lat' dir='ltr'><strong>triumphum</strong></span> <span class='ocrx_word' id='word_1_717' title='bbox 3116 4794 3393 4836; x_wconf 89' lang='lat' dir='ltr'><strong>coronam.</strong></span> <span class='ocrx_word' id='word_1_718' title='bbox 3421 4779 3521 4835; x_wconf 90' lang='lat' dir='ltr'><strong>Per</strong></span> <span class='ocrx_word' id='word_1_719' title='bbox 3548 4771 3786 4830; x_wconf 86' lang='lat' dir='ltr'><strong>Dominum</strong></span> 
     </span>
    </p>
   </div>
   <div class='ocr_carea' id='block_1_111' title="bbox 2244 4867 2810 4939">
    <p class='ocr_par' dir='ltr' id='par_1_111' title="bbox 2244 4867 2810 4939">
     <span class='ocr_line' id='line_1_111' title="bbox 2244 4867 2810 4939; baseline 0 -15"><span class='ocrx_word' id='word_1_720' title='bbox 2244 4877 2511 4924; x_wconf 90' lang='lat' dir='ltr'><strong>nostrum.</strong></span> <span class='ocrx_word' id='word_1_721' title='bbox 2536 4867 2637 4937; x_wconf 84' lang='lat' dir='ltr'><strong>Qui</strong></span> <span class='ocrx_word' id='word_1_722' title='bbox 2668 4869 2810 4939; x_wconf 92' lang='lat' dir='ltr'><strong>prid.</strong></span> 
     </span>
    </p>
   </div>
   <div class='ocr_carea' id='block_1_112' title="bbox 2867 4962 3219 5015">
    <p class='ocr_par' dir='ltr' id='par_1_112' title="bbox 2867 4962 3219 5015">
     <span class='ocr_line' id='line_1_112' title="bbox 2867 4962 3219 5015; baseline 0.003 -3"><span class='ocrx_word' id='word_1_723' title='bbox 2867 4962 2988 5013; x_wconf 90' lang='lat' dir='ltr'><strong>Post</strong></span> <span class='ocrx_word' id='word_1_724' title='bbox 3008 4971 3219 5015; x_wconf 83' lang='lat' dir='ltr'><strong>secreta.</strong></span> 
     </span>
    </p>
   </div>
   <div class='ocr_carea' id='block_1_113' title="bbox 2316 5065 3780 5140">
    <p class='ocr_par' dir='ltr' id='par_1_113' title="bbox 2316 5065 3780 5140">
     <span class='ocr_line' id='line_1_113' title="bbox 2316 5065 3780 5140; baseline -0.007 -20"><span class='ocrx_word' id='word_1_725' title='bbox 2316 5065 2441 5121; x_wconf 71' lang='lat' dir='ltr'><strong>Haec</strong></span> <span class='ocrx_word' id='word_1_726' title='bbox 2491 5066 2740 5136; x_wconf 88' lang='lat' dir='ltr'><strong>facimus,</strong></span> <span class='ocrx_word' id='word_1_727' title='bbox 2788 5068 3014 5124; x_wconf 91' lang='lat' dir='ltr'><strong>Domine</strong></span> <span class='ocrx_word' id='word_1_728' title='bbox 3038 5109 3053 5135; x_wconf 88' lang='lat'><strong>,</strong></span> <span class='ocrx_word' id='word_1_729' title='bbox 3088 5070 3390 5140; x_wconf 89' lang='lat' dir='ltr'><strong>passionem</strong></span> <span class='ocrx_word' id='word_1_730' title='bbox 3418 5079 3551 5125; x_wconf 86' lang='lat' dir='ltr'><strong>tuam</strong></span> <span class='ocrx_word' id='word_1_731' title='bbox 3587 5066 3780 5118; x_wconf 77' lang='lat' dir='ltr'><strong>comme-</strong></span> 
     </span>
    </p>
   </div>
   <div class='ocr_carea' id='block_1_114' title="bbox 2243 5156 3775 5231">
    <p class='ocr_par' dir='ltr' id='par_1_114' title="bbox 2243 5156 3775 5231">
     <span class='ocr_line' id='line_1_114' title="bbox 2243 5156 3775 5231; baseline -0.007 -18"><span class='ocrx_word' id='word_1_732' title='bbox 2243 5167 2547 5225; x_wconf 88' lang='lat' dir='ltr'><strong>morantes;</strong></span> <span class='ocrx_word' id='word_1_733' title='bbox 2579 5160 2695 5215; x_wconf 67' lang='grc' dir='ltr'><strong>ιιωο</strong></span> <span class='ocrx_word' id='word_1_734' title='bbox 2726 5160 2969 5231; x_wconf 90' lang='lat' dir='ltr'><strong>facimus,</strong></span> <span class='ocrx_word' id='word_1_735' title='bbox 2999 5160 3162 5219; x_wconf 88' lang='lat' dir='ltr'><strong>Pater</strong></span> <span class='ocrx_word' id='word_1_736' title='bbox 3187 5164 3314 5220; x_wconf 83' lang='lat' dir='ltr'><strong>Jesu</strong></span> <span class='ocrx_word' id='word_1_737' title='bbox 3334 5164 3537 5220; x_wconf 83' lang='lat' dir='ltr'><strong>Christe</strong></span> <span class='ocrx_word' id='word_1_738' title='bbox 3557 5199 3571 5224; x_wconf 90' lang='lat'><strong>,</strong></span> <span class='ocrx_word' id='word_1_739' title='bbox 3598 5156 3675 5223; x_wconf 88' lang='lat' dir='ltr'><strong>qui</strong></span> <span class='ocrx_word' id='word_1_740' title='bbox 3697 5162 3775 5203; x_wconf 41' lang='lat' dir='ltr'><strong>nos</strong></span> 
     </span>
    </p>
   </div>
   <div class='ocr_carea' id='block_1_115' title="bbox 2241 5245 3777 5323">
    <p class='ocr_par' dir='ltr' id='par_1_115' title="bbox 2241 5245 3777 5323">
     <span class='ocr_line' id='line_1_115' title="bbox 2241 5245 3777 5323; baseline -0.005 -16"><span class='ocrx_word' id='word_1_741' title='bbox 2241 5251 2324 5307; x_wconf 90' lang='lat' dir='ltr'><strong>bis</strong></span> <span class='ocrx_word' id='word_1_742' title='bbox 2371 5253 2439 5308; x_wconf 93' lang='lat' dir='ltr'><strong>de</strong></span> <span class='ocrx_word' id='word_1_743' title='bbox 2489 5253 2606 5323; x_wconf 90' lang='lat' dir='ltr'><strong>lege</strong></span> <span class='ocrx_word' id='word_1_744' title='bbox 2651 5253 2824 5309; x_wconf 88' lang='lat' dir='ltr'><strong>veteri</strong></span> <span class='ocrx_word' id='word_1_745' title='bbox 2869 5270 3061 5310; x_wconf 91' lang='lat' dir='ltr'><strong>novam</strong></span> <span class='ocrx_word' id='word_1_746' title='bbox 3118 5257 3404 5313; x_wconf 85' lang='lat' dir='ltr'><strong>tradidisti.</strong></span> <span class='ocrx_word' id='word_1_747' title='bbox 3457 5245 3677 5308; x_wconf 83' lang='lat' dir='ltr'><strong>Concede</strong></span> <span class='ocrx_word' id='word_1_748' title='bbox 3696 5250 3777 5294; x_wconf 82' lang='grc' dir='ltr'><strong>ηο·</strong></span> 
     </span>
    </p>
   </div>
   <div class='ocr_carea' id='block_1_116' title="bbox 2241 5333 3772 5418">
    <p class='ocr_par' dir='ltr' id='par_1_116' title="bbox 2241 5333 3772 5418">
     <span class='ocr_line' id='line_1_116' title="bbox 2241 5333 3772 5418; baseline 0 -20"><span class='ocrx_word' id='word_1_749' title='bbox 2241 5343 2346 5408; x_wconf 86' lang='lat' dir='ltr'><strong>bis,</strong></span> <span class='ocrx_word' id='word_1_750' title='bbox 2378 5344 2741 5401; x_wconf 87' lang='lat' dir='ltr'><strong>intercedente</strong></span> <span class='ocrx_word' id='word_1_751' title='bbox 2774 5346 2937 5418; x_wconf 75' lang='grc'><strong>285</strong></span> <span class='ocrx_word' id='word_1_752' title='bbox 2968 5347 3123 5402; x_wconf 86' lang='lat' dir='ltr'><strong>beato</strong></span> <span class='ocrx_word' id='word_1_753' title='bbox 3162 5348 3398 5403; x_wconf 90' lang='lat' dir='ltr'><strong>antistite</strong></span> <span class='ocrx_word' id='word_1_754' title='bbox 3432 5354 3518 5399; x_wconf 86' lang='lat' dir='ltr'><strong>tuo</strong></span> <span class='ocrx_word' id='word_1_755' title='bbox 3544 5333 3772 5398; x_wconf 67' lang='lat' dir='ltr'><strong>Leudeﬁ&quot;</strong></span> 
     </span>
    </p>
   </div>
   <div class='ocr_carea' id='block_1_117' title="bbox 2240 5427 3765 5507">
    <p class='ocr_par' dir='ltr' id='par_1_117' title="bbox 2240 5427 3765 5507">
     <span class='ocr_line' id='line_1_117' title="bbox 2240 5427 3765 5507; baseline -0.005 -17"><span class='ocrx_word' id='word_1_756' title='bbox 2240 5432 2324 5490; x_wconf 88' lang='lat' dir='ltr'><strong>rio</strong></span> <span class='ocrx_word' id='word_1_757' title='bbox 2351 5445 2604 5507; x_wconf 86' lang='lat' dir='ltr'><strong>martyre,</strong></span> <span class='ocrx_word' id='word_1_758' title='bbox 2638 5436 2791 5507; x_wconf 91' lang='lat' dir='ltr'><strong>cujus</strong></span> <span class='ocrx_word' id='word_1_759' title='bbox 2823 5437 2981 5493; x_wconf 87' lang='lat' dir='ltr'><strong>hodie</strong></span> <span class='ocrx_word' id='word_1_760' title='bbox 3011 5454 3242 5494; x_wconf 88' lang='lat' dir='ltr'><strong>annuam</strong></span> <span class='ocrx_word' id='word_1_761' title='bbox 3266 5427 3765 5495; x_wconf 75' lang='lat' dir='ltr'><strong>commemorationem</strong></span> 
     </span>
    </p>
   </div>
   <div class='ocr_carea' id='block_1_118' title="bbox 2242 5520 3765 5594">
    <p class='ocr_par' dir='ltr' id='par_1_118' title="bbox 2242 5520 3765 5594">
     <span class='ocr_line' id='line_1_118' title="bbox 2242 5520 3765 5594; baseline 0 -12"><span class='ocrx_word' id='word_1_762' title='bbox 2242 5526 2599 5594; x_wconf 87' lang='lat' dir='ltr'><strong>celebramus,</strong></span> <span class='ocrx_word' id='word_1_763' title='bbox 2652 5538 2711 5584; x_wconf 83' lang='lat' dir='ltr'><strong>ut</strong></span> <span class='ocrx_word' id='word_1_764' title='bbox 2759 5529 3052 5586; x_wconf 83' lang='lat' dir='ltr'><strong>descendat</strong></span> <span class='ocrx_word' id='word_1_765' title='bbox 3096 5530 3185 5587; x_wconf 85' lang='lat' dir='ltr'><strong>hic</strong></span> <span class='ocrx_word' id='word_1_766' title='bbox 3213 5529 3507 5589; x_wconf 86' lang='lat' dir='ltr'><strong>benedictio</strong></span> <span class='ocrx_word' id='word_1_767' title='bbox 3532 5535 3611 5580; x_wconf 90' lang='lat' dir='ltr'><strong>tua</strong></span> <span class='ocrx_word' id='word_1_768' title='bbox 3635 5520 3765 5582; x_wconf 57' lang='lat' dir='ltr'><strong>sulm</strong></span> 
     </span>
    </p>
   </div>
   <div class='ocr_carea' id='block_1_119' title="bbox 2314 5659 3161 5731">
    <p class='ocr_par' dir='ltr' id='par_1_119' title="bbox 2314 5659 3161 5731">
     <span class='ocr_line' id='line_1_119' title="bbox 2314 5659 3161 5731; baseline 0.006 -18"><span class='ocrx_word' id='word_1_769' title='bbox 2314 5659 2341 5698; x_wconf 72' lang='grc' dir='ltr'>δ</span> <span class='ocrx_word' id='word_1_770' title='bbox 2374 5662 2453 5714; x_wconf 86' lang='lat' dir='ltr'><strong>An</strong></span> <span class='ocrx_word' id='word_1_771' title='bbox 2484 5660 2769 5731; x_wconf 82' lang='lat' dir='ltr'><strong>legendum</strong></span> <span class='ocrx_word' id='word_1_772' title='bbox 2804 5661 3161 5731; x_wconf 80' lang='lat' dir='ltr'><strong>Principium?</strong></span> 
     </span>
    </p>
   </div>
   <div class='ocr_carea' id='block_1_120' title="bbox 2240 5722 3757 5860">
    <p class='ocr_par' dir='ltr' id='par_1_120' title="bbox 2240 5722 3757 5860">
     <span class='ocr_line' id='line_1_120' title="bbox 2240 5722 3757 5860; baseline -0.007 -70"><span class='ocrx_word' id='word_1_773' title='bbox 2240 5731 2486 5860; x_wconf 55' lang='lat' dir='ltr'><strong>abgolSifo</strong></span> <span class='ocrx_word' id='word_1_774' title='bbox 2510 5722 2795 5791; x_wconf 65' lang='lat' dir='ltr'><strong>accusandi</strong></span> <span class='ocrx_word' id='word_1_775' title='bbox 2845 5722 3003 5792; x_wconf 79' lang='lat' dir='ltr'><strong>casus</strong></span> <span class='ocrx_word' id='word_1_776' title='bbox 3054 5737 3325 5806; x_wconf 88' lang='lat' dir='ltr'><strong>ponebant</strong></span> <span class='ocrx_word' id='word_1_777' title='bbox 3352 5749 3445 5810; x_wconf 89' lang='lat' dir='ltr'><strong>pro</strong></span> <span class='ocrx_word' id='word_1_778' title='bbox 3485 5734 3625 5789; x_wconf 86' lang='lat' dir='ltr'><strong>sexto</strong></span> <span class='ocrx_word' id='word_1_779' title='bbox 3661 5722 3757 5773; x_wconf 69' lang='lat' dir='ltr'><strong>cM</strong></span> 
     </span>
     <span class='ocr_line' id='line_1_121' title="bbox 2396 5819 2504 5860; baseline -0.009 0"><span class='ocrx_word' id='word_1_780' title='bbox 2396 5819 2425 5860; x_wconf 93' lang='lat' dir='ltr'><strong>u</strong></span> <span class='ocrx_word' id='word_1_781' title='bbox 2489 5843 2504 5859; x_wconf 94' lang='lat'><strong>.</strong></span> 
     </span>
    </p>
   </div>
   <div class='ocr_carea' id='block_1_121' title="bbox 2396 5819 2504 5860">
    <p class='ocr_par' dir='ltr' id='par_1_121' title="bbox 2396 5819 2504 5860">
     <span class='ocr_line' id='line_1_122' title="bbox 2396 5819 2504 5860; baseline -0.009 0"><span class='ocrx_word' id='word_1_782' title='bbox 2396 5819 2425 5860; x_wconf 83' lang='grc' dir='ltr'>υ</span> <span class='ocrx_word' id='word_1_783' title='bbox 2434 5819 2504 5860; x_wconf 85' lang='grc' dir='ltr'><strong>ιο.</strong></span> 
     </span>
    </p>
   </div>
  </div>
