4048 6350
259 371 361 430 505

267 499 412 547 hunc
448 498 641 557 panem
668 488 724 540 et
758 480 979 538 calicem
1011 478 1065 534 in
1113 472 1583 532 transformatione
1624 467 1853 538 Spiritus
1880 468 1932 530 Α

267 582 350 638 tui
380 580 589 644 sancti,
624 576 700 632 uti
734 575 848 630 haec
877 569 1248 628 benedicendo
1295 564 1600 628 benedicas,
1625 558 1861 616 sanctiﬁ-

266 674 442 731 cando
470 671 808 735 sanctiﬁces;
857 673 918 721 ut
947 665 1271 735 quicumque
1320 675 1388 715 ex
1438 667 1663 726 utraque
1699 654 1862 708 bene-

266 768 505 824 dictione
534 763 945 833 sumpserimus,
972 756 1287 815 aeternitatis
1328 752 1602 825 praemium
1627 756 1683 804 et
1700 748 1861 802 vitam

267 860 532 932 consequi
558 871 865 914 mereamur
892 863 1172 909 aeternam.
1203 850 1323 905 Per.

612 947 793 1004 LXVI.
836 959 984 1001 MISSA
1024 956 1181 997 UNIUS
1218 951 1500 996 narrans.

348 1041 530 1099 Sancti
578 1040 825 1109 Martyris
877 1037 953 1091 tui
992 1034 1071 1089 ill.
1122 1043 1448 1104 quaesumus,
1476 1026 1699 1082 Domine
1723 1068 1738 1095 ,
1768 1038 1866 1081 nos

275 1134 457 1192 oratio
495 1142 678 1188 sancta
718 1130 998 1195 conciliet,
1039 1141 1159 1196 quae
1184 1124 1354 1179 sacris
1396 1118 1684 1175 virtutibus
1704 1130 1869 1173 vene-

270 1228 448 1285 randa
474 1225 724 1295 refulget.
746 1222 873 1278 Per.

826 1311 1059 1363 Collectio
1079 1310 1319 1371 sequitur.

351 1403 547 1458 Beatus
598 1398 673 1453 ill.
712 1397 936 1467 Martyr,
983 1394 1332 1465 qumsumus‘,
1366 1388 1595 1446 Domine
1618 1427 1635 1454 ,
1668 1385 1751 1457 pia
1773 1398 1874 1441 nos

273 1491 667 1552 intercessione
688 1486 1059 1551 commendet;
1091 1494 1145 1540 et
1174 1484 1267 1539 tibi
1308 1481 1507 1552 placito
1534 1479 1650 1534 fulti
1682 1476 1876 1533 suﬁ‘ra-
1916 1482 1919 1485 '

279 1588 401 1658 gio,
429 1599 586 1656 quam
612 1598 719 1637 non
747 1595 1020 1636 meremur
1048 1576 1435 1647 indulgentiam
1455 1586 1872 1643 consequamur.

285 1680 394 1735 Per
417 1676 693 1733 Dominum
716 1683 982 1730 nostrum.

780 1768 1009 1819 Collectio
1032 1773 1139 1829 post
1160 1764 1375 1816 nomina.

1269 356 1357 413 DE
1396 352 1721 411 LITURGIA
1753 347 2142 405 GALLICANA
2186 344 2394 404 LIBER
2432 344 2524 402 Ill.

3444 339 3551 398 506

2523 460 2791 512 lmmolatio
2806 459 2987 511 missae.

2036 548 2263 619 Dignum
2323 554 2377 602 et
2425 547 2627 616 justum
2686 553 2787 602 e‘st.
2818 546 2957 601 Vere
3004 542 3224 616 dignum
3269 540 3553 611 etjustum

1964 650 2085 708 est,
2139 642 2478 712 omnipotens
2507 651 2560 696 et
2593 640 2896 696 misericors
2926 639 3099 703 Deus,
3147 644 3201 692 te
3240 650 3454 705 semper
3500 636 3558 692 in

1966 737 2126 793 laude
2154 747 2449 808 martyrum
2480 736 2781 801 honorare,
2813 743 2867 790 et
2894 735 2946 789 in
2979 732 3232 803 prtesenti
3263 733 3561 789 festivitate

1964 831 2135 888 sancti
2182 832 2425 904 Martyris
2456 831 2531 886 tui
2562 839 2615 885 te
2642 831 2944 886 confitentis
2989 831 3188 899 gratias
3231 844 3410 900 agere.
3460 830 3566 885 Cui
3646 822 3651 826 ’

1965 925 2157 981 dedisti
2187 925 2420 980 cmlestis
2453 924 2683 994 palmam
2717 922 2970 991 triumphi
2997 940 3010 988 ;
3038 923 3193 977 nobis
3224 936 3456 992 quoque,
3488 937 3559 978 eo

1966 1017 2310 1090 suffragante,
2335 1016 2768 1072 emundationem
2818 1029 2882 1069 ac
2908 1013 3121 1069 veniant
3166 1012 3404 1068 concede
3433 1027 3565 1083 pec-

1968 1112 2108 1175 cati,
2141 1111 2273 1164 utin
2328 1119 2380 1164 te
2407 1109 2568 1165 etiam
2614 1109 2914 1164 exultemus
2968 1107 3021 1161 in
3077 1106 3475 1172 misericordia,
3506 1106 3565 1161 in

1969 1202 2201 1283 quo,ille
2225 1201 2438 1256 laetatur
2468 1202 2523 1256 in
2554 1200 2741 1272 gloria.
2776 1200 2894 1256 Per.

2214 1313 2442 1370 LXVIII.
2487 1330 2612 1368 ITEM
2653 1327 2801 1368 MISSA
2837 1327 2995 1369 ustus
3034 1327 3318 1368 MARTYRIS.
3456 1323 3541 1363 r"

2045 1409 2153 1472 Da,
2179 1421 2508 1477 quaesumus,
2540 1405 2790 1470 Domine,
2816 1414 2874 1459 ut
2902 1405 3073 1459 sancti
3100 1406 3348 1476 Martyris
3378 1406 3455 1466 tul
3488 1407 3571 1463 ill.

1975 1516 2151 1557 annua
2176 1499 2543 1556 sollemnitate
2574 1499 2835 1565 laatemur,
2879 1506 2934 1553 et
2965 1505 3125 1552 tantm
3155 1497 3279 1557 ﬁdei
3322 1502 3572 1569 proﬁcia-

1978 1612 2098 1652 mus
2126 1595 2397 1666 exemplo.
2428 1594 2550 1649 Per.
3489 1615 3557 1643 μιν

2524 1687 2762 1738 Collectio
2788 1688 3027 1751 sequitur.

2054 1770 2292 1835 Exaudi,
2328 1771 2574 1836 Domine,
2608 1786 2796 1841 preces
2840 1782 3091 1839 nostras,
3143 1786 3474 1842 quaesumus,
3516 1779 3576 1831 et

356 1855 583 1922 Adesto,
613 1852 861 1934 Domine,
888 1849 1367 1920 supplicationibus
1380 1844 1579 1902 nostris
1602 1862 1616 1911 ;
1644 1852 1697 1900 et
1716 1844 1883 1900 inter-

2010 1866 2378 1919 ntcrveniente
2427 1873 2615 1919 sancto
2646 1865 2879 1934 Martyre
2923 1873 3016 1919 tuo
3040 1865 3119 1919 ill.
3150 1880 3243 1920 eas
3266 1874 3391 1923 ante
3416 1880 3579 1923 cons-

277 1948 528 2003 cessione
555 1932 1127 2013 Matissimeartyt-is
1158 1941 1233 1995 tui
1264 1940 1341 1994 ill.
1374 1946 1686 2009 perpetuam
1714 1936 1872 1991 nobis

281 2038 709 2094 misericordiam
737 2036 999 2107 benignus
1030 2032 1305 2100 impende,
1335 2040 1390 2086 et
1434 2044 1661 2084 munera
1687 2025 1881 2098 super-

281 2131 537 2201 imposita
575 2129 856 2198 dignanter
894 2127 1144 2189 adsume;
1185 2132 1239 2178 ut
1270 2121 1536 2177 defunctis
1561 2120 1627 2176 ad
1660 2119 1882 2189 refrige-

285 2224 428 2282 rium
449 2265 466 2291 ,
495 2221 796 2278 viventibus
821 2220 1061 2290 proﬁciat
1084 2218 1150 2273 ad
1174 2218 1424 2273 salutem.
1454 2217 1576 2272 Per.

352 2338 383 2370 ο
814 2312 1051 2363 Collectio
1077 2312 1135 2359 ad
1158 2323 1347 2373 pacem.

366 2401 509 2457 Deus
538 2399 683 2472 pacis
710 2399 979 2465 conditor,
1031 2397 1172 2452 Deus
1217 2395 1458 2450 caritatis
1504 2392 1761 2457 indultor,
1816 2391 1882 2445 da

286 2494 446 2549 nobis
480 2493 719 2560 placidus
748 2506 934 2561 pacem
965 2499 1108 2544 tuam
1129 2533 1142 2553 ,
1174 2497 1230 2544 et
1256 2496 1448 2557 praesta
1473 2495 1531 2540 ut
1558 2486 1683 2540 dum
1714 2483 1887 2539 sancti

288 2584 539 2655 Martyris
568 2584 643 2639 tui
674 2584 748 2638 ill.
785 2582 1090 2651 passionem
1122 2576 1455 2635 celebramus
1488 2620 1505 2645 ,
1542 2592 1638 2646 per
1666 2576 1784 2646 ejus
1806 2576 1888 2629 in-

289 2678 687 2733 tercessionem
712 2675 859 2745 pacis
889 2673 1236 2728 securitatem
1266 2686 1390 2725 cum
1422 2677 1765 2739 peccatorum
1794 2681 1889 2723 ve-

290 2771 384 2829 nia
410 2769 669 2840 consequi
697 2783 1023 2825 mereamur.
1055 2767 1177 2822 Per.

868 2858 1135 2910 immolatio
1159 2859 1334 2909 missa}.

364 2945 592 3017 Dignum
644 2952 699 2999 et
749 2943 954 3014 justum
1004 2951 1107 2997 est.
1139 2942 1277 2997 Vere
1333 2940 1553 3010 dignum
1595 2947 1652 2995 et
1682 2939 1887 3010 justum

290 3037 411 3107 esti,
455 3050 554 3092 nos
596 3035 691 3091 tibi
735 3049 897 3105 agere
942 3034 1181 3102 gratias,
1224 3032 1447 3085 Domine
1489 3039 1702 3097 sancte,
1735 3030 1893 3085 Pater

292 3130 633 3201 omnipotens
659 3172 673 3196 ,
704 3138 904 3184 :eterne
937 3127 1077 3181 Dens
1096 3163 1111 3180 .
1142 3126 1258 3180 Tibi
1282 3126 1424 3179 enim
1451 3124 1585 3180 festa
1612 3124 1893 3180 sollemni-

1982 1967 2193 2024 pectum
2223 1959 2516 2029 Majestatis
2545 1968 2650 2014 tua:
2682 1959 2919 2028 placatus
2946 1959 3189 2016 admitte.
3219 1960 3343 2016 Per.

2537 2050 2774 2101 Collectio
2794 2054 3040 2111 sequitur.
3314 2108 3317 2109 ν
3580 2082 3583 2087 ν

2053 2137 2322 2206 lnpetret,
2357 2136 2602 2200 Domine,
2633 2150 2967 2203 quaesumus,
3017 2135 3268 2192 ﬁdelibus
3296 2136 3400 2192 tuis
3427 2139 3583 2196 auxi-

1984 2227 2114 2283 lium
2146 2228 2318 2285 oratio
2342 2227 2485 2296 justa
2516 2228 2686 2281 sancti
2716 2227 2975 2297 Martyris,
3009 2226 3087 2282 ill.
3130 2237 3187 2281 ut
3227 2228 3281 2282 in
3309 2227 3461 2299 cujus
3490 2244 3583 2288 su-

1985 2334 2107 2375 mus
2136 2319 2449 2374 celebritate
2474 2318 2688 2383 devoti,
2717 2320 2885 2374 simus
2916 2320 3034 2389 ejus
3063 2329 3208 2375 sorte
3241 2321 3531 2392 participes
3562 2338 3581 2378 :

1988 2412 2267 2483 proﬁciant
2304 2412 2418 2465 haec
2450 2426 2569 2480 quin
2609 2410 2909 2475 offerimus,
2958 2425 3057 2481 pro
3085 2410 3458 2468 incolumitate
3500 2411 3583 2468 vi-

1990 2504 2260 2569 ventium,
2294 2510 2351 2558 et
2376 2516 2472 2572 pro
2503 2502 2689 2570 requie
2720 2501 3115 2556 defunctorum.
3145 2500 3265 2555 Per.

2519 2592 2755 2643 Collectio
2779 2593 2839 2642 ad
2867 2605 3055 2653 pacem.

2062 2678 2310 2750 Suscipe,
2364 2677 2627 2742 Domine,
2683 2676 2945 2746 propitius
2992 2676 3291 2732 orationem
3343 2685 3588 2736 nostram

1991 2784 2111 2825 cum
2139 2768 2502 2823 oblationibus
2533 2767 2826 2821 hostiarum
2855 2768 3318 2836 superimpositis;
3363 2779 3416 2823 et
3441 2769 3587 2825 Mar-

1993 2861 2125 2931 tyris
2154 2860 2227 2913 tui
2252 2861 2328 2913 ill.
2356 2858 2736 2927 deprecatione
2758 2860 2940 2927 pietati
2971 2870 3073 2913 tuae
3102 2860 3302 2928 perﬁce
3322 2860 3589 2933 benignus

1993 2961 2278 3024 acceptas;
2302 2961 2358 3007 et
2384 2953 2529 3007 illam
2556 2968 2678 3021 qua:
2708 2952 2761 3006 in
2790 2966 2857 3007 eo
2888 2951 3132 3023 flagravit
3159 2952 3310 3008 fortis
3340 2952 3587 3022 dilectio,

2002 3046 2057 3101 in
2082 3045 2241 3099 nobis
2271 3044 2483 3113 adspira
2512 3043 2797 3113 benignus.
2831 3044 2953 3099 Per.

2560 3133 2831 3183 Immolatio
2854 3136 3030 3185 missae.

294 3233 377 3279 tas
400 3222 595 3293 agitur,
624 3220 717 3276 tibi
747 3221 860 3275 dies
889 3227 1099 3273 sacrata
1127 3218 1428 3272 celebratur
1455 3235 1467 3270 :
1498 3232 1657 3286 quam
1689 3217 1891 3273 beatis-
1918 3231 1966 3296 ο
2070 3218 2211 3274 Vere
2238 3218 2454 3287 dignum
2506 3224 2561 3270 et
2600 3215 2803 3285 justum
2844 3228 2925 3272 est
2946 3261 2960 3285 ,
3008 3220 3348 3289 omnipotens
3394 3228 3594 3280 eterna

295 3315 422 3371 simi
452 3313 700 3385 Martyris
732 3312 808 3367 tui
849 3312 928 3367 ill.
964 3313 1183 3384 sanguis
1207 3312 1259 3364 in
1285 3310 1526 3364 veritatis
1555 3319 1660 3363 tute
1701 3309 1887 3365 testiﬁ-

296 3406 508 3463 catione
586 3404 873 3476 profusus,
945 3403 1229 3474 magniﬁco
1282 3402 1514 3456 nominis
1561 3402 1636 3455 tui
1688 3402 1891 3457 honore

297 3496 561 3569 signavit,
605 3511 701 3566 per
751 3494 1023 3550 Christum
1090 3493 1373 3548 Dominum
1454 3502 1719 3550 nostrum.
1791 3492 1893 3549 Per

299 3602 480 3659 quem.
1308 3574 1313 3577 ’

550 3677 762 3735 LXVII.
803 3693 929 3734 111m
972 3691 1124 3733 mssa
1163 3693 1315 3734 UNIUS
1352 3692 1637 3732 manus.

374 3773 561 3832 Sancti
591 3772 841 3844 Martyris
868 3773 943 3827 tui
971 3814 986 3838 ,
1010 3771 1254 3837 Domine,
1285 3787 1405 3836 nos,
1452 3782 1781 3839 quesumus,
1813 3769 1898 3822 in-

316 3866 586 3924 terventio
614 3866 845 3935 gloriosa
872 3863 1241 3930 commendet,
1270 3871 1330 3916 ut
1356 3861 1499 3931 quod
1532 3859 1734 3915 nostris
1766 3859 1899 3914 acti-

306 3958 414 4015 bus
434 3971 541 4013 non
573 3956 840 4021 valemus,
869 3955 987 4025 ejus
1032 3954 1282 4023 precibus
1309 3966 1727 4021 consequamur.
1772 3950 1895 4004 Per.

848 4070 1087 4123 Collectio
1125 4070 1367 4132 sequitur.

383 4179 531 4234 Tuus
559 4185 781 4232 sanctus
808 4174 1011 4245 Martyr
1043 4173 1121 4227 ill.
1153 4186 1276 4239 nos,
1300 4181 1629 4241 quaesumus,
1655 4167 1899 4233 Domine,

308 4270 512 4340 ubique
560 4268 834 4324 laetiﬁcet:
864 4275 922 4320 ut
948 4266 1064 4336 ejus
1114 4264 1241 4319 dum
1295 4261 1486 4317 merita
1542 4261 1598 4314 in
1650 4258 1905 4328 praesenti

308 4363 595 4421 festivitate
644 4361 954 4427 recolimus,
1004 4356 1298 4429 patrocinia
1338 4356 1392 4411 in
1421 4362 1765 4426 augmentum
1795 4352 1904 4406 vir-

311 4463 484 4513 tutum
514 4454 678 4526 286
704 4453 1020 4509 sentiamus.
1050 4451 1173 4507 Per.

811 4560 1045 4614 Collectio
1061 4566 1173 4625 post
1194 4560 1407 4611 nomina.

1999 3309 2164 3374 Deus,
2190 3318 2243 3363 te
2292 3309 2344 3362 in
2394 3307 2635 3361 omnium
2668 3317 2964 3379 martyrum
3005 3311 3294 3380 triumphis
3334 3313 3552 3370 laudare
3577 3359 3596 3384 ,

1994 3399 2246 3484 quoniam
2278 3399 2384 3453 tuis
2411 3398 2569 3452 donis
2597 3407 2757 3465 atque
2804 3399 3117 3455 muneribus
3158 3402 3302 3457 beati
3349 3404 3596 3476 Martyris

1996 3493 2155 3565 28⁵1
2191 3492 2265 3547 tui
2297 3492 2374 3548 ill.
2401 3494 2709 3562 passionem
2744 3492 3009 3548 hodierna
3042 3495 3406 3552 sollemnitate
3435 3514 3596 3555 vene-

1997 3601 2199 3640 ramur.
2249 3586 2349 3653 Qui
2381 3599 2477 3654 pro
2506 3584 2851 3640 confessione
2878 3586 3007 3641 Jesu
3033 3584 3234 3642 Christi
3263 3586 3383 3643 Filii
3416 3592 3488 3643 tui
3518 3591 3597 3646 di-

1995 3692 2151 3734 versa
2203 3678 2465 3748 supplicia
2513 3678 2803 3744 sustinuit;
2835 3686 2890 3733 et
2928 3695 2987 3733 ea
3037 3678 3353 3749 devincens,
3403 3682 3599 3740 meruit

2001 3784 2256 3826 coronam
2284 3770 2679 3840 perpetuitatis,
2714 3784 2809 3839 per
2866 3769 3139 3826 Christum
3181 3774 3464 3829 Dominum
3495 3789 3599 3830 no-

2001 3870 2193 3918 strum.
2220 3860 2317 3917 Cui
2347 3864 2540 3917 merito
2573 3876 2679 3918 om.

2281 3956 2472 4010 LXIX.
2515 3972 2668 4012 mssa
2696 3972 2765 4011 ns
2802 3970 2992 4013 PLURIS
3029 3972 3305 4012 MABTYRIS.

2074 4048 2236 4112 Deus,
2266 4049 2355 4117 qui
2389 4058 2634 4103 sanctum
2667 4049 2823 4102 nobis
2852 4048 3013 4119 hujus
3031 4049 3136 4104 diei
3180 4050 3600 4109 sollemnitatem

2004 4158 2104 4214 pro
2130 4143 2644 4199 commemoratione
2687 4140 3118 4196 beatissimorum
3148 4143 3440 4214 Martyrum
3475 4155 3595 4201 tuo-

2004 4248 2123 4289 rum
2160 4234 2239 4287 ill.
2272 4241 2328 4287 et
2372 4232 2449 4286 ill.
2483 4232 2733 4301 passione
2773 4231 2985 4298 fecisti,
3018 4232 3205 4287 adesto
3236 4233 3457 4290 familiae
3486 4246 3594 4296 tute

2007 4326 2291 4397 precibus;
2340 4333 2395 4381 et
2422 4326 2485 4379 da
2516 4335 2573 4379 ut
2602 4340 2828 4394 quorum
2863 4325 3023 4381 hodie
3054 4328 3188 4380 festa
3237 4327 3599 4399 celebramus,

2008 4433 2194 4474 eorum
2220 4418 2427 4475 meritis
2475 4427 2533 4473 et
2578 4417 3059 4473 intercessionibus
3111 4416 3446 4488 adjuvemnr.
3501 4422 3607 4482 Per

2010 4516 2313 4572 Dominum.

2570 4587 2807 4639 Collectio
2829 4588 3072 4652 sequitur.

383 4674 708 4728 Interveniat
734 4681 834 4740 pro
876 4667 1049 4733 nobis,
1082 4666 1330 4731 Domine,
1383 4663 1635 4735 petimus,
1694 4668 1911 4719 sanctus
1940 4630 1991 4692 θ
2090 4670 2281 4726 Annua
2333 4670 2531 4737 nobis,
2587 4630 2937 4741 quaesumus“,
2992 4669 3253 4739 nomine,
3302 4681 3611 4731 sanctorum

314 4773 437 4823 tuus
467 4765 665 4835 Martyr
699 4762 779 4817 ill.
806 4761 894 4831 qui
923 4760 1237 4828 sanguinem
1265 4772 1418 4813 suum
1448 4772 1548 4827 pro
1577 4765 1667 4811 tuo
1694 4755 1910 4810 nomine

316 4856 608 4929 gloriosum
632 4852 804 4919 fudit;
834 4862 889 4908 et
915 4850 1034 4921 ipso
1064 4850 1451 4905 interveniente
1475 4887 1490 4913 ,
1530 4849 1747 4903 nomina
1793 4861 1913 4916 quae

317 4948 540 5003 recitata
586 4954 711 5000 sunt
740 4951 1050 4998 nostrorum
1078 4956 1328 4997 carorum
1377 4940 1428 4994 in
1481 4938 1685 4994 cmlesti
1718 4937 1914 5008 pagina

315 5037 505 5111 iubeas
536 5037 802 5091 intimare.
836 5035 960 5093 Per.

852 5145 1083 5197 Collectio
1113 5146 1170 5197 ad
1197 5159 1381 5209 pacem.

395 5252 579 5311 Sancti
604 5251 856 5324 Martyris
885 5252 959 5307 tui
984 5293 1000 5319 ,
1027 5251 1251 5306 Domine
1273 5290 1290 5316 ,
1320 5251 1399 5306 ill.
1432 5266 1551 5320 nos,
1584 5265 1913 5323 quaesumus,

322 5347 567 5421 precatio
590 5355 779 5402 sancta
806 5356 1050 5412 tueatur;
1079 5355 1135 5401 et
1162 5346 1307 5415 quod
1358 5358 1540 5402 nostra
1591 5346 1917 5402 conscientia

327 5456 437 5497 non
460 5439 782 5509 praesumit,
814 5440 934 5507 ejus
965 5439 1140 5503 nobis,
1172 5438 1261 5506 qui
1292 5437 1389 5493 tibi
1421 5440 1653 5507 placuit,
1681 5440 1922 5493 oratione

327 5532 597 5597 donetur;
632 5538 689 5586 et
716 5532 999 5601 praesentia
1028 5544 1249 5585 munera
1282 5532 1351 5584 ita
1381 5545 1572 5585 serena
1603 5532 1803 5601 pietate
1834 5532 1919 5584 in-

328 5636 508 5692 tuere,
548 5632 608 5680 ut
631 5625 808 5680 sancti
837 5624 1066 5693 Spiritus
1096 5624 1485 5694 perfnndantur
1512 5624 1921 5691 benedictione;

331 5719 466 5777 etin
492 5718 691 5775 nostris
736 5719 991 5773 cordibus
1039 5734 1157 5774 eam
1189 5718 1531 5774 dilectionem
1565 5716 1792 5771 validam
1845 5715 1927 5769 in-

2022 4767 2312 4838 Martyrum
2345 4775 2554 4821 tuorum
2588 4766 2663 4818 ill.
2694 4774 2748 4819 et
2779 4765 2880 4831 ill.,
2924 4772 2984 4820 ut
3013 4779 3170 4836 opem
3197 4764 3355 4821 nobis
3384 4775 3487 4821 ture
3516 4768 3612 4824 de-

2022 4860 2345 4927 precationis
2376 4855 2720 4925 impendant,
2751 4864 2804 4912 et
2826 4856 2960 4911 iram
3002 4867 3144 4911 tuam
3165 4897 3180 4923 ,
3207 4871 3368 4928 quam
3402 4859 3603 4914 nostris

2022 4951 2368 5021 pravitatibus
2415 4960 2703 5013 meremur,
2759 4949 2837 5002 eis
2888 4948 3371 5005 intervenientibus
3417 4948 3614 5004 evada-

2023 5058 2163 5100 mus.
2192 5042 2312 5098 Per.

2641 5112 2760 5164 Post
2782 5125 2990 5165 nomina.

2091 5220 2307 5275 Munera
2323 5235 2442 5291 quae
2467 5219 2785 5286 deferimus,
2806 5220 3055 5286 Domine,
3079 5219 3346 5292 benignus
3360 5216 3619 5286 adsume;

2022 5321 2079 5370 et
2106 5314 2229 5382 quia
2275 5313 2340 5367 de
2391 5312 2587 5366 nostris
2640 5312 3002 5379 impediuntur
3032 5310 3270 5377 offensis,
3302 5314 3619 5367 sanctorum

2026 5416 2239 5462 tuorum
2262 5404 2554 5477 Martyrum
2583 5403 2659 5460 ill.
2688 5405 2934 5474 precibus
2962 5402 3298 5469 adjuvemur.

2561 5516 2796 5567 Collectio
2822 5515 2881 5564 ad
2904 5526 3091 5576 pacem.

2101 5624 2422 5693 Propitiare,
2475 5621 2721 5684 Domine,
2753 5617 3235 5689 supplicationibus
3278 5625 3515 5693 nostris;
3573 5639 3626 5685 et

2034 5716 2118 5771 his
2150 5716 2330 5785 populi
2381 5714 2455 5769 tui
2501 5712 2879 5779 oblationibus,
2922 5713 3316 5773 intercedentes
3364 5718 3626 5792 Martyres

318 5811 591 5889 fundant,
625 5826 719 5881 per
757 5826 917 5882 quam
948 5821 1162 5868 sanctus
1190 5812 1389 5883 Martyr
1416 5810 1493 5867 ill.
1526 5810 1703 5866 omnia
1737 5823 1927 5871 corno.
1949 5790 1964 5803 ’
2035 5817 2152 5864 tuos
2177 5807 2255 5862 ill.
2300 5819 2354 5862 et
2396 5807 2494 5873 ill.,
2530 5802 2816 5875 prtesentia
2856 5811 2963 5860 tua:
2992 5806 3202 5862 virtutis
3252 5808 3476 5865 inlustre
3576 5822 3626 5867 el

337 5902 415 5961 ris
440 5911 706 5961 tormenta
732 5901 950 5961 devicit.
979 5903 1101 5961 Per.

2036 5897 2431 5956 celebrantibus
2483 5905 2696 5953 tuorum
2727 5896 3080 5967 memoriam,
3135 5912 3256 5963 eam
3282 5898 3627 5962 dilectionem
