4048 6350
514 430 620 496 307
638 400 649 413 ’

513 553 758 622 infunde,
790 567 889 625 per
914 564 1075 624 quam
1121 546 1194 603 illi
1247 554 1443 607 cuncta
1491 543 1654 598 inlata
1701 537 1942 608 corporis
1988 532 2183 591 ιον-Δ

515 661 699 709 menta
724 644 1058 705 devicerunt.
1088 642 1191 699 Per
1214 658 1356 697 eum.

1074 736 1347 788 Immolatio
1370 734 1542 782 missa.

592 825 820 899 Dignum
876 830 931 879 et
978 821 1178 893 justum
1223 827 1340 884 est,
1391 814 1728 882 omnipotens
1777 803 2103 876 sempiterne

517 918 684 985 Deus,
712 925 765 972 te
802 916 1059 971 victorem
1091 912 1300 975 mortis,
1348 917 1401 964 et
1441 904 1880 971 triumphatorem
1911 899 2104 967 Marty-

515 1026 639 1069 rum
686 1008 1029 1076 conlaudare,
1078 1013 1134 1061 et
1178 1005 1230 1059 in
1280 1002 1569 1057 festivitate
1597 993 1886 1067 praesenti,
1918 991 1971 1045 in
2003 1003 2101 1059 qua

519 1102 820 1175 Martyrum
845 1108 1055 1155 tuorum
1096 1095 1257 1151 ill.et
1299 1094 1376 1147 ill.
1433 1089 1743 1146 memoriam
1804 1083 2105 1153 frequenta-

518 1208 641 1252 ntus
671 1171 684 1246 ξ
710 1205 932 1263 quorum
987 1202 1084 1243 nos
1114 1186 1346 1242 delectat
1392 1190 1448 1239 et
1492 1175 1802 1236 certaminis
1834 1171 2105 1229 recordari

518 1286 907 1345 constantiam,
961 1290 1016 1336 et
1058 1280 1300 1335 victoriae
1352 1274 1709 1345 contemplari
1764 1270 2005 1342 prmmia.
2040 1266 2107 1322 Et

519 1377 644 1435 ideo
675 1386 727 1431 te
770 1376 1024 1446 petimus,
1054 1382 1112 1426 ut
1144 1372 1316 1426 beatis
1346 1371 1462 1425 istis
1491 1366 1818 1437 Martyribus
1850 1363 1927 1418 ill.
1950 1372 2007 1419 et
2027 1362 2104 1417 ill.

520 1471 638 1526 ﬁeri
666 1483 765 1524 nos
789 1468 1087 1523 imitatores
1116 1465 1497 1529 concedas;ut
1535 1460 1620 1515 vel
1648 1459 1864 1514 ultimos
1914 1457 1968 1511 in
2018 1470 2106 1510 re-

524 1564 898 1620 muneratione
926 1576 1112 1616 eorum
1146 1558 1516 1628 participando
1545 1554 1868 1619 constituas,
1896 1550 1982 1620 qui
2006 1550 2109 1604 illis

519 1668 622 1727 pro
647 1655 954 1712 certaminis
982 1650 1283 1709 constantia
1305 1648 1687 1703 beatitudinem
1714 1643 1941 1700 tribuisti
1970 1656 2111 1696 sem-

519 1750 813 1820 piternam:
871 1764 965 1817 per
1018 1745 1291 1801 Christum
1349 1741 1635 1796 Dominum
1692 1748 1955 1795 nostrum.
2011 1732 2107 1790 Cui

518 1844 718 1898 merito
738 1855 945 1895 omnes.

882 1932 1043 1987 LXX.
1087 1947 1213 1986 mu
1252 1945 1402 1985 mssa
1440 1941 1751 1983 IAM‘YRUI.

594 2027 815 2094 Adesto,
871 2025 1116 2091 Domine,
1155 2022 1399 2093 precibus
1426 2020 1647 2085 nostris,
1692 2030 1826 2087 quas
1873 2013 1927 2069 in
1958 2027 2114 2069 sanc-

523 2131 704 2176 torum
736 2130 947 2173 tuorum
980 2118 1271 2187 Martyrum
1314 2114 1388 2169 ill.
1414 2123 1468 2169 et
1496 2113 1571 2167 ill.
1598 2107 2113 2166 commemoratione

523 2213 835 2276 deferimus,
866 2219 921 2265 ut
945 2211 1036 2280 qui
1061 2218 1265 2264 nostrm
1289 2207 1513 2277 justitirc
1542 2203 1791 2258 ﬁduciam
1819 2216 1925 2255 non
1952 2198 2112 2253 habe-

522 2318 667 2371 mus,
700 2320 886 2360 eorum
930 2304 1019 2373 qui
1074 2298 1167 2355 tibi
1202 2301 1513 2369 placuerunt
1541 2295 1749 2351 meritis
1779 2292 2111 2363 adjuvemur.

521 2396 628 2455 Per
668 2396 952 2450 Dominum
978 2404 1222 2449 unstrum
1254 2390 1448 2446 Filium
1479 2398 1649 2445 tuum.
2036 2382 2050 2399 ⁸

1077 2483 1311 2540 Collectio
1334 2482 1578 2544 sequitur.

597 2573 762 2644 288
798 2569 1117 2639 Propitiare,
1171 2565 1416 2632 Domine,
1474 2560 1957 2633 supplicationibus
2020 2572 2118 2613 no-

530 2672 684 2736 stris,
712 2680 767 2726 et
795 2668 1044 2737 exemplo
1070 2673 1376 2721 sanctorum
1409 2664 1699 2734 Martyrum
1716 2670 1927 2716 tuorum
1956 2658 2034 2714 ill.
2064 2666 2120 2714 et

527 2760 610 2816 ill.
638 2763 906 2815 flammam
938 2760 990 2813 in
1026 2757 1181 2811 nobis
1208 2763 1313 2810 tuae
1339 2756 1576 2809 caritatis
1605 2752 1871 2818 acccnde;
1906 2761 1963 2805 ut
1987 2764 2118 2820 quo-

528 2856 649 2907 rum
696 2866 796 2906 nos
838 2846 1375 2912 fecerisimitatores,
1425 2845 1615 2916 jubeas
1646 2856 1767 2899 esse
1816 2849 2115 2898 consortes.

528 2944 655 3001 Per.

544 3062 545 3065 η
1009 3033 1248 3085 Collectio
1273 3038 1376 3096 post
1396 3034 1610 3082 nomina.

602 3121 919 3177 Sanctorum
941 3119 1231 3189 Martyrum
1257 3126 1467 3171 tuorum
1492 3114 1568 3170 ill.
1598 3122 1652 3169 et
1673 3112 1772 3180 ill.,
1793 3124 2122 3183 quaesumus,

529 3215 758 3272 Domine
785 3253 801 3278 ,
833 3213 1079 3283 precibus
1123 3212 1457 3279 adjuvemur,
1482 3218 1537 3263 ut
1576 3211 1715 3278 quod
1770 3217 1951 3261 nostra
2002 3219 2125 3274 pos-

535 3307 766 3362 sibilitas
795 3322 901 3361 non
924 3306 1164 3371 obtinet,
1196 3319 1380 3358 eorum
1408 3303 1645 3373 quiante
1681 3309 1733 3356 te
1763 3300 1888 3371 iusti
1919 3298 2121 3354 inventi
2148 3312 2197 3376 ρ
2228 3288 2362 3376 Suos

528 3407 656 3455 sunt
720 3398 876 3454 nobis
922 3399 1162 3453 oratione
1211 3396 1470 3461 donetur;
1525 3404 1579 3450 et
1638 3408 1866 3463 quorum
1902 3393 2120 3448 nomina

532 3503 657 3550 ante
686 3494 853 3549 altare
875 3501 1113 3548 sanctum
1166 3503 1289 3546 sunt
1330 3490 1549 3547 recitata
1571 3529 1585 3553 ,
1610 3503 1705 3543 eos
1736 3490 1888 3558 quies
1918 3495 2120 3542 aeterna

529 3586 804 3657 suscipiat.
836 3585 939 3641 Per
967 3585 1247 3639 Dominum
1280 3596 1545 3638 nostrum.

1053 3676 1286 3726 Collectio
1310 3675 1367 3723 ad
1398 3685 1587 3734 pacem.

600 3762 954 3832 Omnipotens
995 3761 1322 3830 sempiterne
1356 3759 1515 3823 Deus,
1546 3756 1635 3827 qui
1689 3754 1743 3810 in
1800 3753 2121 3811 Sanetorum

531 3855 785 3911 cordibus
814 3854 1081 3908 ﬂammam
1106 3862 1211 3907 ture
1243 3850 1544 3905 dilectionis
1574 3846 1843 3913 accendis,
1880 3846 1945 3899 da
1975 3860 2125 3900 men-

531 3948 674 4003 tibus
736 3946 980 4001 eamdem
1039 3946 1230 4010 ﬁdem,
1296 3942 1643 4010 caritatisque
1713 3941 2001 4003 virtutem,
2070 3946 2129 3991 ut

533 4057 761 4111 quorum
806 4039 1097 4111 gaudemus
1121 4036 1425 4106 triumphis,
1460 4035 1803 4105 proﬁciamus
1828 4032 2117 4102 exemplis.

532 4132 659 4191 Per.

1092 4221 1365 4272 Immolatio
1388 4223 1568 4272 missae.

612 4317 753 4374 Vere
803 4317 1020 4386 dignum
1050 4326 1103 4370 et
1126 4316 1327 4385 justum
1357 4325 1437 4370 est
1467 4329 1567 4368 nos
1599 4311 1692 4367 tibi
1725 4311 1923 4382 gratias
1946 4323 2124 4379 agere,

540 4410 885 4481 omnipotens
930 4414 1131 4464 aeterne
1188 4406 1353 4472 Deus,
1386 4420 1487 4477 per
1527 4405 1803 4461 Christum
1843 4402 2127 4457 Dominum

538 4513 807 4560 nostrum.
838 4502 937 4570 Qui
961 4501 1276 4575 gloriﬁcaris
1308 4503 1360 4556 in
1402 4500 1633 4555 concilio
1663 4507 1969 4553 sanctorum
1993 4496 2131 4550 Illar-

540 4605 720 4668 tyrum
742 4641 757 4666 ,
783 4609 1009 4666 magnus
1032 4603 1085 4649 et
1112 4593 1370 4648 terribilis
1418 4606 1576 4661 super
1605 4605 1795 4645 omnes
1823 4590 1912 4658 qui
1943 4590 1994 4643 itt
2024 4588 2131 4642 cir-

539 4687 685 4743 cuitu
716 4696 806 4741 tuo
846 4693 988 4740 sunt.
1022 4682 1142 4740 Tibi
1170 4684 1310 4738 enim
1365 4683 1607 4738 serviunt
1646 4695 1833 4737 omnes
1864 4688 2129 4736 creatura:

543 4790 649 4834 tua:
683 4797 695 4833 :
727 4779 849 4849 quia
900 4784 955 4834 te
993 4779 1164 4833 solum
1217 4779 1509 4831 Auctorem
1555 4783 1609 4830 et
1647 4775 1927 4829 Dominum
1978 4786 2129 4827 reco-

543 4887 841 4949 gnoscunt;
896 4884 951 4930 et
1002 4875 1053 4928 in
1100 4874 1243 4929 omni
1280 4874 1479 4927 factura
1512 4886 1696 4927 eorum
1726 4880 1778 4926 te
1808 4869 2132 4925 conlaudant

544 4978 601 5023 et
630 4967 955 5023 benedicunt
995 4981 1181 5020 omnes
1213 4966 1383 5020 sancti
1418 4965 1511 5019 tui.
1568 4964 1667 5032 Qui
1717 4978 1965 5034 magnum
2001 4959 2130 5017 illud

544 5056 815 5125 Unigeniti
846 5057 917 5109 tui
949 5070 1145 5109 nomen
1166 5093 1184 5119 ,
1214 5054 1357 5121 quod
1403 5064 1489 5109 est
1533 5068 1693 5124 super
1717 5070 1878 5109 omne
1902 5068 2130 5120 nomen,

548 5162 730 5203 coram
785 5147 999 5216 regibus
1047 5154 1103 5201 et
1148 5145 1502 5215 petestatibus
1566 5146 1744 5199 saeculi
1794 5144 1952 5213 hujus
2005 5158 2136 5198 voce

545 5241 712 5296 libera
744 5239 1082 5305 conﬁtentes,
1113 5238 1182 5293 de
1212 5236 1644 5307 persecutoribus
1672 5237 1789 5297 {tuis
1827 5247 1881 5290 et
1925 5234 2138 5289 diabolo

545 5333 946 5400 triumpharunt
969 5376 984 5398 ,
1014 5340 1067 5387 et
1116 5328 1406 5399 pretiosum
1440 5327 1532 5383 tibi
1564 5328 1875 5399 sanguinem
1904 5325 2139 5397 gloriosa

552 5433 728 5478 morte
757 5424 1027 5479 fuderunt.
1093 5421 1245 5478 Unde
1299 5419 1664 5476 benedicimus
1706 5430 1777 5483 te,
1812 5418 2056 5480 Domine,
2085 5415 2139 5471 in

549 5516 802 5585 operibus
855 5516 991 5582 tuis;
1043 5524 1200 5584 teque
1252 5515 1303 5568 itt
1372 5522 1679 5567 sanctorum
1736 5520 1947 5565 tuorum
2000 5510 2139 5562 Mar-

548 5622 723 5679 tyrum
770 5608 848 5660 ill.
907 5617 960 5662 et
1004 5607 1080 5662 ill.
1131 5606 1647 5661 commemoratione
1692 5602 1967 5662 laudamus
2018 5615 2138 5653 cum

547 5700 784 5768 angelis,
834 5707 890 5753 et
937 5696 1296 5767 archangelis,
1349 5696 1594 5763 thronis,
1654 5704 1709 5750 et
1760 5691 2142 5749 dominationi-

452 5828 469 5839 κ
548 5794 681 5860 bus,
741 5791 998 5846 cherubin
1041 5806 1254 5861 quoque
1309 5797 1365 5843 et
1407 5788 1690 5858 seraphin,
1761 5787 1849 5855 qui
1915 5785 2137 5857 gloriam

551 5898 692 5940 tuam
750 5900 853 5938 non
910 5891 1126 5938 cessant
1180 5883 1456 5953 clamare,
1527 5880 1774 5937 dicentes
1820 5896 1833 5932 τ
1872 5878 2140 5946 Sanctus,

542 5977 801 6046 Sanctus,
832 5975 1081 6033 Sanctus.

1226 428 1565 522 ΑρριξΝυιΧ
1600 424 1693 483 AD
1729 420 1959 480 UPERA
1998 413 2121 472 SAN

2232 408 2243 465 l
2281 400 2590 463 GERMANI
2630 390 3071 455 PARISIENSIS.

2139 1909 2188 1973 B

3739 382 3833 438 508

2527 512 2716 571 LXXI.
2757 524 2886 567 ITSI
2924 522 3073 563 tussit
3114 515 3464 560 ιιιττιωι.

2281 615 2442 679 Deus,
2462 610 2551 681 qui
2599 622 2697 664 nos
2744 613 3049 661 sanctorum
3081 599 3402 667 Martyrum
3440 602 3667 648 tuorum
3712 598 3833 648 teni-

2205 706 2375 779 porali
2430 698 2619 757 tribuis
2665 694 3176 755 commemoratione
3240 686 3559 760 gaudere,
3610 696 3829 753 prtem,

2204 815 2543 875 quaesumus,
2570 806 2629 853 ut
2667 797 2721 851 in
2772 807 2835 849 ea
2895 801 3251 846 numeremur
3316 790 3489 838 sorte
3519 779 3750 843 salvati,
3788 778 3831 833 in

2206 869 2309 967 qua
2342 892 2416 947 illi
2447 899 2571 946 sunt
2598 885 2942 943 confessione
2963 881 3044 936 tui
3072 876 3322 935 nominis
3355 871 3625 945 gloriosi.
3657 869 3771 926 Per.

2759 976 2990 1029 Collectio
3009 974 3263 1036 sequitur.

2283 1072 2443 1133 Deus.
2472 1066 2525 1121 in
2555 1064 2710 1135 cujus
2727 1069 3021 1129 conspectu
3042 1069 3188 1113 mors
3215 1060 3320 1108 est
3355 1047 3615 1120 pretiosa
3643 1052 3831 1100 sancto-

2207 1178 2325 1223 rum
2344 1205 2359 1229 ,
2386 1161 2563 1216 tribue
2604 1134 2664 1211 ut
2702 1153 2855 1209 nobis
2884 1150 3130 1206 ﬁdelibus
3154 1153 3269 1201 Vita
3297 1138 3579 1197 conferat
3602 1134 3832 1208 quicquid

2212 1258 2325 1314 illis
2354 1269 2498 1311 mors
2520 1252 2709 1307 devota
2738 1244 3024 1302 concessit.

2706 1340 2943 1392 Collectio
2962 1342 3072 1399 post
3092 1332 3320 1383 nomina.

2288 1430 2530 1495 Exaudi,
2561 1424 2810 1489 Domine,
2840 1418 3179 1477 offerentium
3227 1412 3421 1487 289
3482 1421 3701 1479 preces,
3729 1413 3828 1460 vota

2210 1529 2445 1597 suscipe,
2473 1531 2691 1596 peccata
2718 1521 2945 1576 dimitte.
2990 1514 3187 1570 Tribue
3233 1525 3482 1581 quoque
3524 1503 3829 1597 tuorumgin-

2210 1594 2542 1679 tercessione
2571 1623 2877 1669 sanctorum
2908 1608 3201 1678 Martyrum
3228 1603 3393 1658 caris
3428 1598 3655 1675 nostris
3675 1595 3758 1665 qui
3781 1594 3827 1650 in

2212 1713 2427 1770 Christo
2451 1706 2759 1770 dormiunt,
2807 1698 3145 1769 refrigerium
3188 1696 3241 1749 in
3296 1694 3545 1763 regione
3573 1689 3829 1744 vivorum.

2213 1806 2321 1863 Per
2349 1800 2634 1858 Dominum
2660 1805 2926 1852 nostrum.

2748 1884 2984 1935 Collectio
3005 1881 3066 1931 ad
3090 1891 3286 1943 pacem.

2282 1976 2632 2045 Omnipotens
2660 1970 2987 2039 setnpiterne
3009 1969 3170 2033 Deus,
3199 1961 3395 2017 tribue
3437 1955 3610 2014 nobis
3636 1950 3829 2007 famulis

2213 2073 2321 2130 tuis
2350 2082 2407 2127 ut
2444 2072 2581 2125 sicut
2608 2068 2865 2137 Martyres
2896 2062 2968 2116 tui
3010 2059 3077 2115 ad
3100 2057 3356 2113 bravium
3390 2062 3652 2122 superna
3671 2059 3813 2101 voca-

2214 2166 2376 2221 tionis
2407 2162 2769 2224 tetenderunt,
2802 2156 2873 2211 ita
2897 2168 3016 2221 nos,
3045 2159 3305 2221 superato
3341 2147 3533 2209 hoste,
3562 2138 3819 2195 victoriam

2215 2269 2628 2323 consequamur;
2646 2260 2700 2306 et
2712 2264 2894 2319 pacem
2908 2260 3065 2317 quam
3081 2243 3135 2298 in
3150 2240 3314 2298 labiis
3332 2239 3456 2295 oris
3467 2232 3814 2302 exsequiuiur,

2221 2347 2583 2406 immaculatis
2610 2343 2865 2401 cordibus
2896 2350 3193 2395 teneamus.
3226 2334 3339 2389 Per
3383 2328 3698 2386 Dominum.
3758 2356 3775 2379 .

2779 2431 3053 2483 lmmolatio
3074 2430 3253 2479 missa).

2293 2527 2518 2597 Dignum
2568 2532 2623 2578 et
2663 2520 2866 2591 justum
2917 2523 3039 2578 est,
3086 2512 3453 2579 omnipotens
3515 2500 3819 2571 sempiterne

2220 2595 2385 2677 Deus.
2418 2614 2685 2684 Quoniam
2716 2627 2743 2665 a
2774 2619 2829 2665 te
2858 2605 3215 2665 constantiam
3248 2601 3421 2665 ﬁdes,
3451 2613 3482 2653 a
3518 2607 3571 2651 te
3596 2595 3813 2647 virtutem

2220 2714 2384 2770 sumit
2407 2707 2690 2766 inﬁrmitas
2716 2721 2731 2771 ;
2761 2712 2816 2758 et
2872 2697 3122 2769 quicquid
3146 2696 3199 2751 in
3221 2686 3709 2763 persecutionibus
3735 2694 3815 2735 sa-

2223 2821 2373 2874 vum,
2404 2800 2655 2874 quicquid
2683 2798 2735 2853 in
2766 2804 2938 2852 morte
2968 2790 3209 2847 terribile
3232 2797 3348 2852 est,
3378 2781 3621 2841 nominis
3645 2776 3714 2833 tui
3754 2774 3811 2825 fa-

2222 2904 2302 2959 cis
2333 2869 2674 2957 confessione
2700 2905 2977 2965 superare.
3004 2888 3159 2945 Unde
3204 2881 3591 2940 benedicimus
3634 2869 3809 2965 te,__Do-

2224 2995 2388 3058 mine,
2427 2993 2481 3047 in
2510 2962 2783 3061 operibus
2813 2984 2919 3039 tuis
2959 2999 2972 3036 :
3020 2990 3179 3048 teque
3229 2976 3288 3030 in
3346 2981 3658 3029 sanctorum
3693 2962 3806 3061 Mar-

2228 3050 2404 3157 tyrum
2439 3050 2649 3138 tuorum
2678 3078 2757 3133 ill.
2781 3084 2837 3131 et
2863 3074 2942 3129 ill.
2965 3069 3363 3143 gloriﬁcatione
3404 3061 3708 3157 laudamus,
3732 3050 3811 3105 obs

2229 3149 2502 3236 secrantes
2526 3187 2584 3230 ut
2611 3168 2940 3227 intervenire
2967 3179 3065 3236 pro
3105 3176 3165 3218 se
3198 3157 3584 3217 excolentibus
3605 3149 3803 3219 iubeas,

2395 3280 2645 3341 perpetua
2685 3261 3117 3322 remuneratione
3143 3255 3355 3312 exaltas
3378 3293 3394 3320 ,
3438 3264 3535 3321 per
3565 3244 3805 3301 Christum

2230 3364 2514 3421 Dominum
2545 3370 2807 3415 nostrum.
2834 3354 2937 3409 Per
2966 3363 3144 3419 quem.

2534 3448 2744 3507 LXXII.
2776 3461 2923 3502 ηειδελ
2950 3455 3105 3498 unus
3124 3448 3506 3495 cosrassoms.

2300 3550 2439 3605 Deus
2477 3544 2715 3601 ﬁdelium
2763 3544 3135 3593 remunerator
3167 3529 3505 3585 animarum,
3540 3523 3717 3589 preat:

2224 3639 2539 3697 celebritate
2565 3633 2816 3704 praesenti
2848 3625 3017 3682 sancti
3042 3619 3382 3678 confessoris
3413 3616 3487 3670 tui
3519 3620 3571 3667 et
3594 3599 3800 3673 episcopi

2226 3732 2303 3789 ill.
2351 3733 2422 3786 sit
2470 3702 2625 3784 nobis
2677 3720 2977 3779 veneranda
3015 3714 3351 3771 sollemnitas
3424 3716 3479 3763 et
3516 3702 3794 3789 placitorum

2227 3786 2323 3882 tibi
2352 3823 2598 3895 precibus
2645 3815 3032 3887 indulgentiam
3060 3818 3490 3876 consequamur.
3523 3798 3619 3854 Per
3638 3786 3792 3848 Domi-

2228 3930 2356 3973 num
2385 3924 2624 3971 nostrum
2635 3951 2648 3966 .

2779 3996 3020 4049 Collectio
3042 3992 3284 4055 sequitur.

2303 4111 2533 4178 Exaudi,
2581 4106 2827 4168 Domine.
2870 4115 3058 4175 preces
3097 4106 3338 4161 nostras,
3388 4102 3521 4161 quas
3561 4087 3612 4141 in
3651 4070 3789 4175 sancti

2230 4177 2568 4261 Confessoris
2601 4201 2676 4254 tui
2703 4199 2778 4253 ill.
2806 4190 3325 4251 commemoratione
3353 4181 3661 4242 deferimus.
3680 4177 3728 4223 ut
3747 4178 3786 4217 In

2231 4306 2521 4365 conspectu
2542 4305 2632 4348 tuo
2655 4301 2709 4349 et
2731 4291 2820 4361 qui
2855 4288 2946 4342 tibi
2970 4286 3130 4355 digne
3156 4282 3355 4338 meruit
3388 4271 3623 4365 famulari
3644 4264 3790 4365 clarii

2230 4359 2446 4456 semper
2475 4386 2691 4449 existat,
2724 4359 2777 4438 et
2807 4378 3129 4449 supplicatio
3156 4390 3256 4432 nos
3282 4374 3505 4443 adiuvet
3534 4362 3623 4420 tibi
3666 4359 3787 4425 8"“

2233 4480 2513 4548 iustorum.
2545 4474 2663 4529 Per.

2728 4561 2961 4613 Collectio
2991 4564 3099 4622 post
3122 4558 3336 4607 nomina.

2312 4647 2568 4705 Laetificet
2616 4660 2732 4709 nos,
2760 4613 3085 4713 quassum-us,
3115 4638 3365 4702 Domine,
3408 4626 3572 4688 sancti
3598 4613 3783 4714 Confes-

2241 4742 2381 4798 soris
2412 4740 2483 4794 tui
2533 4749 2587 4794 et
2632 4710 2880 4809 Episcopi
2931 4734 3009 4788 ill.
3043 4746 3218 4787 annua
3263 4727 3551 4784 devotione
3596 4710 3777 4809 repetita

2239 4835 2591 4898 sollemnitas,
2626 4795 2695 4885 ut.
2727 4845 2822 4901 per
2867 4828 2982 4881 haec
3013 4826 3097 4893 pie
3140 4822 3428 4878 oblationis
3456 4810 3638 4872 ofﬁcia,
3657 4808 3704 4859 et

2240 4929 2350 4983 lum
2383 4926 2662 4982 retributio
2693 4894 2844 4978 beata
2890 4920 3195 4983 comitetur,
3230 4924 3285 4971 et
3326 4911 3480 4969 nobis
3518 4909 3668 4961 sacrae
3707 4894 3778 4944 ιη’

2242 5022 2436 5078 buatur
2464 5018 2781 5076 sufﬁcientia
2815 5015 3112 5071 servitutis.
3135 5014 3257 5069 Per.

2762 5108 3001 5169 Collectio
3031 5108 3089 5156 ad
3116 5116 3303 5168 pacem.

2318 5198 2420 5254 Per
2457 5197 2690 5253 studium
2727 5168 3004 5254 clitaritatis
3039 5207 3146 5247 non
3179 5192 3336 5255 ﬁetaa,
3367 5197 3418 5243 et
3445 5168 3775 5240 intercessione

2243 5291 2538 5346 boatissimi
2558 5287 2896 5344 Confessoris
2920 5285 2995 5340 tui
3022 5293 3077 5339 et
3105 5281 3353 5354 Episcopi
3379 5279 3454 5334 iit.
3484 5280 3638 5328 tuere,

2244 5398 2452 5449 sumus,
2502 5381 2748 5448 Domine,
2794 5378 3048 5434 familiam
3096 5350 3261 5438 tuam,
3291 5350 3346 5430 et
3382 5382 3479 5442 per
3523 5350 3772 5417 άίιωιῦουδ

2246 5474 2517 5530 vinculum
2542 5472 2910 5543 spiritualibus
2940 5471 3146 5525 instrue
3173 5461 3481 5537 disciplinis.
3518 5453 3630 5509 Per-

2804 5583 3075 5634 lmmolatio
3098 5582 3259 5631 missas

2319 5691 2481 5763 290
2518 5688 2657 5743 Vere
2677 5687 2897 5759 dignum
2928 5696 2981 5742 ct
3004 5685 3209 5757 justum
3230 5693 3333 5747 est,
3365 5690 3463 5735 nos
3495 5665 3579 5725 tibi
3600 5659 3766 5763 εειιχιξτ

2246 5790 2300 5838 et
2324 5782 2516 5852 ubique
2549 5783 2747 5852 gratias
2772 5794 2949 5851 agere,
2984 5778 3210 5833 Domine
3238 5782 3435 5834 sancte,
3459 5763 3600 5852 Pater
3634 5752 3767 5852 utili":

2247 5882 2460 5945 potens,
2495 5883 2693 5929 aeterne
2733 5872 2893 5927 Deus.
2918 5871 3016 5940 Qui
3060 5868 3373 5941 glorificaris
3414 5862 3460 5916 in
3486 5841 3763 5945 confession:

2247 5922 2460 5945 ,μνη-η,
2496 5922 2691 5929 πω---
2733 5922 2759 5927 -
2785 5922 2892 5927 -_--
2926 5922 3016 5940 η--
3060 5922 3089 5941 υ
3709 5925 3719 5938 ι

2245 5976 2585 6034 sanctorum;
2622 5972 2680 6023 et
2720 5978 2827 6022 non
2870 5964 3045 6026 solum
3075 5950 3527 6021 exdellentioribu‘s
3566 5922 3761 6011 ριέιηιίῖ

3968 3701 3975 3985 l

3971 3771 3975 3944 δ
