4048 6350
273 351 390 410 36:)

277 482 587 542 martyrum
631 460 1073 537 tuernmmerita
1113 456 1348 529 gloriosa
1376 452 1740 526 prosequeris,
1785 450 1882 506 sed
1906 448 1966 511 Α

275 566 453 633 etiam
502 574 712 619 sacrum
759 552 1117 612 ministerium
1169 546 1597 619 competentibus
1652 542 1883 598 servitiis

1300 311 1394 395 es
1430 331 1767 394 LITURGIA
1805 324 2193 388 GALLICANA
2234 321 2444 380 uasa
2472 319 2562 379 ιιι.

1989 451 2113 506 tuas,
2139 448 2195 496 et
2236 439 2304 494 da
2334 450 2545 510 pacem,
2575 445 2735 504 quam
2766 441 3082 501 permanere
3127 423 3325 497 iugiter
3368 436 3573 493 praece-

1990 535 2113 608 pisti
2144 552 2158 588 :
2188 532 2313 589 illud
2360 530 2522 586 etiam
2564 523 2873 597 specialiter
2912 530 3171 593 praestare
3215 516 3472 587 digneris,
3519 522 3579 572 ut

3463 305 3571 365 510

288 663 675 725 exsequentes,
714 647 967 720 gaudium
1004 641 1218 699 Domini
1257 640 1340 695 sui
1390 638 1579 694 tribuis
1626 637 1884 706 benignus
1988 606 2174 699 parem
2236 623 2551 680 charitatem
2583 659 2599 684 ,
2644 626 2923 671 teneamus
2966 627 3129 681 quam
3172 606 3408 681 pontifex
3457 614 3579 663 tuus

1991 721 2039 725 “-
2132 719 2142 725 ·
2280 718 2289 725 ·
2377 714 2389 725 ·
2677 709 2690 725 ι
2777 717 2821 725 ι-
2867 704 3148 725 “aut”..-
3207 700 3400 725 4..--..2.
3445 698 3551 725 At“:

283 755 534 815 intrare;
562 757 621 803 ut
645 745 738 815 qui
762 744 817 799 in
847 740 1081 805 modico,
1112 737 1214 792 hoc
1233 734 1390 791 estin
1416 746 1580 803 parvo
1608 730 1731 785 vitae
1751 744 1886 799 pra:-

280 841 462 899 sentis
509 849 765 901 excursu,
794 832 968 888 fidelis
1012 828 1276 900 apparuit,
1320 838 1481 895 supra
1524 822 1689 878 multa
1718 820 1885 890 bona,

278 937 480 1005 utique
508 931 564 987 in
610 927 994 998 sempiternum
1040 936 1315 986 mansura,
1347 917 1680 974 beatitudine
1707 910 1889 985 dispo-

284 1037 472 1082 natur.
501 1024 608 1079 Per
636 1020 904 1076 Christum
935 1014 1216 1069 Dominum
1248 1019 1509 1066 nostrum.

484 1112 719 1170 LXXIII.
748 1124 898 1164 IllBSA
923 1122 990 1162 ne
1028 1117 1229 1160 passas
1256 1112 1619 1158 conrsssoass
1638 1098 1690 1151 if.

364 1212 599 1279 Protege
620 1219 740 1271 nos,
767 1215 1098 1273 quaesumus,
1130 1196 1373 1260 Domine,
1404 1202 1620 1249 tuorum
1636 1190 1893 1259 depreca-

288 1308 446 1361 tione
492 1305 780 1372 iustorum,
808 1306 867 1351 ut
912 1308 1139 1366 quorum
1188 1288 1591 1349 circumdamur
1614 1281 1891 1353 suffragio,

286 1392 579 1456 {creamur
608 1390 828 1450 auxilio.
854 1389 975 1445 Per.

966 1478 1221 1531 Collectio.

366 1574 525 1631 Adsit
569 1570 743 1637 nobis,
774 1569 1019 1635 Domine,
1065 1575 1398 1635 quaesumus,
1429 1558 1665 1629 precatio
1710 1562 1897 1612 sancta

291 1667 567 1745 iustorum
604 1680 617 1716 :
647 1676 767 1733 qua:
788 1674 887 1715 nos
905 1673 935 1713 a
957 1657 1185 1713 terrenis
1207 1652 1486 1710 aﬂ'ectibus
1508 1646 1897 1707 incessabiliter

288 1744 579 1831 expeditos
607 1753 847 1811 caelestia
889 1750 1202 1807 desiderare
1227 1747 1489 1817 perficiat.
1522 1743 1647 1802 Per.

925 1845 1042 1895 Post
1064 1844 1277 1893 nomina.
1926 1831 1978 1897 Β

368 1933 703 1992 Sacrificium
736 1930 855 1997 tibi,
879 1928 1125 1992 Domine,
1147 1925 1318 1981 laudis
1360 1921 1634 1978 ofl'erimus
1654 1918 1711 1974 in
1733 1930 1899 1973 vene-

292 2024 549 2083 rabilium
592 2020 1104 2078 commemoratione
1141 2024 1448 2072 sanctorum
1487 2021 1701 2067 tuorum
1748 2024 1763 2061 :
1802 2006 1893 2072 da,

298 2132 630 2193 Quaesumus,
662 2115 909 2181 Domine,
942 2124 997 2169 ut
1021 2110 1160 2182 quod
1184 2110 1287 2165 illis
1309 2106 1535 2164 contulit
1562 2104 1626 2159 ad
1653 2100 1900 2173 gloriam,

300 2215 463 2273 nobis
493 2211 736 2285 proficiat
765 2209 830 2265 ad
861 2209 1114 2264 salutem.
1150 2194 1272 2259 Per.

294 2324 297 2327 ν
968 2300 1041 2351 Ad
1064 2309 1252 2363 pacem.

374 2391 688 2449 Oblationes
718 2386 935 2443 familiae
975 2395 1102 2451 tum,
1133 2381 1382 2449 Domine,
1428 2392 1754 2449 quaesumus,
1782 2375 1906 2431 bea-

309 2490 646 2544 tissimorum
692 2493 1005 2540 sanctorum
1034 2492 1245 2537 tuorum
1273 2474 1542 2532 confessio
1580 2473 1735 2528 beata
1773 2484 1908 2525 con—

306 2582 457 2637 c.liet
480 2597 494 2647 ;
520 2589 573 2635 et
602 2592 722 2648 quae
751 2575 951 2631 nostris
978 2575 1158 2628 minus
1197 2578 1318 2641 apta
1348 2579 1473 2623 sunt
1520 2566 1748 2630 meritis,
1780 2562 1911 2616 fiant

310 2675 412 2733 tibi
442 2673 652 2746 placitas
685 2681 894 2728 tuorum
928 2669 1303 2738 deprecatione
1320 2663 1612 2735 iustorum.
1643 2659 1765 2715 Per.

978 2758 1271 2811 Immolatio.

391 2853 621 2924 Dignum
650 2858 706 2906 et
729 2849 931 2919 justum
959 2853 1061 2902 est.
1089 2844 1228 2899 Vere
1258 2842 1479 2913 dignum
1507 2848 1561 2894 et
1588 2838 1788 2907 justum
1807 2840 1913 2899 est,

314 2943 409 3014 qui
433 2955 537 2996 non
567 2939 739 2994 solum
770 2943 1087 3005 martyrum,
1107 2931 1202 2987 sed
1225 2930 1384 2985 etiam
1407 2929 1774 2984 confessorum
1797 2929 1919 2977 tuo-

314 3013 441 3091 rum
482 3047 539 3089 es
563 3031 756 3086 virtute
786 3025 1063 3082 mirabilis.
1088 3025 1235 3079 Licet
1260 3023 1402 3078 enim
1428 3020 1502 3074 illi
1534 3018 1782 3088 passione
1812 3013 1921 3069 sint

315 3126 472 3193 clari,
502 3124 591 3194 qui
623 3120 906 3176 manifeste
946 3119 1134 3173 acerba
1184 3114 1443 3184 supplicia
1472 3112 1836 3167 sustinuerunt
1865 3112 1921 3161 et

1991 719 2250 777 Martinus
2280 718 2333 772 in
2375 714 2478 771 hoc
2530 709 2750 775 saecqu,
2776 717 2830 764 te
2859 704 3173 776 cpitulante,
3206 700 3404 758 meruit
3442 698 3582 756 obti-

1992 826 2147 867 nere.
2179 810 2303 864 Per.

2632 872 2929 924 Immolatfo.

2064 959 2295 1029 Dignum
2323 962 2378 1011 et
2397 953 2598 1025 justum
2630 960 2733 1018 est,
2756 960 2855 1006 nos
2877 961 2949 1016 te,
2978 947 3201 1003 Domine
3221 945 3360 1001 Deus
3382 951 3583 1006 noster,

1996 1044 2056 1106 in
2086 1048 2333 1105 laudibus
2359 1045 2533 1102 sancti
2556 1043 2768 1099 Martini
2813 1043 3080 1098 honorare
3107 1055 3123 1094 :
3154 1036 3243 1110 qui
3268 1034 3438 1090 sancti
3469 1032 3587 1102 Spi-

1993 1144 2130 1200 ritus
2161 1141 2235 1197 tui
2263 1140 2406 1195 dono
2446 1150 2759 1201 succensus,
2804 1135 2881 1189 ita
2910 1134 2962 1189 in
2993 1133 3110 1202 ipso
3160 1127 3421 1201 tyrocinio
3464 1126 3589 1181 fidei

1997 1234 2288 1306 perfectus,
2311 1240 2371 1287 ut
2396 1230 2669 1286 Christum
2695 1228 2919 1283 texisset
2951 1224 3002 1279 in
3018 1236 3284 1293 paupere;
3305 1228 3359 1276 et
3384 1227 3590 1275 vestem

1995 1334 2156 1400 quam
2207 1340 2406 1395 egenus
2437 1326 2736 1392 acceperat,
2783 1316 2965 1373 mundi
3010 1313 3266 1370 Dominus
3305 1311 3589 1368 induisset.

1995 1422 2043 1477 Ο
2072 1419 2202 1476 felix
2245 1418 2481 1488 largitas,
2513 1427 2619 1484 qua
2656 1410 2910 1466 divinitas
2954 1404 3229 1476 operitur!
3255 1420 3287 1459 o
3311 1401 3592 1459 chlamidis

1997 1516 2233 1591 gloriosa
2252 1509 2463 1575 divisio,
2493 1524 2613 1577 quae
2641 1504 2862 1560 militem
2896 1501 3029 1557 texit
3052 1508 3109 1556 et
3130 1512 3308 1570 regem
3334 1497 3347 1550 ι
3390 1491 3593 1550 Inaesti-

1998 1587 2195 1668 mabile
2214 1606 2413 1661 donum
2434 1609 2535 1668 est,
2560 1598 2702 1669 quod
2722 1596 2923 1653 vestire
2944 1595 3109 1650 Deum
3133 1592 3326 1648 meruit
3350 1587 3593 1644 Deitatis.

1999 1702 2167 1773 Digne
2214 1698 2339 1754 huic
2389 1692 2740 1752 confessionis
2786 1698 2893 1747 tute
2946 1687 3225 1759 premium
3255 1681 3595 1739 commisisti.

2005 1797 2170 1867 Digne
2198 1795 2544 1850 Arrianorum
2576 1804 2684 1846 non
2714 1785 2980 1858 subiacuit
2999 1783 3218 1841 feritati.
3252 1782 3423 1850 Digne
3452 1785 3596 1832 tanto

2004 1904 2187 1944 amore
2213 1885 2471 1943 Martinus
2496 1880 2853 1953 persecutoris
2876 1881 3148 1933 tormenta
3169 1886 3275 1929 non
3299 1870 3498 1936 timuit,
3517 1883 3595 1922 se-

2006 1996 2167 2038 curus
2189 1980 2312 2051 quia
2346 1987 2488 2033 tanta
2510 1985 2628 2032 erat
2658 1973 2905 2045 gloriatio
2934 1970 3219 2042 passionis,
3244 1974 3303 2021 ut
3323 1979 3416 2035 per
3439 1977 3597 2034 quan-

2008 2077 2218 2129 titatem
2246 2071 2409 2126 vestis
2438 2069 2645 2138 exiguze
2692 2076 2744 2120 et
2785 2063 2984 2119 vestire
3014 2062 3183 2117 Deum
3216 2058 3411 2113 meruit
3447 2066 3500 2111 et
3528 2055 3597 2108 vi-

2006 2166 2159 2222 dere.
2182 2164 2227 2219 0
2266 2161 2428 2217 animi
2462 2158 2718 2215 imitanda
2736 2154 3060 2226 benignitas,
3110 2168 3143 2208 ο
3170 2151 3425 2207 virtutum
3448 2162 3599 2203 vene-

2012 2260 2176 2314 randa
2204 2256 2434 2327 potentia
2458 2256 2471 2309 ι
2497 2254 2587 2311 Sic
2604 2253 2713 2322 egit
2733 2250 2965 2313 suscepti
2991 2247 3332 2317 pontificatus
3349 2242 3601 2297 officium.

2010 2361 2070 2408 ut
2100 2368 2194 2423 per
2235 2347 2462 2405 formam
2494 2346 2783 2417 probabilis
2808 2345 2953 2411 vitm,
2985 2338 3381 2397 observantiam
3422 2348 3609 2405 exege-

2013 2445 2083 2501 rit
2105 2443 2422 2510 disciplinai.
2447 2440 2535 2495 Sic
2563 2438 2856 2509 apostolica
2878 2436 3073 2490 virtute
3113 2431 3453 2502 sperantibus
3475 2443 3609 2484 conv

2014 2538 2138 2593 tulit
2165 2534 2505 2600 medicinam,
2540 2538 2597 2587 ut
2625 2531 2757 2585 alios
2803 2524 3303 2598 supplicationibus,
3335 2521 3467 2576 alios
3496 2520 3611 2574 visu

2016 2633 2272 2689 salvaret.
2305 2629 2429 2685 Haec
2460 2638 2573 2693 tua,
2604 2626 2850 2692 Domine,
2879 2622 3181 2679 veneranda
3222 2617 3456 2689 potentia
3485 2633 3495 2669 :
3532 2617 3624 2673 cui

2016 2733 2137 2781 cum
2184 2724 2365 2793 lingua
2408 2736 2515 2779 non
2563 2717 2775 2787 supplet
2824 2716 3026 2771 meritis
3071 2726 3318 2778 exorare,
3368 2708 3622 2779 operibus

2019 2816 2189 2871 sancti
2213 2814 2452 2882 Martini,
2478 2820 2529 2868 te
2552 2810 2870 2882 opitulante,
2901 2822 3209 2864 mereamur
3252 2803 3477 2862 imitari.
3517 2801 3623 2857 Per

2019 2908 2291 2965 Christum
2327 2905 2609 2962 Dominum
2634 2910 2898 2959 nostrum.

2400 3022 2615 3080 LXXV.
2650 3038 2803 3080 ιιιδειι
2831 3020 2861 3061 ι’
2890 3034 3247 3079 ιιοιιιιιιειιιε.

2100 3121 2262 3191 292
2314 3119 2477 3184 Deus,
2503 3119 2593 3188 qui
2638 3116 2797 3172 nobis
2845 3112 3282 3183 omnipotentiam
3329 3121 3471 3162 tuam
3497 3118 3611 3176 par-

321 3227 608 3281 tormenta,
641 3216 798 3270 etiam
826 3213 911 3267 isti
938 3220 1118 3267 tamen
1151 3210 1358 3264 occulte
1395 3205 1665 3275 proposito
1691 3202 1914 3270 castiga.

2027 3214 2198 3268 cendo
2244 3212 2475 3266 maxime
2502 3220 2557 3265 et
2595 3207 2898 3264 miserando
2943 3203 3276 3271 manifestas,
3328 3196 3613 3267 multiplica

322 3314 489 3369 tionis
499 3309 705 3376 afﬂicti,
720 3307 961 3370 cruciati,
976 3302 1228 3373 spiritalis
1253 3298 1609 3356 observantiae
1628 3293 1925 3364 disciplinis

323 3402 541 3462 illorum
571 3410 698 3456 sunt
727 3395 949 3467 vestigia
980 3392 1272 3451 subsecuti.
1301 3390 1402 3446 Per
1445 3389 1714 3445 Christum
1745 3387 1928 3443 Domi-

328 3512 458 3552 num
489 3505 537 3548 ⁸.

549 3583 781 3643 LXXIV.
807 3596 957 3639 IISSA
984 3596 1168 3637 ειιιιοτι
1201 3593 1418 3635 unum
1461 3589 1712 3633 EPISCOPI.

405 3680 615 3737 Summi
643 3675 940 3734 sacerdotis
966 3676 1039 3729 tui
1072 3672 1245 3730 Patris
1273 3671 1438 3726 nostri
1468 3668 1685 3724 Martini
1717 3666 1930 3738 episco-

332 3773 388 3843 pi
413 3771 572 3826 hodie
592 3769 981 3838 depositionem
1004 3763 1402 3820 celebrantibus
1426 3761 1601 3816 tribue
1616 3761 1791 3825 nobis,
1817 3757 1927 3814 Do-

332 3867 502 3929 mine,
533 3874 588 3918 ut
637 3862 771 3918 sicut
801 3858 1368 3917 commemorationem
1418 3853 1536 3923 ejus
1582 3851 1929 3907 devotissime

333 3957 583 4026 colimus,
614 3955 685 4010 ita
710 3962 766 4010 et
787 3966 921 4022 opus
946 3951 1105 4023 291
1136 3948 1364 4003 fideliter
1393 3945 1684 4000 imitemur.
1720 3944 1841 3998 Per.

1005 4043 1263 4094 Couecuo.

414 4135 574 4197 Deus,
606 4132 695 4200 qui
732 4138 969 4185 sanctam
1000 4128 1153 4183 nobis
1193 4125 1301 4181 diei
1329 4124 1487 4195 hujus
1516 4123 1930 4180 sollemnitatem

339 4224 672 4296 praedicandi
699 4238 762 4278 ac
793 4220 1112 4277 venerabilis
1153 4216 1451 4272 sacerdotis
1494 4215 1567 4270 tui
1599 4212 1933 4284 depositione

341 4316 561 4375 Martini
612 4314 848 4385 episcOpi
887 4321 1143 4383 praestare
1171 4308 1419 4380 dignatus
1449 4323 1532 4375 es,
1564 4308 1755 4373 tribue,
1787 4322 1935 4376 qure-

312 4422 551 4474 ‘sumus,
583 4407 810 4476 utquod
854 4406 1057 4460 nostris
1092 4403 1334 4457 obtinere
1378 4400 1622 4469 precibus
1674 4414 1779 4453 non
1813 4412 1934 4467 pos-

338 4514 548 4565 sumus,
574 4500 740 4569 ipsius
769 4512 1071 4553 mereamur
1090 4497 1335 4552 obtinere
1358 4494 1644 4565 suﬁragiis.
1679 4492 1801 4548 Per.

975 4594 1095 4647 Post
1117 4594 1327 4644 nomina.

310 4764 313 4767 _
415 4684 624 4739 Auditis
666 4680 970 4737 nominibus
996 4679 1335 4746 offerentum,
1386 4678 1574 4734 fratres
1603 4677 1924 4743 cbarissimi,

342 4773 728 4846 omnipotentis
758 4773 850 4830 Dei
891 4769 1299 4828 inenarrabilem
1328 4770 1748 4826 misericordiam
1798 4784 1927 4839 sup—

346 4870 513 4939 plices
544 4867 896 4938 postulemus,
926 4874 982 4918 ut
1004 4863 1217 4919 nomina
1244 4872 1444 4925 nostra,
1470 4861 1562 4930 qui
1587 4862 1638 4915 in
1668 4862 1809 4915 hunc
1837 4874 1929 4918 ce-

344 4960 688 5019 leberrimum
706 4958 847 5013 diem
872 4960 926 5012 in
949 4957 1205 5012 honorem
1228 4954 1397 5009 sancti
1416 4953 1666 5007 antistitis
1687 4952 1768 5007 sui
1794 4952 1932 5007 Mar-

345 5054 441 5111 tini
464 5052 759 5116 offerimus,
786 5050 1105 5107 benedicere
1127 5058 1180 5103 et
1202 5046 1558 5111 sanctificare,
1590 5046 1705 5115 ipso
1734 5044 1929 5100 squra-

344 5160 528 5219 gante,
566 5148 819 5217 dignetur
865 5154 919 5200 et
945 5143 1086 5213 quod
1137 5142 1213 5197 illi
1251 5141 1410 5197 hodie
1446 5138 1714 5196 conlatum
1741 5147 1826 5193 est
1870 5136 1938 5192 ad

346 5240 604 5310 gloriam,
636 5237 790 5293 nobis
811 5250 1023 5306 quoque
1054 5234 1295 5303 proficiat
1324 5233 1389 5289 ad
1415 5234 1660 5289 salutem.
1694 5230 1814 5287 Per.

1007 5324 1080 5373 Ad
1103 5336 1287 5385 pacem.

419 5411 639 5479 Inclina,
664 5410 911 5476 Domine,
967 5422 1151 5462 aurem
1206 5417 1350 5461 tuam
1391 5406 1455 5461 ad
1497 5420 1685 5477 preces
1721 5403 1934 5461 familiae

420 5554 445 5583 ⁸
477 5545 664 5600 Mirum
697 5553 779 5599 est
806 5543 1009 5598 nullum
1043 5541 1129 5596 hic
1152 5554 1273 5596 esse
1310 5538 1605 5595 Commune
1649 5541 1931 5609 virginum,

345 5632 448 5674 nec
470 5616 595 5671 item
628 5617 679 5670 in
710 5615 1037 5681 Legendario
1058 5612 1350 5669 Gallicana.

420 5686 447 5726 ιι
479 5686 602 5742 Haec
642 5696 697 5742 et
745 5680 1030 5754 sequentes
1082 5684 1317 5754 quinque
1365 5682 1541 5754 missae
1585 5680 1933 5738 dominicales

348 5758 631 5827 assignatas
662 5764 786 5811 sunt
810 5753 904 5824 pro
936 5753 1223 5827 Dominicis
1270 5761 1388 5827 post
1416 5753 1789 5827 Pentecosten.
1824 5766 1930 5806 non

348 5830 419 5884 de
450 5822 712 5893 Adventu,
746 5822 821 5883 de
848 5843 951 5896 quo
981 5827 1156 5880 misste
1186 5826 1306 5881 duas
1358 5823 1509 5879 initio
1537 5822 1761 5879 Missalis
1798 5838 1934 5892 prte-

350 5900 530 5960 niissa:
554 5910 725 5969 erant,
755 5897 851 5956 sed
877 5898 1093 5953 avulsae.

2029 3318 2192 3374 super
2213 3320 2310 3361 nos
2330 3308 2554 3375 gratiam
2576 3311 2743 3367 tuam,
2767 3311 2825 3358 ut
2844 3302 2911 3357 ad
2934 3310 3024 3356 tua
3046 3298 3306 3370 promissa
3322 3303 3616 3356 currentes,

2028 3402 2326 3462 caelestium
2346 3399 2608 3455 bonorum
2632 3397 2795 3451 facias
2818 3408 2940 3451 esse
2962 3400 3263 3471 consurges.
3290 3390 3412 3445 Per.

2685 3486 2939 3539 Collectio.
3218 3521 3263 3551 μ,

2103 3578 2457 3648 Omnipotens
2485 3575 2812 3644 sempiterne
2836 3572 3000 3638 Deus,
3018 3569 3103 3625 cui
3137 3576 3371 3638 potestas
3400 3571 3483 3621 est
3510 3563 3628 3620 sine

2033 3676 2139 3730 fine
2164 3670 2473 3736 miserendi,
2491 3671 2699 3740 respice
2713 3665 2976 3737 propitius
2996 3663 3063 3718 ad
3089 3660 3406 3717 humilitatis
3428 3666 3624 3714 nostra:

2032 3768 2324 3838 supplicem
2358 3766 2785 3827 servitutem,'ut
2816 3759 2909 3815 tibi
2956 3757 3166 3814 subdita
3218 3764 3400 3810 mente
3437 3766 3623 3823 perpe-

2036 3872 2182 3916 tuum
2207 3856 2535 3915 defensionis
2564 3863 2671 3909 tum
2701 3862 2878 3909 servet
2904 3848 3165 3905 auxilium
3220 3846 3342 3902 Per.

2602 3998 2606 4002 ,
2667 3946 2788 3996 Post
2811 3944 3021 3993 nomina.

2106 4034 2226 4089 Istis
2252 4042 2300 4087 et
2331 4031 2580 4086 omnibus
2607 4029 2661 4084 in
2695 4026 2914 4083 Christo
2939 4021 3360 4095 quiescentibus,
3382 4019 3625 4085 Domine.

2036 4130 2208 4183 locum
2240 4125 2522 4197 refrigerii,
2546 4122 2682 4179 lucis
2711 4131 2766 4178 et
2794 4121 2941 4192 pacis
2966 4130 3024 4174 ut
3051 4118 3351 4188 indulgeas,
3375 4114 3625 4184 depreca-

2035 4237 2176 4285 mur,
2211 4235 2275 4275 ac
2304 4221 2346 4274 si
2375 4219 2460 4289 qui
2488 4224 2831 4288 peccatorum
2860 4212 3065 4269 meritis
3108 4208 3305 4269 inferni
3332 4217 3356 4246 α
3396 4204 3627 4262 tenebris

2035 4329 2099 4379 ac
2136 4312 2409 4383 suppliciis
2439 4310 2763 4373 detinentur,
2809 4303 3190 4362 misericordia:
3231 4311 3358 4370 tuae,
3392 4312 3631 4363 oramus,

2036 4406 2252 4478 indulge
2271 4406 2574 4470 clementia,
2597 4416 2797 4472 eosque
2818 4400 2884 4455 ad
2928 4400 3163 4469 requiem
3193 4393 3420 4450 transire
3451 4390 3629 4461 praeci-

2036 4501 2184 4571 pias,
2214 4508 2268 4554 et
2294 4501 2463 4569 prima
2495 4495 2727 4552 anastasi
2753 4510 2875 4549 cum
2908 4492 3105 4547 sanctis
3133 4494 3187 4545 et
3206 4488 3393 4544 electis
3422 4486 3525 4541 tuis
3550 4484 3629 4554 ju-

1962 4603 2018 4665 1)
2040 4596 2169 4650 beas
2186 4591 2476 4658 sociari;ut
2504 4591 2680 4661 portio
2702 4598 2788 4645 tua
2820 4589 2925 4643 sint
2951 4585 3003 4640 in
3024 4593 3160 4639 terra
3174 4581 3483 4637 viventium.
3509 4577 3629 4633 Per.

2698 4682 2769 4730 Ad
2796 4693 2982 4744 pacem.

2111 4770 2268 4838 Deus,
2282 4770 2710 4841 cujussummum
2730 4763 3048 4818 sacrificium
3064 4771 3145 4817 est
3166 4758 3496 4816 concordans
3520 4756 3632 4810 aui-

2039 4879 2145 4931 tna,
2175 4864 2261 4920 cui
2292 4865 2654 4919 holocaustum
2682 4856 3080 4928 pinguissimum
3103 4864 3181 4910 est
3202 4853 3408 4925 placata
3430 4856 3485 4905 et
3507 4864 3633 4916 pura

2039 4954 2389 5023 conscientia,
2421 4952 2657 5008 concede
2683 4950 2859 5014 nobis,
2884 4960 3214 5018 quaesumus,
3244 4953 3302 4999 ut
3330 4940 3634 5014 conjunctio
3680 4936 3687 4947 “’

2018 5040 2021 5041 ⁷
2049 5045 2309 5101 Iabiorum
2341 5044 2529 5114 c0pula
2552 5042 2815 5098 efficiatur
2836 5041 3157 5107 animarum,
3187 5045 3242 5092 et
3274 5032 3627 5091 ministerium

2047 5135 2214 5194 osculi
2252 5144 2526 5208 perpetuae
2558 5136 2801 5206 proficiat
2850 5131 3120 5191 charitati.
3152 5130 3270 5187 Per.

2703 5226 2986 5277 Immolatio.

2120 5315 2343 5389 Dignum
2375 5322 2431 5371 et
2449 5313 2650 5384 justum
2680 5322 2783 5379 est,
2822 5326 2919 5367 nos
2949 5307 3046 5365 tibi
3066 5306 3267 5380 gratias
3312 5317 3492 5375 agere,
3522 5301 3634 5356 Do-

2044 5410 2187 5469 mine
2213 5418 2419 5474 sancte,
2444 5408 2600 5464 Pater
2619 5405 2979 5477 omnipotens,
3000 5410 3201 5456 aeterne
3228 5397 3393 5464 Deus,
3416 5392 3514 5451 tibi
3536 5394 3630 5452 de-

2112 5556 2135 5582 α
2170 5544 2225 5599 Ιιι
2254 5541 2621 5613 superioribus
2648 5536 2827 5593 missis
2848 5612 2851 5613 ν
2860 5530 3077 5613 12,56,
3106 5529 3200 5613 βο.
3222 5541 3278 5588 et
3298 5532 3354 5613 in
3382 5530 3627 5613 sequenti

2038 5616 2109 5673 so
2152 5619 2210 5669 fit
2255 5600 2455 5670 mentio
2483 5613 2551 5668 de
2597 5621 2808 5667 (artam.
2843 5605 3057 5661 similes
3107 5603 3357 5675 loquendi
3400 5601 3543 5658 modi
3572 5600 3625 5657 in

2038 5688 2219 5742 missis
2250 5687 2445 5741 nostris
2487 5700 2581 5753 pro
2610 5679 2893 5736 defunctis.

2102 5780 2115 5798 '
2144 5777 2241 5827 Sic.
2270 5777 2416 5827 Forte
2441 5773 2595 5835 pluris
2616 5769 2898 5835 confessurus
2919 5766 3204 5835 legendum,
3243 5766 3399 5835 forma
3433 5761 3632 5835 ablativi

2034 5849 2285 5955 animi“,
2323 5847 2377 5889 ut
2412 5826 2558 5902 supra
2585 5826 2717 5885 num'.
2746 5830 2912 5893 LXIX,
2936 5826 3082 5885 missa
3118 5826 3361 5893 de’pfurt's
3380 5830 3627 5891 κιαι-(νηί.
