4048 6350
559 328 658 385 3H
1243 328 1591 387 APPENDIX
1629 332 1723 389 AB
1763 330 1997 388 OPERA
2040 328 2296 389 SANCTI
2339 331 2657 394 GERMANI
2695 336 3136 403 PARISIENSIS.
3806 350 3889 405 5i!

557 442 697 499 bitas
716 440 901 500 laudes
928 445 1019 514 pio
1045 445 1251 502 honore
1273 447 1508 516 deferre,
1526 457 1579 504 et
1601 448 1921 506 mirabilium
1948 459 2161 505 tuorum
2186 449 2239 510 Α
2263 463 2422 519 quam
2469 452 2839 512 defunctorum
2865 499 2881 525 ,
2929 459 3015 515 vel
3068 459 3135 514 ad
3182 459 3420 517 merita
3450 459 3552 517 vel
3583 459 3654 518 ad
3693 475 3883 533 peccata

554 537 941 595 inenarrabilia
988 540 1257 608 praeconia
1322 542 1531 597 devota:
1574 544 1769 597 mentis
1809 544 2158 599 veneratione
2260 542 2572 610 respiciens,
2602 546 2735 601 alios
2760 549 2943 617 jubeat
2962 549 3028 605 ad
3056 553 3343 622 gratiam,
3382 553 3541 609 alios
3584 554 3657 610 ad
3696 560 3885 621 veniam

552 631 849 687 celebrare.
877 629 955 685 Te
986 631 1148 700 igitur
1174 632 1498 690 ineffabilem
1528 648 1708 689 rerum
1738 634 1979 689 omnium
2022 648 2153 688 con-
2256 635 2547 703 pertinere.
2578 638 2698 697 Per.

551 719 781 777 ditorem
812 722 1113 790 laudamus,
1146 723 1533 807 benedicimus,
1563 727 1869 794 adoramus,
1884 740 1980 796 per
2002 725 2157 782 Chri-
2329 791 2481 814 mu
2504 792 2742 814 “Am
2765 797 2808 814 ,ξ
2850 812 2860 814 ξ
2892 716 2965 810 Af}
2990 729 3182 814 Pacem:
3517 802 3532 814 ο

549 821 689 868 εωη,
712 813 994 869 Dominum
1024 806 1289 870 nostrum.
1519 791 1528 795 ⁷
1854 791 1899 796 ”
2327 791 2748 868 2941η1εὼθτθ
2765 797 2816 851 in
2843 799 3049 855 animas
3068 810 3326 867 nostras,
3363 802 3739 873 omnipotens
3757 813 3882 865 teter-

966 910 971 911 ί
1169 907 1285 957 post
1308 908 1532 959 3mm.
2255 898 2324 941 ne
2354 886 2519 952 Deus,
2542 900 2594 943 et
2624 890 2841 959 templa,
2872 907 2992 962 qua:
3019 893 3157 963 lapis
3184 895 3288 950 ille
3323 896 3640 967 angularia
3668 907 3787 955 tuus
3808 917 3880 956 ex-

622 986 762 1043 Vere
790 997 1025 1057 sanctus,
1057 1005 1185 1046 vere
1214 991 1529 1047 benedictus
1557 992 1817 1049 Dominus
1845 1001 2029 1050 noster
2062 993 2126 1052 Je

2253 979 2481 1049 struxit,
2536 982 2849 1052 ingredere;
2890 996 2947 1040 ut
2986 987 3256 1057 Majestati
3296 988 3543 1045 hostias
3576 1002 3881 1060 praeparatas

544 1092 638 1134 sus
668 1078 913 1136 Christus
938 1082 1104 1137 Filius
1127 1090 1249 1138 tuus
1281 1101 1293 1136 :
1328 1086 1417 1155 qui
1448 1086 1597 1140 venit
1635 1086 1702 1141 de
1731 1086 1901 1151 caelis,
1925 1097 1984 1143 ut
2010 1102 2126 1145 cont

2250 1087 2349 1143 per
2375 1075 2547 1144 ipsum
2580 1075 2673 1130 tibi
2702 1079 2967 1146 possimus
3008 1079 3202 1137 ollerre
3228 1126 3245 1147 ,
3307 1083 3418 1153 qui
3474 1094 3733 1140 sanctam
3775 1101 3880 1142 con-

542 1181 856 1227 versaretur
882 1173 934 1227 in
964 1175 1150 1241 terris;
1184 1174 1346 1230 homo
1374 1175 1566 1243 factus,
1586 1184 1644 1231 ut
1673 1176 1943 1233 habitaret
1963 1179 2016 1233 in
2046 1194 2126 1234 ηο·

2248 1165 2444 1233 stituit,
2478 1174 2534 1221 et
2557 1181 2747 1237 pacem
2771 1171 2928 1226 nobis
2961 1173 3288 1242 prepitiatus
3325 1176 3611 1233 indulsit.
3642 1177 3765 1235 Per.

542 1264 660 1332 bis;
701 1267 875 1323 hostia
898 1268 1143 1337 eilectus,
1176 1280 1234 1325 ut
1267 1285 1363 1326 nos
1405 1272 1607 1328 faceret
1653 1272 1983 1329 sacerdotes.
2026 1273 2145 1345 Ipse
2324 1344 2341 1345 ί
2372 1344 2377 1345 ί
2900 1260 3188 1317 ¹⁰π¹¹⁰¹³ῑίοο

541 1361 685 1417 euim
713 1363 807 1433 qui
834 1363 973 1434 prid.
2054 1344 2059 1345 ί
2318 1344 2545 1415 Dignum
2575 1357 2631 1405 et
2653 1348 2855 1420 justum
2905 1362 3016 1418 est,
3049 1353 3332 1424 Majestati
3370 1365 3492 1412 tua
3512 1398 3529 1422 ,
3581 1367 3773 1415 sancte
3796 1359 3878 1415 Pa-

1172 1458 1285 1509 post
1306 1463 1514 1509 secreta.
2247 1444 2347 1503 ter,
2374 1444 2713 1512 omnipotens
2740 1486 2754 1509 ,
2802 1455 3005 1503 mterne
3055 1448 3196 1505 Deus
3220 1490 3235 1514 ,
3300 1450 3519 1507 laudes
3568 1452 3664 1522 pio
3694 1453 3875 1513 honoro

2241 1526 2485 1598 deferre,
2523 1540 2579 1587 et
2612 1534 2935 1590 mirabilium
2972 1545 3180 1592 tuorum
3218 1539 3655 1595 inenarrabilia
3696 1558 3871 1609 prater»

2241 1618 2331 1673 nia
2371 1621 2584 1678 devota:
2629 1626 2824 1682 mentis
2868 1627 3218 1683 veneratione
3244 1629 3592 1685 celebrare.
3631 1630 3709 1687 Te
3736 1648 3865 1687 nam-

2240 1724 2343 1780 que
2368 1713 2962 1784 incompreltensibilem
2988 1727 3147 1789 atque
3169 1720 3542 1777 ineffabilem
3577 1722 3867 1792 Dominum,

2165 1834 2215 1896 Β
2241 1812 2296 1857 et
2322 1814 2622 1862 creatorem
2672 1809 2909 1864 omnium
2958 1825 3174 1881 semper
3216 1812 3645 1881 tremendum,
3682 1830 3772 1883 per
3791 1815 3863 1871 Je-

2241 1909 2359 1951 sum
2386 1896 2655 1954 Christum
2690 1900 2879 1956 Filium
2908 1910 3055 1957 tuum
3086 1903 3251 1958 Deum
3303 1918 3377 1959 ac
3432 1903 3739 1961 Dominum
3765 1905 3862 1961 Salé

2239 1998 2583 2060 vatoremque
2615 2000 2857 2048 nostrum
2886 1997 3169 2063 sentimus,
3200 1998 3531 2067 credimus,
3567 2000 3848 2069 sequimur,

2236 2088 2292 2134 et
2319 2096 2557 2137 oramus.
2590 2082 2814 2152 Tibique
2839 2100 3030 2154 purum
3064 2089 3166 2143 hoc
3191 2090 3556 2144 sacrificium
3590 2090 3847 2147 offerimus

2235 2172 2418 2242 gloriae
2448 2181 2551 2228 tuze
2582 2189 2702 2230 cum
2733 2177 2939 2247 angelis
2970 2187 3025 2234 et
3062 2180 3463 2254 archangelis,
3496 2192 3555 2239 et
3584 2183 3845 2240 innumera

2233 2263 2575 2321 multitudine
2618 2269 2943 2325 nunciorum
2988 2273 3190 2328 nostris
3219 2273 3500 2330 laudibus
3532 2290 3851 2347 prosequen-

2234 2363 2351 2423 tes,
2383 2358 2472 2427 qui
2516 2359 2567 2413 in
2598 2370 2885 2430 conspectu
2915 2361 3205 2433 Majestatis
3246 2374 3368 2422 tua:
3403 2370 3535 2424 sine
3564 2369 3846 2425 cessatione

2233 2448 2587 2517 proclamant,
2619 2452 2879 2509 dicentes.

2838 2546 2954 2598 Post
2975 2549 3200 2600 Sanctus.

610 1559 869 1629 Ostende,
884 1563 1225 1633 omnipotens
1245 1563 1402 1630 Deus,
1420 1563 1673 1633 gratiam;
1702 1579 1931 1635 agnosce
1943 1565 2142 1623 doctri-

542 1662 691 1710 nam.
723 1654 806 1710 Tu
837 1670 898 1712 es
925 1658 1244 1728 mysterium
1280 1670 1376 1725 pro
1401 1656 1591 1716 salute.
1612 1666 1665 1711 tu
1695 1661 1925 1725 pretium
1960 1676 1972 1711 :
2006 1660 2140 1716 doce

538 1736 995 1817 perseverantiam
1040 1748 1199 1819 293
1228 1762 1351 1803 cum
1393 1748 1640 1804 docueris
1669 1750 2048 1820 disciplinam;
2080 1760 2138 1807 ut

541 1839 599 1894 in
625 1839 725 1894 hac
749 1839 1025 1895 oblatione
1050 1854 1149 1895 nos
1177 1839 1394 1908 liberes,
1423 1842 1514 1912 qui
1546 1856 1643 1913 pro
1672 1842 2040 1902 occidentibus
2080 1855 2136 1903 et

539 1931 788 1986 moreris.
817 1931 940 1986 Per.

936 2020 1067 2071 Ante
1088 2022 1362 2073 orationem
1386 2023 1709 2077 Dominicam.

614 2101 732 2159 Non
764 2104 1063 2160 sufﬁcimus
1094 2105 1185 2160 tibi
1213 2108 1410 2177 gratias
1439 2123 1631 2178 agere,
1668 2110 1894 2167 Domine
1922 2122 2127 2182 sancte,

537 2194 696 2251 Pater
726 2196 1100 2268 omnipotens,
1130 2208 1335 2255 aeterne
1368 2200 1544 2270 Deus,
1584 2218 1682 2273 pro
1726 2206 1887 2259 tantis
1913 2207 2130 2262 miseri-

532 2288 732 2344 cordiae
760 2296 864 2345 tuas
888 2289 1050 2345 donis
1073 2330 1090 2358 ,
1120 2290 1315 2360 quibus
1343 2307 1439 2347 nos
1468 2293 1711 2349 viviﬁcas
1737 2336 1751 2358 ,
1801 2299 2123 2367 sanctificas,

532 2382 863 2437 aeternitates
894 2397 1196 2453 praeparas,
1223 2393 1278 2439 et
1306 2385 1562 2441 institutis
1597 2385 1866 2458 Unigeniti
1895 2390 1969 2444 tui
1998 2391 2130 2448 .lesu

531 2474 731 2531 Christi
779 2476 990 2531 Domini
1057 2492 1123 2533 ac
1176 2477 1469 2533 Salvatoris
1524 2482 1692 2536 nostri
1744 2482 2125 2554 indulgentiam

530 2566 748 2635 pietatis
776 2574 882 2621 tuae
912 2580 1034 2623 cum
1072 2568 1338 2625 immerita
1382 2571 1633 2640 poscendi
1662 2587 1819 2629 orare
1848 2578 2125 2636 concedis.

530 2655 698 2727 Cujus
729 2666 999 2728 praecepta
1028 2659 1351 2726 recolentes,
1381 2662 1648 2718 dicimus:
1681 2664 1858 2722 Pater.

950 2751 1073 2804 Post
1096 2755 1369 2806 orationem
1392 2755 1711 2808 Dominicam.

600 2833 794 2891 Libera
820 2844 848 2873 ι
870 2849 966 2892 nos
1007 2838 1077 2893 ab
1123 2839 1270 2894 omni
1296 2841 1461 2909 malo,
1487 2844 1825 2913 omnipotens
1858 2845 1995 2902 Deus
2022 2864 2037 2903 :
2068 2856 2124 2903 et

529 2926 655 2999 quia
678 2927 770 2983 tibi
814 2929 914 2985 soli
955 2939 1041 2986 est
1088 2932 1375 3000 praestandi
1404 2944 1665 3002 petestas,
1699 2936 1897 3003 tribue,
1931 2947 1989 2993 ut
2014 2939 2124 2995 sol-

527 3021 706 3077 lemne
728 3020 833 3077 hoc
858 3022 1180 3079 sacrificium
1212 3026 1505 3083 sanctificet
1532 3030 1697 3084 corda
1733 3040 1914 3087 nostra
1935 3074 1952 3102 ,
1983 3034 2110 3091 dum

529 3112 797 3180 creditur;
828 3113 1005 3169 deleat
1032 3122 1271 3183 peccata,
1300 3116 1425 3171 dum
1455 3119 1700 3175 sumitur.
1734 3122 1862 3177 Per.

1050 3203 1168 3255 Post
1189 3210 1602 3259 communionem.

596 3284 771 3340 Cibati
820 3299 959 3355 pane
1001 3286 1166 3357 vitae,
1217 3299 1272 3343 et
1320 3291 1539 3346 salutari
1583 3293 1775 3360 poculo
1823 3298 2116 3367 propinati,
2296 3289 2587 3359 Concede,
2620 3292 2845 3349 Domine
2872 3340 2886 3364 ,
2938 3295 3156 3352 famulis
3206 3302 3317 3358 tuis
3371 3310 3436 3357 ut
3470 3311 3693 3358 orantes
3716 3314 3819 3355 cum

524 3378 717 3435 fratres
744 3380 1049 3448 carissimi,
1104 3395 1325 3451 agamus
1373 3386 1576 3455 gratias
1613 3389 1971 3459 omnipotenti
2004 3393 2117 3449 Deo

2244 3383 2425 3439 iducia
2452 3386 2692 3442 dicamus
2718 3432 2732 3456 ,
2773 3388 2912 3444 sicut
2953 3390 3068 3461 ipse
3094 3390 3286 3462 jubere
3318 3396 3583 3466 dignatus
3613 3410 3672 3450 es
3694 3395 3819 3450 dice-

523 3469 710 3538 Patri,
739 3471 1086 3528 obsecrantes
1112 3472 1535 3531 misericordiam
1566 3478 1681 3548 ejus
1707 3524 1722 3547 ,
1756 3481 1829 3534 uti
1858 3480 1960 3537 hoc
1987 3497 2116 3539 san-
2225 3490 2286 3532 re
2313 3493 2327 3532 ἒ
2360 3476 2539 3533 Paler-

523 3570 671 3619 ctum
700 3562 1090 3619 benedictionis
1113 3577 1225 3620 sua:
1256 3565 1454 3621 donum
1472 3608 1489 3636 ,
1523 3568 1667 3638 quod
1700 3571 1753 3623 in
1783 3573 2014 3628 nominis
2034 3575 2119 3630 sui
2629 3571 2749 3623 Post
2772 3574 3049 3624 oralionem
3075 3576 3404 3629 Dominicam.

2305 2622 2445 2680 Vere
2470 2634 2687 2684 sanctus
2704 2670 2719 2694 ,
2764 2644 2894 2685 vere
2917 2633 2972 2685 in
2999 2633 3231 2689 excelsis
3269 2635 3559 2693 Dominus
3584 2635 3727 2693 Deus
3751 2650 3838 2693 no-

2230 2724 2342 2773 ster
2373 2718 2541 2776 Filius
2571 2728 2690 2777 tuus
2722 2723 2834 2779 Rex
2866 2724 3051 2782 Israel.
3083 2728 3183 2795 Qui
3208 2730 3417 2799 pridie.

2408 2880 2411 2883 Δ
2839 2814 2958 2865 Post
2986 2826 3198 2868 secreta.

2300 2891 2404 2948 Per
2426 2892 2568 2951 hunc
2595 2904 2665 2963 te,
2695 2894 2859 2967 Deus,
2884 2900 3041 2955 Pater
3060 2904 3441 2973 omnipotens,
3476 2906 3829 2976 deprecamur,

2230 2982 2451 3038 utsicut
2495 2986 2635 3039 sacri
2686 2988 2929 3058 mysterii
2958 2989 3332 3049 obeditionem
3379 2996 3725 3063 retinemus,
3767 2996 3827 3049 ita

2228 3071 2297 3128 ad
2326 3076 2543 3130 tutelam
2578 3085 2813 3133 nostram
2844 3081 3074 3136 cmlestis
3105 3083 3275 3139 virtus
3307 3096 3605 3155 operetur.
3640 3088 3755 3143 Per.

2145 3210 2197 3275 Β
2629 3186 2760 3237 Ante
2777 3190 3048 3240 orationem
3070 3190 3411 3245 Dominicam.

522 3653 731 3709 honore
775 3656 1122 3726 percepimus
1144 3698 1159 3723 ,
1194 3657 1441 3713 inlaesum
1485 3668 1647 3729 atque
1696 3660 2010 3718 inviolatum
2061 3664 2118 3721 in
2293 3653 2483 3710 Libera
2514 3670 2611 3711 n05
2635 3672 2663 3711 a
2690 3658 2850 3723 malo,
2882 3659 3221 3729 οπιηίροιθηε
3253 3661 3424 3732 DeUS,
3466 3670 3524 3719 et
3546 3658 3742 3719 custodi
3766 3658 3811 3715 in

521 3745 679 3802 nobis
707 3758 922 3816 semper
949 3759 1169 3802 servare
1197 3747 1468 3817 dignetur.
1500 3748 1621 3804 Per.
2222 3745 2390 3802 bono.
2422 3747 2522 3813 Qui
2548 3748 2683 3803 vivis
2710 3757 2763 3805 et
2786 3764 2999 3821 regnas.

1048 3839 1409 3892 Cousummatio
1429 3843 1606 3892 missas.
2738 3840 2858 3891 Post
2874 3844 3287 3896 communionem.

590 3919 802 3978 Refecti
829 3922 1073 3992 corporis
1102 3933 1158 3977 et
1202 3925 1478 3993 sanguinis
1522 3924 1735 3980 Domini
1783 3928 1951 3984 nostri
1989 3929 2119 3988 Jesu
2294 3925 2531 3996 Accepto
2579 3926 2780 3983 ctelesti
2828 3931 3068 3999 corporis
3100 3932 3484 4000 Sacramenta,
3539 3941 3596 3986 et
3636 3926 3801 3983 salutis

518 4011 752 4081 Christi,
782 4012 840 4068 in
882 4020 1146 4069 teternum
1174 4014 1443 4082 restituti,
1490 4015 1687 4071 hilares
1714 4016 1927 4097 Domini
1956 4021 2119 4078 mise-
2221 4027 2440 4074 aeternae
2491 4018 2659 4075 calice
2686 4022 2954 4087 recreati,
2982 4021 3093 4077 Deo
3120 4024 3261 4078 Patri
3293 4024 3658 4097 omnipotenti
3692 4034 3801 4092 gra-

519 4103 808 4161 ricordiam
839 4102 1212 4175 deprecemur.
1248 4104 1366 4159 Per.
1720 4093 1736 4103 ’
2219 4111 2322 4167 tias
2346 4125 2589 4182 agamus,
2622 4112 2915 4184 laudesque
2942 4115 3207 4173 dicamus.
3233 4118 3262 4174 ἶ
3276 4133 3342 4174 er

834 4212 1073 4270 LXXVI.
1114 4228 1246 4270 l'l'EIl
1272 4228 1423 4271 mssa
1453 4229 1807 4275 DOIHNICALIS.

2714 4203 3077 4256 Consummatio
3100 4210 3279 4259 misse.

2296 4282 2458 4353 Deus,
2490 4287 2691 4359 gratias
2727 4288 2822 4343 tibi
2850 4288 3079 4358 agimus,
3105 4306 3201 4361 per
3219 4306 3385 4363 quem
3417 4289 3663 4365 mysteria
3681 4298 3792 4341 san-

2217 4382 2307 4431 cta
2332 4378 2667 4433 celebramus
2685 4425 2699 4447 ,
2731 4396 2761 4433 a
2786 4390 2836 4434 te
2858 4382 3156 4439 sanctitatis
3180 4392 3236 4439 et
3255 4383 3648 4442 misericordia:
3671 4378 3789 4435 dona

2219 4467 2583 4538 deposcimus.
2618 4469 2721 4524 Per
2749 4470 3053 4528 Dominum.

590 4325 946 4397 Omnipotens
971 4325 1145 4393 Deus,
1184 4326 1354 4395 dirige
1384 4340 1485 4382 nos
1525 4329 1577 4384 in
1608 4330 1747 4386 viam
1770 4331 2027 4405 iustitiae,
2055 4344 2114 4393 ut

515 4419 635 4477 haec
658 4434 907 4490 geramus
931 4462 948 4489 ,
979 4428 1034 4474 et
1073 4420 1162 4474 illa
1209 4420 1510 4491 cogitemus
1531 4464 1546 4487 ,
1598 4439 1719 4494 quae
1750 4426 1843 4481 tihl
1883 4426 1935 4481 in
1966 4428 2113 4485 diem

514 4514 700 4588 iudicii
724 4528 983 4571 excusare
1012 4514 1300 4584 possimus.
1334 4514 1455 4570 Per.

1205 4604 1458 4657 Collectio.

2530 4578 2790 4636 LXXVII.
2838 4597 2967 4637 trsa
2998 4598 3147 4641 mssa
3185 4602 3540 4644 DOHINICALIS.

588 4691 908 4751 lmmensam
960 4690 1404 4762 tremendamQue
1449 4692 1666 4764 pietatis
1716 4704 1819 4752 tuas
1864 4697 2108 4757 clemen-
2140 4669 2157 4671 ᾔ
2234 4766 2254 4784 ³
2291 4673 2688 4744 εθηιριιθτηειιη
2740 4674 2833 4730 θεῖ
2884 4676 3250 4784 ΜθῘθείθῑθξη,
3291 4683 3484 4784 "ﬁlms
3522 4669 3780 4784 “rufi”?

514 4786 666 4853 tiam,
697 4785 1038 4856 omnipotens
1066 4784 1206 4839 Deus
1228 4825 1245 4851 ,
1289 4785 1564 4854 supplices
1592 4800 1897 4857 exoramus,
1930 4801 1985 4846 ut
2014 4808 2108 4848 au-
2221 4766 2600 4837 ἀθιπθθθητηνν
2635 4777 2689 4824 ¹¹¹
2711 4778 2949 4825 sanetam
2976 4787 3071 4842 per
3092 4776 3255 4831 ίθίίυε
3286 4777 3438 4833 "bis
3464 4774 3630 4846 ⁵Ρ³ίί²
3654 4779 3781 4824 ¹¹¹θ³’

512 4880 644 4936 xilio
667 4888 758 4935 tuo
787 4878 1041 4934 universa
1082 4893 1113 4932 a
1160 4877 1315 4933 nobis
1356 4888 1695 4935 terrenarum
1730 4880 1977 4937 vitiorum
2008 4899 2110 4941 sa:-

2244 4878 2304 4916 ur
2331 4862 2657 4928 Ecclesium;
2702 4866 3166 4921 conversationem
3205 4868 3571 4931 sacerdmibus
3604 4870 3777 4917 conce-

510 4972 884 5040 culariumque
963 4970 1334 5025 discriminum
1406 4978 1741 5027 tentatnenta
1808 4972 2104 5041 discedant,

2244 4955 2313 5009 lat
2343 4954 2658 5022 honestam;
2710 4956 2872 5010 vitam
2905 4958 3113 5027 pupulis
3156 4960 3353 5015 tribuat
3389 4957 3774 5041 sempiternam;

512 5073 679 5135 atque
724 5064 778 5118 in
828 5061 1071 5117 Ecclesia
1121 5071 1210 5115 tua
1258 5062 1524 5118 catholica
1570 5064 1842 5135 religionis
1888 5081 2101 5138 semper

2244 5047 2541 5117 'irginibus,
2568 5046 2766 5114 viduis,
2798 5049 3084 5117 orpltanis,
3116 5064 3179 5106 ac
3204 5051 3595 5123 pmniteutibus,
3628 5042 3702 5098 vel
3728 5040 3771 5093 in

515 5165 730 5214 maneat
754 5155 977 5213 inlibata
1003 5155 1238 5211 devotio.
1266 5155 1388 5211 per.
2218 5140 2647 5209 quibuscumque
2692 5142 3103 5198 necessitatibus
3151 5145 3455 5201 constitutis
3478 5184 3493 5209 ,
3536 5144 3770 5210 oportuna

1141 5244 1260 5297 Ροει
1283 5248 1491 5297 nomina,
2218 5231 2469 5302 praesidia
2500 5230 2734 5297 tribuat;
2758 5241 2812 5287 et
2837 5233 2997 5305 295
3018 5234 3118 5290 sibi
3143 5237 3334 5306 placita
3359 5246 3479 5292 vota
3504 5227 3766 5291 concedat:

581 5328 791 5384 Auditis
817 5327 1129 5384 nominibus
1154 5329 1469 5396 recensitis,
1520 5329 1853 5390 dilectissimi
1885 5332 2098 5405 fratres,

2244 5338 2267 5377 tt
2300 5321 2825 5391 peregrinationibus
2856 5324 3073 5393 prtemia
3102 5368 3117 5393 ,
3172 5328 3224 5381 in
3255 5328 3531 5384 doloribus
3560 5318 3764 5379 medica'

508 5420 678 5479 Deum
710 5422 924 5492 pietatis
951 5431 1007 5477 et
1044 5421 1430 5478 misericordiae
1469 5422 1850 5494 deprecemur,
1892 5437 1952 5483 ut
1988 5431 2105 5487 haec

2244 5422 2415 5482 nenta,
2457 5414 2507 5468 in
2540 5413 2819 5471 laboribus
2844 5426 3061 5485 praestet
3088 5420 3369 5476 auxilium.

510 5528 634 5586 quas
682 5513 860 5569 oblata
903 5524 1030 5571 sunt
1076 5514 1340 5587 benignus
1384 5517 1676 5575 adsumat:
1729 5520 1933 5576 nullum
1981 5537 2101 5579 utn-
2186 5564 2193 5569 .
2854 5528 3111 5583 Collectlo.

510 5621 669 5679 quam
722 5621 788 5663 ex
838 5606 959 5673 his,
1007 5621 1108 5680 pro
1155 5608 1349 5681 quibus
1395 5609 1706 5667 holocausta
1756 5611 2101 5683 franguntur,
2286 5614 2445 5679 Deus,
2482 5612 2569 5685 qui
2598 5612 2751 5668 dives
2781 5628 2840 5669 es
2871 5615 2934 5667 ad
2966 5615 3346 5684 ignoscendum
3374 5658 3389 5687 ,
3431 5622 3483 5671 et
3507 5609 3756 5684 promer"

511 5698 750 5756 muneris
788 5698 871 5755 sui
917 5709 1160 5756 extorum
1202 5714 1325 5758 esse
1361 5700 1614 5771 patiatur,
1662 5711 1770 5758 tam
1804 5702 2099 5762 viventium
2222 5705 2439 5762 voluisti
2490 5704 2667 5763 carnis
2698 5702 3051 5776 humilitatem
3080 5704 3362 5775 adsumere
3387 5747 3401 5774 ν
3431 5710 3490 5761 υῑ
3515 5697 3653 5756 "om
3672 5692 3753 5746 ¹¹⁰⁹

580 5861 609 5897 ι
645 5849 850 5913 Eadem
894 5854 1065 5913 oratio
1116 5854 1169 5912 in
1228 5855 1391 5914 missa
1440 5857 1473 5916 5
1524 5856 1761 5917 Missalis
1803 5859 2089 5931 Gallicani,
2134 5862 2291 5920 infra.
