4048 6350
171 338 318 396 313

173 660 428 717 semper
455 649 593 703 bona
623 666 741 719 quze
769 666 796 705 a
822 661 873 706 te
905 655 1226 723 percipimus
1261 665 1564 723 teneamus,
1596 669 1649 713 et
1671 675 1796 730 quo-

174 740 349 795 tiens
399 742 450 796 in
506 745 742 810 peccatis
790 744 1038 812 labimur,
1071 763 1165 816 per
1191 749 1555 818 paenitentiam
1586 752 1791 808 releve-

170 847 347 889 mur.
380 835 499 891 Per.

848 932 964 984 Post
991 935 1199 984 nomina.

268 1013 581 1072 Recensitis
608 1016 924 1073 oll'erentum
970 1020 1277 1077 nominibus
1302 1065 1317 1090 ,
1366 1022 1604 1079 divinam
1636 1027 1796 1082 mise-

171 1105 494 1162 ricordiam
519 1122 808 1164 exoremus
833 1151 847 1173 ,
889 1119 947 1164 ut
977 1111 1260 1167 oﬁerentes
1290 1114 1390 1168 sibi
1423 1117 1644 1184 placitos
1674 1132 1795 1175 esse

168 1194 395 1253 faciat:
440 1207 494 1254 et
540 1215 658 1270 quae
700 1201 930 1256 oil'erunt
960 1203 1011 1257 in
1052 1204 1270 1258 odorem
1299 1206 1499 1262 incensi
1530 1209 1665 1264 bene
1693 1210 1792 1264 ila-

171 1293 407 1363 grantis
435 1290 709 1346 adsumat:
759 1293 1024 1348 defunctis
1065 1310 1162 1365 pro
1190 1296 1384 1366 quibus
1416 1299 1530 1354 hac
1559 1300 1792 1355 oﬁ'erun-

173 1389 308 1446 tur,
334 1390 591 1437 aeternam
624 1383 1006 1438 beatitudinem
1034 1428 1048 1452 ,
1103 1386 1400 1441 viventibus
1430 1389 1653 1457 gratiam
1681 1405 1792 1445 sum

172 1473 416 1542 pietatis
444 1475 735 1540 concedat;
761 1487 816 1530 et
836 1477 959 1545 quia
989 1478 1154 1546 gratis
1182 1492 1285 1531 non
1318 1479 1652 1536 merentibus
1673 1497 1791 1550 qua:

172 1574 327 1620 sunt
355 1574 618 1634 oportuna
649 1576 906 1636 praestare
934 1583 1039 1622 non
1071 1569 1304 1637 desinit,
1339 1580 1393 1625 et
1420 1571 1524 1625 illis
1552 1588 1648 1643 pro
1675 1575 1791 1641 qui-

173 1660 300 1718 bus
351 1661 548 1716 oblatio
597 1678 702 1715 non
747 1661 994 1727 oﬁ‘ertur,
1044 1663 1408 1719 remuneratio
1446 1665 1789 1722 beatitudinis

174 1767 310 1810 non
341 1761 582 1824 negetur.
621 1754 743 1810 Per.

815 1848 890 1897 Ad
911 1861 1098 1911 pacem.

259 1947 410 2004 Deus
439 1948 596 2004 Pater
616 1948 981 2021 omnipotens,
1007 1961 1112 2006 tute
1134 1951 1368 2022 pietatis,
1393 1969 1456 2009 ac
1479 1954 1524 2010 si
1553 1955 1781 2026 indigni,

175 2041 622 2098 misericordiam
673 2044 1045 2114 deprecamur,
1098 2055 1157 2100 ut
1209 2049 1492 2103 universos
1536 2050 1787 2118 paciﬁcos

171 2149 309 2191 esse
335 2135 503 2192 facias
525 2180 541 2204 ,
581 2153 715 2206 quos
745 2140 796 2192 in
829 2148 1013 2194 sancta
1049 2138 1287 2196 Ecclesia
1321 2151 1377 2196 ut
1411 2152 1460 2197 te
1490 2144 1786 2214 deprecen-

171 2240 296 2297 tur,
331 2231 564 2297 invitas;
600 2231 886 2287 concordia
916 2233 968 2287 in
1018 2248 1077 2287 se
1125 2234 1376 2288 alimenta
1409 2236 1681 2301 nutriant;
1730 2247 1786 2292 et

171 2324 484 2396 iurgiorum
528 2326 858 2380 incrementa
907 2325 1222 2383 succidant:
1265 2328 1347 2381 vel
1401 2329 1490 2396 qui
1544 2343 1603 2382 se
1648 2328 1781 2383 aﬁ‘e-

173 2428 333 2474 ctant
361 2419 584 2486 osculis,
617 2435 751 2490 puro
778 2434 991 2489 semper
1015 2421 1176 2476 corde
1205 2422 1593 2491 complectant;
1623 2433 1784 2492 atque

173 2511 344 2565 etiam
384 2510 461 2564 illi
493 2511 746 2566 studeant
771 2527 897 2568 esse
929 2512 1160 2582 paciﬁci,
1188 2514 1277 2582 qui
1309 2527 1368 2568 se
1397 2529 1503 2568 non
1537 2515 1784 2570 videntur

174 2601 337 2658 labiis
368 2603 621 2658 osculari.
657 2603 780 2659 Per.

808 2695 1096 2747 Immolatio.

259 2775 497 2846 Dignum
531 2785 586 2832 et
611 2777 809 2847 justum
833 2789 936 2834 est.
963 2778 1102 2836 Vere
1125 2794 1334 2850 aequum
1366 2791 1416 2836 et
1443 2781 1644 2852 justum
1673 2791 1777 2851 est,

175 2868 490 2934 ineffabilia,
526 2869 1100 2939 incomprehensibilis,
1131 2873 1458 2941 sempiterne
1493 2873 1653 2939 Deus,
1679 2888 1778 2929 nos

175 2957 280 3014 tibi
310 2973 525 3029 semper
551 2960 749 3029 gratias
776 2975 957 3031 agere,
989 2976 1123 3030 quos
1152 2961 1415 3018 immensa
1447 2979 1551 3018 non
1571 2965 1775 3019 desinis

175 3052 531 3107 miseratione
582 3053 781 3107 l'overe.
833 3051 967 3107 Nam
1028 3054 1150 3123 quis
1205 3063 1350 3108 tuam
1402 3057 1570 3125 possit
1617 3057 1777 3128 digne

175 3144 403 3202 laudare
429 3147 747 3216 potentiam,
763 3146 918 3216 cujus
942 3161 1042 3202 nec
1060 3147 1311 3202 divinitas
1325 3150 1534 3204 mortali
1557 3161 1775 3219 aspectu

174 3238 461 3306 cernitur,
524 3253 623 3293 nec
683 3239 1000 3295 inmensitas
1045 3240 1384 3297 sermonibus
1427 3243 1767 3312 explicatur?
1798 3243 1845 3310 C
1875 3246 2049 3315 fama
2093 3263 2357 3333 virginum
2387 3307 2400 3331 ,

175 3327 392 3384 Sufﬁcit
439 3343 568 3400 ergo
611 3331 752 3400 quod
801 3339 856 3387 te
906 3331 1118 3387 Patrem
1143 3332 1454 3403 diligimus,
1487 3335 1770 3392 Dominum

174 3436 540 3488 veneramur,
607 3423 920 3480 Creatorem
985 3427 1347 3496 suscipimus,
1397 3429 1774 3496 amplectimur

176 3511 578 3569 Redemtorem.
614 3514 852 3582 iPraesta
879 3560 894 3584 ,
967 3518 1382 3574 clementissime
1429 3520 1765 3589 Dominator,

175 3621 234 3668 ut
263 3614 470 3681 angusti
495 3597 646 3668 callis
673 3659 688 3682 ,
724 3629 884 3684 quam
935 3618 1186 3686 praecipis
1217 3617 1462 3672 semitam
1504 3618 1773 3687 possimus

175 3701 508 3775 ascendere,
541 3723 637 3777 per
664 3723 823 3778 quam
852 3709 919 3764 ad
963 3719 1218 3766 aeternam
1248 3712 1520 3766 valeamus
1542 3713 1773 3767 beatitu-

174 3799 357 3855 dinem
387 3800 704 3869 pervenire;
762 3816 860 3856 nec
909 3801 1032 3855 ullis
1083 3802 1324 3871 impediti
1372 3804 1665 3858 obstaculis
1695 3813 1772 3860 te-

176 3906 422 3960 neamur,
450 3892 544 3947 sed
569 3892 640 3947 sit
662 3893 816 3948 nobis
845 3909 1039 3949 cursus
1070 3893 1238 3963 ipsius
1266 3895 1473 3951 itineris
1498 3898 1770 3955 aeternitas

175 3985 445 4042 salutaris.
480 3985 582 4039 l’er
608 3984 883 4040 Christum
915 3986 1200 4040 Dominum
1231 3997 1492 4041 nostrum.

781 4076 900 4126 Post
924 4077 1151 4127 Sanctus.

247 4158 384 4214 Vere
415 4166 632 4214 sanctus
657 4200 672 4224 ,
719 4173 844 4214 vere
888 4161 1203 4216 benedictus
1232 4161 1285 4215 in
1323 4162 1551 4218 excelsis
1583 4160 1766 4218 Domi-

174 4265 273 4307 nus
321 4251 463 4306 Deus
513 4259 699 4305 noster
735 4250 890 4306 Jesus
932 4249 1177 4309 Christus
1229 4253 1392 4309 Filius
1438 4263 1596 4320 tuus,
1652 4257 1767 4313 Rex

173 4344 401 4399 lsraliel.
454 4344 554 4411 Qui
581 4345 721 4399 sicut
749 4344 867 4400 ovis
889 4332 965 4398 ad
995 4345 1320 4401 occisionem
1351 4347 1542 4402 ductus
1567 4393 1581 4416 ,
1614 4359 1668 4404 et
1695 4352 1767 4404 si-

174 4447 260 4493 cut
287 4450 458 4509 agnus
486 4452 671 4493 coram
723 4438 978 4494 tondente
1020 4454 1080 4494 se
1106 4483 1119 4507 ,
1153 4442 1270 4496 sine
1296 4457 1426 4498 voce
1452 4484 1467 4508 ,
1499 4443 1660 4515 296
1687 4446 1766 4512 sic

177 4547 280 4586 non
309 4533 518 4601 aperuit
546 4545 608 4586 os
634 4546 811 4588 suum.
847 4531 966 4602 Ipse
993 4534 1136 4589 enim
1167 4535 1257 4605 qui
1285 4537 1422 4606 prid.

735 4645 856 4696 Post
880 4649 1187 4710 mysterium.
1787 4627 1844 4689 Ῑ)

243 4753 487 4822 Magnum
514 4750 617 4806 hoc
645 4763 841 4806 munus
880 4751 1265 4808 misericordiae
1313 4759 1428 4820 est,
1485 4753 1574 4820 qui
1604 4754 1758 4810 nobis

174 4845 348 4899 docuit
415 4841 822 4910 Redemptionis
883 4851 1082 4897 nostrae
1144 4843 1401 4898 sacriﬁcia
1450 4844 1752 4912 celebrare,

174 4939 304 4993 sicut
329 4936 523 4992 obtulit
571 4933 829 4989 Dominus
877 4946 1063 4990 noster
1105 4936 1262 4991 Jesus
1292 4937 1536 4990 Christus
1559 4937 1612 4991 in
1643 4947 1752 4992 ter-

175 5033 264 5087 ris.
315 5029 416 5084 Per
439 5042 598 5098 quem
643 5036 694 5082 te
719 5068 734 5093 ,
775 5027 934 5082 Pater
962 5027 1306 5097 omnipmens
1331 5071 1346 5095 ,
1381 5029 1752 5098 deprecamur,

178 5132 233 5178 ut
269 5120 604 5191 supraposita
653 5119 844 5174 altario
896 5128 987 5174 tuo
1033 5134 1256 5174 munera
1305 5119 1460 5174 lactus
1490 5121 1753 5189 aspicias:

177 5224 325 5286 atque
351 5215 468 5270 haec
505 5214 686 5270 omnia
732 5212 1022 5270 obumbres
1052 5222 1078 5250 ι
1109 5214 1280 5268 sancti
1321 5213 1440 5268 Filii
1485 5214 1560 5268 tui
1592 5215 1759 5284 Spiri-

179 5318 283 5374 tus;
324 5315 383 5364 ut
406 5307 547 5377 quod
590 5323 659 5364 ex
691 5307 792 5363 hac
823 5316 909 5362 tua
937 5305 1328 5373 benedictione,
1359 5309 1730 5379 acceperimus

180 5399 480 5459 cternitatis
523 5399 689 5471 gloria
719 5413 1134 5470 consequamur.
1168 5399 1292 5455 Per.

585 5495 715 5546 Ante
738 5496 1012 5546 orationem
1032 5493 1358 5545 Dominieam.
1699 5531 1702 5534 .

246 5576 502 5634 Mentoreo
546 5583 937 5649 praeceptorum
965 5584 1180 5633 tuorum
1205 5619 1220 5647 ,
1253 5577 1506 5648 Domine,
1537 5594 1751 5640 oramus

181 5678 233 5730 et
249 5664 490 5728 dicimus.

247 5839 269 5917 ξ
302 5828 614 5917 [tegendum
640 5831 921 5917 obumbret,
957 5831 1045 5917 vel
1070 5833 1256 5917 spiritu
1277 5831 1444 5917 infra:
1489 5902 1520 5917 Α.

246 5900 272 5944 δ
305 5900 550 5959 Notanda
595 5904 709 5960 hinc
756 5900 917 5959 verba
965 5903 1033 5958 de
1073 5900 1320 5960 sacriﬁcii
1358 5902 1627 5960 oblatione
1655 5919 1750 5976 per

1249 346 1336 404 DE
1375 347 1699 406 LITURGIA
1742 352 2129 414 GALLICANA
2169 359 2371 420 LIBER
2408 364 2499 422 Ill.

174 457 457 513 militatis
505 459 752 529 exempla
790 458 1154 532 relinqueres,
1202 472 1256 518 et
1296 465 1346 518 in
1379 465 1802 536 quibuscumque
1829 472 1881 531 Α

173 552 558 624 passionibus
607 570 702 609 nos
735 555 939 611 faccres
988 573 1108 612 esse
1139 568 1474 625 constantes,
1513 571 1703 631 praesta
1744 574 1801 618 ut

3383 380 3492 440 3M

2349 476 2467 528 Post
2485 483 2758 533 orationem
2781 484 3080 539 Dominicam

1979 556 2167 612 Libera
2235 576 2332 616 nos
2381 578 2410 618 a
2460 565 2646 634 malis,
2699 580 2885 626 auctor
2922 573 3183 632 bonorum
3223 578 3486 650 omnium,

1905 647 2048 703 Deus
2075 669 2088 704 :
2115 650 2279 706 libera
2308 668 2406 710 nos
2428 657 2496 711 ab
2523 660 2668 713 omni
2695 663 2983 720 tentatione
3003 707 3019 730 ,
3052 669 3120 721 ab
3149 671 3295 725 omni
3335 687 3492 729 scan-

1901 739 2044 805 dalo,
2080 742 2148 796 ab
2175 745 2320 799 omni
2349 747 2559 814 haeresi,
2587 752 2655 804 ab
2681 755 2827 808 omni
2856 770 3019 825 opere
3043 761 3406 830 tenebrarum,
3434 772 3494 822 et

1899 833 2170 888 constitue
2217 851 2314 892 nos
2346 839 2397 892 in
2437 843 2580 895 omni
2612 858 2774 912 opere
2802 847 2978 916 bono;
3010 860 3064 905 et
3108 851 3172 905 da
3214 869 3394 919 pacem
3426 857 3483 914 iu

1897 924 2087 981 diebus
2116 930 2334 995 nostris,
2359 941 2549 987 auctor
2579 937 2726 1004 pacis
2767 948 2821 993 et
2868 942 3094 1010 veritas,
3130 945 3290 1003 Deus.
3322 948 3443 1004 Per.

2423 1025 2540 1077 Post
2560 1033 2965 1082 communionem.

1970 1108 2310 1179 Spiritalibus
2357 1115 2494 1183 pasti
2541 1118 2715 1186 epulis
2738 1159 2755 1184 ,
2798 1134 3014 1176 oremus
3039 1123 3245 1181 Patrem
3267 1168 3280 1192 ,
3314 1136 3370 1183 et
3399 1129 3488 1186 Fi-

1897 1197 2052 1264 lium,
2086 1211 2137 1256 et
2164 1202 2422 1272 Spiritum
2456 1219 2721 1279 sanctum,
2758 1220 2816 1266 ut
2843 1215 3177 1273 mortilicatis
3203 1220 3487 1280 desideriis

1896 1295 2074 1350 carnis
2099 1336 2113 1361 ,
2155 1297 2206 1351 in
2237 1299 2489 1355 omnibus
2527 1303 2598 1357 sit
2629 1313 2810 1359 nostra
2840 1313 3179 1366 conversatio
3205 1315 3481 1382 spiritalis.

1894 1385 2016 1444 Per.

2427 1466 2784 1521 Consummatio
2801 1476 2984 1524 missae.

1965 1540 2183 1600 Custodi
2216 1547 2354 1603 intra
2381 1566 2502 1616 nos,
2547 1553 2789 1623 Domine,
2829 1558 3016 1626 gloriae
3046 1568 3150 1616 tua:
3177 1577 3392 1631 munus,
3425 1576 3483 1624 ut

1893 1644 2078 1689 contra
2111 1640 2292 1693 omnia
2345 1644 2629 1710 praesentis
2673 1647 2852 1702 saeculi
2885 1651 3092 1705 macula
3137 1654 3483 1713 Eucharistim

1892 1727 2137 1796 viribus,
2187 1746 2343 1802 quam
2396 1737 2761 1806 percipimus,
2817 1745 3140 1800 muniamur.
3189 1747 3340 1815 Quod
3369 1751 3483 1821 ipse

1811 1845 1862 1908 Β
1891 1832 2052 1890 praast

2180 1917 2463 1976 LXXVIII.
2505 1938 2633 1978 lTEM
2664 1939 2819 1982 IISSA
2850 1943 3199 1986 DOMlNlCALlS.

1965 2007 2044 2061 Ad
2075 2022 2236 2064 aures
2286 2011 2587 2068 clementia:
2618 2025 2722 2070 tua:
2749 2062 2762 2084 ,
2798 2019 2969 2087 Deus,
2999 2037 3100 2077 vox
3133 2034 3328 2080 nostrae
3355 2042 3481 2099 sup-

1890 2095 2193 2166 plicationis
2223 2104 2514 2163 ascendat.
2565 2114 2620 2160 et
2649 2115 2737 2161 tua
2769 2123 2868 2164 nos
2899 2112 3263 2172 misericordia
3288 2095 3480 2177 conse-

1888 2201 2102 2258 quatur.
2134 2191 2253 2246 Per.

2551 2266 2804 2320 Collectio.

1958 2346 2190 2415 Accepta
2217 2347 2306 2402 tibi
2338 2349 2427 2415 sit,
2458 2349 2702 2423 Domine,
2729 2364 2927 2413 nostra
2954 2360 3226 2419 servitutis
3251 2364 3471 2438 oblatio,

1887 2449 2006 2504 quae
2038 2452 2135 2492 nos
2164 2448 2218 2494 et
2242 2455 2271 2494 a
2304 2442 2539 2498 reatibns
2565 2447 2765 2502 nostris
2792 2450 3032 2506 absolvat
3057 2493 3074 2520 ,
3118 2463 3171 2510 et
3200 2456 3269 2512 ab
3299 2459 3475 2516 immi-

1887 2530 2135 2585 nentibus
2167 2533 2321 2618 malis
2343 2535 2556 2602 eripiat.
2589 2537 2712 2594 Per.

2478 2627 2597 2678 Post
2621 2633 2832 2682 nomina.

1954 2703 2196 2762 Oﬁ‘erunt
2219 2708 2332 2774 tibi,
2385 2711 2625 2778 Domine,
2659 2715 2910 2772 virtutum
2937 2757 2953 2783 ,
3002 2734 3224 2778 munera
3267 2731 3320 2779 et
3347 2732 3471 2782 vota

1889 2797 2196 2853 credentes.
2227 2799 2452 2870 Suscipe
2496 2807 2714 2862 nomine
2740 2815 2832 2865 tuo
2858 2810 3037 2867 debita
3069 2813 3286 2872 honoris
3312 2818 3472 2874 obse-

1883 2889 2004 2958 quia
2053 2906 2148 2958 pro
2178 2907 2308 2962 pace
2340 2895 2593 2952 Ecclesia:
2625 2909 2728 2955 tum
2750 2943 2766 2968 ,
2818 2919 2913 2972 pro
2962 2912 3472 2970 commemoratione

1882 2987 2120 3041 omnium
2154 2987 2469 3046 Sanctorum
2497 3037 2512 3061 ,
2569 3011 2666 3064 pro
2717 3000 3060 3056 sacerdotum
3094 3013 3164 3077 ‘et
3195 3005 3472 3061 ministro-

1883 3091 2002 3130 rum
2034 3079 2262 3144 puritate
2286 3123 2301 3148 ,
2336 3097 2433 3150 pro
2465 3100 2649 3153 regum
2679 3090 3040 3159 pacabilitate,
3073 3109 3168 3163 pro
3195 3094 3471 3153 sufﬁcien-

1883 3166 1952 3256 tia
1982 3184 2180 3232 rerum.
2212 3180 2266 3225 et
2297 3182 2594 3242 temporum
2639 3181 3020 3249 tranquillitate
3041 3225 3056 3250 ,
3091 3199 3189 3254 pro
3219 3201 3469 3256 perseve-

2470 3275 2524 3321 et
2597 3271 2922 3326 continentia
2997 3275 3322 3346 viduarum,
3371 3295 3470 3351 pro

1877 3352 2240 3421 orphanorum
2275 3356 2498 3412 tuitione
2527 3399 2543 3424 ,
2594 3368 2648 3414 et
2673 3365 3041 3431 ptenitentium
3069 3370 3467 3443 sublevatione,

1877 3459 1974 3512 pro
2005 3445 2176 3501 salute
2221 3450 2459 3504 omnium
2498 3451 2791 3509 viventium
2841 3465 2896 3511 et
2944 3473 3042 3526 pro
3068 3463 3252 3530 requie
3274 3462 3466 3520 defun-

1875 3545 2104 3594 ctorum.
2136 3538 2261 3595 Per.

2495 3615 2567 3665 Ad
2589 3629 2775 3678 pacem.

1946 3689 1990 3744 A
2013 3692 2222 3748 cunctis
2267 3693 2635 3763 iniquitatibus
2663 3700 2861 3756 nostris
2889 3717 3033 3760 exue
3061 3719 3180 3774 nos,
3212 3709 3462 3781 omnipo-

1875 3787 1995 3835 tens
2026 3783 2206 3838 Deus:
2235 3785 2395 3856 297
2446 3797 2501 3842 et
2535 3789 2589 3843 in
2634 3798 2724 3844 tua
2772 3806 2869 3846 nos
2909 3793 2992 3848 l‘ac
3038 3810 3170 3866 pace
3211 3801 3464 3869 gaudere.

1875 3872 1996 3927 Per.

2462 3948 2778 4002 Contestatio.

1947 4026 2172 4098 Dignum
2203 4039 2257 4084 et
2279 4031 2478 4099 justum
2510 4045 2626 4101 est,
2677 4037 2963 4095 invisibilis
2989 4082 3004 4108 ,
3052 4044 3462 4116 inaestimabilis,

1878 4121 2141 4177 immense
2176 4123 2336 4189 Deus,
2362 4138 2415 4180 et
2443 4125 2601 4183 Pater
2633 4130 2844 4185 Domini
2877 4136 3046 4189 nostri
3086 4135 3210 4192 Jesu
3241 4139 3462 4198 Christi.

1873 4211 1973 4278 Qui
2004 4211 2229 4268 formam
2263 4217 2514 4272 sacriﬁcii
2544 4223 2795 4288 perennis
2824 4225 3132 4294 inStituens,
3164 4228 3393 4287 hostiam
3422 4233 3451 4272 δ

1871 4318 1930 4358 se
1961 4305 2055 4360 tibi
2083 4308 2312 4376 primum
2337 4311 2568 4377 obtulit,
2620 4324 2673 4369 et
2703 4320 2906 4386 primus
2936 4320 3119 4377 docuit
3149 4325 3348 4382 oll'erri.
3384 4328 3462 4385 Te

1870 4399 2039 4464 enim,
2070 4402 2412 4469 omnipotens
2444 4403 2605 4472 Deus,
2632 4423 2820 4467 omnes
2849 4412 3061 4480 Angeli.

2433 4494 2551 4546 Post
2572 4499 2797 4553 Sanctus.

1942 4574 2169 4631 Sanctus
2201 4579 2254 4633 in
2279 4583 2479 4637 sanctis
2506 4627 2520 4650 ,
2558 4584 2870 4644 benedictus
2901 4592 2955 4646 in
2983 4594 3173 4662 terris,
3203 4595 3462 4661 Dominus

1867 4679 2050 4725 noster
2071 4671 2225 4728 .lesus
2255 4671 2522 4733 Christus.
2554 4679 2653 4746 Qui
2685 4683 2876 4749 pridie.

2429 4789 2543 4840 Post
2567 4801 2782 4843 secreta.

1939 4863 2245 4931 Credimus,
2281 4870 2533 4940 Domine,
2569 4875 2838 4931 credimus
2866 4881 2916 4933 in
2951 4879 3049 4938 hac
3089 4885 3456 4948 confractione

1863 4959 2128 5026 corporis,
2157 4971 2209 5013 et
2241 4961 2499 5018 effusione
2532 4968 2600 5020 lui
2635 4971 2910 5036 sanguinis
2930 4988 3031 5027 nos
3062 4991 3180 5033 esse
3207 4981 3454 5053 redemp-

1863 5060 1944 5106 tos
1972 5069 1984 5106 :
2017 5055 2331 5111 conﬁdimus
2361 5060 2518 5114 etiam
2550 5064 2691 5131 quod
2728 5080 2824 5135 spe
2867 5068 2952 5124 hic
2985 5071 3202 5128 interim
3231 5075 3342 5146 jam
3373 5087 3453 5134 te-

1864 5161 2075 5217 nemus,
2109 5151 2163 5203 in
2193 5163 2452 5208 aeternum
2483 5156 2687 5226 perfrui
2718 5175 3042 5219 mereamur.
3078 5166 3200 5223 Per.

2269 5266 2398 5319 Ante
2422 5274 2694 5323 orationem
2721 5273 3040 5329 Dominicam.

1935 5367 2118 5424 Divino
2170 5373 2472 5441 magisterio
2502 5377 2698 5444 'docti,
2735 5382 2800 5434 'et
2850 5383 3175 5440 salutaribus
3231 5390 3450 5446 monitis

1861 5457 2109 5528 inStituti,
2143 5464 2403 5520 audemus
2433 5469 2648 5524 dicere:
2677 5471 2858 5527 Pater.

2270 5579 2385 5630 Post
2403 5583 2671 5633 orationem
2693 5583 3014 5636 Dominicam.

1928 5680 2118 5738 Libera
2149 5698 2267 5752 nos,
2297 5687 2640 5758 omnipotens
2675 5689 2838 5755 Deus,
2871 5705 2903 5747 a
2933 5693 3088 5750 malis
3111 5737 3127 5764 ,
3159 5706 3213 5753 et
3239 5701 3446 5758 consti-

1854 5837 2125 5965 ξιιγᾶειυιῃι
2158 5841 2210 5895 in
2251 5840 2589 5900 institutione
2617 5842 3004 5916 Eucharistite,
3050 5857 3110 5907 ut
3134 5851 3186 5909 in
3212 5849 3446 5907 concilio

1904 5924 1948 5965 n
1987 5924 2051 5965 en
2082 5926 2189 5965 tuo.

1904 5924 2189 5965 nuenttno.
