4048 6350
625 364 736 449 sis

1415 380 1767 443 APPENDIX
1804 382 1897 439 AD
1933 376 2167 437 OPEBA
2208 375 2453 434 SANCTl
2494 374 2806 433 GERMANI
2846 374 3310 435 PARISIENSIS.
3846 374 3916 430 5l6

628 512 722 560 tue
752 516 851 559 nos
880 505 930 557 in
962 499 1119 557 bonis
1146 519 1159 555 :
1186 513 1384 556 evacua
1416 514 1514 555 nos
1539 515 1570 555 a
1600 498 1763 564 vitiis,
1794 506 1849 553 et
1873 496 2021 564 reple
2047 493 2211 548 virtu—
2236 492 2290 553 Α
2318 498 2583 556 sanctum,
2607 490 2887 545 edentibus
2914 492 3089 558 nobis,
3113 492 3289 545 vitam
3318 498 3610 543 aeternam
3633 502 3915 559 regnumque

628 590 773 656 tibus
802 588 929 651 tuis.
960 591 1079 649 Per.

1112 684 1229 736 Post
1251 687 1654 736 communionem.

700 770 908 841 Corpus
939 779 964 808 ³
995 782 1140 825 tuum
1169 812 1183 836 ,
1218 768 1444 824 Domine
1464 809 1478 833 ,
1522 765 1663 840 quod
1694 767 2022 835 accepimus,
2049 772 2105 818 et
2130 776 2222 817 ca-

629 863 788 921 licem
832 871 978 919 tuum
1023 876 1179 933 quem
1227 862 1561 934 potavimus,
1600 860 1797 915 haereat
1841 857 1893 912 in
1926 854 2222 911 visceribus

633 957 867 1024 nostris;
898 964 1113 1027 priests,
1152 955 1291 1011 Deus
1317 955 1693 1025 omnipotens,
1718 962 1777 1007 ut
1806 966 1913 1006 non
1947 950 2223 1005 remaneat

634 1050 868 1115 macula,
898 1049 985 1105 ubi
1016 1064 1148 1120 pura
1176 1058 1227 1105 et
1256 1060 1439 1105 sancta
1476 1047 1813 1103 intraverunt
1835 1046 2212 1102 Sacramenta.

658 1145 674 1173 ι

658 1145 674 1173 ι

629 1138 659 1197 Ι
677 1156 756 1198 er.
1104 1209 1466 1262 Consummatio
1497 1210 1676 1259 missae.

708 1293 911 1350 Exaudi
966 1308 1155 1365 preces
1197 1294 1411 1349 familia.-
1440 1303 1546 1347 tnae
1569 1333 1583 1357 ,
1613 1299 1955 1360 omnipotens
1977 1289 2132 1351 Deus.
2164 1294 2221 1343 et

630 1395 825 1457 praesta
855 1395 913 1441 ut
940 1396 1122 1442 sancta
1152 1386 1298 1450 tunc,
1346 1399 1466 1455 quae
1497 1392 1551 1439 te
1580 1383 1833 1445 donante,
1868 1382 2218 1449 sumpsimus,

630 1479 944 1551 incorrupta
970 1480 1024 1534 in
1056 1479 1232 1546 nobis,
1264 1488 1315 1534 te
1344 1476 1596 1547 donante,
1630 1491 1923 1532 servemus.
1955 1476 2078 1531 Per.

944 1570 1181 1627 LXXIX.
1227 1584 1351 1627 ITEI
1380 1583 1527 1626 mssa
1560 1583 1910 1623 DOHINICALIS.

703 1662 871 1731 Deus,
905 1661 996 1733 qui
1026 1676 1123 1717 nos
1150 1662 1387 1732 regendo
1416 1673 1738 1726 conservas,
1770 1656 2037 1729 parcendo
2064 1655 2223 1727 justi-

631 1746 763 1814 ﬂeas
786 1796 802 1822 ,
848 1762 903 1811 et
949 1770 978 1809 a
1012 1753 1289 1824 temporali
1323 1750 1665 1807 tribulatione
1693 1765 1790 1806 nos
1820 1750 1988 1820 eripe,
2016 1758 2073 1804 et
2094 1763 2225 1819 gau-

633 1848 724 1905 dia
751 1847 907 1903 nobis
940 1856 1141 1901 aeterna
1164 1844 1376 1915 largire.
1408 1842 1530 1899 Per.

1287 1931 1521 1984 Collectio

692 2014 852 2077 Deus
902 2021 955 2076 in
1002 2030 1055 2076 te
1116 2019 1445 2091 sperantium
1496 2018 1803 2073 misericors
1852 2014 2112 2082 eruditor,
2158 2016 2226 2071 ab

634 2114 781 2172 omni
810 2127 907 2169 nos
934 2112 1208 2169 consortio
1239 2112 1516 2182 pravitatis
1554 2109 1804 2175 absolve,
1844 2124 1943 2164 nec
1973 2108 2099 2165 ullis
2125 2122 2227 2163 nos
2277 2140 2282 2145 -

634 2207 969 2276 lniquitatum
994 2206 1220 2261 vinculis
1253 2204 1471 2273 patiaris
1498 2202 1791 2273 adstringi;
1824 2211 1881 2257 ut
1933 2200 2075 2256 unde
2121 2214 2225 2255 no-

636 2300 717 2357 bis
745 2308 829 2355 est
855 2306 967 2356 tota
995 2298 1167 2369 pietas
1197 2341 1213 2367 ,
1264 2296 1388 2353 inde
1436 2296 1506 2351 sit
1553 2304 1663 2350 tuta
1694 2294 1938 2349 libertas.
1984 2293 2088 2349 Per
2122 2292 2225 2347 Do-

634 2394 865 2451 mitium.

1257 2460 1374 2511 Post
1397 2463 1606 2511 nomina.

706 2550 931 2617 Exaudi,
961 2550 1206 2613 Domine,
1239 2548 1565 2603 offerentum
1599 2561 1805 2618 preces,
1841 2552 1964 2599 vota
1993 2542 2228 2613 suscipe,

639 2650 856 2714 peccata
886 2641 1115 2696 dimitte.
1168 2638 1367 2695 Tribue
1418 2645 1633 2693 tuorum
1700 2636 2086 2693 intercessione
2109 2647 2232 2687 san-

641 2736 849 2790 ctorum
879 2728 1021 2790 caris
1053 2746 1268 2803 quoque
1295 2732 1491 2789 nostris
1515 2772 1531 2797 ,
1557 2730 1645 2801 qui
1672 2728 1724 2784 in
1754 2726 1971 2783 Christo
1998 2724 2232 2779 dormie-

642 2831 810 2893 runt,
856 2821 1199 2893 rei‘rigerlum
1238 2821 1294 2876 in
1331 2820 1552 2890 regione
1588 2819 1851 2873 vivorum.
1903 2815 2005 2871 Per
2049 2813 2233 2869 Domi-

640 2932 789 2976 num.

1280 2984 1353 3034 Ad
1378 2994 1565 3047 pacem.

711 3075 876 3149 298
898 3072 1253 3144 Omnipotens
1274 3071 1603 3141 sempiterne
1624 3068 1789 3134 Deus,
1811 3064 2036 3136 largitor
2062 3063 2233 3132 pacis,

642 3179 699 3224 et
728 3170 941 3239 generis
990 3164 1209 3219 humani
1256 3162 1545 3228 tormator,
1594 3160 1666 3216 da
1704 3159 1881 3216 servis
1906 3158 2010 3212 tuis
2038 3168 2226 3212 veram

642 3259 977 3314 voluntatem
1007 3253 1317 3312 concordiae
1344 3296 1361 3313 .
1388 3262 1442 3309 et
1472 3250 1857 3322 indulgentiam
1884 3257 1991 3305 tua:
2019 3246 2238 3319 pietatis

644 3352 867 3412 infunde
915 3348 1041 3407 Per.

1287 3416 1578 3469 immolatio.

710 3506 950 3576 Dignum
980 3512 1032 3559 et
1057 3502 1261 3573 justum
1294 3510 1418 3567 est,
1462 3514 1671 3569 aequum
1701 3508 1755 3552 et
1776 3496 1979 3565 justum
2006 3504 2113 3558 est,
2142 3510 2242 3550 nos

646 3598 743 3656 tibi
768 3599 854 3653 hic
902 3606 957 3652 ct
1000 3596 1199 3665 ubique
1248 3608 1464 3664 semper
1508 3590 1706 3660 gratias
1756 3603 1917 3659 agere
1945 3631 1958 3653 ,
2012 3586 2243 3641 Domine

646 3702 855 3758 sancte,
882 3688 1043 3745 Pater
1069 3688 1413 3756 omnipotens
1439 3725 1452 3749 ,
1502 3692 1704 3739 aeterne
1746 3682 1905 3737 Deus.
1957 3680 2058 3746 Qui
2089 3679 2246 3734 nobis

647 3788 849 3857 pietate
874 3783 1035 3838 Pater
1058 3797 1138 3847 es,
1166 3794 1289 3836 cum
1312 3778 1571 3834 Dominus
1598 3782 1860 3845 potestate
1895 3785 2241 3841 permaneas:

656 3880 905 3947 quoniam
937 3889 1071 3944 quos
1101 3876 1253 3943 origo
1289 3873 1487 3927 fecerat
1518 3884 1736 3933 servos,
1771 3868 2027 3936 adoptare
2058 3864 2246 3936 digna-

656 3978 743 4025 tus
766 3983 826 4024 es
874 3968 928 4023 in
961 3966 1132 4031 filios;
1164 3974 1217 4021 et
1254 3978 1387 4034 quos
1420 3961 1695 4033 generatio
1727 3971 1937 4015 terrena
1969 3960 2248 4013 demerse-

657 4070 743 4119 rat
771 4060 824 4115 in
847 4068 1106 4124 mortem,
1138 4057 1475 4127 regeneratio
1504 4054 1739 4109 cwlestis
1766 4053 1941 4106 erexit
1967 4049 2032 4104 ad
2064 4050 2246 4104 vitam.

655 4152 734 4209 Te
764 4151 932 4218 enim,
962 4150 1299 4217 omnipotens
1333 4145 1495 4216 Deus,
1526 4158 1715 4200 omnes
1744 4143 1957 4214 Angeli.

1252 4260 1373 4310 Post
1394 4260 1622 4308 Sanctus.

732 4369 870 4427 Vere
892 4376 1127 4430 sanctus,
1155 4379 1281 4421 vere
1310 4365 1365 4420 in
1393 4362 1625 4420 excelsis
1652 4361 1967 4417 benedictus
1997 4358 2255 4414 Dominus

664 4464 803 4520 Deus
850 4467 1052 4515 noster.
1100 4457 1201 4513 Per
1248 4471 1406 4524 quem
1459 4465 1510 4510 te
1554 4453 1824 4522 supplices
1873 4451 2252 4519 deprecamur,

662 4555 739 4610 oti
770 4556 908 4608 hanc
934 4549 1258 4605 oblationem
1281 4587 1298 4616 ,
1345 4560 1508 4617 quam
1557 4542 1654 4599 tibi
1696 4542 1975 4599 ollerimus
2011 4555 2109 4607 pro
2157 4540 2259 4594 Ec-

2322 595 2633 653 perpetuum
2662 585 2935 638 conlatura
2963 583 3307 653 potantibus.
3354 581 3494 635 Per.

2720 676 2850 725 Ante
2873 677 3146 725 orationem
3172 673 3544 723 Dominicarn.

2394 761 2509 817 Non
2539 771 2725 817 nostro
2773 763 2966 817 merito
2992 802 3007 829 ,
3057 763 3438 830 omnipotens
3498 757 3653 813 Deus
3678 798 3695 823 ,
3721 758 3804 813 sed
3828 757 3916 815 lese

2321 856 2522 912 Christi
2547 856 2666 911 Filii
2699 856 2772 911 tui
2802 854 3119 911 obedientes
3148 866 3483 926 praecepto,
3532 851 3793 907 audemus
3812 853 3913 908 dice

2324 963 2383 1005 re
2409 966 2421 1002 :
2446 948 2625 1003 Pater.

2746 1017 2861 1068 Post
2880 1019 3155 1068 orationem
3180 1017 3544 1067 Dominicam.

2396 1103 2588 1159 Libera
2631 1116 2729 1157 nos
2773 1116 2802 1155 a
2829 1101 2983 1157 malis
3014 1102 3391 1171 pra-sentibus
3431 1110 3495 1155 et
3528 1099 3758 1165 futuris,
3786 1103 3911 1154 omni.

2327 1205 2519 1268 potens
2551 1196 2726 1261 Dens;
2760 1195 2925 1251 libera
2970 1207 3067 1251 nos
3096 1210 3125 1248 a
3150 1195 3436 1264 periculis
3465 1240 3481 1263 ,
3520 1195 3599 1249 ab
3638 1194 3915 1248 inﬁrmitati-

2331 1293 2453 1357 bus,
2488 1292 2555 1347 ab
2585 1291 2879 1356 scandatis;
2922 1300 2976 1346 et
3026 1305 3265 1362 praepara
3321 1304 3440 1345 nos
3466 1290 3541 1344 ad
3576 1303 3738 1345 omne
3765 1288 3912 1343 bonus

2326 1402 2428 1459 per
2458 1387 2655 1442 bonum
2690 1394 2743 1441 et
2770 1386 3109 1441 benedictum
3142 1385 3464 1440 Dominum
3500 1392 3767 1438 nostrum.

2855 1479 2971 1529 Post
2992 1482 3430 1530 communionem.

2404 1564 2646 1619 Divinam
2677 1562 3096 1619 misericordiam
3138 1561 3417 1617 concordi
3475 1560 3733 1615 oratione
3774 1574 3913 1629 posca-

2332 1673 2489 1725 tnus,
2532 1667 2591 1713 ut
2640 1657 2753 1711 haec
2809 1655 3079 1710 salutifera
3136 1654 3558 1719 Sacramenta,
3615 1654 3807 1707 nostris
3852 1668 3910 1705 re-

2332 1765 2484 1824 cepta
2564 1752 2901 1815 visceribus,
2977 1749 3259 1819 puriﬁcent
3338 1749 3603 1801 animam
3668 1759 3913 1815 corpusque

2253 1872 2305 1950 Β
2334 1847 2667 1903 sanctiticent
2691 1892 2706 1916 ,
2762 1854 2921 1911 atque
2961 1842 3025 1897 ad
3057 1855 3205 1911 spem
3249 1841 3581 1896 celestium
3629 1840 3816 1895 viscera
3850 1852 3909 1906 pa-

2331 1940 2464 1997 riter
2490 1948 2546 1993 ct
2574 1937 2731 1993 corda
2760 1936 3099 1991 cenﬁrment.
3140 1934 3264 1989 Per.

2946 2030 3071 2081 Item
3094 2030 3352 2080 collectio.

2406 2120 2549 2175 Deus
2572 2116 2811 2187 justitize,
2848 2114 2987 2170 Deus
3024 2111 3464 2177 misericordiae,
3505 2109 3653 2164 Deus
3681 2107 3903 2161 immorua

2331 2212 2499 2270 litatis
2524 2221 2577 2266 et
2600 2210 2745 2276 Viue,
2777 2208 2922 2263 Deus
2959 2205 3267 2275 splendoris
3285 2212 3350 2258 et
3371 2202 3600 2272 gloriae,
3628 2197 3785 2270 299
3807 2208 3907 2264 qua-

2330 2320 2521 2361 sumus
2551 2314 2601 2359 te
2630 2313 2686 2357 et
2714 2316 2930 2357 oramus
2954 2340 2969 2367 ,
3007 2309 3066 2354 ut
3091 2297 3295 2354 divinis
3325 2294 3667 2351 muneribus
3697 2288 3906 2349 recreati.

2333 2400 2389 2456 in
2411 2399 2559 2455 illam
2588 2396 2973 2453 beatitudinem
3004 2407 3289 2450 servemur
3323 2406 3357 2446 a
3397 2400 3459 2446 te
3490 2389 3612 2443 tibi.
3649 2387 3761 2441 Per.

2656 2488 2870 2545 LXXX.
2914 2503 3043 2543 trsu
3071 2500 3218 2542 IIISSA
3246 2495 3643 2540 DOIINICALIS.

2406 2583 2789 2653 Multiplicibus
2833 2582 2999 2636 innixi
3047 2578 3279 2635 vinculis
3327 2577 3716 2637 delictorum,
3756 2568 3898 2621 fratres

2336 2677 2630 2742 carissimi,
2658 2675 2723 2730 ad
2753 2674 3020 2744 singulare
3051 2669 3441 2739 confugiamus
3485 2657 3819 2720 absolutionis
3840 2655 3895 2708 tli-

2335 2773 2475 2827 vina:
2501 2769 2833 2826 remedium:
2863 2776 2918 2823 et
2938 2764 3196 2819 bumiliati
3220 2763 3276 2815 in
3300 2757 3653 2815 sacrificium
3679 2749 3900 2806 Minuta

2336 2865 2712 2933 deprecemur,
2771 2862 2969 2931 (quem
3037 2856 3236 2912 cotidie
3290 2854 3487 2923 pravis
3538 2844 3896 2903 inamaricamus

2250 2928 2257 2999 si
2343 2928 2653 3025 operibus)
2702 2928 2953 3022 qualiter
3016 2962 3114 3002 nos
3179 2959 3279 3001 sua
3346 2947 3681 3014 proleleme
3729 2934 3895 3025 dem“

2342 3049 2412 3104 ab
2456 3047 2604 3104 omni
2633 3023 2970 3112 contagione
3018 3048 3232 3110 ereptos
3255 3079 3271 3104 ,
3314 3047 3620 3107 regnorum
3657 3023 3896 3083 celestis!

2342 3138 2587 3196 hmredes
2616 3136 2836 3193 efﬁciat.
2860 3134 2982 3189 Per.

3024 3224 3278 3276 Collectio.

2267 3289 2316 3355 ε
2420 3316 2623 3371 inclina
2652 3326 2837 3369 aurem
2890 3320 3035 3366 tuam
3065 3350 3081 3374 ,
3133 3310 3493 3378 omnipotens
3546 3295 3897 3363 Densum“

2361 3411 2518 3465 nobis
2541 3408 2826 3475 praesentis
2855 3406 2976 3461 vita:
3004 3414 3201 3471 rector,
3254 3410 3319 3456 ut
3360 3401 3443 3456 sis
3470 3396 3818 3454 remunerator
3838 3379 3893 3435 fll-

2346 3512 2501 3559 turac.
2532 3502 2655 3557 Per.

2972 3568 3088 3617 Post
3108 3566 3322 3615 nomina.

2423 3656 2750 3713 Olferentum
2774 3653 3083 3709 nominibus
3104 3647 3419 3711 recensitis,
3452 3644 3645 3698 fratres
3666 3620 3891 3691 carissimi.

2354 3750 2634 3806 Dominum
2678 3748 3049 3817 deprecemur,
3099 3752 3155 3798 ut
3204 3755 3399 3796 eorum
3454 3721 3887 3817 oblationeminter

2351 3852 2662 3898 sanctorum
2706 3841 2843 3894 dona
2878 3833 3166 3905 suscipiat,
3198 3846 3433 3901 quorum
3467 3844 3499 3883 a
3528 3822 3676 3882 nobis
3701 3805 3886 3906 facientia

2354 3934 2796 3991 commemoratio
2837 3938 2960 3995 est,
3010 3938 3068 3982 ut
3107 3936 3160 3982 et
3190 3926 3361 3980 nosui
3410 3929 3675 3977 memores
3716 3917 3813 4000 esst?
3831 3898 3887 4000 fi"

2355 4037 2603 4098 gnentur.
2655 4025 2904 4080 Petamus
2952 4030 3006 4075 et
3055 4034 3152 4091 pro
3210 4017 3294 4073 liis
3336 4018 3430 4087 qui
3464 4026 3564 4067 nos
3594 4008 3644 4062 in
3676 3996 3887 4098 Dominisa

2356 4091 2489 4191 D300
2529 4123 2958 4189 praecesserunt,
3005 4122 3062 4168 ut
3094 4119 3336 4166 tartareo
3368 4107 3601 4162 horrore
3629 4091 3887 4191 seat-exitiosi

2356 4215 2412 4269 in
2433 4214 2551 4268 sinu
2593 4210 2825 4267 Abrahae
2864 4207 3206 4269 conlocatos,
3235 4198 3564 4258 resuscitare
3600 4182 3884 4250 Omninoiens

2368 4307 2617 4377 dignetur
2646 4306 2701 4361 in
2732 4302 2901 4374 prima
2942 4314 3038 4356 sua
3071 4294 3507 4357 resurrectione,
3535 4295 3686 4357 quam
3711 4273 3887 4331 iactum

2366 4411 2469 4459 est.
2498 4400 2624 4457 Per.

3028 4463 3100 4514 Ad
3124 4473 3312 4525 pacem.

2438 4578 2577 4631 Deus
2596 4616 2611 4639 ν
2642 4589 2743 4644 ρετ
2770 4571 2924 4640 cujus
2952 4584 3015 4625 os
3046 4567 3309 4639 prolatum
3338 4572 3421 4621 est
3442 4555 3583 4632 quod
3613 4544 3877 4644 pacem’otI:

667 4647 972 4745 CleSi‘e_‘“?e
1002 4642 1277 4745 caihf’ﬁcm
1306 4640 1434 4709 δόθ’
1463 4637 1773 4745 imbuit???
1802 4635 2258 4745 co“°f’_“dgi?jul_’T°
2288 4684 2342 4745 ι)
2370 4620 2732 4729 ηἰὶλῖεπέθὲέ
2750 4620 3071 4733 ,νέί-ιιξδξιὶξ
3084 4620 3299 4716 statuta
3331 4620 3692 4724 relinqueres;
3722 4620 3884 4745 ίηίυξῖῗθ

668 4738 1048 4794 emundatione
1091 4736 1381 4799 vitiorum,
1432 4739 1489 4788 et
1534 4731 1853 4787 remissione
1898 4736 2258 4798 peccatorum,

669 4847 766 4902 pro
793 4830 957 4901 gloria
991 4840 1284 4901 martyrum
1303 4868 1317 4891 ,
1349 4834 1403 4881 et
1433 4826 1615 4895 requie
1643 4821 2053 4885 defunctorum,
2082 4819 2265 4888 propi-

672 4924 832 4978 tiatus
858 4922 1120 4991 aspicias,
1149 4914 1458 4988 aspiciendo
1495 4913 1832 4978 sanctifices,
1873 4907 2262 4965 sanctificando

673 5012 957 5069 benedicas
986 5024 1079 5080 per
1105 5014 1352 5064 sanctum
1401 5014 1455 5061 et
1504 5004 1848 5060 benedictum
1886 5001 2068 5056 Jesum
2096 4998 2258 5055 Chri-

674 5114 816 5163 stum
844 5102 1037 5160 Filium
1066 5110 1217 5158 tuum
1244 5098 1525 5155 Dominum
1556 5108 1820 5153 nostrum.
1856 5093 1957 5160 Qui
1986 5091 2191 5163 pridie.

1286 5213 1405 5263 Post
1427 5218 1641 5263 secreta.

2369 4763 2424 4816 iu
2454 4762 2650 4816 nostris
2695 4757 2938 4814 sensibus
2984 4756 3127 4823 pacis
3169 4752 3408 4809 studium
3433 4755 3490 4803 et
3511 4744 3610 4814 piae
3636 4728 3873 4823 ν⁰¹ι¹¹¹ξ³ξ¹ξζ

2372 4860 2428 4907 ιιι
2459 4850 2709 4906 vitiorum
2738 4808 3120 4903 omnium'labe
3152 4844 3382 4914 purgati,
3412 4808 3595 4910 pacem
3617 4833 3754 4897 (11³³⁸³
3776 4808 3881 4914 labiis

2372 4945 2482 5001 oris
2536 4943 2931 5013 prosequimur,
2966 4909 3319 4993 immaculatis
3360 4909 3606 4991 cordibus
3643 4909 3872 4974 teneam"

2301 5065 2309 5087 ι
2376 5038 2497 5095 Per.

3048 5100 3334 5155 Immolatio.

2452 5213 2682 5285 Dignum
2712 5221 2764 5267 et
2789 5212 2991 5280 justum
3016 5216 3128 5276 est,
3160 5222 3371 5279 aquam
3400 5211 3454 5259 et
3470 5200 3658 5271 ἱυδωω
3682 5172 3865 5285 ῗθιῘ

748 5319 1012 5377 Memores
1037 5316 1411 5389 gloriosissimi
1444 5314 1656 5372 Domini
1688 5312 1958 5384 passionis
1993 5318 2050 5366 et
2090 5308 2158 5364 ab
2187 5306 2273 5361 in-
2380 5307 2482 5363 tibi
2510 5307 2596 5361 hic
2621 5314 2677 5361 et
2699 5306 2895 5375 ubique
2922 5299 3138 5371 semper
3160 5302 3360 5372 gratias
3378 5289 3551 5366 agere.
3582 5270 3870 5389 99m“f::

748 5359 1012 5377 ..............,
1037 5359 1411 5389 ,ιν..ν....,.,.....
1444 5359 1656 5372 --.......
1690 5359 1956 5384 ,._----.-._
1997 5359 2049 5366 --
2092 5359 2155 5364 __
2189 5359 2239 5361 _,
2387 5359 2481 5363 μήτ
2547 5359 2589 5361 _-
2631 5359 2673 5361 __
2707 5359 2712 5360 ,
2807 5359 2823 5375 ,
3044 5359 3057 5371 _
3161 5359 3190 5372 υ
3415 5359 3438 5366 _

681 5410 817 5467 feris
858 5407 1313 5473 resurrectionis,
1357 5403 1632 5462 offerimus
1674 5404 1790 5468 tibi,
1840 5400 2085 5465 Domine,
2136 5397 2275 5452 hanc
2382 5411 2488 5465 cte,
2522 5400 2682 5455 Pater
2708 5399 3070 5466 omnipotens,
3101 5404 3303 5473 aeterne
3336 5390 3493 5448 Deus.
3518 5359 3871 5473 Ουίυίξξξξῖξξ·

683 5446 817 5467 ...ιη
859 5446 1313 5473 "ganeum"...
1357 5446 1632 5462 νυν......,.,
1676 5446 1790 5468 ...,.,
1840 5446 2085 5465 --......-,
2138 5446 2274 5452 ---π
2384 5446 2488 5465 ---,
2524 5446 2541 5455 -
2568 5446 2671 5455 _--.
2712 5446 3070 5466 -.-.._-r-_--__,
3337 5446 3399 5448 _.
3528 5446 3559 5451 τ

683 5501 1078 5558 immaculatam
1098 5497 1666 5564 ltostiam,rationalem
1682 5492 2273 5558 hostiam,incruentam
2384 5502 2438 5548 te
2467 5502 2721 5562 perpetua
2749 5500 2909 5560 atque
2938 5489 3006 5543 ab
3023 5470 3226 5543 ultimis
3248 5481 3436 5540 inferni
3458 5470 3655 5564 sedibus

685 5539 2273 5564 ...η-...νυηικ-η...υ.ι......,.....υ............νυν-.--νην--νω-
2387 5539 2438 5548 --
2469 5539 2721 5562 ,-.r_-“_
2751 5539 2906 5560 --τη
2942 5539 2996 5543 η
3032 5539 3055 5541 -ν
3252 5539 3279 5540 η
3338 5539 3345 5540 ,
3749 5544 3756 5553 _
3819 5539 3825 5541 _

685 5595 1098 5661 bostiam,bunc
1120 5606 1308 5661 panem
1337 5602 1601 5655 sanctum,
1628 5598 1680 5644 et
1709 5587 1930 5642 calicem
1963 5584 2275 5647 salutarem,
2390 5584 2625 5641 Venerat
2645 5584 2861 5653 quidem
2909 5596 3055 5637 mors
3085 5596 3181 5651 per
3221 5578 3525 5635 mulierem;

686 5630 1098 5661 μυοιιαιημωην
1120 5630 1308 5661 μνη...
1337 5630 1601 5655 πωπω,
1629 5630 1680 5644 υ.
1711 5630 1930 5642 πων.-.
1963 5630 2275 5647 -----.γ-----,
2406 5630 2661 5641 ,ν..ν...--
2688 5630 2861 5639 _.--.-.
3088 5630 3168 5651 τ--
3513 5630 3521 5635 ,
3711 5639 3720 5651 ⁸
3787 5630 3795 5638 ,

686 5689 1074 5756 obsecrantes,
1128 5695 1189 5741 ut
1232 5682 1514 5741 infundere
1558 5681 1799 5754 digneris
1832 5677 2088 5748 Spiritum
2131 5687 2282 5732 tuum
2390 5693 2485 5747 per
2526 5630 2823 5745 Virginem.
2874 5674 3121 5730 lnteritus
3170 5685 3265 5742 per
3312 5670 3537 5739 tignum;
3584 5646 3667 5708 κά
3706 5652 3748 5693 ¹¹¹
3769 5630 3844 5694 ¹¹³⁰

696 5916 739 5973 Β
770 5856 801 5890 ι
838 5847 988 5907 nam
1037 5846 1153 5903 fere
1192 5844 1491 5903 orationem
1540 5843 1773 5902 recitant
1826 5840 2135 5898 sacerdotes
2186 5836 2253 5893 ad
2308 5836 2677 5905 ablutionem;
2726 5843 2781 5891 et
2824 5847 2945 5906 quae
2985 5831 3228 5902 sequitur
3269 5828 3398 5884 item
3442 5818 3603 5877 exstat
3636 5805 3685 5859 in
3729 5773 3868 5848 Missalt

746 5933 957 5973 omano.

746 5933 957 5979 01113110.
