4048 6350
152 395 295 453 317
1233 391 1327 449 DE
1363 391 1693 450 LITURGIA
1729 391 2124 451 GALLICANA
2159 392 2367 451 LIBER
2404 394 2493 452 III.

160 513 373 573 Galus.
420 509 481 568 In
508 508 638 570 Iesu
674 508 893 567 Christo
935 506 1072 563 iacta
1121 515 1205 563 est
1231 506 1353 564 ﬁnis
1378 507 1663 573 moriendi,
1695 507 1785 577 qui
1814 510 1869 572 Α
2320 508 2436 558 Post
2456 509 2729 560 orationem
2747 508 3064 560 Dominicam.

161 604 595 677 perennitatem
623 604 750 659 vita
789 615 902 658 sum
931 599 1145 669 corpori
1172 598 1426 655 restituit.
1473 597 1569 655 Cui
1591 613 1782 655 omnes
1963 589 2155 647 Libera
2180 604 2277 647 nos
2301 607 2333 648 ει
2362 593 2524 659 maIO,
2577 592 2799 648 Domine
2828 591 3044 649 Christe
3082 592 3228 650 Jesu.
3261 592 3475 664 Corpus

166 699 468 757 calorum
512 712 637 754 cum
686 694 968 767 multiplici
1022 695 1222 749 virtute
1266 692 1474 749 militiae
1521 692 1779 764 bymnum
1890 693 2039 741 tuum
2084 699 2182 755 pro
2232 685 2386 741 nobis
2432 684 2748 739 cruciﬁxum
2795 685 3034 749 edimus;
3078 694 3133 740 et
3160 686 3475 755 sanguinem
3540 722 3585 763 β

158 792 437 848 debitum
465 799 520 847 et
546 790 768 862 gloriam
791 796 939 845 tuam
967 788 1084 843 sine
1106 786 1409 843 cessatione
1430 788 1782 857 proclamant,
1889 786 2133 834 sanctum
2161 789 2312 834 tuum
2344 793 2441 848 pro
2466 779 2622 833 nobis
2644 778 2872 834 ell‘usum
2902 778 3135 833 bibimus
3160 796 3173 831 :
3209 778 3301 833 ﬁat
3321 778 3481 835 nobis

162 884 457 941 dicentes.
826 936 829 937 ν
1888 884 2082 940 corpus
2116 879 2359 926 sanctum
2392 880 2541 926 tuum
2569 871 2637 927 ad
2658 872 2911 938 salutem,
2938 880 2995 927 et
3021 870 3239 942 sanguis
3259 879 3480 927 sanctus

807 936 926 1006 Post
948 948 1172 1009 Sanctus.
1889 936 2015 1019 tuus
2040 963 2098 1019 in
2121 964 2443 1020 remissione
2472 974 2816 1036 peccatorum
2852 936 2942 1020 hic
2968 973 3027 1023 et
3060 936 3349 1022 in'aeterua
3373 978 3477 1022 sa:-

252 1040 515 1095 Hosanna
544 1040 597 1096 in
623 1042 879 1098 excelsis.
923 1041 1241 1100 Benedictus
1272 1042 1363 1113 qui
1391 1037 1539 1095 venit
1584 1036 1651 1092 de
1679 1050 1787 1092 cse-
1888 1057 2009 1113 ωια
2034 1059 2379 1119 “mulorum

162 1132 296 1204 Iis,
334 1142 399 1188 ut
444 1136 859 1191 conver’saretur
906 1134 959 1189 in
1008 1132 1208 1203 terris,
1232 1144 1357 1189 caro
1379 1129 1576 1197 Iactus,
1600 1135 1658 1185 ut
1687 1128 1783 1198 per

167 1224 499 1297 passionem
528 1240 678 1282 suam
710 1225 872 1282 vitam
900 1227 1245 1284 credentibus
1274 1224 1449 1283 daret.
1491 1222 1613 1296 Ipse
1642 1222 1786 1280 enim

166 1318 274 1391 Qui
302 1318 450 1389 prid.

2416 1148 2534 1200 Post
2551 1149 2960 1200 communionem.

1884 1292 1885 1295 η
1958 1233 2194 1304 Agamus
2223 1233 2579 1304 omnipotenti
2607 1234 2718 1290 Deo
2739 1234 2957 1305 gratias,
2987 1233 3113 1305 quia
3144 1233 3331 1290 refecit
3369 1249 3470 1293 nos

1887 1337 2026 1395 pane
2054 1325 2255 1382 calcati
2280 1367 2297 1394 ,
2338 1336 2394 1381 et
2432 1328 2623 1396 poculo
2661 1327 2923 1397 spiritali,
2950 1336 3231 1397 sperantes
3257 1328 3326 1384 ab
3360 1328 3477 1399 ejus

1888 1418 2119 1488 benigna
2147 1419 2432 1476 clementia
2458 1429 2519 1474 ut
2558 1433 2651 1488 per
2682 1418 2997 1475 eil‘usionem
3027 1419 3264 1489 Spiritus
3300 1418 3470 1474 sancti

254 1490 558 1563 Explentes
621 1501 964 1550 sacrosancta
1020 1493 1453 1548 caerimoniorum
1499 1488 1785 1547 sollemnia

1898 1511 1993 1579 sui,
2023 1512 2075 1567 in
2103 1513 2293 1583 quibus
2318 1512 2421 1568 cibi
2450 1511 2679 1566 caelestis
2704 1512 2877 1566 virtus
2916 1488 3196 1579 introivit,
3229 1511 3452 1568 sinceri-

166 1584 295 1642 rltu
340 1583 738 1641 Melchisedech
777 1583 941 1656 300
987 1582 1184 1639 summi
1233 1582 1530 1639 sacerdotis
1574 1581 1779 1650 oblata,

807 1391 925 1442 Post
947 1396 1165 1442 secreta.

169 1684 479 1749 precamur
526 1684 711 1732 mente
758 1677 947 1732 devota
1008 1688 1080 1741 te,
1138 1675 1385 1745 Maiestas
1442 1685 1665 1743 aeterna,
1723 1680 1785 1728 ut

170 1776 450 1839 operante
473 1770 670 1826 virtute
690 1810 705 1837 ,
735 1782 929 1840 panem
960 1778 1218 1822 mutatum
1250 1768 1302 1822 in
1336 1775 1363 1805 ι
1392 1781 1578 1836 carne,
1612 1783 1779 1839 pocu-

171 1861 297 1922 lum
325 1880 540 1923 versum
571 1869 624 1923 in
672 1866 931 1939 sanguine
958 1908 973 1933 ,
1019 1866 1166 1921 illum
1212 1880 1487 1923 sumamus
1526 1868 1578 1923 in
1611 1867 1779 1924 calice

174 1960 280 2028 qui
313 1957 385 2016 de
411 1966 464 2016 te
491 1958 648 2017 ﬂuxit
675 1958 731 2015 in
753 1974 913 2017 cruce
942 1975 1007 2016 ex
1032 1961 1215 2017 latere.
1251 1960 1363 2016 Sal.

582 2075 712 2126 Ante
737 2078 1013 2128 orationem
1037 2076 1358 2128 Dominicam.

256 2181 543 2253 Agnosce,
576 2181 836 2253 Domine,
866 2184 1028 2239 verba
1055 2199 1177 2253 qua:
1207 2184 1532 2255 praecepisti,
1568 2184 1782 2255 ignosce

181 2274 566 2345 praesumtioni
620 2292 783 2347 quam
850 2279 1144 2349 imperasti.
1192 2279 1495 2349 Ignorantia
1524 2289 1607 2335 est
1634 2279 1779 2335 enim

181 2382 302 2438 non
326 2383 488 2426 nosse
517 2372 766 2426 meritum
792 2412 810 2439 ,
858 2372 1192 2428 contumacia
1234 2387 1342 2429 non
1388 2388 1607 2430 servare
1635 2389 1775 2444 pra:-

181 2471 428 2532 eeptum,
463 2463 660 2533 quibus
689 2464 937 2531 iubemur
965 2466 1164 2522 dicere.

268 2602 295 2630 ι
334 2593 531 2667 Sextus
560 2609 717 2651 casus
763 2609 860 2663 pro
898 2611 1027 2653 casu
1070 2596 1389 2665 accusandi,
1420 2605 1478 2651 ut
1504 2596 1704 2667 passim
1729 2596 1784 2653 is

184 2662 279 2721 his
307 2666 538 2739 aliisque
565 2662 790 2725 vetustis
819 2667 992 2724 libris.

1889 1604 2014 1661 tatis
2036 1605 2205 1676 gratia
2237 1615 2569 1674 perseveret.
2600 1603 2728 1658 Per.

2400 1697 2759 1749 Consummatio
2774 1699 2973 1758 .tnissaa.

1961 1782 2081 1841 Tibi
2126 1782 2327 1854 gratias
2370 1782 2622 1853 agimus,
2668 1797 2763 1853 per
2809 1796 2966 1852 quem
3010 1788 3264 1852 mysteria
3296 1786 3481 1857 sancta

1888 1876 2261 1943 celebramus;
2302 1891 2332 1929 a
2369 1884 2423 1931 te
2453 1890 2667 1946 quoque
2709 1874 3010 1929 sanctitatis
3052 1882 3108 1929 et
3142 1871 3476 1957 sanitatis",

1987 1971 2062 2024 tui
2088 1969 2259 2041 gratia
2286 1969 2425 2025 dona
2455 1969 2820 2039 deposcimus.
2849 1970 2952 2024 Per
2975 1968 3282 2023 Duminum.

2130 2082 2367 2138 LXXXI.
2402 2098 2552 2138 IIISSA
2584 2090 2871 2138 donamus
2898 2080 2928 2121 ι’
2959 2095 3240 2137 nouunsrs.

1963 2197 2137 2261 Deus,
2169 2193 2259 2265 qui
2304 2194 2462 2264 culpa
2507 2192 2830 2261 oﬂenderis,
2872 2192 3184 2263 paenitentia
3224 2192 3474 2264 placaris,

1891 2287 2209 2343 alﬂictorum
2238 2288 2469 2357 gemitus
2495 2286 2727 2356 respice,
2759 2296 2815 2341 et
2843 2286 2986 2342 mala
3011 2301 3134 2357 qua:
3157 2284 3303 2356 iuste
3331 2286 3479 2342 iuro.

1888 2392 1987 2448 gas
2016 2378 2437 2433 misericorditer
2461 2386 2667 2433 averte.
2699 2377 2824 2433 Per.

1965 2468 2161 2523 Cretera
2183 2470 2383 2523 desunt.

1962 2596 1991 2638 δ
2029 2599 2087 2655 Id
2115 2609 2199 2658 est
2226 2614 2290 2657 ex
2317 2599 2517 2657 Ordine
2544 2598 2790 2656 Romano
2816 2613 2916 2657 seu
2948 2597 3295 2671 Gregoriano.

542 3006 1182 3149 MISSA
1212 3013 1487 3149 LE
1658 3006 3113 3153 FBANCORUM.

508 3418 549 3473 I.
604 3434 799 3475 INCIPIT
837 3435 906 3475 ns
943 3433 1121 3475 sucus
1159 3432 1455 3474 unctulum.

262 3511 417 3582 301
447 3516 692 3571 Ostiarius
714 3532 825 3570 eum
844 3518 1123 3581 ordinatur,
1149 3526 1401 3585 postquam
1434 3518 1499 3570 ab
1530 3516 1782 3570 archidia.

189 3616 306 3656 cono
326 3602 588 3655 instructus
608 3603 757 3665 fuerit
786 3602 994 3666 qualiter
1016 3604 1065 3654 in
1092 3606 1235 3656 domo
1275 3602 1368 3655 Dei
1390 3590 1562 3654 debeat
1583 3616 1785 3655 conuer-

190 3686 333 3749 seri,
377 3690 442 3737 ad
483 3686 835 3751 suggestionem
877 3687 1214 3739 archidiaconi
1257 3688 1421 3738 tradat
1443 3685 1493 3738 ei
1534 3686 1785 3749 episcopus

194 3773 347 3823 claves
370 3771 588 3825 ecclesia:
608 3774 670 3825 de
693 3772 841 3824 altari
880 3771 1046 3825 dicens
1069 3785 1087 3823 :
1113 3774 1195 3824 Sic
1217 3785 1312 3834 age
1338 3773 1477 3835 quasi
1500 3772 1784 3821 redditurus

192 3851 305 3906 Deo
355 3859 595 3907 rationem
639 3870 726 3919 pro
764 3857 840 3906 bis
879 3859 1028 3908 rebus
1067 3869 1175 3920 qua
1214 3857 1322 3906 istis
1361 3855 1579 3906 clavibus
1622 3854 1786 3905 reclu-

196 3936 392 3988 duntur.

267 4021 541 4093 Acolythus
584 4039 697 4077 cum
745 4025 1033 4091 ordinatur,
1080 4023 1143 4077 ab
1173 4022 1539 4078 archidiacono
1578 4022 1783 4094 quidem

197 4116 434 4169 doceatur
474 4116 695 4187 qualiter
740 4115 959 4187 ofﬁcium
985 4132 1135 4171 suum
1166 4132 1315 4188 agere
1345 4115 1554 4181 debeat;
1604 4116 1694 4170 sed
1722 4114 1784 4169 ab

196 4208 307 4281 ipso
334 4212 696 4266 archidiacono
724 4213 941 4283 accipiat
987 4211 1348 4281 ceroferarium
1391 4229 1507 4265 cum
1537 4227 1703 4277 ceree;
1733 4219 1786 4264 ut

198 4303 322 4357 sciat
349 4319 401 4357 se
426 4303 495 4356 ad
522 4303 850 4357 accendenda
881 4302 1127 4358 Ecclesia!
1155 4304 1434 4357 luminaria
1455 4303 1742 4375 mancipari
1765 4320 1784 4358 :

199 4398 411 4467 accipiat
432 4406 483 4451 et
518 4398 765 4452 orciolum
796 4414 1011 4451 vacuum
1058 4396 1128 4450 ad
1176 4398 1551 4469 suggereudum
1609 4398 1783 4451 vinum

210 4488 539 4545 Eucharistite
568 4490 798 4559 corporis
820 4488 1030 4545 Christi.

272 4581 535 4637 Exercista
562 4598 676 4636 cum
705 4583 995 4649 ordinatur,
1024 4582 1241 4651 accipiat
1262 4582 1325 4637 de
1363 4600 1520 4638 manu
1557 4582 1785 4651 episcOpi

204 4670 443 4738 libellum,
477 4674 531 4726 in
560 4690 659 4744 quo
714 4673 891 4745 scripti
936 4682 1057 4728 sunt
1101 4674 1390 4741 exorcismi,
1448 4675 1643 4729 dicente
1687 4670 1783 4728 sibi

1808 3416 1867 3479 Α
1960 3413 2250 3483 Episcoyus
2280 3430 2395 3469 cum
2424 3417 2716 3491 ordinatur,
2750 3421 2853 3476 duo
2897 3424 3123 3498 episcOpi
3170 3444 3355 3485 manus
3390 3445 3485 3487 ee-

1890 3522 2007 3560 rum
2031 3523 2181 3577 super
2202 3520 2353 3579 caput
2374 3510 2486 3580 ejus
2519 3522 2744 3579 ponant;
2770 3523 2817 3568 et
2856 3526 3058 3571 teneant
3094 3518 3487 3589 Evangelioruttt

1890 3590 2116 3651 codicem
2146 3590 2303 3666 sripra
2331 3615 2576 3657 cervicem
2601 3604 2748 3670 ejus;
2784 3615 2829 3659 et
2856 3623 2959 3660 uno
2984 3623 3136 3678 super
3158 3626 3273 3664 eum
3300 3611 3484 3681 infun-

1891 3686 2041 3743 dente
2066 3690 2483 3759 benedictionem,
2510 3694 2693 3764 reliqui
2716 3713 2887 3751 omnes
2911 3698 3138 3770 episcopi
3164 3702 3251 3771 qui
3266 3703 3479 3773 adsunt,

1889 3782 2127 3836 manibus
2158 3784 2265 3837 suis
2295 3800 2450 3854 super
2480 3798 2633 3856 caput
2656 3791 2765 3860 ejus
2794 3799 3017 3846 teneant.

2285 3897 2347 3951 II.
2390 3912 2714 3957 BENEDIC'I'IO
2756 3913 2779 3939 ³
2820 3918 3089 3962 us'rusnu.

1964 4011 2131 4068 Deum
2163 4013 2374 4069 Patrem
2419 4018 2840 4088 omnipotentem
2880 4022 3195 4093 suppliciter
3222 4022 3483 4095 deprece-

1890 4110 2033 4171 mur,
2068 4114 2123 4160 ut
2158 4108 2296 4163 hunc
2347 4108 2603 4164 famulum
2651 4126 2806 4167 suum
2840 4113 3160 4171 benedicere
3205 4116 3475 4188 dignetur,

1889 4194 2048 4268 tfuem
2071 4198 2124 4252 in
2148 4198 2404 4256 ofﬁciium
2434 4202 2650 4258 ustearii
2668 4205 2866 4277 eligere
2878 4204 3122 4278 dignatus
3136 4220 3235 4276 est,
3258 4214 3315 4265 ut
3343 4212 3412 4267 sit
3435 4214 3487 4269 ei

1892 4290 2203 4346 ﬁdelissima
2241 4307 2370 4348 cura
2397 4295 2451 4349 in
2482 4295 2668 4352 diebus
2715 4314 2777 4355 ac
2808 4303 3053 4358 noctibus
3089 4303 3155 4358 ad
3185 4296 3488 4362 distinctio-

1892 4396 2016 4436 nem
2062 4383 2312 4439 horarum
2363 4388 2607 4444 certatim
2636 4390 2701 4445 ad
2730 4392 3089 4450 invocantium
3136 4400 3330 4453 nomen
3379 4399 3486 4455 Do-

1890 4472 2045 4528 mini.
2090 4474 2208 4530 Per.

2628 4553 2752 4602 Alia.

1964 4643 2125 4717 302
2163 4647 2391 4704 Domine
2428 4662 2631 4717 sancte,
2677 4653 2835 4711 Pater
2876 4659 3239 4730 omnipotens,
3269 4674 3477 4725 aeterne

206 4734 478 4834 episcopo:
526 4734 725 4835 Accipe
752 4734 828 4819 et.
850 4765 1201 4833 commenda;
1236 4775 1291 4821 et
1321 4734 1516 4821 habeto
1550 4774 1781 4836 potesta-
1815 4775 1863 4835 Β
1892 4734 2057 4836 ρεπεν
2077 4738 2390 4836 δθηῗάίθθῗθ
2416 4743 2651 4812 dignm“
2683 4746 2936 4804 famulum
2967 4760 3113 4806 "lum
3137 4758 3276 4811 hunc
3303 4760 3474 4814 ustis-

207 4863 305 4911 wm
335 4855 643 4925 imponendi
668 4872 856 4912 manus
884 4870 1045 4928 super
1070 4872 1511 4929 energumenum,
1547 4858 1661 4913 sive
1690 4857 1785 4913 ba-

210 4950 474 5019 ptizatum,
507 4952 622 5007 sive
651 4953 1117 5010 catechumenum.

279 5040 533 5097 Diaconus
552 5059 667 5097 cum
696 5043 985 5109 ordinatur,
1027 5045 1167 5099 solus
1209 5044 1475 5115 episwpus
1505 5043 1593 5115 qui
1631 5044 1677 5098 ei
1707 5044 1789 5098 bc-

211 5132 403 5198 nedicit,
435 5149 646 5187 manuni
674 5148 826 5204 super
848 5144 1001 5205 caput
1031 5134 1171 5189 illius
1193 5143 1368 5205 ponat.
1397 5131 1519 5189 Per.

277 5222 547 5296 Presbyter
590 5242 706 5279 cum
744 5226 1040 5290 ordinatur,
1093 5225 1360 5297 cpiscopus
1406 5229 1451 5281 ei
1500 5227 1784 5294 benedicat,

212 5332 407 5371 manum
437 5332 585 5372 suam
629 5334 783 5388 super
814 5328 966 5389 caput
996 5322 1108 5391 ejus
1156 5327 1319 5373 teneat
1347 5334 1365 5373 :
1406 5320 1559 5373 etiam
1615 5335 1789 5374 omnes

211 5409 476 5481 presbyteri
500 5410 589 5480 qui
619 5418 892 5476 manentes
929 5420 1072 5477 sunt,
1121 5427 1304 5465 manus
1344 5428 1466 5465 suas
1515 5413 1664 5480 iuxta
1688 5428 1789 5466 ma-

212 5513 328 5552 num
351 5500 578 5572 episcopi
596 5517 749 5573 super
775 5511 928 5571 caput
955 5501 1097 5555 illius
1136 5508 1359 5556 teneant.

158 5702 161 5703 ν
218 5688 221 5691 ν
281 5668 306 5698 ⁸
343 5660 556 5736 Eaedem
585 5663 861 5736 orationes
900 5666 952 5719 in
985 5665 1187 5721 Ordine
1225 5664 1471 5721 Romano
1498 5682 1598 5736 pro
1630 5666 1713 5722 bis
1736 5676 1792 5722 et

215 5734 859 5806 sequetnibus‘ordinibus
889 5751 1058 5805 usque
1101 5737 1167 5792 ad
1221 5734 1587 5806 episcopatum
1636 5740 1795 5793 edita

218 5806 494 5880 suntnaptld
525 5803 814 5880 Morinum,
847 5808 896 5860 in
927 5803 1016 5861 lib.
1049 5807 1115 5862 de
1138 5803 1305 5864 sacris
1336 5803 1793 5880 Ordinationibus,

217 5886 275 5999 BI.
295 5872 409 5956 261..
432 5875 649 5958 Εῳόςω
667 5877 794 5931 item
813 5879 1083 5959 orationes
1102 5880 1369 5934 habentur
1406 5880 1459 5933 in
1492 5872 1795 5963 pervetusle

265 5946 399 5999 tssalt
441 5946 792 5999 Bibliotheca:
852 5964 1011 5999 ream
1061 5968 1283 5999 nurnero
1334 5950 1495 5999 5865-
1542 5954 1607 5999 ad
1640 5968 1792 5999 alnus

265 5946 399 6002 issali
441 5946 792 6004 BiinOtheca:
852 5952 1011 6020 regia:
1061 5968 1283 6008 numero
1334 5946 1505 6023 5805,
1542 5954 1608 6010 ad
1640 5952 1792 6025 cujus

1891 4830 2052 4895 rium,
2092 4839 2150 4886 ut
2178 4832 2316 4888 inter
2351 4834 2607 4902 ianitores
2644 4835 2900 4895 Ecclesia:
2938 4851 3089 4909 paret
3133 4846 3388 4917 obsequia
3426 4860 3480 4906 et

1888 4920 2033 4977 inter
2054 4933 2256 4991 partem
2286 4932 2433 4979 tuam
2462 4922 2732 4982 mereatur
2770 4929 2968 4987 habere
2997 4937 3323 4994 mercedem.
3355 4939 3483 5002 Per.

2325 5035 2410 5091 Ill.
2453 5053 2773 5097 summano
2812 5058 3061 5100 tcourt.

1970 5148 2193 5204 Domine
2217 5163 2424 5219 sancte,
2468 5152 2625 5209 Pater
2670 5157 3041 5233 omnipotens,
3070 5170 3272 5217 atterne
3327 5163 3489 5230 Deus,

1901 5243 1990 5311 qui
2019 5241 2235 5314 Moysen
2261 5256 2311 5299 et
2354 5245 2532 5302 Aaron
2563 5248 2767 5306 locutus
2791 5267 2869 5317 es,
2903 5264 2959 5308 ut
2987 5255 3370 5310 accenderetur
3400 5258 3485 5311 lu-
3558 5291 3573 5318 ι

1902 5350 2061 5391 cerua
2094 5336 2143 5389 iu
2178 5337 2522 5394 tabernaculo
2564 5342 2876 5409 testimonii,
2930 5345 3011 5400 sic
3062 5345 3383 5404 benedicere
3431 5359 3491 5404 et
3557 5335 3565 5410 ξ

1900 5425 2237 5482 sanctiﬁcare
2284 5429 2520 5499 digneris
2569 5431 2709 5490 hunc
2764 5432 3026 5492 famulum
3082 5444 3258 5503 tuum,
3311 5449 3369 5495 ut
3416 5442 3491 5498 sit

1900 5518 2144 5588 acolytus
2174 5519 2225 5571 in
2258 5518 2496 5576 Ecclesia
2530 5531 2638 5578 tua.
2669 5522 2794 5580 Per.

1902 5671 2185 5760 orathc
2232 5674 2351 5760 loco
2395 5678 2467 5732 ita
2507 5678 2733 5760 legitur:
2782 5679 2965 5760 Helias
3000 5682 3281 5760 Sfotigeua
3307 5688 3380 5760 sic
3411 5693 3493 5760 fa-

1900 5745 2063 5797 ciebat
2076 5756 2178 5826 ,°_et
2220 5750 2486 5826 episcopus
2542 5745 2655 5826 Ugo
2699 5752 2981 5826 secundum
3024 5745 3271 5811 Ordinem
3301 5745 3491 5815 Bouia-

1902 5829 2043 5898 uum.
2076 5816 2137 5869 lli
2163 5816 3027 5898 (περὶδεςρὶ-υςθῃιᾘροιὶεηιθηεθε,
3065 5828 3244 5887 Ilelias
3272 5831 3491 5898 quidem

1904 5887 2355 5964 μωροῖς-Επιτοῐὶ
2384 5890 2563 5964 Calvi;
2613 5891 2771 5964 Hngo
2798 5910 2925 5952 vero
2958 5887 3133 5952 Inedio
3183 5887 3383 5957 saccqu
3427 5918 3484 5964 ι,

1902 5953 2087 6025 Itaque
2116 5956 2207 6013 hic
2233 5960 2370 6017 ritus
2394 5971 2479 6020 est
2503 5953 2831 6035 Gallicanus,
2859 5982 2968 6025 non
2991 5953 3286 6027 Romanus.
