4048 6350
619 375 727 436 319

1050 501 1137 558 Ν.
1179 517 1457 559 ΡΒΕΓΑΤΙΟ
1499 520 1776 561 ιεετοιιις.

700 593 918 666 Eligant
947 601 999 648 te
1047 593 1241 649 fratres
1273 599 1366 658 tui,
1415 606 1473 650 ut
1520 599 1594 650 sis
1643 598 1805 651 lector
1837 597 1888 650 in
1921 595 2081 650 domo
2111 595 2206 650 Det

622 686 729 752 tui;
759 699 814 742 et
835 701 1092 755 agnoscos
1121 688 1352 741 ofﬁcium
1386 699 1556 752 tuum,
1588 699 1644 743 ut
1671 691 1894 758 impleas
1916 689 2044 742 illud
2074 708 2087 755 ;
2115 703 2207 758 po.

623 788 740 836 tens
766 789 849 834 est
873 780 1011 833 enim
1050 779 1188 834 Deus
1220 788 1274 833 ut
1303 791 1492 849 augeat
1523 781 1618 834 tibi
1659 783 1904 850 gratiam.
1940 781 2059 835 Per.

1140 872 1424 922 Benedictio
1449 873 1672 922 lectoris.

696 957 918 1012 Domine
943 969 1147 1025 sancte,
1198 959 1353 1012 Pater
1390 959 1761 1027 omnipotens,
1797 968 1995 1013 mterne
2041 959 2202 1026 Deus,

626 1051 944 1106 benedicere
968 1053 1201 1122 digneris
1233 1053 1488 1108 famulum
1517 1063 1662 1107 tuum
1697 1055 1835 1107 hunc
1861 1067 2007 1106 nom.
2033 1051 2202 1116 illum,

625 1144 680 1199 in
703 1145 932 1199 ofﬁcium
965 1146 1200 1213 lectoris,
1247 1157 1303 1199 ιιι
1351 1146 1664 1200 assiduitate
1711 1145 1994 1200 lectionum
2025 1143 2208 1198 distin-

623 1247 737 1293 ctus
771 1249 927 1308 atque
953 1238 1231 1292 ordinatus
1277 1240 1421 1292 curis
1466 1239 1716 1305 modulis,
1773 1237 1998 1307 Spiritali
2051 1235 2208 1291 devo-

629 1330 772 1383 tione
797 1330 971 1397 lingua
1003 1338 1216 1384 resonet
1240 1329 1515 1384 Ecclesiae.

1037 1423 1097 1478 V.
1141 1438 1419 1477 ιτιιιιει-Ατιο
1460 1436 1788 1478 moncrs'ra-z.

691 1517 856 1571 Deum
899 1515 1110 1570 Patrem
1160 1517 1579 1585 omnipotentem
1624 1514 1891 1582 supplices
1941 1513 2205 1582 depreca-

625 1624 764 1674 mur,
793 1619 851 1663 ut
894 1608 1036 1664 hunc
1081 1609 1335 1662 fanmlum
1396 1624 1548 1662 suum
1581 1623 1725 1661 nom.
1765 1607 1838 1660 ill.
1892 1605 2208 1660 benedicere

620 1702 865 1769 dignetur
889 1703 938 1755 in
968 1701 1147 1755 ofﬁcio
1171 1703 1474 1765 exomistre,
1501 1711 1557 1753 ut
1587 1701 1656 1753 sit
1687 1699 1943 1768 spiritalis
1972 1699 2206 1767 impera-

621 1799 705 1846 tor
735 1792 797 1845 ad
829 1792 1159 1861 objiciendus
1209 1793 1484 1848 daemones
1514 1793 1582 1846 de
1619 1791 1932 1860 corporibus
1972 1789 2208 1845 obsessis

621 1898 741 1940 cum
770 1883 914 1938 omn'i
944 1885 1178 1954 nequitia
1205 1901 1392 1940 eorum
1426 1884 1758 1939 multiformi.
1792 1883 1914 1938 Per.

1118 1998 1405 2047 Benedictio
1431 2000 1711 2047 exorcistac.

693 2082 920 2137 Domine
962 2092 1166 2146 sancte,
1199 2083 1354 2137 Pater
1395 2068 1757 2152 omnipotens,
1809 2091 2009 2138 aeterne
2044 2082 2204 2151 Deus,

620 2173 937 2230 benedicere
968 2175 1202 2245 digneris
1227 2174 1486 2229 famulum
1520 2185 1665 2229 tuum
1696 2176 1839 2230 hunc
1873 2191 2016 2229 nom.
2044 2175 2120 2230 ill.
2155 2174 2208 2228 in

619 2266 801 2322 ofﬁcio
824 2267 1131 2334 exorcistte,
1165 2277 1220 2321 ut
1251 2283 1344 2337 per
1371 2269 1722 2337 impositionis
1741 2284 1994 2322 manuum
2023 2277 2079 2323 et
2105 2268 2213 2322 oris

623 2359 887 2426 ofﬁcium,
917 2377 1036 2420 eum
1082 2361 1280 2431 eligere
1321 2360 1585 2430 digneris;
1617 2370 1671 2416 et
1701 2361 1980 2431 imperium
2021 2362 2216 2418 habeat

618 2451 900 2521 spirituum
931 2453 1326 2506 immnndorum
1356 2452 1809 2515 coercendornm;
1838 2460 1892 2506 et
1912 2451 2209 2521 probabilis

620 2546 689 2599 sit
711 2544 949 2599 medicus
976 2545 1231 2600 Ecclesia:
1260 2553 1385 2612 tua),
1418 2544 1604 2614 gratiae
1635 2543 1974 2598 curationum
2016 2544 2212 2599 virtute

620 2635 986 2692 conﬁrmatus.

724 2750 811 2804 Vl.
879 2763 1174 2805 ALLOCUTIO
1212 2767 1280 2804 AD
1319 2741 1685 2806 SUBDIACONUM
1725 2763 2088 2804 OBDINANDUI.

692 2863 1009 2920 Exhibeatur
1056 2868 1108 2921 in
1153 2879 1426 2938 conspectu
1457 2868 1682 2938 episcOpi
1712 2876 1899 2936 patena
1930 2877 1955 2905 ι
1988 2877 2034 2922 et
2079 2867 2216 2922 calix

623 2972 834 3024 vacuus,
869 2967 915 3012 et
942 2959 1079 3012 dicat
1113 2961 1158 3012 ei
1188 2961 1454 3030 episcOpus
1481 2978 1500 3012 :

693 3047 824 3104 Vide
852 3049 1003 3118 cujus
1034 3050 1390 3105 ministerium
1417 3051 1508 3105 tibi
1540 3051 1790 3106 traditur.
1822 3051 1888 3106 Et
1911 3051 2031 3108 ideo
2054 3053 2097 3106 si
2127 3067 2216 3108 us-

622 3158 726 3215 que
757 3160 897 3200 nunc
926 3146 1070 3200 fuisti
1102 3145 1285 3200 tardus
1313 3145 1378 3199 ad
1412 3145 1732 3211 Ecclesiam,
1763 3146 2012 3200 ammodo
2049 3145 2214 3200 debes

621 3250 743 3292 esse
767 3237 1034 3292 assiduus.
1066 3237 1121 3292 Si
1157 3253 1324 3307 usque
1371 3253 1512 3292 nunc
1539 3238 1926 3305 somnolentus,
1959 3240 2212 3297 ammodo

622 3325 828 3398 vigiles.
875 3330 930 3384 Si
962 3343 1128 3400 usque
1155 3344 1295 3384 nunc
1342 3331 1501 3401 303
1535 3331 1798 3396 ebriosus,
1830 3333 2079 3386 ammodo
2123 3349 2210 3386 so-

622 3420 790 3476 brius.
822 3420 879 3476 Si
928 3436 1094 3490 usque
1128 3437 1268 3476 nunc
1317 3423 1654 3489 inhonestus,
1715 3423 1964 3478 ammodo
2007 3435 2210 3480 castus.

620 3514 951 3580 Oblationes,
984 3530 1104 3585 qua:
1151 3517 1371 3570 veniunt
1403 3517 1453 3570 in
1503 3517 1714 3583 altario,
1751 3533 1912 3604 panes
1943 3520 2196 3588 proposi-

620 3608 783 3663 tionis
812 3610 1169 3679 appellantur.
1213 3611 1287 3666 De
1315 3611 1446 3679 ipsis
1475 3611 1833 3665 oblationibus
1869 3622 2072 3666 tantum
2112 3613 2210 3668 dc-

619 3701 711 3756 bet
737 3702 788 3756 in
827 3703 1016 3757 altario
1038 3703 1184 3772 poni,
1227 3711 1481 3771 quantum
1517 3705 1712 3772 populo
1741 3705 1908 3772 possit
1939 3704 2209 3769 sufﬁcere,

619 3808 689 3849 ne
715 3792 911 3863 aliquid
943 3795 1210 3863 putridum
1245 3795 1296 3848 in
1338 3794 1577 3848 sacrario
1609 3804 1841 3848 maneat.
1887 3794 2051 3849 Palla:
2079 3809 2209 3850 vero

619 3900 739 3954 qua:
768 3895 890 3940 sunt
921 3885 1022 3939 inb
1065 3887 1440 3951 substraturio,
1486 3885 1538 3939 in
1586 3886 1692 3939 alio
1734 3901 1862 3939 vase
1883 3886 2080 3940 debent
2134 3886 2211 3939 la-

621 3980 765 4043 vari;
796 3979 848 4032 in
889 3977 994 4032 alio
1022 3979 1329 4046 corporales
1363 3977 1536 4046 pallae.
1569 3978 1672 4032 Ubi
1717 3979 1874 4046 pallae
1899 3980 2210 4047 corporales

623 4070 814 4125 iavatac
851 4069 1066 4133 fuerint,
1099 4070 1301 4124 nullum
1329 4069 1618 4124 linteamen
1651 4069 1844 4124 ibidem
1875 4072 2017 4126 aliud
2047 4072 2208 4127 debet

621 4161 787 4217 lavari
821 4179 832 4216 :
867 4163 979 4231 ipsa
1016 4177 1149 4230 aqua
1177 4165 1227 4215 in
1258 4161 1573 4230 baptisterio
1601 4161 1764 4216 debet
1792 4163 1954 4232 vergi.
1990 4163 2118 4218 Ideo
2158 4171 2211 4220 te

623 4267 929 4321 ammoneu,
965 4263 1018 4307 tu
1050 4254 1122 4308 ita
1151 4263 1202 4308 te
1223 4254 1439 4319 exhibe,
1471 4265 1528 4307 ut
1555 4254 1663 4309 Deo
1687 4255 1899 4323 placere
1941 4257 2133 4324 possis.

696 4345 764 4398 Et
785 4347 956 4400 trades
986 4346 1030 4399 ei
1057 4346 1265 4398 calicem
1294 4355 1341 4398 et
1366 4355 1624 4414 patenum.

961 4436 1182 4487 Praefatio
1207 4437 1523 4486 ordinationis
1545 4438 1845 4488 subdiaconi.

689 4518 916 4575 Oremus
946 4519 1110 4574 Deum
1143 4527 1197 4574 et
1230 4519 1513 4575 Dominum
1547 4529 1814 4587 nostrum,
1839 4528 1896 4575 ut
1918 4536 2076 4591 super
2099 4536 2208 4578 ser-

619 4631 742 4670 vum
774 4629 929 4670 suum
953 4629 1096 4669 nom.
1132 4615 1232 4680 ill.,
1258 4629 1414 4684 quem
1448 4615 1512 4669 ad
1535 4615 1950 4670 subdiaconatus
1971 4616 2206 4672 ofﬁcium

1393 388 1738 446 APPENDIX
1779 389 1870 445 AD
1908 385 2136 445 OPERA
2176 384 2422 444 SANCTI
2459 382 2768 442 GERMANI
2801 381 3256 442 PARISIENSIS.
3825 390 3895 446 320

2234 391 2422 444 lNCTl
2459 391 2768 442 GERMANI
2801 391 3256 442 PARISIENSIS.
3825 391 3895 446 320

2234 509 2283 565 Α
2311 501 2530 566 tudinis,
2569 501 2798 570 Spiritus
2843 501 3079 556 scientia:
3125 510 3182 557 et
3221 501 3496 570 pietatis.
3557 498 3775 570 Repleas
3810 519 3894 562 eum
3971 391 3977 696 Ν

2309 594 2505 662 Spiritu
2536 595 2745 648 timoris
2770 595 2865 657 tui,
2898 605 2953 649 ut
2976 609 3095 648 eum
3127 595 3180 648 in
3217 593 3566 648 ministerio
3603 593 3776 649 divino
3806 611 3894 654 coa-

2309 594 2505 662 Spiritu
2536 595 2745 648 timoris
2770 595 2865 657 tui,
2898 605 2953 649 ut
2976 609 3095 648 eum
3127 595 3180 648 in
3217 593 3566 648 ministerio
3603 593 3776 649 divino
3806 611 3894 654 coa-

2265 747 2270 750 _
2308 686 2518 750 ﬁrmes;
2551 695 2606 739 ut
2648 686 2906 740 obediens
2947 695 3106 756 atque
3136 686 3304 740 dicto
3359 699 3604 754 parens,
3639 694 3773 740 tuam
3810 703 3896 758 gn.

2307 781 2432 836 tiam
2462 788 2842 849 consequatur.
2876 779 2977 834 Per
3014 779 3343 833 Dominum.

2439 892 2542 947 VII.
2585 906 2882 948 ALLOCU'I'IO
2919 909 2988 948 AD
3027 907 3287 948 roruwu
3337 907 3399 948 IN
3442 905 3805 949 onnttts'rron

2983 980 3222 1019 DIACONI.

2380 1079 2718 1136 Dilectissimi
2748 1080 2962 1146 fratres,
3013 1080 3328 1148 quamlibet
3362 1078 3593 1149 possint
3641 1081 3707 1135 ad
3735 1083 3894 1138 ordim-

2309 1171 2510 1228 tionem
2561 1173 2908 1229 ecclesiastici
2955 1173 3247 1228 ministerii
3314 1174 3778 1243 promovendam,
3825 1178 3894 1232 sibi

2310 1262 2421 1332 ipsa
2454 1263 2704 1319 sufﬁcere
2756 1265 3033 1335 privilegia
3073 1264 3476 1330 sacerdotum,
3539 1274 3770 1322 attamen
3809 1271 3893 1337 quia

2312 1355 2642 1424 probabilior
2666 1365 2720 1410 et
2751 1366 2930 1411 nostra
2952 1357 3093 1426 apud
3122 1357 3442 1411 Dominum
3469 1359 3806 1412 conversatio
3825 1371 3896 1426 est,

2311 1457 2363 1502 et
2389 1462 2570 1501 eorum
2603 1445 3044 1516 quorum'lionor
3069 1459 3336 1521 augetur,
3382 1449 3579 1520 major
3623 1460 3705 1505 est
3750 1452 3891 1519 gratia;

2311 1541 2357 1594 si
2388 1539 2441 1594 id
2471 1541 2611 1610 quod
2639 1543 2856 1597 arbitria
2890 1552 3070 1598 nostra
3099 1546 3348 1614 eligunt,
3378 1545 3560 1600 etiam
3597 1555 3782 1598 vestra:
3806 1562 3892 1600 con-

2313 1631 2489 1686 ﬁrmet
2520 1631 2822 1687 dilectionis
2864 1635 3149 1702 adsensus,
3203 1637 3443 1691 tdcirco
3499 1637 3672 1690 lilium
3704 1647 3889 1693 nostrum

2311 1721 2388 1776 ill.
2419 1725 2574 1792 cupio
2619 1725 2686 1778 ad
2729 1725 2963 1780 ofﬁcium
2993 1727 3325 1783 diaconatus
3376 1729 3437 1782 in
3468 1729 3794 1784 consortium
3829 1745 3891 1783 no-

2312 1821 2481 1866 strum
2511 1813 2805 1870 divinitatis
2826 1817 3022 1872 auxilio
3055 1833 3426 1887 promovere.
3464 1820 3553 1873 An
3579 1834 3700 1874 eum
3721 1818 3886 1888 dignum

2234 1901 2289 1964 Β
2317 1906 2417 1962 hoc
2449 1908 2627 1963 ofﬁcio
2672 1911 2959 1974 censeatis,
3004 1913 3142 1966 scire
3191 1912 3512 1976 desidero;
3577 1921 3633 1965 et
3681 1913 3724 1965 si
3761 1921 3887 1965 vestra

2319 2001 2459 2071 apud
2509 2018 2680 2057 meam
2727 2005 3020 2059 concordat
3060 1994 3298 2071 'electio,
3362 2005 3739 2061 testimonium
3787 2003 3885 2074 quod

2316 2095 2476 2150 vultis
2505 2096 2720 2150 vocibus
2751 2096 3064 2166 adprobate.
3095 2098 3200 2153 Per
3241 2099 3584 2153 Dominum.

2668 2190 2836 2240 Oratio
2859 2190 2916 2238 ad
2941 2192 3194 2240 diaconum
3218 2191 3591 2241 ordinandum.

2388 2273 2550 2346 305
2579 2275 2824 2341 oremus,
2869 2276 3226 2343 dilectissimi,
3267 2278 3454 2333 Deum
3505 2278 3719 2332 Patrem
3757 2275 3880 2330 omni-

2315 2377 2606 2436 potentem,
2634 2378 2693 2422 ut
2715 2383 2877 2436 super
2903 2369 3040 2423 lmnc
3066 2369 3332 2423 famulum
3364 2385 3558 2437 suum,
3586 2384 3736 2439 quem
3756 2369 3808 2422 ad
3829 2370 3879 2420 ot-

2319 2461 2497 2516 ﬁcium
2546 2463 2857 2517 diaconatus
2909 2477 3100 2518 vocare
3147 2463 3440 2534 dignatur,
3500 2463 3877 2518 benedictionem

2315 2557 2499 2626 gratia:
2539 2557 2832 2610 clcnienter
2863 2556 3120 2616 effundat.
3149 2567 3203 2610 et
3234 2558 3685 2613 consecrationis
3720 2557 3876 2612 indulta

2318 2647 2578 2717 propitius
2601 2648 2738 2702 dona
2765 2658 3068 2714 conservet,
3102 2659 3159 2703 ut
3192 2665 3398 2720 preces
3446 2662 3662 2704 nostras
3691 2650 3873 2704 clemen-

2319 2751 2400 2797 ter
2423 2741 2705 2806 exaudiat;
2733 2751 2786 2797 et
2829 2757 2947 2810 qua:
2980 2751 3164 2796 nostro
3210 2753 3347 2798 sunt
3399 2741 3645 2812 gerenda
3685 2738 3870 2803 servitio,

2319 2849 2418 2890 suo
2438 2835 2667 2904 benigno
2698 2845 3050 2906 prosequatur
3075 2837 3312 2902 auxilio;
3348 2847 3406 2892 et
3434 2852 3594 2907 quem
3623 2836 3776 2890 sacris
3799 2833 3868 2887 mi-

2317 2929 2552 2984 nisteriis
2595 2929 2950 2998 exsequendis
2992 2944 3087 2998 pro
3110 2939 3296 2984 nostra
3333 2929 3689 3000 intelligentia
3729 2924 3866 2980 credi-

2318 3040 2439 3079 mus
2466 3024 2818 3090 oﬁ'erendum,
2847 3039 2940 3080 sua
2983 3025 3465 3097 potiuselectione
3491 3021 3756 3094 justiﬁeet.
3790 3017 3865 3073 Per
3979 3035 3984 3098 '_

2320 3116 2622 3173 Dominum.
3979 3099 3985 3163 ἱ

2939 3211 3268 3262 Consecratio.

2392 3314 2611 3382 Adesto,
2674 3325 3000 3384 qumsumus,
3049 3315 3400 3380 omnipotens
3453 3313 3618 3377 Deus,
3657 3309 3864 3363 bonum:

2317 3406 2491 3470 dator,
2520 3405 2768 3460 ordinum
2791 3405 3125 3471 distributor,
3151 3405 3579 3475 ofﬁciorumque
3604 3397 3860 3469 diSpositor;

2315 3500 2404 3568 qui
2427 3500 2477 3552 in
2509 3507 2561 3552 te
2587 3512 2829 3561 manens,
2863 3498 3087 3554 innovas
3119 3500 3326 3564 omnia,
3354 3509 3414 3554 et
3449 3506 3642 3553 cuncta
3670 3489 3860 3560 disponis

2315 3606 2412 3660 per
2441 3577 2690 3656 Verbum,
2737 3591 3020 3656 Virtutem,
3067 3592 3518 3662 Sapientiamque
3543 3601 3680 3644 tuam
3717 3585 3857 3640 Jesum

2314 3683 2584 3738 Christum
2619 3684 2806 3738 Filium
2848 3694 2994 3738 tuum
3051 3685 3337 3740 Dominum
3394 3694 3658 3745 nostrum,
3703 3673 3857 3744 sempi-

2315 3787 2467 3833 terna
2496 3777 2827 3846 providentia
2851 3791 3142 3848 praeparas,
3177 3788 3230 3832 et
3259 3779 3314 3832 in
3349 3777 3577 3848 singulis
3607 3772 3850 3844 quibusque

2315 3870 2642 3938 temporibus
2681 3871 2909 3939 aptanda
2952 3871 3252 3938 dispensus.
3299 3871 3470 3940 Cujus
3502 3880 3685 3936 corpus
3713 3859 3853 3916 Eccle-

2313 3961 2444 4015 siam
2474 3971 2638 4028 tuam,
2693 3963 2991 4018 caelestium
3056 3963 3350 4033 gratiarum
3401 3965 3654 4017 varietate
3703 3951 3846 4010 distin'

2312 4061 2476 4118 ctam,
2521 4070 2845 4123 suorumque
2872 4069 3112 4109 connexa
3143 4053 3480 4111 discretione
3511 4049 3843 4107 membrorum.

2313 4159 2408 4215 per
2439 4149 2606 4215 legem
2650 4147 2811 4200 totius
2837 4147 3096 4201 mirabilis
3129 4149 3408 4220 compagis
3437 4149 3653 4208 unitam,
3682 4143 3725 4197 in
3746 4150 3843 4206 aug-

2313 4248 2550 4293 mentum
2585 4241 2769 4310 templi
2814 4240 2886 4293 tui
2927 4253 3176 4294 crescere
3202 4241 3523 4311 dilatarique
3551 4236 3756 4306 largiris,
3781 4242 3842 4282 sco

2311 4331 2388 4384 cri
2422 4331 2658 4385 muneris
2687 4331 3007 4386 servientem
3040 4333 3196 4388 trinis
3238 4335 3497 4404 gradibus
3527 4331 3836 4384 minisuorum

2312 4432 2512 4485 nomini
2539 4439 2628 4486 tuo
2653 4431 2880 4485 militare
2901 4432 3260 4495 constituens;
3284 4432 3472 4487 electis
3500 4428 3565 4482 ab
3590 4424 3722 4478 initio
3742 4410 3839 4473 Levi

2312 4522 2452 4588 ﬁliis,
2486 4523 2574 4592 qui
2603 4523 2839 4592 mysticis
2863 4522 3263 4590 operationibus
3293 4523 3487 4577 domus
3515 4529 3612 4572 tua:
3637 4508 3831 4605 ﬁdelibus

2309 4613 2551 4669 excubiis
2625 4621 3020 4682 permanentes,
3103 4612 3458 4669 hereditatem
3509 4601 3835 4664 benedictionis

616 4723 843 4763 evocare
873 4708 1118 4778 dignatus
1148 4680 1518 4775 est,'infundat
1552 4705 1974 4762 benedictionem
2005 4716 2061 4761 et
2083 4722 2205 4777 gra-
2232 4680 2288 4742 D
2312 4719 2526 4763 aeterna:
2571 4680 2716 4762 sorte
2744 4714 3000 4776 perpetua
3028 4706 3388 4777 possiderent.
3438 4707 3600 4772 Super
3639 4699 3755 4752 hunc
3779 4689 3832 4742 fa-

619 4801 744 4856 tiam
769 4815 956 4866 suam;
991 4809 1049 4855 ut
1080 4801 1131 4854 in
1181 4810 1472 4870 conspectu
1519 4815 1618 4854 suo
1668 4800 1896 4856 ﬁdeliter
1937 4802 2204 4868 serviens,

615 4893 875 4949 destinata
923 4894 1121 4948 sanctis
1164 4895 1382 4962 praemia
1432 4903 1815 4963 consequatur.
1869 4891 1976 4950 Per
2025 4895 2205 4951 Domi-

619 5002 768 5041 num.
1095 5057 1384 5108 Benedictio
1404 5058 1707 5108 subdiacont.

690 5162 912 5216 Domine
961 5171 1168 5228 sancte,
1215 5163 1374 5218 Pater
1411 5166 1773 5233 omnipatens,
1808 5173 2008 5220 aeterne
2035 5166 2200 5228 Deus,

615 5257 938 5312 benedicere
967 5256 1201 5325 digneris
1241 5255 1498 5312 famulum
1529 5267 1676 5312 tuum
1720 5257 1879 5321 hunc,
1916 5274 2061 5313 nom.
2097 5261 2200 5324 ill.,

616 5363 771 5417 quem
797 5349 861 5402 ad
892 5347 1306 5402 subdiaconatus
1337 5347 1572 5403 ofﬁcium
1609 5349 1806 5418 eligere
1846 5349 2091 5417 dignatus
2121 5363 2200 5415 es,

617 5440 692 5492 uti
723 5454 842 5492 eum
885 5439 936 5494 in
965 5439 1202 5493 sacrario
1246 5447 1338 5492 tuo
1367 5450 1554 5494 sancto
1585 5449 1863 5494 strenuum
1891 5439 2203 5493 sollicitum-

614 5545 718 5601 que
747 5532 949 5587 caelesti
994 5533 1200 5588 militiaa
1233 5533 1498 5596 instituas,
1535 5543 1591 5586 ut
1623 5533 1821 5587 sanctis
1854 5533 2112 5587 altaribus
2143 5533 2203 5587 fi-

615 5621 809 5677 deliter
835 5622 1206 5680 subministret
1229 5642 1242 5678 :
1268 5632 1325 5678 et
1370 5622 1669 5693 requiescat
1702 5638 1864 5693 super
1885 5639 2006 5678 eum
2036 5623 2204 5692 Spiri-

617 5722 704 5769 tus
732 5714 1007 5784 sapientiaa
1043 5724 1097 5769 et
1125 5716 1450 5783 intellectus,
1477 5715 1706 5784 Spiritus
1734 5714 1944 5769 consilii
1975 5722 2030 5769 et
2052 5714 2203 5768 forti-

755 5848 869 5920 Hﬁuc
895 5856 1100 5920 spectat
1120 5863 1292 5905 canon
1333 5849 1367 5905 6
1400 5848 1614 5920 concilii
1633 5847 1877 5920 Toletani
1903 5860 2017 5901 vui.

687 5919 715 5959 δ
757 5919 811 5976 Id
841 5919 1140 5991 est'quibus
1175 5921 1433 5974 sternitur
1467 5919 1650 5974 altaris
1696 5919 1977 5988 planities;
2011 5932 2199 5985 corpo-

2311 4802 2510 4858 mulum
2541 4812 2710 4868 tuum,
2738 4815 3063 4871 quaesumus,
3097 4801 3342 4867 Domine,
3369 4800 3602 4870 placatus
3640 4783 3830 4845 intende.

2309 4909 2467 4964 quem
2502 4895 2602 4948 tuis
2622 4893 2788 4948 sacris
2814 4893 3158 4958 serviturum,
3191 4895 3243 4948 in
3266 4893 3498 4947 ofﬁcium
3527 4881 3716 4944 diaconi
3732 4887 3828 4942 sup-

2310 4987 2519 5056 pliciter
2545 4987 2872 5040 dedicamus.
2909 4985 2972 5039 Et
3028 5001 3126 5040 nos
3149 4987 3388 5054 quidem,
3425 4991 3659 5050 tanquam
3687 4966 3819 5067 lioini-

2309 5092 2426 5141 nes,
2458 5077 2622 5130 divini
2649 5092 2837 5132 sensus
2862 5085 2919 5132 et
2963 5092 3187 5134 summa:
3235 5076 3454 5132 rationis
3502 5067 3673 5141 ignari,
3702 5062 3822 5125 hl'lus

2310 5168 2495 5232 vitam,
2522 5177 2779 5238 quantum
2813 5182 3117 5238 possumus,
3165 5169 3507 5224 aestimamus.
3554 5159 3624 5215 Te
3666 5161 3820 5207 autem,

2310 5261 2699 5328 Domine,quaa
2727 5261 2880 5316 nobis
2925 5273 3048 5315 sunt
3093 5263 3272 5330 ignota
3325 5275 3429 5314 non
3479 5252 3743 5309 transeunt;
3783 5246 3819 5286 ¹θ

2307 5353 2513 5407 occulta
2545 5365 2650 5405 non
2679 5348 2888 5405 fallunt.
2919 5350 2997 5404 Tu
3040 5352 3286 5419 cognitor
3314 5357 3595 5419 pectorum,
3627 5347 3671 5390 tu
3697 5340 3813 5385 scru-

2307 5451 2448 5498 tator
2477 5458 2535 5498 es
2557 5443 2878 5498 animarum.
2906 5443 2986 5496 Tu
3019 5443 3285 5496 veraciter
3313 5443 3362 5495 in
3390 5453 3505 5495 eum
3535 5430 3718 5486 caeleste
3749 5427 3816 5483 ΡΨ

2308 5544 2390 5591 tes
2414 5535 2666 5591 adhibere
2696 5535 2979 5606 judicium,
3006 5543 3060 5588 et
3090 5535 3234 5589 velut
3264 5532 3484 5601 indignis
3525 5523 3700 5578 donare
3723 5515 3810 5606 qua

2309 5629 2598 5700 poscimus.
2634 5627 2831 5682 Emitte
2859 5629 2911 5681 in
2939 5641 3082 5690 eum,
3125 5638 3446 5696 quaesumus,
3481 5612 3694 5672 Domine,
3718 5601 3811 5665 δι”·

2306 5719 2466 5773 ritum
2490 5726 2736 5772 sanctum
2768 5717 2822 5771 in
2851 5729 2985 5785 opus
3012 5716 3300 5770 ministerii
3332 5712 3544 5768 ﬁdeliter
3565 5702 3808 5764 exsequen‘

2303 5852 2464 5919 rates,
2489 5864 2609 5922 quae
2641 5863 2838 5920 corpus
2867 5846 3064 5904 Christi
3090 5847 3332 5918 proxime
3363 5847 3580 5916 tangunt.
