4048 6350
170 268 281 329 δίὶ

1244 269 1332 327 DE
1369 266 1699 325 LITURGIA
1736 262 2127 323 GALLICANA
2163 262 2366 320 LIBER
2403 262 2492 320 Ill.

3345 251 3451 311 ΜΞ

169 387 235 444 di
264 403 280 453 ;
306 397 530 442 munere
550 383 882 453 septiformis
914 393 1019 440 tute
1039 386 1226 456 gratiae
1252 385 1556 442 roboretur.
1586 384 1764 439 Ahnn-
1788 386 1842 443 Α
1864 390 2109 436 sanctum
2139 394 2432 435 consensus
2453 394 2590 433 unus
2618 379 2856 434 omnium
2877 377 3197 435 animorum.
3227 378 3297 434 Et
3320 378 3443 437 ideo

168 481 275 538 det
294 481 350 535 in
378 494 501 536 eum
530 480 692 535 totius
735 478 907 534 forma
946 478 1181 546 virtutis,
1227 478 1540 543 auctoritas,
1574 476 1764 532 mode-

104 632 107 633 ν
170 576 307 641 atia,
335 574 527 642 pudor,
569 581 824 628 constans
859 572 1186 637 innocentia,
1218 571 1553 641 etspiritalis
1580 570 1768 625 obser-

172 666 369 723 vantia
393 664 707 735 disciplinae.
739 664 796 718 ln
823 664 1060 720 moribus
1091 664 1208 733 ejus
1237 670 1503 733 praecepta
1545 669 1635 717 tua
1669 660 1770 717 ful-

168 767 364 830 geant,
395 768 453 813 ut
479 772 590 813 suae
625 756 886 811 castitatis
922 756 1168 826 exemplo
1196 756 1546 811 imitationem
1570 762 1770 809 sancta:

172 851 360 921 plebis
385 850 663 919 adquirat;
702 858 754 905 et
783 849 981 904 bonum
1025 849 1372 905 conscientiae
1403 847 1770 906 testimonium

172 942 484 1013 perferens,
534 942 589 997 in
642 942 857 998 Christo
886 945 1072 998 firmus
1102 952 1157 997 et
1186 944 1395 998 stabilis
1426 952 1770 1012 perseveret;

116 1098 119 1099 ν
171 1036 467 1107 dignisque
487 1037 915 1093 successionibus
938 1037 1007 1092 de
1036 1038 1296 1094 inferiore
1324 1036 1513 1107 gradu,
1539 1051 1633 1106 per
1658 1050 1776 1105 gra-

176 1130 319 1186 tiam
349 1139 519 1196 tuam,
543 1128 703 1201 305
728 1129 937 1199 putiora
961 1144 1156 1200 capere
1185 1143 1511 1186 mereamur.
1544 1128 1648 1183 Per
1675 1127 1778 1183 Do-

173 1225 390 1281 minum
415 1234 682 1280 nostrum.
1230 1246 1231 1249 η

259 1315 499 1381 Exaudi,
530 1315 778 1385 Domine,
810 1318 1110 1386 supplicum
1143 1329 1355 1385 preces,
1382 1323 1436 1370 et
1459 1315 1654 1369 demto
1678 1312 1775 1369 tibi

177 1418 410 1483 pectore
439 1409 760 1465 famulantes
784 1418 1043 1479 perpetua
1091 1407 1403 1464 defensione
1432 1406 1645 1462 custodi
1674 1447 1687 1470 ,
1722 1414 1781 1461 ut

178 1504 356 1560 nullis
382 1501 874 1575 perturbationibus
900 1500 1183 1570 impediti,
1209 1499 1432 1555 liberam
1462 1498 1776 1553 servitutem

179 1596 302 1651 tuis
329 1610 541 1666 semper
580 1593 939 1651 exhibeamus
967 1592 1183 1650 officiis.
1232 1592 1333 1648 Per
1362 1590 1644 1647 Dominum
1678 1605 1774 1645 no-

182 1697 386 1747 suum.
446 1758 514 1808 Ad
543 1757 974 1809 consummandum
994 1756 1282 1807 diaconatus
1302 1754 1527 1805 officium.

261 1843 555 1901 Commune
597 1855 781 1899 votum
822 1842 1123 1903 communis
1166 1849 1518 1911 prosequatur
1555 1838 1769 1893 oratio:

179 1945 251 1991 ut
290 1934 375 1991 bis
417 1936 579 1990 totius
614 1935 873 1992 Ecclesiae
905 1949 1088 2006 prece,
1124 1933 1214 2005 qui
1248 1932 1645 1996 indiaconatus
1675 1929 1776 1983 mi-

182 2028 419 2084 nisterio
445 2037 784 2098 praeparatur
808 2028 1041 2094 levitico,
1069 2026 1439 2083 benedictione
1467 2034 1522 2079 et
1554 2022 1780 2093 Spiritali

179 2122 604 2177 conversatione
630 2120 951 2191 praefulgens
978 2120 1147 2190 gratia
1187 2115 1626 2177 sanctificationis
1656 2115 1775 2173 elu-

178 2224 331 2274 ceat.
362 2215 466 2273 Per
497 2215 800 2272 Dominum.

693 2307 983 2359 Benedictio
1006 2309 1249 2372 sequitur.

266 2390 495 2448 Domine
523 2403 729 2460 sancte,
760 2392 904 2461 spei,
937 2391 1094 2460 fidei,
1124 2393 1329 2464 gratiae,
1353 2402 1408 2447 et
1441 2392 1780 2461 profectuum

182 2493 529 2545 muneratur,
560 2483 650 2553 qui
681 2482 735 2538 in
765 2484 1069 2540 czelestibus
1094 2495 1148 2539 et
1193 2485 1429 2541 terrenis
1459 2486 1773 2555 angelorum

182 2572 511 2630 ministeriis
543 2572 740 2643 ubique
764 2574 1038 2643 diSpositis
1065 2591 1163 2646 per
1192 2578 1371 2632 omnia
1394 2578 1661 2632 elementa
1686 2592 1781 2632 vo-

184 2667 412 2724 luntatis
438 2677 542 2724 tuae
565 2667 808 2725 defendis
829 2668 1099 2734 affectum,
1125 2673 1265 2727 hunc
1288 2686 1502 2742 quoque
1526 2671 1780 2726 famulum

185 2769 349 2815 tuum
388 2760 469 2815 ill.
500 2762 721 2832 speciali
751 2762 968 2833 dignare
1001 2764 1290 2819 inlustrare
1318 2772 1561 2833 aspectu,
1594 2774 1651 2820 ιιι
1679 2766 1784 2821 tuis

184 2862 468 2932 obsequiis
496 2860 798 2933 expeditus,
834 2864 1032 2919 sanctis
1060 2864 1320 2919 altaribus
1352 2863 1595 2919 minister
1618 2879 1781 2934 purus

184 2952 499 3019 adcrescat;
532 2963 585 3012 et
614 2954 939 3026 indulgentia
969 2955 1176 3025 purior,
1198 2971 1381 3011 eorum
1415 2956 1611 3025 gradu,
1651 2973 1785 3027 quos

185 3048 423 3117 apostoli
453 3046 529 3103 tui
568 3048 622 3103 in
667 3051 972 3119 septenario
1002 3065 1227 3105 numero
1251 3094 1265 3117 ,
1299 3052 1459 3107 beato
1499 3049 1775 3121 Stephano

186 3138 336 3195 duce
363 3153 427 3195 ac
450 3138 668 3209 prmvio,
695 3150 880 3198 sancto
900 3141 1101 3212 Spiritu
1132 3152 1351 3198 auctore
1372 3143 1670 3212 elegerunt,
1701 3143 1787 3197 di-
1813 3150 1861 3215 ο

188 3247 335 3303 gnos
364 3233 616 3298 exsistat;
662 3244 715 3289 et
764 3234 1051 3289 virtutibus
1099 3234 1364 3290 universis
1391 3278 1404 3299 ,
1441 3235 1634 3305 quibus
1688 3234 1785 3288 tibi

188 3324 406 3382 servire
434 3335 673 3395 oportet,
707 3324 999 3382 instructus
1028 3328 1317 3397 compleat.
1370 3330 1472 3385 Per
1501 3328 1789 3384 Dominum

186 3427 442 3472 nostrum
468 3418 653 3474 Jesum
684 3417 981 3478 Christum.

187 3508 337 3565 V'lll.
378 3526 674 3569 Αιιοοιιτιο
710 3529 780 3568 an
837 3528 1081 3568 renown
1142 3530 1193 3568 nr
1245 3530 1600 3573 OltblNATlONE:
1656 3534 1788 3573 raso

870 3600 1116 3641 SBYTBRIo

273 3672 571 3741 Quoniam,
604 3674 941 3732 dilectissimi
990 3676 1218 3744 fratres,
1250 3679 1474 3735 rectoris
1512 3696 1701 3736 navem
1732 3690 1791 3738 et

194 3764 474 3836 navigium
504 3766 798 3824 deferentis
826 3769 1011 3825 eadem
1040 3778 1125 3825 est
1159 3773 1243 3826 vel
1274 3775 1578 3828 securitatis
1607 3774 1743 3829 ratio
1769 3814 1785 3841 ,

191 3858 293 3914 vel
325 3858 533 3914 timoris
554 3899 569 3924 ,
600 3862 901 3915 communis
930 3876 1114 3917 eorum
1144 3862 1304 3918 debet
1330 3878 1452 3919 esse
1481 3866 1748 3921 sententia
1771 3906 1787 3932 ,

192 3966 427 4020 quorum
456 3965 617 4007 causa
656 3954 957 4009 communis
986 3952 1215 4009 exsistit.
1247 3954 1356 4011 Nec
1384 3954 1582 4011 frustra
1624 3972 1654 4010 a
1682 3955 1785 4012 Pa-

193 4043 374 4098 tribus
407 4045 804 4101 reminiscimur
832 4045 1169 4113 institutum,
1202 4057 1262 4103 ut
1302 4048 1371 4105 de
1402 4050 1671 4105 electione
1693 4066 1789 4107 eo-

196 4150 321 4191 rum
350 4134 443 4206 qui
478 4134 544 4192 ad
576 4138 815 4207 regimen
860 4139 1042 4194 altaris
1072 4139 1359 4196 adhibendi
1391 4152 1513 4197 sunt
1539 4144 1785 4199 consula-

196 4237 291 4282 tur
319 4234 374 4282 et
398 4229 657 4298 populus,
688 4230 811 4299 quia
851 4231 917 4285 de
948 4242 1069 4286 actu
1098 4241 1154 4287 et
1196 4235 1606 4290 conversatione
1644 4248 1793 4302 pray-

199 4319 373 4385 senti,
395 4319 537 4389 quod
564 4335 962 4392 nonnumquam
985 4324 1258 4393 ignoratIIr
1277 4338 1307 4379 a
1331 4325 1593 4394 pluribus,
1617 4327 1786 4381 scitur

201 4429 241 4468 a
270 4415 480 4482 paucis;
514 4423 567 4470 et
595 4430 813 4472 necesse
838 4425 921 4473 est
950 4426 1007 4472 ut
1033 4417 1241 4474 facilius
1275 4419 1393 4485 quis
1425 4420 1787 4476 obedientiam

202 4505 457 4563 exhibeat
503 4508 787 4575 ordinato,
832 4509 917 4564 cui
964 4508 1248 4566 adsensum
1300 4512 1589 4581 praebuerit
1640 4511 1791 4567 ordi-

204 4600 406 4657 nando.
435 4598 636 4656 Fratris
664 4602 831 4657 nostri
863 4609 919 4657 et
951 4598 1355 4674 Conpresbyteri
1401 4602 1742 4660 conversatio
1768 4648 1784 4673 ,

204 4702 464 4764 quantum
495 4705 657 4748 nosse
682 4692 813 4747 mihi
855 4691 1057 4759 videor,
1091 4694 1311 4763 probata
1352 4709 1417 4750 ac
1449 4695 1560 4750 Deo
1587 4695 1794 4765 placita

206 4794 313 4852 est,
338 4792 394 4840 et
439 4783 597 4853 digna
626 4782 709 4852 (ut
748 4783 1005 4853 arbitror)
1032 4784 1383 4840 ecclesiastici
1425 4785 1644 4843 honoris
1683 4803 1787 4842 au-
1838 4792 1847 4797 '

207 4885 426 4945 gmento
450 4893 465 4929 :
490 4875 583 4931 sed
615 4890 683 4931 ne
710 4891 875 4930 unum
907 4876 1133 4932 fortasse
1161 4876 1245 4932 vel
1274 4891 1473 4946 paucos
1514 4886 1609 4933 aut
1652 4880 1800 4935 deci-

210 4968 323 5041 piat
350 4967 621 5035 adsensio,
650 4977 741 5023 aut
769 4966 916 5023 fallat
944 4968 1178 5035 affectio,
1211 4969 1475 5025 sententia
1507 4980 1593 5025 est
1623 4986 1797 5040 expe-

210 5060 405 5117 ctanda
428 5056 945 5130 multorum.ltaque
964 5060 1091 5131 quid
1113 5060 1183 5117 de
1204 5060 1321 5130 ejus
1342 5063 1550 5117 actibus
1572 5071 1666 5118 aut
1686 5078 1803 5118 mo-

213 5152 364 5210 ribus
392 5152 666 5219 noveritis,
696 5152 822 5221 quid
849 5152 918 5207 de
958 5153 1150 5208 merito
1174 5154 1461 5219 censeatis,
1491 5154 1605 5211 Deo
1637 5164 1795 5222 teste,

215 5246 561 5302 consulimus.
596 5244 762 5301 Debet
782 5244 920 5299 hanc
948 5243 1109 5299 fidem
1136 5245 1334 5301 habere
1361 5246 1558 5301 caritas
1584 5256 1785 5312 vestra,

216 5352 375 5408 quam
404 5336 697 5394 secundum
726 5343 1053 5406 prasceptum
1082 5335 1395 5405 Evangelii,
1427 5348 1481 5393 et
1510 5338 1621 5395 Deo
1643 5340 1799 5395 exhi-

219 5429 348 5486 bere
373 5428 583 5486 debetis
609 5438 666 5485 et
691 5428 959 5501 proximo,
983 5437 1041 5483 ιιι
1073 5427 1197 5483 huic
1226 5430 1589 5485 teStimonium
1620 5422 1803 5486 sacer-

222 5518 331 5577 doti
376 5520 549 5593 magis
591 5536 689 5591 pro
732 5521 923 5577 merito
967 5535 1127 5591 quam
1176 5534 1273 5591 pro
1314 5520 1597 5577 affectione
1644 5524 1807 5595 306

225 5613 417 5685 aliquid
448 5614 713 5671 tribuatis.
735 5615 800 5670 Et
819 5615 909 5685 qui
930 5613 1271 5671 devotionem
1297 5616 1538 5670 omnium
1562 5626 1807 5685 expecta-

224 5722 361 5773 mus,
394 5708 691 5781 intelligere
721 5718 960 5765 tacentes
1001 5725 1109 5764 non
1139 5723 1445 5779 possumus.
1479 5710 1693 5767 Scimus
1726 5721 1807 5767 ta-

228 5817 343 5860 men
372 5803 514 5873 quod
535 5813 618 5862 est
646 5801 1025 5876 acceptabilius
1052 5803 1186 5875 Deo,
1212 5805 1392 5865 aderit
1423 5821 1521 5878 per
1547 5806 1807 5877 Spiritum

1872 473 2192 529 electionem
2232 482 2465 529 vestram
2510 472 2720 528 debetis
2750 487 2882 530 voce
2928 471 3139 543 publica
3176 469 3436 542 profiteri.

1875 562 1978 621 Per
2002 564 2307 620 Dominum.

2198 656 2368 707 Oratio
2389 658 2445 705 ad
2466 656 2784 719 presbyteros
2805 657 3100 708 ordinandas

1945 739 2191 804 Oremus,
2218 738 2569 807 dilectissimi,
2591 740 2757 794 Deum
2777 741 2985 795 Patrem
3005 740 3450 810 omnipotentem,

1876 840 1931 887 ιιι
1960 846 2119 900 super
2151 832 2290 886 hunc
2334 833 2586 888 famulum
2629 848 2808 898 suum,
2854 848 3011 902 quem
3041 834 3108 888 ad
3150 833 3449 905 presbyteri

1880 940 2069 981 munus
2098 926 2265 997 eligit,
2293 927 2526 981 caelestia
2554 926 2695 981 dona
2722 926 3039 994 multiplicet
3064 944 3077 979 :
3102 936 3156 980 et
3181 942 3301 995 quas
3328 927 3446 996 ejus

1877 1015 2184 1085 dignatione
2213 1017 2528 1087 suscipiunt,
2556 1015 2673 1086 ejus
2698 1026 3057 1087 exsequantur
3084 1017 3301 1074 auxilio.
3337 1017 3448 1074 Per

1879 1108 2188 1165 Dominum.

2550 1180 2678 1229 Item
2699 1180 2811 1230 alia.

1950 1263 2152 1320 Exaudi
2185 1280 2304 1331 nos,
2336 1264 2498 1330 Deus,
2528 1266 2777 1321 salutaris
2804 1276 3007 1331 noster,
3033 1273 3088 1320 et
3125 1278 3284 1335 super
3314 1263 3457 1321 hunc

1880 1356 2140 1413 famulum
2192 1366 2336 1412 tuum
2383 1358 2810 1415 benedictionem
2868 1359 3098 1429 Spiritus
3147 1360 3360 1425 sancti,
3408 1367 3462 1416 et

1882 1452 2067 1522 gratim
2111 1450 2453 1506 sacerdotalis
2482 1450 2695 1506 effunde
2738 1452 3025 1517 virtutem,
3058 1461 3117 1507 ut
3154 1467 3311 1523 quem
3358 1460 3463 1506 tua:

1882 1542 2095 1612 pietatis
2126 1542 2460 1612 suspectibus
2488 1542 2764 1598 offerimus
2790 1544 3233 1612 consecrandum,
3267 1557 3462 1615 perpe-

1883 1642 1973 1689 tua
2002 1634 2242 1689 muneris
2274 1635 2347 1689 tui
2379 1633 2621 1704 largitate
2650 1635 3014 1705 prosequaris.
3044 1634 3166 1691 Per.

2510 1724 2841 1776 Consecratio.

1807 1774 1855 1833 Β
1951 1807 2175 1864 Domine
2201 1818 2383 1864 sancte
2407 1849 2422 1873 ,
2457 1808 2611 1864 Pater
2647 1810 3019 1879 omnipotens,
3051 1824 3251 1867 aeterne
3296 1811 3460 1879 Deus,

1882 1896 2143 1954 bonorum
2173 1908 2227 1954 et
2263 1900 2499 1955 omnium
2531 1900 2863 1969 dignitatum,
2894 1917 3012 1971 qua:
3062 1902 3155 1958 tibi
3186 1903 3455 1973 militant,

1880 1990 2218 2057 distributor,
2252 2007 2346 2062 per
2373 2007 2531 2062 quem
2560 1992 2843 2061 proﬁciunt
2868 1993 3118 2051 universa
3141 2039 3155 2063 ,
3187 2012 3283 2066 per
3304 2011 3462 2067 quem

1884 2088 2074 2135 cuncta
2105 2080 2406 2146 firmantur,
2439 2081 2776 2150 amplificatis
2808 2098 3021 2153 semper
3050 2086 3102 2139 in
3143 2086 3335 2143 melius
3367 2102 3465 2142 na-

1892 2180 2027 2229 turae
2055 2172 2328 2228 rationalis
2358 2173 2701 2231 incrementis
2721 2215 2735 2241 ,
2772 2191 2866 2245 per
2892 2176 3132 2233 ordinem
3175 2195 3463 2249 congruam

1891 2266 2157 2322 rationem
2186 2267 2525 2336 dispositum.
2558 2267 2711 2323 Unde
2755 2270 3118 2327 sacerdotales
3146 2274 3342 2342 gradus
3368 2315 3383 2341 ,
3415 2281 3469 2329 et

1883 2359 2058 2415 officia
2088 2360 2367 2415 levitarum
2396 2362 2747 2416 sacramentis
2779 2364 3021 2433 mysticis
3067 2365 3306 2420 instituta
3348 2381 3466 2422 cre-

1884 2461 2106 2517 verunt;
2139 2462 2197 2507 ut
2222 2467 2342 2507 cum
2391 2453 2672 2522 pontifices
2716 2467 2954 2509 summos
2984 2456 3231 2525 regendis
3260 2458 3470 2527 populis

1883 2546 2246 2619 praefecisses,
2278 2546 2346 2601 ad
2371 2562 2556 2603 eorum
2587 2548 2871 2603 societates
2898 2558 2953 2604 et
2982 2549 3162 2617 operis
3192 2549 3472 2621 adjumen-

1887 2651 2000 2696 tum
2049 2640 2326 2708 sequentis
2374 2638 2579 2695 ordinis
2624 2640 2768 2694 viros
2812 2651 2864 2696 et
2912 2640 3161 2696 secunda:
3204 2642 3473 2712 dignitatis

1890 2732 2143 2801 elegeris.
2174 2731 2266 2786 Sic
2297 2730 2353 2784 in
2380 2744 2565 2785 eremo
2598 2744 2692 2798 per
2718 2730 3055 2801 septuaginta
3087 2734 3321 2787 virorum
3350 2748 3474 2804 prn-

1891 2822 2129 2879 dentium
2148 2831 2354 2878 mentes
2372 2822 2540 2892 Moysi
2561 2822 2802 2891 spiritum
2834 2825 3157 2895 propagasti,
3178 2825 3370 2894 quibus
3386 2825 3476 2882 ille

1895 2914 2233 2985 adjutoribus
2260 2929 2385 2969 usus
2415 2914 2467 2967 in
2522 2913 2742 2983 populo,
2776 2914 3083 2969 innumeras
3112 2916 3476 2973 multitudines

1890 3005 2043 3061 facile
2090 3006 2427 3074 gubernavit.
2460 3003 2551 3060 Sic
2588 3015 2642 3059 et
2682 3004 2933 3058 Eleazaro
2980 3014 3034 3060 et
3076 3004 3309 3062 Ithamar
3354 3004 3477 3064 filiis

1896 3103 2071 3156 Aaron
2100 3108 2340 3168 paterna:
2382 3098 2726 3166 plenitudinis
2758 3098 3137 3154 abundantiam
3185 3101 3475 3157 transfudi-

1894 3194 1995 3257 Sti,
2030 3201 2088 3247 ut
2126 3192 2191 3245 ad
2240 3192 2441 3246 hostias
2488 3192 2751 3247 salutares
2790 3201 2845 3247 et
2890 3192 3269 3263 frequentioris
3310 3194 3473 3254 officii

1897 3294 2231 3340 sacramenta
2262 3282 2533 3340 sufficeret
2562 3286 2810 3339 meritum
2838 3289 3194 3344 sacerdotum.
3218 3288 3329 3345 Hac
3351 3305 3475 3359 pro-

1890 3379 2144 3447 videntia,
2177 3379 2422 3443 Domine,
2470 3380 2724 3449 apostolis
2764 3379 2882 3434 Filii
2930 3381 3008 3435 tni
3052 3380 3301 3438 doctores
3351 3383 3475 3440 fidei

1892 3474 2118 3529 comites
2148 3472 2437 3539 addidisti,
2474 3472 2663 3541 quibus
2689 3471 2763 3526 illi
2793 3472 2979 3526 orbem
3024 3480 3194 3527 totum
3221 3473 3473 3530 secundis

1889 3551 2327 3638 praedicatoﬁbus
2376 3565 2751 3633 impleverunt.
2801 3565 3135 3635 Quapmpter
3173 3566 3474 3623 infirmitati

1892 3675 2105 3732 quoque
2136 3668 2354 3726 nostrae,
2389 3658 2632 3724 Domine,
2665 3672 2995 3727 quaesumus,
3028 3658 3143 3712 inec
3172 3658 3475 3729 adjumenta

1894 3754 2109 3822 largire,
2136 3752 2223 3821 qui
2245 3760 2443 3819 quanto
2464 3750 2632 3820 magis
2661 3750 2957 3819 fragiliores
2986 3764 3192 3817 sumus,
3224 3760 3369 3807 tanto
3391 3751 3476 3808 his

1894 3846 2102 3916 plurius
2128 3843 2446 3913 indigemus.
2481 3842 2579 3906 Da,
2610 3856 2936 3908 quaesumus.
2968 3843 3316 3911 omnipotens
3372 3842 3472 3897 Pa-

1896 3948 1997 4004 ter,
2029 3936 2081 3991 in
2112 3936 2213 3991 hoc
2257 3934 2454 3989 famulo
2500 3943 2591 3988 tuo
2639 3933 2721 3989 ill.
2762 3934 3076 4004 presbyterii
3126 3934 3477 4005 dignitatem;

1895 4030 2088 4084 innova
2120 4030 2171 4082 in
2201 4026 2492 4082 visceribus
2523 4026 2638 4095 ejus
2665 4026 2913 4094 spiritum
2956 4026 3276 4083 sanctitatis.
3311 4033 3481 4084 Acce-

1895 4130 2042 4192 ptum
2070 4136 2099 4173 a
2132 4130 2183 4175 te
2205 4161 2220 4185 ,
2250 4120 2389 4174 Deus
2416 4162 2431 4187 ,
2463 4118 2682 4175 secundi
2729 4120 2905 4174 meriti
2954 4135 3147 4175 munus
3197 4119 3480 4191 obtineat,

1894 4228 2286 4281 censuramque
2312 4226 2522 4266 morum
2549 4211 2798 4281 exemplo
2818 4227 2929 4267 sine
2951 4213 3374 4269 conversationis
3397 4214 3482 4267 ιιι-ο

1897 4308 2094 4362 sinuet.
2127 4305 2208 4361 Sit
2238 4304 2491 4374 providus
2521 4316 2837 4374 cooperator
2865 4304 3066 4362 ordinis
3124 4307 3324 4376 nostri,
3365 4310 3484 4363 elu-

1897 4396 2089 4453 ceatin
2119 4411 2242 4451 eum
2288 4395 2449 4450 totius
2493 4395 2663 4451 forma
2706 4395 2949 4466 justitizc,
2981 4408 3036 4451 ut
3078 4398 3271 4453 bonam
3317 4398 3478 4473 307

1900 4488 2161 4543 rationem
2218 4486 2632 4555 dispensationis
2689 4487 2793 4542 sibi
2850 4488 3069 4543 ereditm
3133 4490 3484 4561 redditurus,

1826 4552 1874 4613 Ι)
1901 4591 2119 4636 eterna:
2146 4552 2495 4636 beatitudinis
2524 4580 2743 4649 praemia
2769 4589 3151 4651 consequatur.
3184 4582 3307 4640 Per.

2351 4694 2712 4745 Consummatio
2733 4695 3048 4758 presbyterii.

1973 4801 2054 4857 Sit
2080 4800 2254 4870 nobis,
2290 4802 2502 4865 fratres,
2534 4802 2835 4855 communis
2860 4801 3052 4866 oratio,
3079 4812 3135 4857 ut
3164 4802 3273 4870 hic,
3301 4806 3391 4875 qui
3418 4806 3476 4862 in

1903 4891 2229 4961 adjutorium
2253 4900 2310 4947 et
2340 4890 2622 4946 utilitatem
2651 4899 2847 4947 vestra:
2872 4892 3060 4948 salutis
3092 4893 3328 4966 eligitur,
3360 4912 3482 4966 pre-

1906 4984 2212 5054 sbyteratus
2244 4983 2675 5040 benedictionem
2708 4984 2876 5041 divini
2902 4985 3229 5059 indulgentia
3250 4992 3489 5048 muneris

1906 5084 2262 5145 consequatur
2286 5092 2301 5141 ;
2334 5083 2390 5131 ιιι
2416 5078 2586 5132 sancti
2609 5076 2842 5147 Spiritus
2862 5080 3180 5136 sacerdotali
3208 5080 3347 5137 dona
3370 5085 3483 5152 pri-

1906 5169 2098 5240 vilegio
2130 5170 2404 5235 virtutum,
2438 5185 2504 5226 ne
2542 5171 2714 5240 impar
2756 5172 2877 5229 loco
2907 5173 3363 5247 deprehendatur,
3391 5175 3491 5233 ob-

1911 5262 2076 5320 tineat
2104 5275 2197 5331 per
2226 5276 2400 5317 suum.
2436 5262 2539 5317 Per
2571 5262 2873 5320 Dominum.

2438 5400 2461 5406 -
2482 5354 2606 5407 [tem
2637 5358 2936 5410 benedictio.

1982 5436 2169 5512 [Deus]
2189 5440 2669 5496 sanctificatiennm
2695 5443 2934 5498 omnium
2964 5452 3168 5511 auctor,
3190 5444 3345 5516 cujus
3367 5462 3493 5506 vera

1909 5533 2265 5597 consecratio,
2299 5534 2457 5602 plena
2489 5534 2791 5590 benedictio
2813 5546 2916 5602 est,
2944 5545 3023 5603 tu,
3048 5535 3295 5607 Domine,
3326 5556 3491 5611 super

1913 5623 2054 5679 hunc
2084 5624 2341 5678 famulum
2375 5626 2451 5678 ill.
2483 5641 2641 5695 quem
2674 5626 2993 5697 presbyterii
3040 5626 3244 5684 honore
3273 5629 3495 5685 dedica-

1914 5734 2055 5784 mus,
2084 5734 2299 5773 manum
2332 5728 2437 5774 tuae
2466 5718 2855 5774 benedictionis
2885 5719 3122 5787 infunde,
3148 5730 3207 5776 ut
3236 5722 3497 5794 gmvitate

1913 5818 2151 5879 actuum,
2185 5821 2239 5868 et
2266 5824 2493 5871 censura
2515 5808 2728 5869 vivendi
2758 5811 2949 5878 probet
2969 5827 3030 5870 se
3054 5829 3177 5872 esse
3200 5816 3473 5874 seniorem
