4048 6350
593 228 704 293 315

598 347 688 413 his
715 350 987 415 institutus
1012 346 1313 416 disciplinis
1330 363 1461 417 quas
1487 348 1607 404 Tito
1634 354 1689 403 et
1717 345 2003 402 Timotheo
2028 343 2172 401 Pau-
2200 350 2256 410 Α

582 445 682 511 ius
705 443 983 512 exposuit:
1009 453 1067 499 ut
1088 446 1139 497 in
1156 444 1275 513 lege
1290 453 1377 499 tua
1400 445 1485 500 die
1514 458 1577 499 ac
1604 451 1780 508 nocte,
1810 442 2179 511 Omnipotens,

604 536 865 590 meditans
885 580 899 603 ,
932 537 1072 605 quod
1114 536 1303 609 legerit
1335 538 1553 602 credat,
1585 536 1725 605 quod
1755 535 2055 591 crediderit
2080 534 2180 590 do-

601 639 736 691 ceat,
763 628 902 697 quod
927 628 1170 684 docuerit
1192 630 1428 683 imitetur
1452 629 1771 698 :justitiam,
1796 627 2183 692 constantiam,

601 718 1043 788 misericordiam,
1076 720 1441 776 fortitudinem
1487 722 1537 774 in
1587 734 1648 775 se
1678 719 1953 783 ostendat;
1992 733 2185 773 exem-

603 811 750 882 plum
801 814 1020 882 probet;
1065 813 1488 868 admonitionem
1539 813 1853 875 conﬁrmet;
1886 820 1943 865 ut
1991 825 2181 880 purum

601 913 761 973 atque
788 902 1188 960 immaculatum
1232 905 1511 959 ministerii
1560 905 1634 958 tui
1663 904 1864 958 donum
1894 902 2181 969 custodiat,

601 1007 656 1055 et
680 1013 777 1067 per
795 998 1107 1070 obsequium
1137 1000 1305 1069 plebis
1330 1008 1431 1054 tute
1456 1013 1654 1068 corpus
1679 1007 1735 1053 et
1756 996 2067 1067 sanguinem
2094 996 2184 1051 Fi-

602 1086 657 1143 lii
701 1089 771 1141 tui
821 1090 1159 1144 immaculata
1190 1090 1559 1145 benedictione
1592 1090 1933 1145 transformat
1960 1107 1975 1153 ;
2007 1097 2063 1144 et
2092 1089 2177 1143 in.

601 1178 833 1234 violabili
863 1184 1084 1235 caritate
1115 1182 1165 1235 in
1197 1182 1369 1236 virum
1417 1182 1714 1253 perfectum
1745 1231 1757 1250 ,
1794 1183 1846 1235 in
1878 1195 2183 1236 mensuram

600 1272 771 1328 uitatis
800 1274 1142 1343 plenitudinis
1168 1275 1402 1339 Christi,
1438 1277 1490 1329 in
1524 1276 1610 1329 die
1633 1276 1854 1345 iustitiae
1886 1275 2071 1329 aeterni
2098 1276 2175 1345 ju-

596 1360 750 1430 dicii,
786 1366 1113 1419 conscientia
1169 1380 1296 1433 pura
1327 1408 1339 1427 ,
1375 1365 1477 1420 (ide
1508 1367 1661 1435 plena
1690 1408 1704 1431 ,
1750 1364 1948 1435 Spiritu
1996 1372 2185 1420 sancto

599 1455 794 1529 plenus
823 1458 1113 1527 persolvat.
1153 1456 1255 1512 Per
1285 1459 1592 1514 Dominum.

1135 1553 1452 1605 Consecratio
1470 1565 1655 1604 manus.

669 1634 1066 1691 Consecrentur
1114 1647 1302 1690 manus
1350 1638 1506 1704 istae,
1547 1646 1603 1691 et
1649 1636 2051 1691 sanctiﬁcentur
2092 1652 2185 1705 per

1292 226 1634 291 A-PPENDIX
1670 228 1765 287 AD
1802 224 2031 286 OPERA
2072 228 2186 286 ευ

2297 228 2313 285 Ι
2347 225 2653 287 GERMANI
2692 228 3142 291 PARISIENSIS.
3860 234 3928 291 πει

2523 344 2688 397 Oratio
2709 352 2763 397 et
2787 358 2961 409 preces
2983 347 3047 397 de
3073 344 3384 410 episcopis
3401 341 3746 395 ordinandts.

2359 432 2585 488 Oremus
2613 430 2664 498 δ.
2695 432 3026 495 dilectissimi
3056 433 3274 500 nobis,
3317 438 3391 485 ut
3431 429 3532 485 itis
3564 429 3708 486 viris
3737 432 3799 487 ad
3828 437 3927 491 utili-

2289 533 2449 581 tatem
2490 525 2744 583 Ecclesia:
2774 526 3115 595 providendis
3174 524 3562 594 benignitas
3593 526 3931 593 omnipotenti

2288 618 2379 673 Dei
2406 620 2592 688 gratiae
2618 634 2731 674 sua:
2760 619 2954 674 tribuat
2985 622 3359 688 largitatem.
3422 614 3550 672 Per
3582 615 3875 672 Dominum.

2361 712 2606 777 Exaudi,
2638 712 2897 777 Domine,
2930 713 3260 781 supplicum
3306 724 3541 781 preces
3563 756 3581 777 ,
3616 720 3679 765 ut
3705 712 3840 780 quod
3865 727 3929 769 na-

2287 813 2400 858 stro
2426 804 2717 870 gerendum
2748 814 2829 859 est
2855 804 3190 871 ministerio,
3235 813 3350 858 tua
3386 803 3608 874 potius
3647 804 3837 862 virtuts
3866 806 3928 863 ﬁr-

2290 905 2487 949 metur.
2519 896 2619 950 l’er
2649 895 2929 951 Dominum
2959 906 3249 951 nostrum.

2363 988 2694 1059 Propittare,
2730 986 2990 1053 Domine,
3035 987 3610 1058 supplicatioitibus
3664 990 3927 1056 nostris,et

2289 1074 2544 1137 inclinato
2571 1095 2730 1151 super
2753 1083 2850 1137 hos
2880 1082 3110 1137 famulos
3137 1093 3294 1137 tuos
3331 1096 3543 1139 cornu
3577 1082 3776 1151 gratia
3796 1097 3927 1139 sacer-

2288 1178 2499 1241 dotalis,
2536 1177 2917 1233 benedictionis
2948 1186 3052 1233 tuaa
3100 1178 3151 1233 in
3211 1192 3334 1233 eos
3386 1176 3646 1233 eﬂ'unde
3698 1178 3919 1235 virtutem.

2290 1271 2391 1327 Per
2420 1270 2726 1325 Dominum.

2826 1341 3065 1393 Collectio
3080 1344 3382 1409 Sequitur.

2362 1447 2551 1512 Deum,
2583 1448 2742 1503 totius
2771 1447 3218 1505 sanctificationis
3256 1460 3340 1503 ac
3377 1448 3633 1517 pietatis
3658 1455 3912 1512 auctores,

2287 1543 2378 1611 qui
2404 1541 2759 1613 placationetn
2789 1557 2961 1607 suam,
2990 1553 3043 1599 et
3072 1542 3384 1621 sacriﬁcia
3408 1582 3431 1608 ,
3483 1549 3551 1597 et
3582 1555 3740 1597 saera
3769 1541 3915 1595 consti-

2289 1636 2411 1699 tuit,
2444 1635 2635 1689 fratres
2681 1634 3049 1702 dilectissimi,
3090 1634 3543 1703 deprecemur,
3582 1637 3664 1688 uti
3715 1634 3912 1689 inuasit

599 1726 755 1783 istam
780 1730 1107 1793 unctionem,
1139 1737 1192 1782 et
1215 1737 1451 1782 nostram
1482 1727 1930 1792 benedictionem,
1959 1738 2015 1781 ut
2038 1742 2188 1797 quze-
2214 1740 2267 1803 Β
2291 1729 2493 1785 mulum
2521 1743 2695 1793 suum,
2727 1743 2884 1797 quem
2909 1726 3146 1783 exaltare
3171 1729 3237 1782 in
3268 1727 3589 1795 Ecclesia,
3616 1735 3673 1783 et
3695 1728 3912 1782 seniortan

576 1833 844 1890 cumquet
862 1819 1233 1875 benedixerint
1264 1819 1540 1875 benedicta
1571 1821 1707 1889 sint,
1740 1829 1793 1875 et
1841 1834 2189 1892 quaecumque

599 1911 1478 1968 sanctiﬁcarerintsanctificentur.
1502 1913 1602 1966 Per
1615 1912 1925 1966 Dominum.

1262 2002 1388 2053 Item
1411 2012 1517 2055 alta.

676 2087 991 2159 Unguantur
1015 2102 1207 2144 manus
1238 2089 1355 2143 istae
1380 2088 1446 2143 de
1467 2090 1587 2144 oleo
1616 2089 1948 2146 sanetiiicato
1970 2098 2024 2145 et
2046 2090 2190 2146 chri-

601 2190 776 2237 smate
817 2181 1255 2237 sanctiﬁcationis
1284 2199 1297 2234 :
1322 2181 1460 2237 sicut
1506 2183 1658 2237 unxit
1689 2182 1907 2239 Samuel
1940 2182 2106 2239 David
2135 2184 2187 2237 in

597 2288 779 2345 regem
803 2284 857 2330 et
889 2275 1229 2345 pmphetam,
1256 2276 1328 2329 ita
1352 2284 1657 2345 unguantur
1676 2285 1729 2329 et
1749 2287 2190 2331 consummentur

599 2369 654 2423 in
682 2368 899 2423 nomine
931 2367 1023 2422 Dei
1055 2368 1247 2431 Patris,
1282 2376 1333 2422 et
1364 2365 1518 2434 Filii,
1550 2376 1603 2421 et
1632 2368 1863 2436 Spiritus
1888 2367 2077 2431 sancti,
2104 2365 2187 2421 fa-

597 2462 805 2516 cientes
851 2460 1135 2531 imaginem
1186 2468 1388 2513 sanctae
1423 2462 1599 2514 crucis
1638 2459 1932 2515 Salvatoris
1980 2458 2189 2514 Domini

598 2555 766 2609 nostri
798 2553 922 2609 Jesu
951 2553 1177 2617 tihristi,
1210 2553 1298 2622 qui
1347 2568 1445 2607 nos
1476 2568 1504 2605 a
1535 2560 1707 2607 morte
1736 2552 1998 2618 redemit,
2033 2563 2086 2608 et
2119 2552 2183 2608 ad

597 2661 764 2716 regna
814 2648 1064 2703 caelorum
1119 2647 1381 2716 perducit.
1428 2646 1631 2701 Exaudi
1672 2661 1769 2701 nos
1799 2689 1815 2714 ,
1866 2648 1950 2719 pie
2001 2647 2181 2712 Pater,

594 2742 955 2810 omnipotens,
980 2749 1178 2796 aeterne
1205 2740 1365 2808 Deus,
1390 2749 1443 2797 et
1465 2753 1657 2812 praesta
1681 2742 1819 2812 quod
1845 2749 1897 2798 te
1926 2758 2178 2810 rogamus

599 2839 661 2889 et
687 2846 926 2889 oramus.
959 2831 1080 2887 Per.

593 2942 687 3003 IX.
731 2960 1071 3013 EXHORTA'I'IO
1125 2962 1191 3001 AD
1230 2960 1475 3002 POPULUII
1500 2987 1516 3015 ,
1556 2960 1665 3003 cunt
1705 2962 1983 3004 EPISCOPUS
2033 2963 2189 3004 onm-

1289 3033 1491 3073 NA'I'UR.

2294 1824 2545 1881 cathedra
2585 1824 2965 1896 (concordibus
2996 1839 3089 1881 sua
3136 1825 3559 1897 inSpiratione
3606 1824 3909 1897 judiciis,et

2291 1917 2472 1974 effusis
2502 1934 2661 1989 super
2689 1920 2900 1990 plebem
2930 1934 3083 1974 suam
3112 1920 3271 1975 votis
3330 1920 3623 1975 fidelibus
3667 1934 3729 1974 ac
3759 1931 3901 1971 vocum

2293 2011 2631 2081 testimoniis)
2655 2012 2822 2067 voluit
2843 2013 3078 2083 imponi,
3104 2013 3451 2068 conlocans
3484 2012 3666 2086 3”
3690 2027 3801 2065 eum
3821 2026 3903 2065 cum

2293 2105 2621 2175 principibus
2651 2106 2831 2176 populi
2863 2107 2945 2161 sui
2968 2147 2983 2169 ,
3016 2106 3083 2161 ad
3114 2121 3330 2161 eorum
3372 2118 3536 2159 nunc
3586 2119 3793 2174 precem
3820 2104 3901 2156 uni-

2292 2213 2501 2253 versam
2550 2200 2797 2254 eumdem
2844 2214 3054 2253 summo
3101 2199 3454 2255 sacerdotio
3502 2197 3695 2252 debita
3726 2194 3897 2249 honoris

2294 2290 2658 2359 plenitudine.
2710 2290 3091 2345 charismatum
3147 2293 3345 2361 gratia
3377 2335 3394 2357 ,
3449 2288 3898 2343 sanctiﬁcatinnum

2295 2381 2558 2447 ubertate,
2594 2396 2655 2435 ac
2688 2382 2955 2450 praecipue
2985 2380 3325 2435 humilitatis
3366 2381 3590 2435 virtute
3621 2376 3891 2447 locupletet;

2293 2482 2350 2527 ttt
2376 2481 2551 2528 rector
2586 2474 2763 2543 potius
2794 2487 2898 2528 non
2942 2474 3265 2539 extollatur,
3302 2472 3412 2528 sed
3468 2473 3526 2529 in
3575 2470 3811 2527 omnibus
3835 2485 3891 2533 se,

2292 2573 2545 2635 quantum
2570 2563 2863 2630 est'maior,
2892 2562 3199 2632 humilians,
3240 2564 3325 2619 sit
3362 2565 3419 2617 in
3459 2563 3602 2633 ipsis
3624 2561 3767 2633 quasi
3790 2572 3886 2613 unus

2290 2671 2356 2713 ex
2388 2658 2488 2713 illis
2512 2673 2526 2711 :
2550 2658 2727 2713 omnia
2754 2656 2939 2726 judicii
2972 2657 3181 2711 Domini
3219 2657 3423 2712 nostri
3457 2671 3574 2711 non
3606 2670 3706 2727 pro
3728 2668 3778 2709 se
3805 2661 3886 2705 tan

2292 2761 2427 2816 tum,
2457 2751 2551 2807 sed
2598 2759 2653 2806 et
2692 2767 2789 2822 pro
2818 2752 2960 2806 omni
2992 2752 3220 2822 p0pulo,
3262 2749 3370 2821 qui
3405 2746 3765 2807 sollicitudini
3799 2759 3877 2799 sue

2291 2845 2545 2911 creditur,
2595 2844 3049 2911 contremiscens;
3084 2853 3141 2899 ut
3184 2847 3286 2916 qui
3351 2844 3687 2901 meminerit
3714 2841 3773 2895 de
3795 2852 3880 2910 spe

2295 2937 2589 2991 culatorum
2619 2935 2865 2991 manibus
2884 2936 3123 2991 omnium
3147 2936 3385 2993 animas
3422 2936 3787 3006 requirendas,
3807 2942 3873 3001 pro

2288 3029 2527 3085 omnium
2554 3030 2727 3085 salute
2758 3029 3056 3099 pervigilet,
3082 3031 3364 3100 pastorali
3396 3044 3538 3101 erga
3562 3026 3782 3084 creditas
3802 3022 3873 3078 sibi

668 3131 941 3190 Servanda
972 3141 1086 3203 est,
1120 3133 1451 3190 dilectissimi
1496 3132 1724 3205 fratres,
1761 3135 1813 3191 in
1842 3150 2065 3192 excessu
2098 3151 2184 3193 sa-

2297 3137 2417 3179 oves
2448 3124 2654 3179 Domini
2699 3121 2989 3193 diligentia:
3028 3126 3145 3193 ejus
3191 3138 3437 3194 semper
3467 3138 3531 3179 se
3563 3116 3867 3193 ﬂagrantissi-

594 3226 871 3284 cerdotum
900 3226 986 3283 lex
1011 3226 1241 3297 antiquae
1266 3227 1538 3294 Ecclesiae,
1569 3236 1621 3282 ut
1652 3227 2035 3284 decedentibus
2058 3228 2178 3284 aliis

514 3372 519 3377 .
596 3320 809 3393 quidem
840 3319 1139 3392 dignissimi
1187 3320 1561 3389 subrogentur,
1599 3335 1692 3389 per
1721 3334 1947 3390 quorum
1986 3320 2183 3375 doctri-

594 3427 717 3470 nam
748 3412 878 3468 iides
907 3412 1171 3468 catholica
1202 3422 1257 3468 et
1299 3412 1484 3482 religio
1513 3412 1677 3485 308
1706 3412 2013 3468 Christiana
2056 3413 2185 3469 sub-

593 3508 777 3575 sistat;
810 3522 877 3565 ue
904 3506 1029 3584 ovili
1060 3505 1273 3562 Domini
1305 3506 1486 3577 praedo
1515 3506 1780 3561 violentus
1810 3507 2100 3575 irrumpat,
2130 3514 2185 3561 et

596 3600 867 3672 dispersas
887 3602 1091 3673 absque
1115 3600 1336 3657 Pastore
1362 3614 1491 3656 oves
1514 3600 1597 3655 fur
1618 3611 1911 3657 nocturnus
1942 3601 2181 3655 invadat.
2212 3587 2220 3601 ’

590 3692 830 3768 Recepto
858 3696 1039 3767 itaque
1085 3695 1485 3767 dispensatione
1528 3695 1617 3751 Dei
1652 3695 1931 3751 sacerdote
1964 3704 2139 3751 vestro
2165 3736 2182 3762 ,

593 3788 820 3845 sollicite
850 3789 997 3845 vobis
1029 3790 1291 3861 agendum
1324 3798 1409 3845 est
1438 3796 1496 3844 ut
1526 3788 1577 3844 iu
1617 3789 1789 3845 locum
1820 3786 2063 3843 defuncti
2097 3797 2176 3841 ta-

596 3866 662 3953 lis
708 3895 986 3936 successor
1035 3892 1364 3951 praeparetur
1397 3881 1693 3949 Ecclesiae,
1736 3880 1892 3949 cujus
1934 3878 2177 3949 pervigili

595 3987 722 4028 cura
753 3980 809 4027 et
833 3971 1051 4026 instanti
1079 3972 1440 4027 sollicitudine
1466 3973 1599 4027 ordo
1622 3972 1865 4027 ecclesia:
1888 3981 1942 4029 et
1958 3972 2186 4027 creden-

592 4050 727 4127 tium
774 4060 906 4117 ﬁdes
949 4065 1001 4117 in
1044 4063 1135 4119 Dei
1169 4063 1361 4119 timore
1410 4063 1600 4120 melius
1646 4064 2004 4121 convalescat.
2038 4064 2182 4133 Qui,

596 4154 946 4226 praecipiente
978 4155 1255 4228 Apostoio,
1282 4157 1335 4221 in
1362 4158 1509 4212 omni
1533 4158 1774 4213 doctrina
1810 4157 2036 4211 formam
2061 4155 2185 4211 boni

595 4246 775 4315 operis
804 4244 920 4315 ipse
947 4245 1212 4315 praebeat;
1244 4249 1437 4315 cuique
1468 4248 1681 4303 habitus
1701 4289 1717 4317 ,
1745 4262 1947 4315 sermo,
1981 4248 2183 4318 vultus,

592 4332 859 4404 incessus,
887 4337 1154 4407 doctrina,
1186 4339 1358 4394 virtus
1384 4340 1492 4407 sit;
1524 4341 1612 4411 qui
1646 4355 1739 4395 vos
1768 4352 1826 4395 ut
1866 4341 2058 4395 Pastor
2090 4341 2187 4395 bo-

599 4444 700 4485 nus
726 4428 833 4485 ﬁde
862 4431 1112 4499 instruat,
1138 4433 1441 4503 exemplum
1460 4433 1727 4503 patientiae
1749 4433 1962 4499 doceat,
1984 4433 2185 4489 doctri-

2288 3231 2431 3271 mum
2463 3215 2784 3285 adprobans.
2816 3213 2892 3270 Te
2914 3215 3235 3270 delictorum
3274 3216 3534 3287 adigitur
3576 3212 3868 3283 praefuturus,

2280 3326 2351 3365 ex
2381 3310 2628 3365 omnibus
2654 3311 2877 3375 electus,
2912 3325 2976 3364 ex
3008 3310 3266 3365 omnibus
3304 3309 3595 3366 universis
3623 3304 3776 3361 sacris
3802 3316 3863 3355 sa-

2292 3400 2616 3469 crandisque
2645 3399 2867 3455 idoneus
2899 3401 2988 3455 fiat
3019 3400 3119 3455 sub
3150 3400 3252 3457 hac
3287 3416 3421 3473 qua:
3461 3408 3549 3456 est
3595 3395 3774 3453 homini
3798 3405 3863 3462 per

2284 3493 2557 3549 hominem
2614 3503 2879 3564 postrema
2928 3492 3232 3549 benedictio
3309 3498 3691 3549 consummata
3739 3494 3858 3552 atque

2294 3589 2533 3660 perfecta
2586 3603 2697 3644 sua:
2744 3588 3195 3656 consecrationis,
3244 3598 3461 3647 nostra
3506 3576 3858 3658 supplicationis

2292 3684 2669 3738 attentissima:
2718 3682 3264 3753 concordissimisque
3343 3682 3592 3747 omnium
3654 3671 3853 3747 ρτεείδυε

2296 3779 2643 3847 adjuvemur;
2674 3779 2910 3834 omnium
2948 3794 3041 3848 pro
3072 3780 3189 3851 ipso
3232 3778 3423 3835 oratio
3471 3773 3764 3837 incumbal.
3789 3762 3851 3819 ωί

2287 3872 2544 3928 exorandi
2578 3888 2673 3942 pro
2700 3873 2949 3928 omnibus
2970 3872 3183 3945 pondus
3211 3872 3548 3942 imponitur.
3579 3855 3847 3937 lmpetreiel'

2289 3965 2510 4021 affectus
2542 3967 2707 4022 totius
2738 3966 2992 4022 Ecclesiae
3022 3966 3302 4033 virtutem,
3332 3967 3614 4037 pietatem,
3644 3951 3838 4019 sanctifi-

2287 4061 2552 4117 cationem
2573 4102 2589 4126 ,
2622 4070 2673 4115 et
2703 4070 2910 4116 ceteras
2939 4062 3131 4117 summi
3180 4060 3481 4131 sacerdotii
3512 4068 3686 4114 sacras
3712 4052 3829 4103 (101⁸5

2288 4155 2550 4210 universa:
2596 4154 2846 4209 Ecclesia:
2891 4154 3217 4223 profuturas,
3256 4155 3498 4215 Domino
3545 4150 3653 4206 Deo
3687 4149 3835 4199 nostro

3970 3820 3977 3899 ί

2290 4246 2402 4318 (qui
2433 4262 2708 4302 sacrorum
2739 4262 3016 4311 munerum
3064 4246 3305 4318 protinus
3348 4246 3470 4302 fons
3500 4254 3613 4307 est,
3654 4235 3735 4309 qui
3761 4232 3827 4330 δέ(

2289 4338 2535 4395 omnibus
2555 4337 2873 4407 adnuenter)
2902 4339 3043 4409 quod
3070 4339 3338 4396 sacerdoti
3368 4339 3462 4410 pio
3490 4336 3673 4391 affectu
3699 4337 3829 4399 μηδ’

2292 4438 2376 4485 tur
2400 4430 2465 4485 ad
2495 4429 2867 4484 exundandaut
2894 4429 2944 4483 itt
2969 4430 3219 4485 omnibus
3245 4429 3716 4485 sanctiﬁcatiouem
3737 4427 3829 4471 συο-

596 4530 723 4577 'nam
755 4521 1029 4593 religionis
1058 4523 1335 4591 instituat,
1371 4525 1420 4579 in
1455 4525 1599 4579 omni
1628 4540 1789 4595 opere
1818 4525 1959 4581 bono
1986 4527 2183 4580 conlir-
2212 4529 2264 4593 ι)
2290 4537 2405 4576 rum
2428 4522 2690 4585 omnium,
2714 4522 3111 4591 promptissime
3133 4537 3196 4579 ac
3219 4522 3539 4592 plenissime
3554 4513 3824 4575 conferente-

596 4623 707 4670 met
739 4614 975 4669 caritatis
1016 4615 1286 4685 exemplo.
1330 4616 1631 4672 Secundum
1673 4620 2001 4674 voluntatem
2051 4633 2180 4690 ergo

597 4706 807 4763 Domini
856 4707 907 4761 in
939 4707 1114 4763 locum
1147 4718 1345 4764 sancta:
1391 4711 1664 4765 memoria:
1714 4709 1791 4766 ill.
1827 4725 1972 4765 nom.
2006 4710 2183 4767 virum

595 4797 956 4854 venerabilem
1000 4799 1078 4856 ill.
1112 4801 1421 4857 testimonio
1470 4803 1904 4875 presbyterorum
1936 4811 1991 4859 et.
2022 4804 2186 4859 totius

594 4890 755 4954 cieri,
787 4898 845 4944 et
869 4892 1095 4946 consilio
1134 4893 1331 4947 civium
1359 4909 1421 4949 ac
1449 4893 1880 4961 consistentium,
1918 4895 2189 4951 credimus

593 4983 925 5056 eligendum,
955 4985 1127 5041 virum
1159 4987 1240 5057 (ut
1267 4986 1459 5058 nostis)
1493 4989 1759 5044 natalibus
1788 4990 2041 5057 nobilem,
2075 5005 2189 5044 mo-

596 5078 745 5134 ribus
773 5076 1001 5143 clarum,
1030 5079 1288 5151 religione
1316 5082 1560 5151 probum,
1587 5083 1691 5139 fide
1720 5084 1993 5148 stabilem,
2024 5086 2190 5140 mise-

594 5169 827 5226 ricordia
855 5169 1214 5228 abundantem
1232 5214 1247 5240 ,
1291 5172 1570 5241 humilem,
1599 5178 1799 5246 justum
1820 5219 1833 5243 ,
1871 5179 2150 5245 pacilicum
2172 5220 2186 5243 ,

598 5264 924 5335 patientem,
957 5265 1233 5322 caritatem
1283 5268 1568 5325 habentem
1592 5313 1606 5340 ,
1642 5279 1920 5336 tenacem,
1950 5272 2187 5325 cunctis-

597 5368 703 5424 que
732 5364 758 5393 ει
787 5357 1036 5413 sacerdos
1061 5358 1301 5429 eligenda
1331 5369 1477 5428 sunt,
1508 5362 1661 5416 bonis
1704 5362 1950 5417 omnibus
1981 5360 2183 5416 exube-

597 5453 828 5501 rantem.
859 5448 1013 5505 Hunc
1042 5464 1204 5521 ergo,
1236 5450 1574 5508 dilectissimi
1617 5454 1842 5517 fratres,
1888 5453 2179 5510 testimonii

599 5532 725 5592 boni
753 5541 933 5607 operis
963 5541 1190 5597 electum
1214 5585 1228 5609 ,
1261 5542 1630 5613 dignissimum
1664 5544 1965 5599 sacerdotio
1990 5560 2187 5602 conso-

599 5638 795 5685 nantes
822 5631 1067 5690 laudibus
1095 5634 1318 5690 clamate
1345 5645 1400 5691 et
1427 5637 1587 5693 dicite
1611 5656 1626 5693 :
1651 5639 1850 5711 Dignus
1875 5648 1982 5695 est.

602 5758 635 5859 "
675 5772 701 5800 ι
739 5760 923 5833 Forte,
957 5767 1009 5821 in
1037 5768 1230 5831 cunctis
1253 5785 1368 5841 qua
1391 5779 1446 5827 in
1470 5776 1735 5832 sacerdote
1762 5780 2014 5845 exigenda
2042 5784 2187 5831 sunt.

2296 4610 2399 4669 Per
2424 4612 2709 4668 Dominum
2738 4620 2980 4670 nostrum
3008 4614 3212 4671 Jesum.

2917 4726 3253 4782 Consecutio.

2372 4813 2510 4868 Deus
2539 4812 2803 4883 bonorum
2827 4814 3088 4881 omnium,
3114 4814 3253 4870 Deus
3280 4813 3522 4877 omnium
3541 4802 3813 4877 dignitatum.

2298 4919 2418 4975 qua:
2438 4904 2627 4975 gloria:
2657 4915 2761 4961 tuas
2788 4908 2956 4963 sacris
2989 4905 3310 4965 famulantur
3348 4902 3652 4969 ordinibus;
3679 4893 3811 4950 Del”.

2299 4996 2389 5067 (lui
2421 4995 2641 5067 Moysen
2670 4996 2924 5053 famulum
2957 5008 3107 5061 tuum
3152 4998 3342 5056 secreti
3382 4990 3644 5055 familiaris
3956 5022 3957 5081 ξ

2295 5088 2437 5143 inter
2465 5098 2644 5151 cetera
2694 5090 2907 5147 celestis
2949 5093 3271 5147 documenta
3300 5091 3522 5149 cultum
3540 5124 3560 5151 ο
3585 5081 3645 5137 δέ
3672 5068 3805 5129 mi"

2294 5195 2506 5261 quoque
2554 5180 2851 5236 indumenti
2897 5184 3251 5243 sacerdotalis
3280 5184 3592 5243 instituens,

2295 5258 2475 5341 Aaron
2509 5273 2737 5345 mystico
2785 5276 2983 5343 amictu
3016 5278 3213 5334 vestire
3260 5279 3397 5339 inter
3441 5283 3581 5331 sacra
3602 5258 3800 5336 ἰωίωῖ

2293 5373 2352 5431 ut
2377 5362 2746 5435 intelligentiae
2772 5382 2990 5427 sensum
3014 5369 3083 5425 de
3109 5371 3373 5441 exemplis
3395 5366 3612 5437 prio"!In

2288 5466 2535 5515 secutura
2558 5433 2851 5529 posteritas
2877 5504 2893 5527 ,
2936 5479 3003 5521 nc
3044 5433 3284 5525 eruditio
3319 5433 3560 5521 doctrina!
3603 5459 3688 5505 ωε

2291 5549 2507 5607 deesset
2553 5553 2696 5611 aetati
2724 5595 2740 5619 ,
2788 5569 2909 5609 cum
2954 5563 3010 5615 et
3056 5557 3200 5627 apud
3251 5566 3457 5615 veteres
3498 5536 3788 5627 revenit“?

2290 5642 2406 5713 ipsa
2451 5644 2901 5715 signiﬁcationum
2929 5598 3139 5718 species
3165 5650 3428 5709 obtineret
3447 5684 3463 5711 ,
3491 5648 3540 5713 βί
3578 5624 3693 5702 apud
3714 5624 3785 5675 00‘
3939 5598 3949 5857 ὲ

2363 5774 2394 5817 δ
2439 5776 2566 5836 Haec
2592 5787 2650 5836 et
2677 5788 2833 5836 tertia
2865 5784 3038 5839 oratio
3061 5793 3145 5840 est
3170 5786 3223 5841 in
3249 5785 3432 5843 ordine
3455 5775 3676 5833 Romam).

2363 5774 2394 5817 δ
2439 5776 2566 5836 Haec
2592 5787 2650 5836 et
2677 5788 2833 5836 tertia
2865 5784 3038 5839 oratio
3061 5793 3145 5840 est
3170 5786 3223 5841 in
3249 5785 3432 5843 ordine
3455 5775 3676 5833 Romam).
