4048 6350
240 272 360 341 ἕνῑό

1258 279 1350 343 ΒΕ
1389 277 1714 341 [ιιτυιιςιΔ
1753 277 2143 347 GALLICANA
2182 279 2385 348 [ABER
2426 272 2502 343 Ill.

3420 284 3531 343 3‘20

242 396 479 459 certiora
508 395 693 457 essent
716 394 1088 467 experimenta
1118 410 1324 463 rerum,
1350 411 1507 466 quam
1537 396 1822 465 aenigmata
1857 402 1909 465 Α
1933 410 2150 452 movere
2201 395 2449 465 dignatus
2501 409 2581 459 es.
2636 407 2967 463 qumsumus,
3000 393 3245 468 Domine,
3271 401 3513 470 placatus

240 492 567 564 ﬁgurarum.
597 490 750 549 lllius
777 505 1006 561 namque
1040 490 1326 547 sacerdotii
1370 490 1656 545 anterioris
1682 488 1831 545 babi-

244 593 336 647 ωε
364 590 567 638 nostra
596 583 792 639 tuentis
821 593 1037 639 ornatus
1066 591 1183 649 est;
1210 592 1264 639 et
1295 582 1618 653 pontiﬁcalis
1656 580 1830 650 gloria

242 690 356 728 non
396 674 506 742 jam
555 673 707 728 nobis
757 672 1014 729 honorem
1065 674 1408 731 commendat
1436 671 1687 738 vestium,
1733 670 1832 729 sed

239 764 587 833 Splendorem
621 764 941 819 animarum.
972 765 1107 833 Quia
1155 774 1206 819 et
1240 765 1327 820 illa
1357 805 1373 831 ,
1403 779 1523 834 quae
1555 773 1679 818 tunc
1708 777 1832 817 car-

240 856 461 913 nalibus
492 856 897 913 blandiebantur
947 859 1259 926 obtutibus,
1315 859 1493 927 potius
1538 874 1656 929 quae
1700 857 1825 925 ipsit

237 958 401 1005 erant
428 948 768 1020 intelligenda
792 950 1101 1019 poscebant.
1137 951 1200 1005 Et
1227 950 1426 1005 idcirco
1454 948 1670 1011 famulis
1698 948 1827 1014 tuis,

236 1056 382 1112 quos
407 1042 472 1096 ad
498 1042 691 1105 summi
714 1042 1000 1099 sacerdotii
1033 1042 1388 1098 ministerium
1419 1041 1645 1112 elegisti,
1672 1041 1831 1106 hanc,

235 1147 573 1203 quaesumus,
598 1133 821 1189 Domine
850 1132 1013 1204 310
1034 1133 1261 1202 gratiam
1286 1131 1561 1202 largiaris;
1594 1140 1653 1186 ut
1677 1133 1828 1201 quic-

236 1224 374 1293 quid
403 1225 490 1277 illa
519 1224 782 1287 velamina
814 1224 867 1277 in
900 1224 1103 1293 fulgore
1128 1225 1277 1287 auri,
1312 1224 1365 1279 in
1397 1225 1572 1278 nitore
1600 1237 1833 1294 gemma-

234 1332 388 1382 rum,
421 1326 474 1372 et
498 1316 797 1372 multimodi
822 1318 999 1386 operis
1028 1319 1286 1372 varietate
1314 1316 1617 1386 signabant,
1647 1314 1749 1369 hoc
1778 1317 1829 1371 in

234 1408 438 1487 borum
479 1411 717 1465 moribus
740 1409 1061 1480 actibusque
1110 1409 1393 1465 clarescat.
1425 1406 1647 1475 Comple
1669 1446 1686 1474 ,
1718 1407 1829 1461 Du-

234 1503 418 1571 .mine,
449 1502 503 1556 in
532 1501 903 1557 sacerdotibus
936 1502 1038 1554 tuis
1068 1499 1307 1570 mySterii
1337 1499 1410 1555 tui
1442 1512 1705 1553 summam
1732 1539 1746 1563 ,
1774 1505 1833 1553 et.

230 1596 578 1667 [ornamentis
605 1593 767 1649 totius
812 1593 1217 1665 gloriﬁcationis
1261 1592 1552 1647 instructos
1596 1588 1834 1645 caelestis

238 1688 502 1758 unguenti
532 1689 665 1741 llore
692 1684 968 1741 sanctiﬁca
997 1694 1050 1741 ο.
1086 1686 1215 1752 Hoc,
1251 1684 1497 1749 Domine,
1528 1683 1748 1752 copiose
1779 1682 1833 1745 in

1933 487 2181 557 accipias,
2214 494 2273 549 ut
2298 486 2439 557 quod
2467 486 2650 551 divino
2676 503 2898 545 munere
2926 498 3248 546 consecutus
3288 501 3402 562 est,
3434 502 3525 557 tua

1934 580 1986 647 in
2016 598 2080 637 eo
2109 582 2442 651 protectione
2488 580 2747 636 ﬁrmetur.
2800 580 2902 637 Per
2947 581 3230 638 Dominum
3256 593 3520 641 nostrum.

1952 720 1955 721 ν
2006 676 2229 743 Adesto,
2260 675 2571 731 misericors
2619 675 2761 731 Deus
2782 718 2797 745 ,
2827 684 2887 733 ut
2912 676 3054 747 quod
3086 688 3260 732 actum
3288 687 3371 733 est
3398 693 3520 735 nos-

1935 778 2031 823 tra:
2060 766 2330 823 servitutis
2353 766 2552 834 ofﬁcio,
2580 776 2666 822 tua
2697 764 3072 825 benedictione
3100 769 3365 825 ﬁrmetur.
3398 765 3516 827 Per.

2603 857 2728 909 Item
2754 859 2862 908 alia.

2008 940 2301 997 Ecclesiam
2344 950 2521 1010 tuam,
2566 940 2810 1006 Domine,
2848 942 3108 1012 benignus
3134 941 3424 1007 inlumina,
3472 951 3531 998 ut

1937 1040 1991 1088 et
2015 1043 2199 1101 gratus
2228 1034 2302 1088 tui
2330 1034 2576 1104 proﬁciat
2605 1033 2799 1103 ubique
2821 1049 3125 1100 successus,
3156 1042 3210 1089 et
3238 1036 3371 1103 grati
3405 1036 3532 1090 ﬁant

1936 1127 2139 1183 nomini
2173 1136 2282 1191 luo,
2308 1136 2360 1181 te
2385 1127 2742 1196 gubernante,
2777 1126 3045 1181 Pastores.
3083 1127 3182 1182 Per
3221 1126 3525 1183 Dominum.

2257 1218 2323 1273 X.
2364 1232 2686 1274 ususmcno
2725 1233 2891 1271 suum
2933 1231 3191 1272 VIRGINES.

2008 1308 2358 1378 Omnipotens
2387 1311 2716 1379 sempiterne
2747 1308 2908 1375 Deus,
2962 1309 3154 1376 adjuva
3195 1323 3326 1378 quas
3369 1308 3530 1378 virgi-

1942 1399 2132 1455 nitatis
2174 1400 2377 1454 honore
2425 1399 2673 1469 dignatus
2723 1413 2781 1453 es
2826 1399 3097 1465 decorare.
3144 1398 3419 1454 Perferant
3452 1400 3531 1453 in-

1939 1491 2114 1548 choati
2161 1493 2341 1562 operis
2394 1500 2821 1546 consummatum
2876 1489 3162 1558 affectum,
3206 1499 3259 1546 et
3286 1499 3528 1545 votorum

1940 1598 2157 1640 suorum
2186 1585 2473 1655 expediant
2517 1586 2818 1640 institutum
2850 1602 2864 1640 :
2897 1584 3140 1653 virginali
3175 1583 3356 1639 habitu
3404 1597 3529 1652 per-

1940 1679 2138 1735 fectam
2170 1680 2263 1737 tibi
2304 1680 2530 1736 offerant
2554 1678 2941 1750 plenitudinem
2961 1719 2979 1744 ,
3029 1687 3081 1733 et
3111 1677 3255 1733 initia
3286 1692 3376 1732 sua
3412 1691 3531 1745 per-

234 1794 436 1861 ;eorum
460 1789 614 1849 caput
656 1780 863 1844 inﬁuat,
897 1780 996 1833 hoc
1027 1779 1080 1834 in
1127 1779 1239 1834 oris
1268 1778 1502 1847 subjecta
1533 1776 1781 1831 decurrat
1810 1817 1825 1841 ,
1862 1794 1908 1855 κ
1938 1771 2137 1828 ducere
2186 1783 2499 1827 mercantur
2536 1775 2599 1826 ad
2626 1772 2814 1837 linem,
2846 1780 2902 1824 ut
2932 1779 3134 1824 matura
3167 1768 3532 1826 sanctimoniae

226 1871 350 1939 .boc
376 1872 428 1926 in
456 1872 617 1928 totius
643 1873 886 1942 corporis
912 1881 1147 1926 extrema
1175 1869 1489 1935 descendat,
1523 1878 1581 1923 ut
1608 1868 1679 1922 tui
1709 1867 1831 1937 Spi-

234 1966 379 2020 ritus
409 1966 574 2020 virtus
602 1974 655 2020 et
697 1963 1013 2020 interiorum
1058 1978 1152 2018 ora
1200 1962 1443 2032 repleat,
1476 1968 1530 2016 ct
1560 1963 1827 2016 exteriora

230 2055 607 2126 tcircumtegat.
652 2055 901 2112 Abundet
939 2055 990 2110 in
1040 2054 1122 2109 his
1155 2054 1265 2125 (eo)
1314 2053 1611 2107 constantia
1658 2050 1820 2117 ﬁdei,

232 2136 444 2219 puritas
494 2146 831 2213 dilectionis,
882 2148 1163 2203 sinceritas
1207 2145 1370 2216 pacis.
1424 2144 1544 2198 Sint
1590 2143 1823 2213 speciosi

233 2253 467 2294 munere
494 2248 584 2292 tuo
612 2239 773 2309 pedes
802 2239 990 2302 borum
1021 2236 1086 2291 ad
1114 2234 1588 2301 evangelizandum
1621 2249 1828 2304 pacem,

230 2324 309 2387 ‘ad
339 2331 805 2403 evangelizandum
832 2331 972 2386 bona
1002 2340 1107 2383 tua.
1144 2331 1216 2383 Da
1244 2328 1345 2393 eis,
1378 2327 1602 2387 Domine
1626 2367 1641 2391 ,
1672 2326 1833 2381 mini-

236 2424 464 2479 sterium
498 2420 939 2478 reconciliationis
969 2422 1021 2475 in
1069 2420 1264 2487 verbo,
1292 2429 1343 2474 et
1377 2420 1429 2473 in
1462 2418 1613 2472 factis
1635 2457 1649 2484 ,
1685 2426 1742 2472 ct
1776 2418 1833 2471 in

235 2513 435 2570 virtute
461 2522 516 2569 et
546 2514 812 2583 signorum
839 2522 890 2568 et
919 2511 1299 2582 prodigiorum.
1333 2510 1415 2579 Sit
1438 2524 1614 2564 sermo
1638 2524 1824 2573 eorum

234 2605 403 2681 (ejus)
436 2614 490 2660 et
515 2604 844 2676 praedicatio,
878 2618 980 2659 non
1015 2602 1066 2657 in
1107 2600 1551 2673 persuasibilibus
1582 2602 1826 2654 humana:

234 2698 521 2769 sapientiae
546 2698 743 2765 verbis,
772 2696 867 2753 sed
897 2697 948 2751 in
991 2697 1296 2752 ostensione
1321 2696 1542 2764 spiritus
1570 2703 1624 2749 et
1651 2692 1816 2747 virtu-

237 2791 332 2848 tis.
362 2791 437 2845 Da
466 2791 564 2857 eis,
598 2776 850 2860 Domine,
880 2789 1057 2847 claves
1088 2790 1236 2859 regni
1265 2788 1525 2846 calorum
1553 2804 1566 2841 :
1593 2794 1830 2855 utantur,

234 2896 343 2940 nec
370 2882 663 2952 glorientur
688 2889 974 2951 potestate,
1002 2897 1162 2952 quam
1195 2881 1381 2936 tribuis
1428 2880 1477 2935 in
1524 2879 1834 2937 aediﬁcatiu-

237 2988 389 3040 nem,
424 2989 531 3029 nou
562 2974 615 3028 in
651 2973 1087 3030 destructionem.
1118 2970 1502 3041 Quodcumque
1535 2970 1822 3041 ligaverint

235 3078 406 3134 super
433 3072 653 3130 terram,
682 3066 749 3118 sit
769 3064 989 3136 ligatum
1015 3072 1068 3118 et
1088 3063 1144 3125 in
1169 3061 1344 3117 caelis:
1378 3071 1427 3115 et
1454 3062 1827 3132 quodcumque

236 3157 497 3214 solverint
519 3172 677 3226 super
709 3165 928 3221 terram,
954 3157 1022 3211 sit
1048 3155 1285 3211 solutum
1308 3164 1362 3210 et
1392 3155 1441 3209 in
1475 3157 1643 3211 caelis.
1676 3155 1822 3223 Quo-
1859 3184 1908 3252 ρ

236 3262 360 3305 rurn
406 3248 730 3304 detinuerint
772 3258 1009 3321 peccata,
1056 3247 1273 3303 detenta
1320 3246 1460 3313 sint;
1512 3258 1565 3304 et
1602 3263 1828 3317 quorum

240 3340 567 3409 dimiserint,
599 3351 652 3394 tu
679 3340 934 3395 dimittas.
961 3339 1058 3407 Qui
1091 3338 1423 3395 benedixerit
1447 3338 1550 3405 eis,
1572 3337 1641 3393 sit
1673 3338 1834 3411 benc-

243 3437 451 3501 dictus;
484 3446 536 3491 et
585 3435 674 3505 qui
725 3432 1066 3488 maledixerit
1108 3433 1209 3501 eis,
1258 3429 1720 3487 maledictionibus
1755 3448 1837 3485 re-

237 3528 475 3603 pleatur.
505 3527 623 3597 Sint
654 3526 793 3583 servi
828 3526 1016 3582 ﬁdeles
1038 3536 1091 3580 et
1120 3525 1436 3597 prudentes,
1468 3539 1603 3595 quos
1633 3524 1833 3578 consti-

239 3632 360 3678 tuas
391 3631 471 3691 tu,
506 3623 757 3690 Domine,
787 3637 951 3692 super
981 3619 1235 3675 familiam
1270 3630 1448 3686 tuam;
1480 3627 1538 3675 ut
1564 3619 1693 3674 dent
1724 3617 1830 3675 illis

236 3714 418 3786 cibum
460 3714 514 3770 in
547 3724 787 3787 tempore
816 3718 1124 3787 necessario
1149 3758 1164 3782 ,
1196 3723 1259 3770 ut
1290 3714 1585 3771 exhibeant
1615 3728 1828 3769 munem

238 3807 512 3864 hominem
545 3807 858 3878 perfectum.
890 3806 1008 3861 Sint
1041 3804 1402 3873 sollicitudine
1431 3805 1643 3877 impigri
1671 3846 1687 3873 ,
1716 3806 1823 3859 sint

240 3898 435 3973 spiritu
464 3896 761 3969 ferventes;
794 3897 1005 3953 oderint
1036 3896 1343 3967 superbiam
1370 3936 1385 3963 ,
1419 3894 1644 3967 diligant
1686 3894 1832 3950 veri-

242 4000 406 4046 tatem
429 4033 445 4058 ,
475 4006 573 4047 nec
600 4006 715 4046 eam
748 4004 996 4059 umquam
1028 3986 1278 4044 deserant
1304 4028 1318 4052 ,
1350 3994 1444 4055 aut
1474 3983 1789 4041 lassitudine
1817 4025 1832 4052 ,

242 4092 335 4140 aut
363 4082 554 4138 timore
582 4081 837 4153 superati.
870 4080 986 4136 Non
1018 4089 1221 4152 ponant
1246 4080 1422 4151 lucem
1459 4077 1525 4133 ad
1557 4078 1831 4155 tenebras,

243 4192 341 4233 nec
370 4175 616 4231 tenebras
647 4175 837 4230 lucem.
872 4172 985 4228 Non
1013 4172 1197 4245 dicant
1226 4170 1425 4226 malum
1456 4171 1655 4225 bonum
1689 4210 1702 4233 ,
1738 4183 1835 4224 nec

238 4252 452 4327 bonum
479 4266 699 4322 malum.
734 4265 853 4321 Sint
881 4264 1211 4337 sapientibus
1234 4272 1289 4319 et
1319 4261 1692 4332 insipientibus
1732 4260 1830 4315 de-

249 4362 456 4418 bitores
485 4378 497 4413 :
531 4370 585 4416 et
612 4358 837 4413 fructum
865 4357 932 4412 de
963 4356 1201 4423 profecm
1233 4356 1471 4411 omnium
1501 4369 1834 4423 consequan-

245 4463 353 4509 tur.
385 4452 615 4509 Tribuas
645 4452 746 4519 eis,
776 4450 1025 4518 Domine,
1050 4450 1354 4505 cathedram
1387 4448 1741 4520 episcopalem
1767 4447 1830 4500 ad

246 4548 532 4619 regendam
563 4546 858 4602 Ecclesiam
893 4555 1033 4599 tuam
1062 4554 1116 4600 et
1139 4544 1347 4617 plebem
1379 4546 1707 4599 universam.
1741 4541 1830 4598 Sis
1862 4574 1918 4636 Β

246 4641 328 4696 eis
357 4639 662 4706 auctoritas,
695 4638 768 4692 sis
795 4638 876 4691 eis
906 4645 1140 4706 potestas
1167 4678 1185 4702 ,
1208 4635 1284 4690 sis
1304 4636 1389 4689 'eis
1422 4634 1665 4689 ﬁrmitas.
1700 4634 1834 4688 Mul-

232 4718 462 4802 Atiplices
499 4745 661 4801 super
686 4744 779 4785 eos
804 4727 1235 4784 benedictionem
1264 4737 1317 4782 et
1337 4727 1563 4798 gratiam
1593 4737 1758 4790 tuam,
1785 4734 1845 4797 ut

251 4824 321 4881 ad
362 4824 687 4881 exorandam
720 4836 930 4891 semper
969 4820 1390 4875 misericordiam
1423 4830 1567 4875 tuam
1611 4829 1702 4875 tuo
1731 4835 1846 4874 mu-

252 4930 385 4971 nere
436 4914 647 4980 idonei,
691 4921 779 4979 tua
825 4912 993 4983 gratia
1060 4911 1267 4983 possint
1314 4925 1436 4971 esse
1484 4911 1683 4966 devoti.
1744 4909 1850 4963 Per

251 5010 539 5068 Dominum
564 5008 614 5065 δ.

871 5077 1040 5141 Super
1064 5075 1245 5127 oblata.

324 5185 569 5255 Suscipe,
603 5184 850 5251 Domine,
878 5196 1101 5238 munera
1142 5198 1261 5252 quae
1303 5181 1398 5238 tibi
1444 5179 1716 5238 offerimus
1734 5192 1834 5251 pro

240 5278 456 5336 famulo
477 5288 568 5333 tuo
593 5276 889 5350 311illo,
916 5285 969 5332 et
997 5275 1257 5347 propitius
1274 5274 1328 5329 in
1352 5274 1539 5331 eodem
1575 5280 1674 5349 tua.
1700 5272 1839 5329 dona

252 5375 461 5432 custodi
654 5358 673 5371 ’“

326 5470 483 5523 Hanc’
501 5467 659 5535 igitur
683 5464 1005 5520 oblationem
1032 5504 1049 5532 ,
1080 5475 1240 5531 quam
1282 5460 1376 5515 tibi
1425 5460 1698 5523 oﬂ‘erimus
1748 5473 1844 5529 pro

253 5562 347 5618 illo
381 5560 581 5615 famqu
604 5568 716 5626 tuo,
750 5571 910 5625 quem
942 5554 1008 5610 ad
1042 5552 1399 5626 pontiﬁcalem
1447 5553 1674 5624 gloriam
1713 5566 1839 5623 pro-

332 5706 357 5732 ιι
401 5695 527 5750 llaec
554 5702 609 5749 et
641 5689 917 5764 sequentia
941 5689 1099 5759 verba
1146 5684 1394 5764 leguntur
1416 5687 1472 5755 iu
1495 5684 1695 5745 Ordine
1737 5684 1843 5740 Ro-

259 5782 442 5827 mano.
478 5759 1002 5834 postquamunctum
1020 5769 1113 5834 est
1144 5759 1378 5829 episcopi
1407 5766 1585 5825 caput.

330 5838 360 5878 δ
402 5826 540 5893 ΝίΙίίΙ
561 5826 646 5890 hic
671 5836 739 5891 de
767 5832 1139 5887 benedictione
1167 5826 1602 5885 ornamentorum
1636 5826 1845 5894 episco-

1937 1865 2213 1921 cnmulent
2245 1865 2434 1921 merita
2454 1904 2469 1928 ,
2502 1875 2557 1921 et
2584 1864 2950 1920 centenarium
2978 1877 3171 1920 munus
3197 1862 3265 1919 de
3292 1861 3531 1932 perfecto

1941 1969 2111 2026 agone
2150 1955 2468 2026 virginitatis
2501 1954 2783 2023 accipiant.

2432 2046 2743 2096 Consecratio
2782 2046 3039 2108 virginum.

2007 2130 2226 2187 Castnm
2258 2129 2377 2183 veri
2436 2128 2529 2183 Dei
2559 2130 2755 2182 cultum
2800 2130 3101 2194 incorrupta
3142 2122 3401 2196 religione
3445 2139 3533 2181 re-

1937 2224 2189 2293 tinentes,
2252 2219 2578 2277 inviolabilis
2631 2229 2835 2272 naturae
2883 2217 3162 2272 Dominum
3214 2215 3531 2287 suppliciter

1936 2328 2175 2380 oremus,
2229 2323 2286 2368 ut
2338 2310 2478 2366 hanc
2531 2311 2781 2364 famulam
2837 2324 2985 2363 suam
3028 2309 3525 2377 corroboret,qute

1935 2396 2177 2477 sanctam
2224 2416 2280 2463 et
2329 2406 2616 2461 maximam
2669 2404 3055 2474 acceptabilem
3110 2404 3217 2458 Deo
3250 2401 3524 2472 virginita-

1936 2508 2043 2555 tem
2071 2543 2085 2565 ,
2132 2498 2427 2566 adsumptis
2473 2495 2793 2567 spiritalium
2834 2497 3219 2565 cogitationum
3299 2492 3523 2560 viribus,

1935 2591 2236 2659 dedicavit,
2266 2593 2401 2647 bene
2440 2602 2700 2659 concepto
2729 2589 2921 2645 mentis
2970 2588 3245 2662 proposito
3275 2602 3523 2660 perseve-

1936 2692 2051 2747 ret;
2108 2694 2165 2738 ut
2216 2683 2515 2753 virginitas,
2547 2697 2663 2753 quae
2697 2682 2951 2737 Ecclesiae
2980 2691 3339 2753 comparatur,
3371 2689 3426 2736 et
3452 2682 3527 2741 si-

1937 2775 2231 2845 militudini
2259 2775 2454 2829 divina:
2485 2773 2866 2841 immolationis
2892 2772 3147 2841 induitur,
3182 2773 3528 2842 perenuitatis

1936 2866 2165 2938 gratiam
2196 2874 2574 2935 consequatur.
2624 2864 2726 2919 Per
2754 2865 3059 2919 Dominum.

2010 2958 2151 3019 Deus
2180 2969 2202 2997 ο
2235 2966 2504 3012 castorum
2535 2971 2820 3026 corporum
2852 2955 3111 3022 benignus
3153 2947 3437 3019 habitator,
3471 2962 3527 3010 et

1943 3051 2372 3120 incorruptarum
2431 3048 2569 3103 Deus
2624 3058 2831 3102 amator
2888 3048 3223 3115 animarum,
3268 3049 3408 3102 Deus
3438 3047 3527 3119 qui

1943 3141 2229 3215 humanam
2258 3140 2609 3207 substantiam
2634 3138 2685 3192 in
2718 3137 3234 3208 primis,hominibus
3264 3136 3537 3193 diabolica.

1937 3233 2120 3289 fraude
2174 3232 2449 3299 vitiatam,
2497 3231 2569 3285 ita
2621 3230 2671 3283 in
2699 3229 2874 3284 Verbo
2907 3238 3016 3297 tuo,
3056 3244 3151 3299 per
3178 3228 3319 3299 quod
3343 3227 3525 3282 omnia

1936 3324 2070 3382 facta
2101 3334 2258 3391 sunt,
2308 3336 2547 3392 reparas,
2598 3330 2658 3375 ut
2702 3336 2819 3376 eam
2850 3335 2955 3373 non
3002 3320 3173 3374 solum
3225 3320 3290 3374 ad
3337 3320 3527 3391 prima:

1936 3416 2159 3489 originis
2204 3415 2562 3473 innocentiam
2595 3427 2855 3479 revoces,
2902 3412 2996 3466 sed
3044 3411 3205 3468 etiam
3254 3412 3319 3467 ad
3359 3428 3523 3482 expe-

1937 3508 2184 3564 rientiam
2240 3508 2534 3570 bonorum,
2587 3519 2705 3576 qua:
2748 3504 2802 3556 in
2856 3516 2994 3557 novo
3048 3502 3245 3557 saeculo
3285 3510 3409 3557 sunt
3437 3501 3531 3555 ha-

1937 3599 2143 3669 bcnda,
2201 3599 2488 3671 perducas,
2547 3605 2601 3651 et
2650 3596 2938 3651 obstrictos
2993 3594 3167 3649 adhuc
3222 3590 3539 3650 conditione

1940 3682 2241 3746 mortalium
2294 3689 2402 3759 jam
2454 3686 2519 3743 ad
2571 3686 2973 3743 similitudinem
3011 3685 3276 3756 provebas
3300 3684 3520 3755 angelo-

1939 3799 2057 3847 rum
2077 3825 2092 3850 ,
2124 3781 2355 3852 reSpice,
2377 3780 2624 3851 Domine,
2651 3793 2811 3848 super
2833 3778 2927 3832 has
2958 3775 3184 3832 famulas
3216 3784 3352 3842 tuas,
3382 3762 3531 3851 quae;

1938 3866 1995 3951 in
2026 3891 2183 3947 manu
2225 3884 2312 3941 tua
2340 3872 2683 3943 continentia;
2728 3886 2840 3926 suae
2865 3862 3209 3941 propositum
3239 3868 3525 3923 conlocan-

1941 3977 2037 4041 tes,
2072 3969 2164 4023 tibi
2194 3965 2536 4038 devotionem
2576 3978 2726 4018 suam
2772 3960 3025 4026 offerunt,
3057 3976 3087 4015 a
3113 3975 3218 4031 quo
3246 3959 3362 4029 ipsa
3408 3964 3533 4033 vota

1936 4069 2301 4137 sumpserunt.
2341 4057 2620 4127 Quomodo
2662 4056 2803 4112 enim
2854 4055 3065 4109 animus
3104 4052 3264 4125 312
3323 4050 3534 4109 mortali

1938 4169 2099 4209 carne
2118 4150 2498 4213 circumdatus,
2513 4149 2683 4219 legent
2709 4156 2934 4214 naturae,
2956 4146 3257 4201 libertatem
3284 4143 3532 4209 licentiae,

1938 4251 2045 4303 vim
2071 4242 2495 4305 consuetudinis,
2513 4218 2583 4295 et,
2621 4237 2866 4293 stimulos
2892 4234 3064 4291 aetatis
3092 4233 3400 4303 evinceret,
3430 4218 3534 4289 nisi

1937 4346 1994 4394 tu
2010 4352 2105 4408 per
2124 4337 2348 4391 liberum
2372 4332 2649 4386 arbitrium
2672 4328 2812 4383 hunc
2832 4340 3072 4381 amorem
3088 4323 3405 4394 virginitatis
3426 4322 3538 4378 cle-

1938 4440 2147 4488 menter
2173 4428 2514 4491 aecenderes,
2563 4432 2615 4478 tu
2664 4423 2801 4477 hanc
2824 4420 3174 4489 cupiditatem
3230 4420 3283 4472 in
3344 4432 3531 4474 earum

1938 4529 2100 4583 corde
2126 4523 2387 4593 benignus
2414 4520 2606 4582 aleres,
2655 4527 2710 4570 tu
2750 4513 3119 4570 fortitudinem
3156 4509 3534 4566 ministrares?

1952 4618 2125 4674 Effusa
2154 4629 2378 4684 namque
2424 4614 2477 4666 in
2523 4623 2711 4666 omnes
2732 4607 2918 4678 gentes
2938 4605 3118 4676 {gratia
3147 4612 3233 4657 tua
3252 4642 3267 4666 ,
3298 4616 3365 4656 ex
3384 4600 3537 4658 omni

1952 4709 2166 4765 natione
2184 4722 2303 4777 qum
2326 4714 2407 4760 est
2428 4707 2528 4758 sub
2547 4701 2703 4768 caelo,
2723 4700 2779 4755 in
2796 4698 3069 4753 stellarum
3090 4694 3537 4751 innumerabilem

1955 4814 2231 4855 numerum
2264 4800 2382 4849 novi
2412 4792 2741 4849 Testatnenti
2772 4789 3059 4846 heredibus
3088 4786 3533 4856 adoptatis,inter

1953 4906 2158 4951 ceteras
2188 4893 2433 4955 virtutes,
2465 4903 2597 4959 quas
2645 4887 2766 4941 ﬁliis
2798 4884 2903 4939 tuis
2932 4897 3037 4938 non
3065 4896 3132 4937 ex
3155 4870 3531 4948 sanguinibus,

1956 4970 2053 5045 nec
2076 4987 2345 5056 voluptate
2365 4982 2564 5047 carnis,
2595 4979 2687 5034 sed
2721 4977 2788 5034 de
2818 4986 2908 5031 tuo
2935 4974 3139 5046 Spiritu
3160 4971 3356 5043 genitis
3382 4969 3535 5025 inde-

1942 5082 2098 5145 disti,
2147 5079 2307 5133 etiam
2343 5078 2446 5130 hoc
2497 5073 2697 5127 donum
2747 5070 2802 5124 in
2832 5065 3188 5141 quorumdam
3217 5072 3427 5118 mentes
3456 5061 3525 5116 de

1943 5175 2201 5249 largitatis
2243 5180 2348 5228 tum
2395 5168 2543 5225 fonte
2578 5164 2837 5231 deﬂuxit,
2884 5173 2942 5218 ut
2981 5175 3103 5217 cum
3132 5160 3395 5214 honorem
3427 5170 3533 5209 nua

1944 5271 2171 5341 ptiarum
2200 5264 2342 5320 nulla
2390 5259 2671 5318 interdicta
2705 5256 3050 5319 minuissent,
3085 5267 3149 5308 ac
3178 5264 3342 5319 super
3366 5261 3533 5316 copu-

1946 5364 2048 5417 lam
2102 5369 2189 5413 tua
2248 5354 2550 5412 benedictio
2596 5348 2977 5421 permaneret,'
2997 5347 3300 5401 existerent
3353 5350 3531 5394 tamen

1946 5450 2283 5510 sublimiores
2334 5450 2563 5511 animae,
2614 5457 2735 5512 quae
2779 5454 2885 5495 non
2942 5438 3046 5493 hoc
3092 5435 3539 5506 concupiscerent

1947 5546 2087 5617 quod
2137 5542 2297 5598 habet
2347 5538 2571 5593 mortale
2618 5533 2948 5597 conubium;
3000 5530 3093 5585 sed
3139 5531 3242 5586 hoc
3278 5528 3538 5599 eligerent

1952 5682 2194 5805 parili}:
2223 5747 2276 5803 in
2317 5742 2519 5801 Ordine
2561 5741 2820 5795 Romano.
2874 5733 2994 5790 Alia
3046 5733 3188 5791 infra
3240 5727 3543 5805 inﬂissali

1951 5822 2242 5901 Gallicam.
