4048 6350
620 246 723 311 327

1346 253 1696 314 APPENDIX
1732 255 1826 314 se
1863 253 2097 317 OPERA
2135 254 2381 319 SANCTl
2419 238 2732 317 bennam
2774 255 3221 318 ranrsmnsrs.
3828 261 3901 323 ss

616 371 760 441 quod
807 366 1084 441 praemittit
1146 367 1389 425 divinum
1446 370 1644 427 Christi
1690 371 2054 446 Ecclesiqu
2117 388 2206 431 sa-
2232 378 2284 437 Α
2310 372 2645 443 voluptatum
2676 391 2692 441 ;
2728 375 2934 432 nesciat
2976 375 3138 433 etiam
3180 376 3489 434 incentiva
3531 374 3825 449 desideria,
3863 396 3902 443 ut

611 476 967 523 cramentum.
1014 467 1247 539 Agnovit
1276 468 1562 525 Auctorem
1588 483 1745 523 suum
1776 468 1933 523 beata
1980 466 2200 536 virgini-

615 568 729 625 tas;
762 571 813 614 et
835 559 1025 615 mrnula
1076 559 1397 629 integritatis
1428 560 1683 631 angelica:
1706 602 1721 626 ,
1756 560 1898 615 illius
1948 558 2207 623 thalamo,

615 650 764 707 illius
805 654 1050 708 cubiculo
1075 668 1134 709 se
1162 653 1407 718 devovit;
1452 655 1541 723 qui
1569 655 1647 709 sic
1681 664 1952 723 perpetua:
1979 652 2207 724 virgini-

616 747 746 803 tatis
766 757 843 803 est
864 763 1112 817 sponsus,
1143 749 1589 819 quemadmodum
1618 756 1892 819 perpetuae
1928 746 2208 817 virginita-

613 840 684 895 tis
741 848 823 894 est
868 840 1030 895 ﬁlius.
1084 841 1495 910 ltnplorantibus
1540 858 1673 911 ergo
1721 840 1981 897 auxilium
2018 850 2204 907 tuum,

611 928 858 998 Domine,
906 940 961 987 et
1002 933 1311 988 conﬁrmari
1343 950 1409 989 ex
1438 933 1833 989 benedictionis
1865 942 1972 988 tum
2016 946 2211 989 conse-

611 1027 1217 1097 cratione'cupientibus
1245 1029 1312 1084 da
1340 1032 1691 1100 protectionis
1738 1040 1842 1085 tuae
1891 1030 2205 1097 munimen,

609 1131 679 1173 ne
711 1118 877 1174 hostis
906 1120 1180 1190 antiquus,
1211 1121 1305 1187 qui
1332 1121 1716 1178 excellentiora
1748 1120 1930 1176 studia
1956 1120 2210 1177 subtilio-

609 1210 756 1265 ribus
813 1204 1031 1268 inlestat
1095 1212 1335 1276 insidiis,
1382 1214 1449 1268 ad
1500 1213 1897 1270 obscurandam
1952 1212 2209 1282 perfectae

612 1301 959 1356 continentiae
988 1301 1217 1371 palmam
1249 1318 1344 1371 per
1364 1304 1596 1372 aliquam
1619 1312 1806 1373 serpat
1835 1305 2032 1360 mentis
2058 1306 2209 1360 incu-

613 1391 748 1446 riam
778 1409 793 1444 :
825 1403 879 1448 et
908 1395 1081 1463 rapiat
1126 1395 1193 1450 de
1244 1395 1522 1465 preposito
1546 1395 1825 1466 Virginum
1857 1396 1999 1466 quod
2042 1395 2209 1451 etiam

606 1482 849 1539 moribus
879 1491 1036 1540 decet
1062 1486 1238 1541 inesse
1267 1488 1600 1557 nuptiarum.
1642 1486 1723 1543 Sit
1747 1488 1800 1543 in
1830 1489 1931 1555 eis,
1959 1488 2208 1554 Domine,

604 1586 703 1643 per
726 1574 923 1630 dolium
952 1575 1186 1645 Spiritus
1236 1576 1311 1630 tui
1352 1577 1585 1645 prudens
1638 1577 1936 1642 modestia;
1969 1586 2026 1632 et
2064 1576 2210 1645 quod

605 1673 728 1719 sunt
774 1666 1029 1735 professa:
1083 1666 1420 1732 custodiant,
1467 1669 1758 1723 scrutatori
1792 1678 2070 1738 pectorum
2096 1682 2207 1724 non

2312 465 2412 521 soli
2438 466 2535 522 tibi
2561 466 2757 523 subdat
2786 471 3005 539 propria
3028 470 3200 535 colla,
3252 485 3383 541 quo
3433 470 3905 544 possitprolaboﬁ.

2311 557 2413 613 bus
2458 562 2618 616 tantis
2658 564 3053 633 sexagesimum
3079 564 3326 635 gradum
3380 566 3703 637 percipere,
3738 585 3899 631 manu

2312 647 2609 707 dilectabile
2635 656 2963 711 sanctitatis.
2997 653 3121 712 Per.

2985 767 3110 819 item
3132 767 3249 820 alia.

2388 847 2610 905 Domine
2654 850 2797 906 Deus
2843 854 3104 908 virtutum
3175 854 3521 911 cmlestium
3573 864 3789 927 aeterne,
3831 862 3899 919 tibi

2322 939 2593 1007 supplices
2621 940 2890 999 fundimus
2937 958 3147 1014 preces,
3178 954 3241 999 ut
3294 944 3458 1001 hanc
3514 946 3767 1004 famulam
3802 959 3903 1007 tuan

2312 1042 2633 1086 consecrare
2659 1032 2923 1103 digneris,
2947 1049 3107 1103 quam
3141 1034 3210 1091 de
3245 1036 3507 1106 pristina
3536 1042 3900 1113 conversatione

2313 1118 2380 1174 ad
2424 1122 2719 1178 novitatem
2772 1125 2914 1192 vitae,
2964 1128 3280 1197 cxspolians
3333 1138 3604 1187 veterem
3659 1131 3902 1202 hominem,

2332 1218 2388 1266 et
2422 1212 2653 1269 induens
2681 1229 2878 1270 novum
2899 1256 2915 1281 ,
2946 1229 3266 1277 convertere
3292 1222 3487 1277 fecisti
3511 1268 3527 1290 ,
3554 1232 3618 1278 ut
3640 1224 3772 1280 sicut
3792 1226 3903 1283 Anna

2324 1304 2664 1372 praphetissa
2711 1308 2893 1363 multis
2950 1321 3251 1379 temporum
3317 1307 3665 1384 curriculis,
3718 1320 3904 1376 vestibus

2312 1393 2595 1450 viduitatis
2623 1396 2806 1452 induta
2826 1439 2839 1461 ,
2866 1398 2919 1454 in
2951 1401 3150 1470 templo
3181 1403 3389 1473 gloria:
3435 1416 3555 1461 tua:
3586 1406 3642 1461 in
3666 1407 3903 1477 jejuniiset

2312 1486 2645 1542 orationibus
2697 1488 2926 1545 ﬁdeliter
2954 1492 3197 1549 servieba
3209 1496 3258 1564 tl,
3290 1494 3384 1550 sic
3415 1506 3475 1551 et
3497 1496 3623 1553 haec
3646 1497 3821 1555 tantula
3844 1511 3902 1557 tua

2325 1575 2426 1632 tibi
2472 1578 2576 1634 soli
2626 1579 2738 1635 Deo
2764 1580 2819 1636 in
2851 1583 3089 1643 Ecclesia
3123 1596 3210 1642 tua
3240 1587 3466 1645 devota
3499 1601 3691 1648 mente
3730 1593 3900 1650 serviat

2319 1665 2423 1722 Per
2450 1667 2759 1726 Dominum.

605 1770 828 1829 corpore
857 1761 1128 1829 placiturae
1152 1805 1166 1828 ,
1199 1762 1292 1815 sed
1318 1768 1523 1817 'mente.
1555 1760 1857 1816 Transeant
1899 1763 1952 1816 in
2001 1777 2199 1817 nume-
2234 1766 2283 1828 Β
2386 1764 2549 1833 Deus,
2588 1767 2681 1837 qui
2730 1769 2939 1825 Annam
2972 1772 3137 1827 ﬁliam
3184 1773 3489 1844 Fanuelis,
3520 1779 3612 1833 vix
3662 1794 3754 1848 per
3777 1794 3900 1839 annos

605 1864 728 1906 rum
776 1852 1095 1922 sapientium
1123 1854 1450 1921 puellarum,
1495 1863 1551 1908 ut
1598 1854 1871 1909 caelestem
1922 1852 2194 1923 Sponsum

615 1946 855 2002 accensis
884 1947 1216 2015 lampadibus
1235 1962 1355 2002 cum
1394 1948 1514 2002 oleo
1582 1947 1989 2017 prmparationis
2040 1962 2206 2015 expe-

610 2044 788 2102 ctent;
839 2052 938 2092 nec
962 2037 1189 2092 turbatae
1244 2039 1519 2107 improvisi
1569 2039 1730 2107 Regis
1759 2039 2024 2104 adventu,
2054 2052 2211 2093 secu-

607 2136 742 2185 turae
768 2145 889 2185 cum
914 2130 1133 2197 lumine,
1164 2139 1221 2185 ut
1252 2131 1666 2201 praecedentium
1699 2132 1870 2187 choro
1888 2132 2204 2201 jungantur,

611 2230 935 2287 occurrant,
966 2236 1065 2276 nec
1092 2223 1444 2277 excludantur
1465 2237 1587 2278 cunt
1618 2222 1816 2277 stultis.
1842 2222 2096 2293 Regalem
2122 2221 2208 2293 ja-

604 2327 769 2367 nuam
798 2327 920 2368 cum
944 2314 1276 2385 sapientibus
1302 2314 1609 2383 Virginibus
1642 2316 1864 2369 licenter
1904 2315 2201 2383 introeant,

600 2412 663 2471 et
684 2405 737 2460 in
765 2406 899 2475 Agni
933 2406 1006 2460 tui
1034 2414 1294 2475 perpetuo
1321 2406 1577 2461 comitatu
1618 2405 1922 2476 probabiles
1953 2421 2205 2464 mansura

610 2497 857 2553 castitate
887 2504 1255 2567 permaneant.
1294 2498 1415 2553 Per.

674 2587 891 2656 Accipe,
920 2590 1117 2658 puella,
1147 2588 1549 2659 pallittm,quod
1582 2588 1823 2658 perferas
1854 2604 1971 2645 sme
1995 2590 2207 2646 macula

610 2686 740 2733 ante
790 2677 1022 2734 tribunal
1067 2680 1281 2735 Domini
1307 2681 1475 2736 nostri
1504 2680 1631 2737 Jesn
1662 2679 1893 2751 Christi,
1927 2681 2016 2736 cui
2036 2682 2206 2738 ﬂectit

609 2781 771 2825 omne
818 2784 958 2840 genu
998 2771 1292 2827 ctelestium
1314 2812 1329 2837 ,
1363 2779 1419 2826 et
1442 2775 1785 2829 terrestrium
1808 2813 1823 2837 ,
1865 2784 1921 2829 et
1965 2771 2207 2829 inferno-

608 2875 753 2918 rum.
785 2862 1075 2920 Benedicat
1120 2874 1171 2920 te
1208 2864 1457 2921 conditor
1492 2866 1608 2921 caeli
1640 2878 1692 2921 et
1724 2875 1903 2934 terrae,
1933 2866 2073 2923 Deus
2101 2867 2204 2923 Pa-

606 2960 689 3009 ter
716 2956 1079 3023 omnipotens,
1113 2957 1203 3026 qui
1230 2967 1282 3012 te
1319 2958 1520 3027 eligere
1545 2958 1802 3029 dignatus
1827 2967 1911 3014 est
1938 2958 2005 3014 ad
2034 2959 2201 3014 instar

599 3053 802 3100 sanctae
841 3044 1020 3102 Mariae
1069 3049 1256 3102 matris
1285 3048 1498 3103 Domini
1544 3049 1717 3106 nostri
1743 3049 1873 3105 .Iesu
1902 3049 2104 3108 Christi
2129 3052 2199 3108 ad

2316 1868 2523 1929 septem
2573 1862 2819 1918 sortitam
2844 1864 2965 1934 jura
3012 1867 3286 1938 conjugii,
3343 1870 3424 1925 ita
3457 1886 3589 1926 cum
3622 1874 3767 1929 annis
3784 1889 3897 1930 octo-

2314 1949 2461 2021 ginta
2489 1964 2718 2021 quatuor
2747 1956 2802 2010 in
2839 1968 3022 2012 sancta
3052 1968 3109 2015 et
3146 1960 3200 2015 in
3234 1961 3516 2019 timorata
3548 1965 3787 2021 castitate
3814 1980 3897 2023 ser-

2315 2043 2484 2107 vasti,
2515 2052 2573 2098 ut
2618 2047 2869 2104 noctibus
2921 2064 2986 2105 ac
3028 2050 3219 2109 diebus
3282 2056 3591 2112 orationes
3640 2049 3895 2128 jejuniaquc

2312 2134 2683 2203 miscentibus,
2716 2154 2836 2209 quae
2867 2141 2935 2197 ad
2974 2147 3277 2215 prophetiae
3302 2149 3558 2219 gratiam
3580 2152 3683 2206 sub
3708 2151 3896 2205 circum»

2310 2227 2514 2284 cisioue
2556 2228 2754 2287 Christi
2802 2234 2876 2289 tui
2927 2233 3107 2306 justus
3156 2251 3566 2299 remunerator
3614 2243 3893 2315 addttraris,

2310 2324 2514 2395 quisue
2538 2325 2791 2398 deinceps
2816 2330 2981 2402 314
3004 2348 3101 2403 per
3129 2336 3506 2405 apostolicam
3554 2339 3889 2394 institutionem

2308 2429 2619 2475 sanctarum
2669 2421 2827 2492 hujus
2868 2424 3076 2480 ordinis
3118 2428 3378 2484 manibus
3410 2428 3739 2487 feminarum
3763 2442 3882 2484 sexus

2306 2510 2474 2582 ipsius
2504 2516 2930 2573 adolescentulas
2956 2518 3204 2588 juniores
3247 2523 3563 2590 instruxit,
3603 2539 3720 2581 cum
3754 2522 3882 2578 sancti

2305 2606 2647 2664 cltarismatis
2706 2610 3087 2670 benedictione
3132 2615 3345 2672 visitari
3400 2599 3665 2674 laudabili
3711 2618 3882 2687 dispen-

2303 2699 2511 2757 satione
2546 2701 2798 2770 voluisti;
2823 2706 3101 2777 suscipere
3120 2707 3376 2779 dignare,
3403 2710 3783 2780 omnipotentis
3811 2708 3884 2762 inte

2308 2804 2488 2846 rerum
2540 2794 2780 2849 omnium
2825 2795 2989 2863 Deus,
3037 2798 3195 2869 hujus
3240 2814 3545 2857 conservae
3596 2810 3780 2856 nostra.I
3816 2812 3881 2851 ar.

2302 2881 2467 2939 duum
2489 2893 2545 2939 et
2572 2885 2929 2953 laboriosum,
2970 2903 3069 2945 nec
3106 2891 3236 2946 satis
3264 2890 3604 2963 discrepans
3628 2906 3659 2946 a
3685 2890 3881 2961 perlecta

2307 2978 2635 3047 virginitatis
2676 2981 2982 3050 proposito,
3037 2984 3161 3054 quia
3187 2994 3243 3040 tu
3275 2994 3662 3043 creaturarum
3692 2982 3875 3039 omnium

2304 3069 2574 3137 conditor,
2600 3072 2799 3143 probas
2822 3073 3124 3132 mundiales
3156 3076 3479 3135 inlecebras
3505 3077 3762 3134 difﬁcilius
3793 3080 3877 3143 post

600 3133 861 3207 integram
910 3147 964 3192 et
1002 3138 1399 3193 immaculatam
1453 3140 1848 3210 virginitatem,
1885 3156 2044 3212 quam
2077 3157 2202 3213 pro-

2309 3165 2734 3234 experimentum
2783 3182 2942 3238 posse
2983 3170 3178 3238 vitari,
3206 3172 3304 3227 sed
3349 3188 3478 3229 cum
3510 3172 3579 3228 ad
3612 3180 3662 3227 te
3683 3168 3867 3232 venitur,

599 3224 741 3282 fessa
766 3243 824 3283 es
847 3243 1029 3284 coram
1058 3228 1221 3301 313
1266 3228 1377 3286 Deo
1405 3237 1461 3285 et
1488 3231 1694 3302 angelis
1724 3231 1948 3288 sanctis.
1994 3232 2199 3290 idcirco

600 3334 750 3377 serva
784 3323 1114 3392 pr0positum
1139 3366 1154 3391 ,
1197 3339 1352 3379 serva
1397 3327 1699 3381 castitatem
1728 3341 1826 3397 per
1852 3326 2197 3395 patientiam,

604 3421 664 3468 ut
691 3428 946 3469 coronam
978 3415 1302 3486 virginitatis
1335 3426 1440 3472 tua;
1470 3420 1718 3488 accipere
1740 3417 2019 3474 merearis.
2051 3416 2203 3475 Nunc

599 3518 767 3564 exoro
789 3506 1003 3562 Domini
1030 3510 1199 3563 nostri
1231 3509 1358 3566 Jesu
1385 3510 1589 3566 Christi
1619 3510 1854 3566 divinam
1896 3512 2204 3568 misericoro

600 3596 777 3665 diam,
807 3606 870 3653 ut
908 3598 1047 3654 hanc
1083 3599 1344 3670 virginem
1383 3615 1710 3658 consecrare
1756 3616 1820 3658 ac
1862 3604 2204 3662 sanctiﬁcare

602 3688 857 3760 dignetur
879 3707 1050 3761 usque
1074 3693 1127 3747 in
1152 3693 1336 3750 ﬁnem.
1369 3692 1493 3749 Per.

674 3784 967 3841 Benedicat
1015 3796 1067 3841 te
1117 3786 1259 3841 Deus
1312 3787 1490 3855 Pater,
1530 3796 1587 3844 et
1638 3787 1846 3855 Filius,
1893 3798 1949 3845 et
1971 3791 2206 3861 Spiritus

602 3886 822 3933 sanctus
846 3879 990 3931 omni
1035 3878 1408 3938 benedictione
1430 3878 1685 3947 spiritali,
1741 3887 1799 3934 ut
1830 3895 2048 3937 maneas
2088 3882 2205 3941 sine

607 3965 819 4024 macula
848 3968 948 4023 snb
983 3969 1306 4024 vestimento
1329 3979 1533 4025 sanctae
1562 3970 1744 4026 Mariae
1776 3973 1964 4028 matris
1993 3973 2205 4031 Domini

615 4062 789 4118 nostri
810 4061 938 4117 Jesu
968 4061 1193 4119 Christi.
1246 4063 1348 4130 Qui
1370 4072 1548 4119 tecum
1580 4063 1713 4120 vivit
1739 4074 1793 4122 et
1822 4076 2010 4138 regnat
2031 4067 2086 4123 in
2105 4082 2207 4125 sa:-

611 4153 730 4210 cula
759 4158 1099 4210 saeculorum.

814 4263 902 4320 Xl.
940 4279 1261 4322 BENEDICTIO
1299 4281 1747 4325 vssrmssronuu
1783 4285 1985 4327 VIDUB.

680 4374 981 4431 Visibilium
1015 4385 1042 4414 ⁸
1077 4386 1132 4432 et
1168 4376 1517 4435 invisibilium
1548 4396 1727 4437 rerum
1748 4390 1982 4447 creator,
2024 4381 2190 4447 Deus,

2304 3256 2465 3328 idque
2493 3268 2682 3328 perte,
2713 3276 3003 3331 numquam
3030 3265 3240 3320 animas
3259 3267 3445 3324 semel
3474 3266 3575 3323 tibi
3599 3264 3782 3321 dicatas
3811 3257 3871 3313 vel

2306 3350 2544 3407 terribile
2587 3354 2897 3421 passionum
2933 3355 3022 3411 vel
3053 3356 3373 3416 divitiarum
3428 3356 3774 3415 blandimenta
3795 3351 3870 3408 sol-

2306 3439 2531 3498 licitant.
2574 3443 2707 3499 Nam
2739 3448 2986 3504 sensibus
3018 3448 3237 3521 (quibus
3266 3451 3393 3521 ipse
3420 3450 3663 3525 dignaris
3690 3442 3869 3510 infundi)

2306 3534 2441 3590 nihil
2484 3544 2570 3591 est
2620 3536 3028 3596 desiderabilius
3079 3558 3240 3611 quam
3278 3559 3518 3616 regnum
3568 3533 3862 3605 tuum,nihii

2309 3627 2600 3685 terribilius
2632 3645 2790 3701 quam
2818 3628 3079 3702 judicium
3109 3645 3282 3692 tuum.
3325 3638 3407 3693 Da
3453 3652 3608 3708 ergo,
3653 3632 3855 3694 Domine.

2305 3720 2374 3775 ad
2405 3721 2715 3790 petitionem
2739 3727 2993 3783 maximae
3020 3728 3100 3785 rei
3131 3737 3236 3785 tua:
3265 3729 3700 3788 misericordiam
3726 3734 3861 3783 tuam;

2304 3820 2363 3867 et
2406 3813 2580 3871 tribue
2609 3825 2667 3871 ut
2696 3818 2809 3873 haec
2857 3817 3057 3874 famula
3089 3829 3177 3877 tua
3210 3822 3263 3877 in
3320 3823 3604 3894 adgressae
3650 3812 3861 3875 castitatis

2307 3905 2687 3963 observatione
2706 3909 3033 3980 perdurans,
3075 3912 3217 3969 inter
3236 3915 3563 3987 conjugatas
3591 3911 3676 3968 uni
3703 3916 3859 3964 tantum

2306 3993 2424 4049 viro
2465 3995 2712 4063 feminas,
2779 3999 3012 4057 fructum
3064 4003 3401 4062 tricesimum
3447 4004 3713 4062 sortiatur.
3738 3998 3803 4055 Sit
3820 3996 3857 4050 is

2308 4084 2400 4141 illa
2428 4102 2549 4143 cum
2582 4090 2957 4149 misericordia
2986 4094 3262 4167 discretio,
3305 4113 3438 4155 cum
3480 4096 3759 4159 humilitate
3781 4089 3855 4144 la!-

2306 4178 2448 4247 gitas
2471 4223 2484 4246 ,
2522 4196 2645 4235 cum
2690 4182 2937 4239 libertate
2967 4184 3249 4256 honestas,
3278 4203 3407 4247 cum
3452 4186 3760 4245 humanitate
3788 4192 3852 4233 so-

2307 4271 2523 4327 brietas.
2558 4272 2704 4344 Opus
2753 4286 2900 4331 tuum
2952 4278 3042 4335 die
3088 4294 3153 4336 ac
3183 4291 3343 4339 nocte
3394 4282 3851 4344 meditetur;elpm

2308 4378 2375 4419 eo
2402 4364 2545 4435 quod
2571 4367 2756 4422 antisit
2784 4370 3029 4441 conjugis
3059 4372 3309 4430 solatium
3337 4372 3658 4446 temporale,
3687 4379 3747 4433 te,
3773 4359 3841 4433 qui

597 4464 784 4523 adesto
810 4467 1074 4537 propitius
1093 4507 1109 4534 ,
1143 4476 1201 4523 ut
1225 4467 1339 4523 haec
1371 4469 1713 4537 indumenta,
1743 4473 2045 4529 sanctitatis
2075 4472 2196 4529 el'ﬁ-

2309 4472 2487 4513 rerum
2511 4462 2749 4516 omnium
2773 4466 2986 4534 requies
3012 4479 3092 4533 es,
3118 4478 3408 4539 sequatur;
3440 4478 3497 4525 et
3524 4466 3644 4523 vita:
3668 4459 3847 4556 spatiutn

596 4559 737 4630 giem
759 4559 1132 4626 ostendentia,
1179 4558 1410 4632 desuper
1431 4563 1601 4632 gratia
1651 4572 1740 4619 tua
1788 4565 2075 4637 inrigante,
2108 4563 2202 4622 be-

2309 4550 2532 4619 Spiritali
2555 4553 2924 4612 consolatione
2952 4571 3244 4629 compensa
3266 4603 3282 4629 ,
3316 4574 3378 4619 ut
3407 4563 3463 4619 in
3492 4561 3577 4617 die
3605 4546 3843 4612 vocationis

594 4650 845 4709 nedicere
874 4664 929 4709 et
953 4654 1289 4710 sanctiﬁcare
1319 4654 1506 4713 iacias.
1542 4658 1646 4713 Per
1674 4658 1984 4718 Dominum.

1111 4746 1426 4799 Consecratio
1451 4754 1682 4803 vestium.

664 4826 968 4895 lnlumina,
1002 4844 1331 4899 quaesumus,
1382 4834 1571 4890 oculos
1624 4835 1921 4906 maiestatis
1974 4845 2079 4895 tuae
2128 4839 2195 4895 ad

595 4917 1024 4975 benedicendam
1050 4919 1189 4976 hanc
1212 4920 1487 4979 viduitatis
1516 4934 1753 4993 vestem,
1803 4937 1861 4983 ut
1888 4942 2009 4997 quae
2038 4929 2189 4985 inor—

594 5009 792 5066 dinatis
818 5012 1055 5067 vestibus
1100 5013 1202 5068 viri
1240 5014 1325 5069 sui
1370 5016 1573 5073 visibus
1620 5018 1854 5090 placuit,
1885 5022 1940 5075 in
1969 5023 2194 5079 sacratis

594 5101 919 5161 indumentis
994 5103 1382 5163 benedictionis
1437 5116 1543 5165 tuae
1608 5111 1819 5168 servire
1897 5121 2189 5171 mereatur.

596 5193 723 5252 Per.

707 5288 1000 5341 Benedictio
1019 5292 1197 5353 vidum,
1223 5306 1334 5357 qua:
1358 5292 1511 5346 fuerit
1531 5297 1811 5346 castitatem
1834 5295 2071 5359 professa.

667 5370 984 5440 Consolare,
1007 5374 1255 5442 Domine,
1293 5378 1433 5434 hanc
1454 5378 1708 5434 famulam
1733 5388 1877 5435 tuam
1910 5380 2186 5439 viduitatis

608 5461 953 5534 languoribus
976 5471 1322 5526 constrictam
1339 5513 1355 5538 ,
1406 5472 1546 5527 sicut
1565 5473 1832 5528 consolari
1862 5473 2110 5544 dignatus
2129 5490 2191 5533 es

600 5554 937 5627 Saraptinam
970 5563 1185 5619 viduam
1210 5579 1308 5634 per
1329 5564 1536 5620 Heliam
1560 5567 1904 5638 prophetam.
1938 5567 2188 5629 Concede

598 5644 651 5707 ei
679 5650 1205 5727 pudicitiaablrnctum
1280 5665 1338 5710 ut
1379 5658 1721 5715 antieuarum
1764 5676 1870 5716 non
1896 5662 2193 5721 memineat

674 5815 704 5847 ι
726 5806 855 5867 Haec
874 5808 929 5865 in
949 5808 1149 5870 Ordine
1173 5810 1417 5873 Romano
1443 5826 1499 5874 et
1516 5814 1635 5876 fere
1658 5832 1779 5891 qua:
1798 5826 2121 5892 sequuntur.

2310 4656 2423 4699 suae
2465 4644 2587 4699 talis
2615 4645 2803 4703 venire
2830 4660 3122 4714 mereatur,
3175 4655 3353 4723 qualis
3378 4656 3533 4711 Anna
3554 4652 3704 4706 fuisse
3750 4653 3842 4738 ωιξ·

2301 4742 2444 4803 stat,
2475 4751 2636 4808 quam
2670 4753 2838 4810 usque
2874 4741 3260 4823 adprophetize
3277 4747 3527 4819 spiritum
3557 4732 3837 4815 promovisti.

2302 4826 2425 4885 Per.

2685 4903 2803 4960 Xll.
2844 4920 3206 4967 consecutio
3242 4926 3490 4970 auarus.

2376 5016 2600 5077 Creator
2632 5030 2688 5077 et
2714 5034 3063 5082 conservator
3084 5026 3303 5087 humani
3332 5028 3565 5103 generis,
3589 5021 3725 5081 dator
3745 5024 3832 5087 8η·

2302 5110 2413 5181 tiae,
2444 5123 2500 5168 et
2533 5113 2795 5184 spiritalis
2817 5117 3042 5189 largitor
3070 5130 3288 5179 aeterna:
3316 5124 3528 5191 salutis,
3561 5128 3613 5174 tu
3632 5109 3828 5188 permitte

2298 5203 2557 5275 Spiritum
2611 5218 2762 5267 tuum
2807 5227 2970 5284 super
2990 5215 3175 5272 vinum
3221 5232 3345 5274 cum
3378 5231 3511 5290 aqua
3538 5213 3765 5271 mixtum.
3788 5202 3828 5252 ω

2298 5307 2503 5354 armata
2532 5300 2735 5359 virtute
2789 5306 3018 5363 celestis
3045 5308 3374 5369 delensionis
3416 5311 3483 5367 ad
3524 5292 3821 5364 consecrauo'

2297 5404 2422 5447 nem
2452 5391 2613 5463 hujus
2636 5397 2883 5455 ecclesiae
2911 5400 2996 5456 vel
3022 5402 3210 5459 altaris
3234 5405 3496 5476 proﬁciat.
3525 5401 3638 5458 Per.

2648 5486 2897 5561 Praefatio
2919 5482 3314 5555 consecrationis
3343 5497 3534 5557 altaris.

2370 5575 2530 5634 Panis
2585 5596 2738 5651 super
2767 5599 2961 5641 cornua
3003 5588 3189 5645 altaris
3233 5592 3396 5665 digito
3437 5602 3522 5647 tuo
3555 5585 3705 5641 vim
3726 5580 3811 5670 σιξ

2292 5686 2429 5741 aqua
2472 5673 2720 5746 mixtum,
2770 5685 2826 5749 ct
2853 5681 3084 5753 aspergis
3112 5684 3281 5741 altare
3294 5662 3486 5758 septem
3505 5677 3699 5738 vicibus;
3716 5662 3805 5720 reli-
