4048 6350
168 357 282 414 529

165 583 261 638 per
290 565 459 621 altare
489 566 699 621 odorem
726 565 1084 621 suavissimum
1111 564 1357 622 Domino.

236 669 266 698 ι
299 658 395 715 Dei
421 655 596 714 Patris
621 658 1006 728 omnipotentis
1034 658 1489 728 misericordiam,
1519 658 1760 717 dilectis-

161 752 284 809 simi
317 752 532 821 fratres,
571 751 950 823 deprecemur,
982 762 1042 809 ut
1069 753 1171 810 hoc
1196 753 1446 810 altarium
1472 753 1758 811 sacrificiis

161 847 493 917 spiritalibus
531 848 988 914 consecrandum,
1037 848 1187 905 vocis
1216 859 1419 905 nostra;
1445 849 1754 904 exorandus

162 937 372 1006 officio,
409 939 659 1009 praesenti
710 937 1084 997 benedictione
1151 940 1490 1009 sanctificet,
1523 949 1582 995 ut
1604 940 1659 995 in
1691 953 1758 996 eo

165 1048 386 1104 semper
429 1032 728 1091 oblationes
773 1033 1097 1090 famulorum
1152 1049 1372 1091 suorum
1419 1034 1601 1092 studio
1646 1048 1758 1092 sum

160 1122 468 1179 devotionis
488 1123 747 1194 inpositas
772 1124 1091 1183 benedicere
1117 1134 1173 1182 et
1192 1126 1533 1183 sanctificare
1570 1125 1757 1197 digne-

163 1222 282 1282 tur,
325 1224 383 1273 et
426 1215 650 1287 spiritali
702 1216 940 1286 placatus
970 1216 1214 1284 incenso,
1261 1218 1500 1289 precanti
1547 1216 1762 1274 familiai

164 1319 279 1364 sua:
307 1316 583 1378 promptus
609 1306 896 1362 exauditor
919 1307 1160 1381 adsistat.
1190 1307 1294 1366 Per
1313 1308 1616 1366 Dominum.

721 1399 1014 1451 Benedictio
1033 1399 1221 1454 altaris.

238 1481 400 1555 315
442 1481 588 1539 Deus
609 1482 976 1552 omnipotens,
1017 1485 1072 1540 in
1116 1484 1272 1556 cujus
1313 1483 1574 1542 honorem
1622 1484 1761 1542 alta-

165 1571 310 1630 rium
358 1574 456 1630 sub
500 1575 839 1632 invocatione
882 1576 958 1632 tui
997 1591 1401 1648 consecremus,
1444 1578 1683 1634 clemens
1709 1590 1764 1635 et

167 1668 432 1736 propitius
457 1681 644 1738 preces
673 1677 871 1724 nostrae
901 1668 1220 1724 humilitatis
1245 1669 1473 1737 exaudi;
1493 1681 1549 1728 et
1569 1681 1763 1741 praesta

170 1771 233 1816 ut
263 1760 317 1816 in
347 1760 446 1816 hac
483 1777 670 1818 mensa
701 1762 810 1818 sint
834 1762 925 1818 tibi
955 1763 1206 1818 libamina
1243 1774 1492 1835 accepta,
1515 1766 1624 1820 sint
1647 1781 1764 1836 gra-

169 1862 253 1922 ta,
282 1854 391 1910 sint
432 1855 676 1927 pinguia,
723 1865 778 1911 et
816 1856 1048 1927 Spiritus
1078 1858 1251 1914 sancti
1294 1859 1372 1914 tui
1404 1873 1617 1928 semper
1645 1874 1766 1915 rore

170 1946 416 2017 perfusa;
444 1957 502 2003 ut
545 1949 691 2004 omni
738 1956 982 2027 tempore
1023 1948 1079 2004 in
1129 1948 1233 2006 hoc
1261 1949 1380 2004 loco
1411 1949 1766 2019 supplicantis

169 2039 267 2095 tibi
308 2040 522 2098 familiai
552 2051 656 2098 ture
701 2041 1005 2098 anxietates
1030 2042 1242 2098 releves
1261 2082 1276 2108 ,
1299 2040 1645 2112 aegritudines
1673 2057 1768 2096 cu-

169 2148 277 2199 res,
318 2148 504 2204 preces
524 2135 800 2203 exaudias,
835 2148 959 2192 vota
991 2136 1274 2206 suscipias,
1299 2135 1606 2192 desiderata
1637 2150 1769 2191 con-

170 2225 370 2292 firmes,
417 2227 682 2297 postulata
711 2228 998 2284 concedas.
1042 2228 1145 2284 Per
1189 2228 1477 2284 Dominum
1516 2236 1763 2284 nostrum

171 2319 352 2377 Jesum
378 2318 651 2378 Christum
683 2322 882 2377 Filium
910 2332 1087 2378 tuum.

658 2413 882 2464 Praefatio
907 2413 1266 2466 liuteaminum.

240 2499 469 2556 Domine
497 2499 638 2557 Deus
668 2500 1032 2570 omnipotens,
1087 2500 1227 2557 sicut
1253 2500 1324 2555 ab
1355 2500 1512 2556 initio
1539 2499 1770 2559 homini-

174 2591 272 2648 bus
304 2592 484 2650 vitalia
527 2599 582 2649 et
628 2593 934 2649 necessaria
977 2593 1206 2658 creasti,
1233 2602 1288 2649 et
1315 2592 1768 2664 quemadmodum

175 2687 494 2744 vestimenta
525 2687 852 2758 pontificalia
880 2687 1279 2754 sacerdotibus,
1318 2695 1375 2744 et
1405 2688 1584 2744 levitis
1609 2703 1768 2744 orna-

175 2787 353 2833 menta
371 2821 388 2847 ,
409 2795 529 2850 qua:
554 2789 614 2836 et
638 2779 949 2837 linteamina
980 2780 1098 2837 fieri
1128 2779 1326 2837 famulo
1352 2790 1442 2838 tuo
1466 2782 1636 2852 Moysi
1669 2796 1764 2852 per

175 2870 520 2943 quadraginta
563 2872 681 2930 dies
705 2872 967 2941 docuisti,
1021 2873 1134 2928 sive
1161 2876 1325 2930 etiam
1354 2887 1416 2928 ea
1445 2889 1566 2941 qua:
1598 2873 1767 2929 Maria

174 2963 421 3018 texuitet
447 2963 572 3020 fecit
606 2965 660 3020 in
703 2980 854 3021 usum
885 2963 1172 3021 ministerii
1218 2963 1553 3020 tabernaculi
1605 2963 1767 3020 finde-

177 3060 271 3128 ris,
301 3061 660 3130 sanctificare,
694 3061 1038 3129 benedicere,
1071 3073 1505 3131 consecrareque
1523 3057 1768 3131 digneris

177 3153 289 3210 hac
335 3155 640 3212 linteamina
686 3157 740 3212 in
792 3171 947 3212 usum
1007 3155 1194 3212 altaris
1235 3154 1310 3211 tui
1363 3153 1431 3209 ad
1479 3153 1766 3225 tegendum

179 3247 663 3320 involuendumque
716 3263 914 3319 corpus
968 3247 1355 3320 etsanguinem
1404 3246 1525 3302 Filii
1559 3245 1632 3302 tui
1663 3245 1768 3300 Do-
1796 3268 1844 3334 ο

1186 355 1277 412 DE
1311 354 1642 414 LITURCIA
1678 353 2078 417 GALLICANA
2119 354 2322 415 LIBER
2362 354 2452 411 ιιι.

158 488 328 547 quam
377 479 548 529 autem
567 472 748 544 fundes
769 471 841 526 ad
861 472 1030 530 basem
1053 513 1070 541 ,
1118 481 1167 529 et
1192 473 1373 541 oﬂ'erea
1393 475 1656 530 incensum
1676 491 1762 531 σαν
1791 477 1842 536 Α

3347 359 3454 419 550

2521 471 2596 522 Ad
2622 473 2808 524 omnia.

1934 559 2194 631 Dignare,
2228 558 2456 615 Domine
2476 598 2491 626 ,
2524 559 2668 615 Deus
2695 557 3040 628 omnipotens
3085 555 3201 613 Rex
3232 571 3415 626 regum
3435 598 3454 624 ,

1859 660 1915 708 et
1940 651 2200 708 Dominus
2230 650 2644 718 dominantium,
2663 650 2926 708 Sacerdos
2956 650 3231 716 omnium,
3274 649 3456 704 Ponti-

1861 743 1948 798 fex
1978 745 2354 800 universorum
2373 788 2388 813 ,
2417 759 2514 815 per
2542 760 2700 815 quem
2752 759 2856 801 una
2885 758 3006 799 cum
3034 741 3216 813 Patre,
3243 751 3459 798 sancto-

1860 850 1967 904 que
1988 835 2151 906 316
2179 834 2380 906 Spiritu
2409 837 2545 891 facta
2568 847 2694 891 sunt
2718 837 2989 901 universa,
3043 834 3257 891 Christe
3285 834 3411 891 Jesu
3435 875 3452 901 ,

1860 927 2201 995 benedicere,
2234 942 2576 993 consecrare,
2612 938 2666 984 et
2693 927 3027 984 sanctiﬁcare
3053 927 3293 996 digneris
3331 941 3458 980 vasa

1862 1017 1978 1074 haec
2006 1033 2130 1074 cum
2156 1019 2258 1075 hoc
2299 1019 2512 1085 altario,
2543 1019 2974 1086 linteaminibus,
3029 1019 3332 1089 ceterisque
3365 1033 3459 1072 va-

1861 1110 1968 1176 sis;
2000 1111 2069 1183 :et
2095 1111 2546 1183 quemadmodum
2585 1114 2932 1169 sanctificasti
2981 1111 3157 1169 officia
3201 1112 3458 1167 taberna-

1862 1203 1969 1262 culi
1997 1205 2290 1261 testimonii
2320 1206 2448 1262 olim
2476 1222 2598 1261 cum
2629 1223 2786 1272 arca,
2819 1206 3060 1272 oraculo,
3091 1205 3317 1277 cyrnbin
3340 1206 3459 1259 alo-

1863 1298 1960 1363 sis,
1993 1297 2151 1364 velis,
2181 1297 2466 1363 columnis,
2511 1299 2860 1367 candelabro,
2888 1300 3165 1366 altaribus,
3192 1297 3462 1368 argenteis

1865 1392 2104 1458 basibus,
2145 1391 2340 1448 tabulis
2390 1392 2683 1458 deauratis,
2726 1392 3076 1457 holocaustis,
3124 1405 3267 1447 aereo
3287 1390 3460 1445 altare

1865 1499 1990 1540 cum
2014 1485 2182 1541 aeneis
2213 1485 2372 1549 vasis,
2424 1485 2687 1551 tentoriis,
2747 1485 2982 1554 funibus,
3016 1484 3136 1540 oleo
3165 1483 3457 1552 unctionis,

1865 1589 1921 1634 et
1943 1578 2140 1633 ceteris
2171 1577 2290 1633 aliis
2315 1577 2369 1632 in
2400 1579 2564 1648 figura
2593 1581 2762 1633 nostri
2791 1593 2884 1648 per
2913 1593 3101 1633 manus
3150 1586 3463 1634 sanctorum

1866 1670 2214 1728 sanctificain
2238 1671 2615 1735 sacerdotum,
2653 1673 2724 1726 ita
2769 1685 2910 1726 nunc
2948 1685 3170 1725 manens
3209 1671 3260 1725 in
3309 1677 3465 1724 aiter-

1867 1777 2025 1830 num,
2083 1777 2296 1818 summe
2325 1762 2593 1819 Sacerdos
2625 1763 2970 1818 sacerdotum
3002 1761 3300 1819 secundum
3322 1761 3465 1816 ordio

1796 1883 1843 1945 Β
1871 1869 1993 1910 nem
2051 1853 2445 1910 Melchisedech
2492 1856 2570 1921 (ut
2614 1853 2897 1923 diximus),
2956 1862 3204 1921 patenam
3249 1852 3388 1907 hanc
3414 1861 3469 1908 et

1880 1947 2104 2003 calicem
2146 1947 2308 2015 hunc,
2353 1956 2409 2002 et
2452 1947 2630 2002 omnia
2680 1949 3037 2003 instrumenta
3084 1945 3269 2002 altaris
3311 1946 3470 2015 hujus

1881 2039 2124 2095 ecclesiae
2148 2053 2244 2095 seu
2267 2039 2521 2104 basilicae,
2556 2054 2674 2108 qua:
2703 2040 2841 2094 inter
2890 2028 3110 2094 nostra!
3134 2039 3340 2108 palmas
3368 2037 3466 2092 lia-

1869 2133 2086 2199 bentur,
2132 2134 2296 2190 corde
2343 2148 2646 2203 precamur,
2700 2142 2756 2187 ut
2824 2132 3133 2198 benedicas,
3189 2132 3464 2201 purifices,

1868 2241 2181 2292 consecres,
2210 2235 2265 2282 et
2291 2240 2658 2293 consummes,
2689 2224 2885 2296 quibus
2917 2224 3054 2280 inter
3102 2238 3200 2278 nos
3229 2232 3282 2278 et
3310 2233 3470 2278 aiter—

1869 2332 1993 2376 nam
2024 2319 2284 2374 unitatem
2327 2319 2382 2374 in
2420 2332 2673 2388 supremo
2721 2325 2897 2373 meatu
2921 2316 3043 2373 sine
3074 2316 3182 2372 fine
3210 2326 3464 2372 constare

1869 2411 2160 2468 credimus.
2193 2410 2317 2467 Per.

2398 2480 2628 2533 Praefatio
2651 2480 2938 2532 chrismalis.

1941 2568 2194 2638 Oremus,
2228 2569 2423 2625 fratres
2453 2567 2814 2633 carissimi,ut
2847 2567 2984 2623 Deus
3011 2565 3346 2637 omnipotens
3367 2565 3473 2621 hoc

1870 2663 2257 2732 ministerium,
2305 2663 2548 2734 corporis
2590 2662 2716 2717 Filii
2761 2661 2845 2717 sui
2877 2661 3090 2716 Domini
3139 2661 3307 2716 nostri
3341 2660 3470 2716 Jesu

1870 2754 2072 2811 Christi
2105 2755 2380 2827 gerolum,
2433 2755 2822 2821 benedictione,
2853 2753 3289 2809 sanctificationis
3333 2761 3475 2809 tuta-

1871 2849 2016 2905 mine
2041 2889 2056 2912 .
2114 2848 2445 2905 defensionis
2510 2849 2872 2906 dominatione
2914 2847 3154 2919 gimplere
3198 2847 3470 2919 dignetur,

1871 2942 2150 2999 orantibus
2194 2943 2368 3000 nobis.
2408 2943 2531 3000 Per.

1943 3035 2294 3105 Omnipotens
2341 3035 2482 3091 Deus
2518 3036 2753 3092 Trinitas
2773 3078 2788 3104 ,
2813 3036 3060 3092 manibus
3088 3036 3286 3092 nostris
3315 3049 3473 3106 opem

1871 3133 1977 3181 tua:
2007 3125 2394 3182 benedictionis
2415 3126 2658 3192 infunde,
2689 3135 2746 3182 ut
2769 3141 2862 3196 per
2883 3138 3121 3182 nostram
3143 3127 3473 3183 benedictio-

1874 3232 1994 3274 nem
2024 3218 2126 3273 hoc
2177 3218 2450 3272 vasculum
2479 3219 2864 3286 sanctificetur,
2895 3227 2951 3276 et
2991 3223 3232 3291 corporis
3269 3220 3472 3276 Christi

179 3339 310 3395 mini
355 3340 530 3398 nostri
570 3309 700 3400 :lesu
745 3309 968 3398 Christi.
1011 3339 1116 3408 Qui
1136 3309 1322 3396 tecum
1346 3338 1476 3395 vivit
1495 3348 1552 3395 et
1581 3345 1772 3410 regnat
1797 3309 1844 3334 υ
1873 3326 2070 3410 ξονυξη
2122 3309 2430 3410 ξθΡ¹³¹⁰⁹¹¹¹¹¹
2456 3311 2689 3410 spiritus
2728 3313 2911 3410 εεὲςιί,
2927 3329 2992 3383 δ”
2993 3314 3448 3410 διίδ-,Ρέτῆθίωω
3453 3353 3468 3368 ⁸

179 3427 342 3488 Deus.

251 3523 413 3582 Fiant
446 3525 630 3583 omnia
677 3525 778 3584 ista
825 3527 1161 3598 protectione
1211 3534 1301 3581 tua
1349 3533 1462 3581 tuta
1491 3533 1652 3599 atque
1673 3524 1773 3583 de-

180 3613 360 3687 fensa,
392 3626 587 3689 potens
611 3619 862 3686 Domine,
891 3633 1043 3675 vasa.
1076 3619 1180 3675 Per
1204 3617 1523 3674 Dominum.

611 3709 688 3761 Ad
709 3711 1090 3762 consecrandam
1115 3718 1359 3774 patenam.

249 3791 641 3850 Consecramus
694 3803 752 3852 et
793 3794 1193 3852 sanctificamus
1237 3796 1375 3852 hanc
1425 3803 1679 3866 patenam
1708 3795 1777 3851 ad

183 3889 576 3946 conficiendum
598 3889 652 3946 in
673 3906 738 3948 ea
770 3907 964 3964 corpus
986 3891 1201 3948 Domini
1230 3892 1400 3947 nostri
1429 3890 1558 3948 Jesu
1579 3889 1778 3948 Christi

183 3983 435 4051 patientis
489 3998 707 4040 crucem
759 4000 858 4056 pro
912 3985 1085 4043 salute
1134 3992 1319 4043 nostra
1367 3985 1634 4044 omnium.
1679 3985 1780 4054 Qui

183 4086 370 4148 regnat
389 4076 444 4134 in
466 4076 683 4134 saecula.

851 4148 976 4202 Item
999 4148 1110 4201 alia.

252 4231 586 4290 Consecratus
633 4242 690 4288 et
735 4233 1072 4291 sanctificare
1125 4233 1384 4306 digneris,
1413 4234 1662 4303 Domine,
1692 4250 1781 4308 pa-

184 4328 364 4378 tenam
414 4322 584 4392 hanc,
632 4338 731 4395 per
775 4325 932 4381 istam
985 4325 1291 4383 unctionem
1335 4335 1390 4385 et
1415 4337 1654 4384 nostram
1692 4330 1785 4385 be-

185 4415 546 4474 nedictionem
572 4417 627 4473 in
654 4417 866 4475 Christo
893 4418 1020 4476 Jesu
1048 4419 1278 4480 Domino
1305 4432 1509 4481 nostro.
1533 4424 1634 4494 Qui
1655 4424 1789 4480 vivit

210 4515 267 4564 et
293 4518 505 4580 regnat.

590 4581 665 4632 Ad
688 4581 898 4633 calicem
923 4586 1325 4637 consecrandum.

1874 3402 1979 3460 Per
2004 3403 2286 3458 Dominum
2312 3411 2555 3461 nostrum
2576 3403 2760 3461 Jesum
2787 3403 3061 3462 Christum
3083 3407 3275 3464 Filium
3298 3417 3476 3476 tuum,

1877 3495 1970 3568 qui
2003 3503 2178 3553 tecum
2203 3495 2353 3552 vivit.

2023 3610 2161 3668 Xlll.
2202 3626 2502 3669 OMTIONSS
2540 3609 2569 3651 1³
2609 3628 2679 3668 ετ
2717 3629 2916 3670 Ριιιοεε
2955 3629 3058 3671 rno
3096 3630 3334 3672 REGIBUS.

1950 3722 2113 3790 Deus,
2162 3723 2252 3794 qui
2279 3724 2464 3782 fideles
2487 3733 2607 3782 tuos
2635 3726 2703 3781 ad
2745 3727 2849 3784 hoc
2879 3728 3140 3798 corripis,
3187 3739 3245 3786 ut
3281 3744 3473 3786 emen-

1880 3815 1999 3883 des,
2032 3800 2280 3888 popuium
2304 3826 2480 3886 tuum,
2514 3835 2842 3892 quaesumus,
2868 3837 2938 3878 ne
2973 3823 3239 3894 despicias
3267 3825 3475 3895 suppli-

1880 3918 2124 3978 cantem,
2156 3921 2212 3968 ut
2232 3921 2337 3968 tuae
2361 3913 2571 3970 virtutis
2595 3917 2818 3985 auxilio,
2849 3918 2995 3973 omni
3040 3918 3335 3975 hostilitate
3382 3919 3478 3976 (le-

1883 4003 2065 4075 pulsa,
2123 4014 2178 4060 et
2223 4005 2510 4063 securitate
2564 4010 2752 4079 patriae
2798 4009 3029 4080 laetetur,
3089 4019 3147 4068 et
3211 4010 3480 4069 catholica

1884 4111 2102 4168 semper
2128 4098 2332 4155 exultet
2359 4099 2621 4156 Ecclesia.
2651 4101 2772 4158 Per.

2558 4215 2683 4267 item
2709 4217 2818 4268 alia.

1958 4317 2149 4391 Populi
2181 4321 2277 4393 tui,
2327 4338 2656 4394 quaesumus,
2688 4326 3029 4397 omnipotens
3080 4327 3247 4398 Deus,
3301 4329 3484 4402 propio

1891 4410 2022 4468 tiare
2068 4413 2326 4483 peccatis,
2373 4424 2428 4471 et
2475 4417 2636 4473 totius
2665 4417 2975 4476 hostilitatis
3018 4435 3049 4475 a
3081 4422 3237 4478 nobis
3265 4437 3484 4480 errores

1888 4512 2072 4559 averte
2091 4545 2107 4570 ,
2140 4515 2197 4559 ut
2239 4505 2388 4576 regni
2417 4505 2746 4564 Francorum
2773 4511 3004 4568 nominis
3030 4526 3219 4568 secura
3266 4513 3486 4572 libertas

1889 4595 1944 4652 in
1988 4605 2080 4653 tua
2104 4596 2390 4657 devotione
2432 4616 2647 4673 semper
2676 4603 2983 4673 exultet,et
3011 4605 3078 4661 ab
3109 4605 3342 4664 hostium
3384 4623 3486 4665 nos

260 4661 924 4771 gffm‘frhqi'ec‘issmi.
955 4665 1187 4771 f'a‘fe§v_
1219 4678 1279 4771 υξ
1328 4669 1586 4726 Dominus
1645 4670 1783 4771 ίξθυε
1810 4668 1866 4733 Ῐ)
1890 4688 2117 4746 defende
2137 4690 2458 4760 formidine;
2491 4661 2726 4751 utuomni
2766 4661 3483 4771 perturbatione‘submot—av,

189 4762 375 4809 noster
432 4754 654 4811 calicem
706 4771 862 4812 suum
910 4757 964 4812 in
1009 4759 1313 4818 ministerio
1355 4764 1782 4820 consecrandum

195 4843 435 4900 caelestis
483 4842 1066 4918 gratiae'inspiratione
1108 4848 1439 4918 sanctificat,
1491 4861 1550 4908 ut
1590 4853 1656 4909 ad
1686 4853 1788 4909 hu-

191 4949 408 4993 manam
461 4938 893 4997 benedictionem
946 4944 1334 5013 plenitudinem
1389 4946 1558 5004 divini
1589 4947 1786 5006 favoris

189 5035 590 5094 accommodet.
625 5037 728 5094 Per
751 5039 1056 5098 Dominum.

795 5131 921 5183 Item
945 5134 1187 5186 collectio.

266 5209 516 5281 Dignare,
542 5213 788 5282 Domine,
812 5217 1033 5274 calicem
1057 5219 1217 5276 istum
1239 5221 1294 5276 in
1324 5238 1480 5278 usum
1507 5222 1791 5281 ministerii

193 5300 274 5357 tui
302 5302 391 5372 pia
437 5303 618 5359 famuli
652 5306 731 5361 tui
769 5307 1061 5366 devotione
1089 5310 1412 5382 formatum,
1449 5330 1513 5372 ea
1552 5317 1794 5372 sanctifi-

191 5393 409 5451 catione
435 5395 782 5465 perfundere,
809 5415 914 5469 qua
957 5401 1352 5461 Melchisedech
1390 5406 1574 5464 famuli
1604 5412 1680 5464 tui
1701 5423 1794 5465 sa-

191 5493 404 5542 cratum
447 5487 670 5544 calicem
711 5489 1023 5560 perfudisti;
1057 5502 1111 5550 et
1137 5495 1278 5566 quod
1322 5505 1439 5554 arte
1463 5498 1551 5554 vel
1575 5500 1796 5556 metallo

189 5574 338 5633 effici
382 5592 490 5632 non
540 5588 720 5650 potest
756 5581 1015 5642 altaribus
1047 5588 1155 5643 tuis
1177 5585 1436 5661 dignum,
1458 5589 1550 5647 fiat
1579 5599 1667 5647 tua
1697 5591 1791 5649 be-

194 5670 504 5731 nedictione
526 5675 844 5746 pretiosum.

192 5794 300 5915 ib
327 5786 455 5843 Hac
492 5797 548 5846 et
573 5791 852 5862 sequentia
879 5792 932 5850 in
954 5795 1156 5856 Ordine
1198 5797 1462 5871 Romano,
1492 5799 1590 5859 sed
1638 5799 1789 5872 plura

271 5927 302 5968 ³⁵
328 5927 461 5988 Alia
487 5931 758 5991 orationes
786 5936 1034 6010 aliusque
1057 5943 1200 6014 regis
1221 5943 1573 6003 benedicendi
1599 5944 1788 6005 modus

445 6024 722 6089 Panos.
756 6027 1017 6093 LXXII.

1887 4782 2070 4842 liberis
2100 4784 2194 4841 tibi
2223 4787 2495 4844 mentibus
2519 4791 2838 4846 serviamus.

2556 4880 2683 4931 Item
2707 4883 2815 4934 alia.

1960 4960 2311 5032 Omnipotens
2340 4965 2665 5036 sempiterne
2706 4965 2869 5035 Deus,
2896 4968 2985 5040 qui
3010 4970 3191 5043 regnis
3231 4972 3483 5030 omnibus

1894 5062 2097 5110 aeterno
2126 5055 2418 5112 dominaris
2438 5058 2686 5129 imperio,
2717 5059 2913 5117 inclina
2957 5062 3020 5117 ad
3046 5079 3236 5134 preces
3265 5065 3479 5120 humili-

1892 5145 2016 5202 tatis
2047 5155 2244 5205 nostra:
2286 5163 2444 5206 aures
2472 5150 2855 5209 misericordia
2879 5153 3041 5227 317
3074 5165 3176 5211 tum
3195 5197 3210 5223 ,
3235 5165 3291 5212 et
3313 5155 3483 5211 Fran-

1894 5255 2079 5298 corum
2123 5243 2273 5315 regni
2297 5244 2483 5301 adesto
2515 5245 2865 5318 principibus;
2889 5260 2946 5305 ut
2975 5258 3063 5305 tua
3097 5249 3488 5321 tranquillitate

1895 5333 2208 5408 clementes,
2242 5347 2328 5395 tua
2357 5352 2574 5410 semper
2599 5339 2708 5397 sint
2735 5343 2930 5400 virtute
2957 5343 3208 5400 victores.
3235 5344 3359 5401 Per.

2632 5433 2760 5484 Alia.

1969 5509 2322 5582 Omnipotens
2349 5523 2405 5570 et
2430 5516 2742 5575 misericors
2773 5519 2931 5586 Deus,
2966 5519 3122 5591 cujus
3147 5536 3370 5594 regnum
3397 5531 3484 5580 est

1899 5601 2139 5657 omnium
2152 5603 2494 5673 saeculorum,
2516 5610 2936 5680 supplicationes
2957 5622 3170 5670 nostras
3189 5615 3483 5672 clementer
3557 5658 3564 5689 ι

1897 5691 2113 5760 exaudi,
2159 5701 2216 5748 et
2246 5693 2573 5755 Francorum
2599 5715 2786 5771 regum
2813 5701 2912 5758 tibi
2941 5703 3212 5761 subditum
3261 5717 3484 5778 protegc

1895 5805 1948 5860 in
1983 5803 2183 5889 Ordi_r_ie
2213 5807 2478 5883 Romano,
2525 5823 2582 5873 et
2619 5816 2762 5889 apud
2801 5815 3115 5879 Menardum
3143 5819 3200 5880 in
3229 5823 3480 5880 unctione

1893 5891 2078 5948 regum
2103 5879 2453 5939 Francorum.

2940 6042 3003 6104 il
