4048 6350
221 358 347 435 33,;

1252 372 1339 455 DE
1377 386 1707 467 LITUBGIA
1745 391 2140 452 GALLICANA
2179 392 2384 454 LIBER
2425 396 2512 465 ΙΙΙ.

3413 406 3518 472 *534

217 494 522 555 recolimus
544 535 563 565 ,
609 493 770 553 etiam
821 494 945 553 ﬁdei
984 468 1349 558 constantiam
1409 507 1819 577 sulisequamur.
1853 512 1909 593 Α
1930 510 2064 566 citer
2094 492 2563 585 deprecamur,-iut
2593 532 2712 589 qua:
2746 520 2935 577 sedula
2971 524 3246 593 servitute,
3290 525 3520 587 docente

225 584 344 641 Per
370 584 529 655 Dom.

835 659 996 723 Super
1017 661 1200 714 oblata.

303 737 548 796 Hostiam
573 749 835 811 nostram,
858 758 1182 815 quaesumus,
1212 748 1461 815 Domine,
1486 755 1657 809 sancti
1683 754 1824 812 Mar-

218 833 365 905 tyris
394 834 469 889 tui
500 842 557 890 et
586 836 889 893 veneranda
917 839 1209 911 confessio,
1245 854 1298 900 et
1327 847 1646 905 exaudibilis
1677 864 1826 906 com-

218 931 454 989 mendet
480 934 677 989 oratio.
707 934 813 991 Per
843 934 1152 1001 Dominum.

296 1019 436 1078 Vere
459 1022 683 1096 dignum
709 1016 998 1107 et‘jus'tunt
1050 1041 1154 1097 est,
1205 1046 1417 1103 aequum
1457 1044 1513 1092 et
1564 1038 1820 1094 salutare.

215 1110 493 1182 Quoniam
521 1132 551 1172 a
580 1126 631 1183 te
660 1121 1015 1179 constantiam
1048 1123 1203 1192 ﬁdes,
1231 1141 1259 1179 a
1294 1137 1343 1182 te
1371 1127 1623 1186 virtutem
1654 1135 1820 1189 sumit

215 1200 537 1273 inﬁrmitas;
571 1219 624 1265 et
645 1211 894 1280 quicquid
918 1213 968 1270 in
994 1208 1462 1285 persecutionibus
1483 1237 1686 1281 szevum
1709 1238 1813 1290 est,

213 1298 474 1368 quicquid
500 1304 552 1356 in
583 1318 752 1360 morte
785 1309 1045 1376 terribile,
1072 1313 1302 1367 nominis
1335 1318 1406 1367 tui
1441 1313 1572 1372 facis
1601 1321 1810 1377 confes-
1874 1330 1875 1333 “

214 1389 376 1444 sione
418 1395 684 1464 superari.
738 1396 887 1453 Unde
941 1400 1304 1461 benedicintus
1339 1416 1411 1471 te,
1461 1408 1705 1475 Domine,
1766 1414 1817 1469 in

213 1482 475 1550 operibus
525 1487 629 1541 tuis
661 1529 677 1554 ,
712 1498 870 1561 teque
918 1492 972 1548 in
1016 1505 1321 1551 sanctorum
1377 1509 1587 1558 tuorum
1642 1498 1818 1574 profe-

212 1572 402 1629 ctione
429 1575 728 1641 laudamus.
764 1580 869 1637 Per
900 1600 1054 1652 quem
1084 1587 1433 1656 Maiestatem.

716 1673 831 1726 Post
852 1679 1259 1730 communionem.

294 1750 632 1822 Quaesumus,
660 1756 904 1825 Domine,
938 1764 1262 1820 salutaribus
1291 1767 1481 1839 repleti
1515 1772 1808 1840 mysteriis,

212 1851 276 1896 ut
322 1844 479 1915 cujus
507 1847 921 1908 sollemnitatem
954 1852 1328 1925 celebramus,
1358 1861 1695 1920 orationibus
1722 1869 1815 1920 atl-

207 1935 486 2005 iuvemur.
515 1940 636 1998 Per.

876 2018 1001 2070 Item
1026 2020 1135 2074 alia.

288 2094 514 2165 Adesto,
538 2098 784 2169 Domine,
810 2105 1025 2161 familiae
1044 2117 1170 2173 tuae,
1202 2118 1260 2166 ut
1288 2114 1483 2181 quibus
1507 2118 1803 2170 venerandi

206 2196 427 2243 sanctos
474 2198 597 2247 tuos
653 2206 876 2263 prastas
923 2197 1185 2271 benignus
1235 2203 1505 2265 aﬂectum,
1549 2216 1601 2261 et
1651 2208 1815 2279 320

208 2280 335 2335 vita:
376 2286 618 2341 mortalis
692 2290 928 2347 concede
973 2293 1311 2367 praesidium,
1366 2307 1421 2353 et
1471 2302 1812 2370 sempiterna

208 2379 586 2440 retributionis
616 2384 885 2442 effectum.
922 2387 1044 2445 Per.

570 2478 708 2560 XVI.
752 2494 882 2536 neu
922 2498 988 2538 ns
1031 2501 1134 2540 uno
1172 2501 1445 2543 MARTVRE.

282 2560 438 2622 Adsit
486 2570 661 2637 nobis,
711 2588 1037 2643 qumsumus,
1072 2577 1326 2646 Domine,
1381 2582 1519 2637 beati
1560 2581 1808 2657 Martyris

210 2657 287 2712 tui
318 2671 503 2715 sancta
534 2664 791 2732 precatio,
821 2682 939 2737 qua:
983 2684 1078 2723 nos
1108 2678 1161 2723 et
1187 2685 1217 2724 a
1249 2674 1478 2727 terrenis
1532 2674 1807 2733 affectibus

206 2750 595 2812 incessabiliter
638 2761 908 2829 expediat,
935 2772 989 2818 et
1027 2764 1263 2822 caelestia
1309 2766 1617 2827 desiderare
1647 2776 1808 2842 perli-

209 2846 337 2902 ciat.
373 2848 497 2905 Per.

275 2938 457 2996 Sancti
500 2941 747 3016 Martyris
796 2947 890 3013 tui,
936 2947 1159 3006 Domine
1186 2991 1200 3015 ,
1243 2966 1550 3022 quasumus
1580 2999 1594 3021 ,
1638 2971 1800 3013 vene-

204 3031 371 3087 randa
400 3032 659 3091 festivitas
689 3038 940 3094 salutaris
967 3042 1149 3097 auxilii
1182 3055 1397 3114 praestet
1427 3060 1795 3120 augmentum,

202 3132 265 3178 ut
287 3140 447 3195 quam
480 3130 839 3197 pravenimus
875 3135 1181 3191 veneranda
1228 3136 1564 3196 sollemnitas
1612 3151 1667 3197 et
1708 3143 1803 3199 de-

202 3216 473 3274 votionem
501 3220 656 3276 nobis
684 3232 896 3293 augeat,
930 3234 986 3279 et
1015 3228 1263 3283 salutem.
1300 3229 1420 3285 Per.

802 3311 963 3375 Super
988 3313 1169 3368 oblata.

269 3393 575 3452 Itineribus
620 3399 852 3467 nostris,
903 3400 1162 3469 Domine,
1211 3406 1383 3461 sancti
1426 3405 1673 3480 Martyris
1720 3413 1793 3468 tui

201 3481 330 3538 festa
365 3488 749 3557 praecedimus;
797 3499 857 3547 ut
892 3508 1013 3562 quae
1040 3497 1384 3557 conscientiae
1415 3511 1612 3559 nostra;
1644 3520 1779 3573 prat~

200 3575 446 3644 pedimus
469 3579 785 3650 obstaculis,
817 3583 961 3640 illius
990 3588 1197 3644 meritis
1227 3591 1520 3649 reddantur
1545 3608 1789 3667 accepta.

204 3664 324 3721 Per.

224 3780 227 3781 ν
268 3758 492 3825 Adesto,
524 3760 768 3829 Domine,
802 3767 1281 3837 supplicationibus
1325 3774 1549 3841 nostris,
1598 3784 1654 3831 et
1705 3778 1788 3833 in-

199 3849 505 3908 tercedente
534 3855 767 3928 Martyre
797 3868 889 3915 tuo
912 3861 981 3915 ab
1015 3864 1246 3919 hostium
1281 3879 1377 3920 nos
1405 3866 1634 3925 defende
1668 3885 1792 3939 pro-

198 3943 417 4011 pitiatus
446 3946 695 4016 incursu;
742 3960 800 4007 ut
827 3968 1050 4012 munera
1090 3966 1275 4013 nostra
1322 3965 1681 4030 commendet,
1711 3973 1793 4019 at-

199 4047 301 4102 que
350 4034 403 4089 in
453 4035 571 4106 ejus
635 4044 985 4102 veneratione
1031 4056 1135 4102 tua:
1186 4048 1450 4120 Majestati
1500 4054 1792 4111 reddantur

198 4136 436 4279 accipta.
466 4128 569 4184 Per
598 4131 752 4188 Dom.

315 4228 409 4274 ere
438 4219 655 4279 dianum
710 4233 752 4278 et

315 4228 409 4274 ere
438 4219 655 4290 dignum
710 4232 766 4278 et
794 4225 999 4295 justum
1028 4236 1133 4296 est,
1161 4244 1375 4300 mquam
1423 4241 1478 4288 et
1520 4234 1781 4293 salutare.

194 4309 291 4379 Qui
338 4327 446 4368 non
490 4316 665 4372 solum
694 4320 850 4375 malis
892 4324 1092 4378 nostris
1125 4324 1264 4380 bona
1289 4326 1563 4394 retribuis,
1594 4329 1691 4386 sed
1729 4340 1789 4387 ut
1889 4328 2145 4414 gloriosis
2162 4335 2459 4391 circumdas
2486 4350 2538 4393 et
2585 4346 2839 4414 protegis,

194 4404 403 4461 miseris
432 4406 675 4465 uberiora
700 4411 839 4467 dona
866 4415 1151 4478 concedas,
1190 4420 1276 4487 qui
1307 4418 1467 4490 digne
1495 4436 1591 4491 pro
1632 4423 1788 4479 nobis

195 4508 410 4565 possent
438 4499 794 4573 intercedere,
820 4508 1119 4577 contulisti,
1145 4521 1202 4567 ut
1230 4513 1372 4582 quod
1403 4526 1586 4571 nostra
1613 4518 1788 4575 scien-

197 4588 263 4641 tia
307 4604 413 4644 non
444 4591 690 4664 habebat,
745 4597 1061 4655 intercessio
1102 4603 1433 4673 supplicaret
1480 4609 1575 4663 tibi
1622 4623 1775 4680 grata

1882 600 1887 603 ‘
1933 612 2004 669 te,
2032 605 2285 673 gerimus,
2320 608 2494 678 dignis
2523 610 2772 668 sensibus
2824 622 2912 669 tuo
2942 632 3163 673 munere
3212 622 3515 690 capiamus.

1932 694 2035 751 Per
2056 696 2341 755 Dominum
2373 712 2635 759 nostrum.

2287 794 2447 851 XVII.
2488 814 2617 854 I'I‘EII
2658 817 2723 856 DE
2759 818 2864 858 ι]κο
2903 820 3172 863 ηΑιιτγιιις.
3526 884 3529 891 ,
3566 854 3573 861 -

2016 885 2365 958 Omnipotens
2412 895 2738 964 sempiterne
2782 898 2944 968 Deus,
2996 902 3253 961 fortitudo
3301 885 3529 965 certane
3580 944 3584 951 -

1931 976 2083 1045 tium,
2129 990 2185 1036 et
2215 982 2505 1057 Martyrum
2548 989 2741 1058 palma,
2796 993 3214 1054 sollemnitatem
3265 1001 3516 1059 hodierni

1928 1073 2030 1129 diei
2064 1077 2323 1143 prolvitius
2372 1077 2603 1150 intuere,
2630 1092 2686 1139 et
2716 1084 3014 1145 Ecclesiam
3069 1100 3210 1148 tuam
3263 1097 3516 1154 continua

1929 1168 2009 1222 fac
2040 1170 2347 1229 celebritate
2370 1175 2559 1243 laetari,
2598 1189 2655 1235 ut
2688 1182 3071 1243 intercessione
3099 1189 3239 1246 beati
3267 1192 3513 1267 Martyris

1928 1266 2000 1319 tui
2032 1269 2271 1323 omnium
2305 1279 2356 1325 te
2388 1273 2722 1331 credentium
2750 1288 2869 1333 v0ta
2904 1281 3171 1349 perﬁcies.
3206 1285 3328 1343 Per.

2000 1357 2223 1427 Praesta,
2242 1378 2567 1433 quaesumus,
2591 1368 2810 1429 Domine
2836 1374 2993 1448 321
3024 1380 3179 1448 licus,
3204 1394 3261 1436 ut
3286 1384 3530 1442 interce-.

1927 1449 2087 1505 dente
2119 1451 2275 1509 beato
2304 1456 2538 1525 Martyre
2570 1469 2683 1529 tuo,
2710 1472 2763 1519 et
2811 1480 2840 1520 a
2869 1472 3077 1525 cunctis
3106 1472 3514 1534 adversantibus

1925 1545 2231 1600 muniamur
2286 1547 2339 1602 iu
2397 1565 2653 1621 corpore,
2684 1566 2734 1609 et
2785 1572 2813 1610 a
2868 1561 3047 1628 pravis
3098 1564 3514 1635 cogitationibus

1933 1638 2254 1695 mundemur
2281 1641 2336 1696 in
2365 1643 2549 1699 corde.
2581 1644 2685 1702 Per
2716 1648 2999 1709 Dominum
3035 1665 3297 1712 nostrum.

1994 1729 2152 1784 Grata
2186 1732 2278 1786 tibi
2326 1735 2431 1790 sint
2462 1752 2683 1795 munera
2735 1752 2939 1811 nostra,
2993 1746 3241 1818 Domine,
3293 1766 3414 1822 qua
3454 1761 3525 1811 et

1924 1820 2029 1875 tuis
2071 1832 2196 1878 sunt
2227 1823 2465 1883 instituta
2497 1834 2799 1902 praeceptis,
2845 1844 2899 1892 et
2954 1838 3093 1893 beati
3138 1820 3388 1916 Martyris
3432 1846 3512 1903 tut

1846 1917 1895 1995 Β
1925 1909 2181 1969 festivitas
2207 1916 2436 1984 gloriosa
2465 1924 2828 1980 commendat.
2854 1925 2956 1982 Per
2986 1909 3290 1987 Dominum.

1990 2003 2232 2075 Suscipe,
2270 2010 2507 2077 Domine,
2533 2015 2854 2072 sacriﬁcium
2888 2019 3203 2087 placationis
3227 2036 3282 2081 et
3305 2026 3498 2095 laudis,

1917 2097 2059 2166 quod
2087 2113 2204 2166 nos,
2239 2100 2631 2162 interveniente
2656 2119 2842 2166 sancto
2865 2112 3095 2186 Martyre
3124 2125 3246 2184 tuo,
3274 2131 3329 2176 et
3376 2136 3501 2191 per-

1916 2190 2074 2246 ducat
2099 2194 2233 2249 ad...
2269 2206 2548 2267 aeternam,
2571 2210 2626 2257 et
2653 2203 2708 2261 in
2733 2216 3041 2278 perpetuam
3065 2216 3356 2281 gratiarum
3380 2190 3511 2279 con‘

1914 2279 2100 2337 stituat
2126 2284 2417 2343 actionem.
2443 2288 2568 2348 Per.

2560 2382 2880 2440 Contestatio.

1985 2453 2126 2513 Vere
2163 2457 2384 2531 dignum
2414 2472 2472 2520 et
2495 2464 2702 2535 justum
2746 2480 2850 2535 est,
2895 2488 3108 2542 aequum
3152 2486 3206 2533 et
3247 2477 3502 2540 salutare.

1910 2546 2012 2615 Qui
2035 2548 2334 2611 Ecclesiam
2359 2566 2502 2612 tuam
2516 2563 2846 2631 sempiterna
2870 2566 3071 2636 pietate
3093 2585 3197 2626 non
3220 2572 3499 2645 deserens,

1911 2654 2007 2707 per
2035 2655 2252 2701 sanetos
2283 2655 2404 2705 tuos
2428 2650 2628 2721 iugiter
2652 2665 2705 2709 et
2730 2658 2911 2711 erudis
2939 2669 2994 2715 et
3016 2665 3270 2735 protegis,
3304 2674 3496 2736 praecio

1910 2749 2013 2803 pue
2059 2737 2412 2800 solemnitatis
2461 2745 2755 2815 hodiernae,
2803 2768 2907 2823 qua
2952 2757 3091 2812 beati
3122 2758 3371 2830 Martyris
3421 2766 3499 2820 tui

1909 2830 2208 2898 passionem
2236 2849 2610 2909 consumptam
2637 2845 2943 2917 recolimus,
2977 2866 3317 2923 veneramur,
3339 2866 3397 2913 et
3425 2859 3513 2919 ad’

1904 2922 2127 2992 gloriam
2157 2930 2387 2986 nominis
2418 2933 2495 2989 tui
2525 2935 2746 2993 nitimur
2764 2939 2960 2999 debitis
2986 2948 3328 3019 magniﬁcare
3351 2967 3489 3022 prac-

1910 3017 2101 3070 eoniis.
2138 3019 2242 3075 Per
2269 3037 2429 3092 quem
2462 3026 2604 3083 laud.

1972 3104 2122 3163 Hanc
2149 3110 2308 3181 igitur
2356 3114 2681 3175 oblationem
2727 3126 3001 3182 servitutis
3045 3138 3264 3198 nostrae,
3314 3134 3410 3190 sed
3440 3143 3503 3193 et

1908 3209 2110 3255 cunctae
2133 3203 2350 3263 familiae
2378 3218 2502 3276 tuae,
2536 3227 2693 3282 quam
2723 3216 2817 3272 tibi
2844 3219 3121 3280 offerimus
3147 3226 3200 3280 in
3233 3228 3496 3287 honorem

1828 3294 1874 3359 C
1906 3292 2045 3349 beati
2070 3295 2317 3368 Martyris
2346 3302 2443 3356 tui.

2431 3392 2548 3459 Post
2571 3402 2980 3452 communionem.

1964 3465 2184 3524 Caelesti
2223 3487 2449 3531 munere
2475 3480 2673 3548 sntiati,
2700 3472 3025 3556 quaesumus,
3071 3490 3294 3551 Domine
3348 3498 3492 3555 Deus

1897 3567 2107 3627 noster,
2150 3573 2205 3617 ut
2236 3566 2349 3621 hmc
2380 3584 2477 3623 nos
2504 3570 2673 3642 dona,
2710 3575 2953 3647 Martyris
2984 3580 3055 3637 tui
3087 3583 3491 3660 deprecatiOne,

1893 3654 2247 3711 sanctiliceut.
2284 3657 2386 3715 Per
2419 3658 2725 3721 Dominum.

1966 3743 2235 3813 Libautes,
2287 3751 2531 3821 Domine,
2590 3775 2789 3818 mensa:
2840 3774 2942 3819 tua:
2989 3768 3158 3825 beatae
3207 3780 3488 3851 mysteria,

1894 3851 2198 3903 quaesumus
2242 3853 2295 3895 ut
2345 3850 2516 3901 sancti
2568 3849 2813 3923 Martyris
2861 3859 2933 3910 tui
2979 3849 3484 3939 interventionibus,

1896 3938 2244 4003 temporalem
2275 3950 2330 3995 et
2363 3954 2680 4010 prtcsentem
2716 3951 2868 4006 nobis
2900 3954 3323 4019 misericordiam
3347 3980 3479 4022 con-

1894 4023 2068 4083 ferant
2096 4040 2150 4086 et
2176 4042 2455 4089 arternatn.
2486 4036 2604 4093 Per.

2253 4149 2433 4206 XVIII.
2467 4170 2517 4208 IN
2548 4171 2759 4215 mrsu
2796 4142 3124 4223 sucronem.

1967 4238 2125 4306 Deus,
2160 4241 2249 4309 qui
2302 4260 2396 4297 nos
2444 4259 2754 4306 sanctorum
2801 4262 3011 4310 tuorum
3061 4261 3489 4324 confessionibus

2882 4349 2947 4404 da
3008 4354 3161 4408 nobis
3208 4368 3259 4410 et
3310 4359 3489 4416 imita-

1892 4422 2037 4478 tione
2069 4406 2348 4495 proﬁcere,
2382 4440 2437 4485 et
2467 4436 2806 4494 orationibus
2837 4440 3032 4499 fulciri.
3070 4448 3187 4503 Per.

1965 4513 2177 4571 Prosint
2206 4520 2380 4579 nobis.
2418 4522 2661 4594 Domine,
2686 4544 3015 4604 quaesumus,
3047 4548 3259 4597 tuorum
3287 4558 3480 4620 marty-

1891 4619 2007 4659 rum
2044 4606 2293 4679 suifragia
2322 4614 2533 4671 conlata
2564 4630 2894 4693 sanctorum,
2918 4634 2976 4681 at
3002 4643 3121 4698 quae
3152 4637 3348 4692 nostris
3372 4606 3482 4700 non
3536 4678 3541 4683 -

2220 4678 2227 4679 γ
2879 4678 2894 4693 ,
3008 4678 3120 4698 1m
3152 4678 3348 4692 ..νυηω
3372 4678 3482 4700 ..υιι

189 4678 475 4747 iustorum.
509 4686 609 4754 Qui
652 4687 943 4747 humanum
976 4708 1146 4763 genus
1181 4696 1249 4751 de
1290 4700 1553 4767 profundo
1593 4678 1783 4762 ηίοηίε
1816 4699 1868 4769 1)
1894 4714 2174 4768 possumus
2206 4707 2541 4765 orationibus
2568 4714 2842 4784 obtinere,
2878 4718 3197 4788 placentium
3230 4729 3323 4786 tibi
3358 4750 3482 4804 pre-

192 4774 444 4843 eripiens,
483 4780 847 4850 captivitatem
895 4796 1134 4844 nostram
1164 4787 1292 4847 Jesu
1323 4792 1523 4851 Christi
1555 4797 1673 4853 Filii
1703 4802 1780 4857 tui

194 4862 403 4925 Domini
431 4873 597 4927 nostri
629 4874 883 4943 passione
936 4880 1163 4936 solvisti.
1196 4882 1298 4940 Per
1325 4902 1483 4955 quem
1504 4871 1585 4943 ita
1613 4891 1779 4948 virtus

192 4958 391 5029 antiqui
419 4962 587 5021 hostis
630 4967 760 5024 elisa
787 4981 892 5037 est,
926 4982 983 5027 ut
1028 4973 1165 5045 ejus,
1196 4993 1353 5048 quem
1402 4982 1515 5051 ipse
1553 4999 1772 5054 supera.

189 5044 356 5118 verat,
389 5055 548 5111 etiam
579 5057 792 5116 beatum
822 5044 1106 5139 Martyrem
1154 5085 1309 5126 suum
1341 5088 1588 5145 magnum
1632 5075 1778 5134 face-

191 5148 272 5196 ret
318 5156 438 5199 esse
480 5147 760 5206 victorem.
808 5154 972 5225 Cuius
1021 5160 1346 5232 triumphum
1399 5165 1451 5221 in
1494 5168 1582 5224 die
1616 5186 1774 5241 quem

190 5236 442 5305 sanguine
484 5254 586 5296 suo
636 5246 1010 5318 sanctiﬁcavit,
1062 5253 1329 5325 colentes,
1378 5257 1437 5315 in
1485 5269 1574 5318 tua
1603 5236 1777 5334 gloria

189 5328 507 5397 exultamus.
537 5332 642 5391 Per
665 5344 871 5408 quem.

715 5456 834 5510 Post
855 5464 1269 5516 communionem.

1891 4795 2041 4851 cibus
2067 4798 2444 4870 adsequamur.
2476 4805 2599 4863 Per.

2086 4974 2091 4975 ί
2512 4920 2675 4983 Super
2697 4923 2877 4977 oblata.

1959 5017 2265 5088 ()ﬁerimus,
2300 5022 2547 5093 Domine,
2571 5044 2761 5098 preces
2797 5041 2852 5089 et
2900 5050 3122 5097 munera
3171 5058 3223 5101 In
3271 5047 3478 5109 honore

1888 5124 2193 5172 sanctorum
2244 5128 2454 5176 tuorum
2501 5124 2797 5193 gaudentes
2832 5146 2848 5185 :
2882 5145 3095 5208 praesta,
3143 5154 3475 5217 quaesumus,

1889 5217 2023 5264 utet
2051 5214 2429 5269 convenienter
2460 5214 2575 5273 haec
2602 5233 2783 5290 agere,
2808 5233 2863 5280 et
2882 5231 3121 5286 remedia
3145 5214 3478 5305 sempiterna

1890 5301 2164 5359 valeamus
2195 5307 2502 5376 adquirere.
2533 5310 2636 5368 Per
2667 5315 2973 5376 Dominum.

1958 5392 2204 5468 Suscipe,
2244 5398 2486 5468 Domine,
2512 5406 2830 5465 sacriﬁcium
2856 5392 3171 5482 placationis
3197 5432 3253 5478 et
3281 5422 3475 5498 laudis,

1882 5495 1939 5541 ut
1982 5487 2285 5546 benedictio
2317 5501 2403 5547 tua
2454 5494 2596 5568 larga
2629 5498 2945 5571 descendat,
2982 5523 3103 5578 quae
3152 5521 3206 5567 et
3253 5487 3479 5582 munera

1882 5588 2083 5644 nostra,
2100 5582 2298 5639 sanctis
2324 5585 2424 5640 tuis
2445 5587 2879 5661 deprecantibus,
2907 5597 2999 5651 tibi
3026 5601 3472 5685 reddataccepta,

1881 5683 1937 5747 et
1970 5676 2122 5729 nobis
2153 5691 2548 5735 sacramentum
2583 5685 2963 5755 redemptionis
2992 5690 3209 5752 efﬁciat.
3238 5702 3359 5758 Per.

1882 5826 1887 5849 ί
1956 5765 2089 5823 Vere
2116 5769 2335 5838 dignum
2368 5783 2421 5827 et
2454 5774 2659 5843 justum
2707 5788 2824 5845 est,
2854 5795 3062 5853 aquam
3109 5799 3163 5845 et
3212 5795 3471 5861 salutare.

1877 5842 2245 5919 llooﬁteantur
2273 5866 2388 5935 tibi,
2421 5869 2661 5937 Domine,
2689 5874 2869 5935 omnia
2889 5893 3052 5949 opera
3080 5891 3191 5953 tua,
3221 5899 3274 5947 et
3294 5894 3469 5951 sancti

1878 5956 1949 6010 tui
1980 5957 2300 6016 bcnedicant
2334 5972 2383 6019 te
2417 5982 2426 6016 :
2464 5967 2713 6041 quoniam
2744 5971 2908 6045 gloria
2939 5976 3155 6038 virtutis
3186 5995 3372 6043 eorum
3400 5994 3459 6047 ιιι

253 5549 513 5623 Sumptis,
545 5556 792 5628 Domine,
824 5562 1211 5633 Sacramentis,
1243 5585 1552 5636 quaesumus
1593 5586 1650 5632 ut
1694 5580 1775 5635 in-

188 5645 491 5704 tercedente
517 5650 674 5708 beato
700 5653 932 5729 Martyre
958 5669 1070 5723 tuo,
1103 5660 1170 5716 ad
1204 5663 1588 5734 redemptionis
1618 5682 1776 5727 aeter-

189 5751 266 5792 ne
298 5740 642 5807 proﬁciamus
671 5753 1201 5819 augmentumuPer.

253 5830 539 5892 Sumentes
597 5840 787 5910 gaudia
837 5845 1165 5914 sempiterna
1229 5849 1297 5904 de
1366 5855 1772 5924 participatione

189 5921 537 6002 Sacramenti,
566 5939 623 5989 et
655 5931 944 5996 festivitate
968 5938 1110 5996 beati
1142 5941 1387 6018 Martyris
1419 5950 1516 6019 tui,
1556 5921 1763 6024 suppli-
