4048 6350
588 427 694 484 535

1296 421 1648 484 APPENDIX
1688 418 1782 476 AD
1817 414 2044 474 OPERA
2082 409 2329 470 SANCTI
2366 407 2675 468 GERMANI
2712 402 3157 464 PABISIENSIS.

3810 402 3888 455 336

589 561 672 615 es,
702 545 864 618 322
890 543 1088 617 quibus
1109 542 1362 599 virtutem
1387 541 1438 596 in
1463 535 1800 594 confessione
1823 531 2182 605 pugnantibus
2208 530 2263 591 Α
2287 529 2482 583 cedant
2514 545 2527 579 :
2581 531 2884 592 precantes.
2911 531 2970 578 ιιι
3021 521 3177 577 Jesus
3233 514 3523 574 Christus
3583 513 3750 570 Filius
3790 524 3887 572 tuus

592 649 650 696 et
695 639 921 710 gloriam
971 640 1026 695 in
1073 637 1324 707 passione
1365 631 1701 690 vincentibus
1747 628 2038 685 contulisti.
2080 625 2185 693 Qui

598 745 868 787 summum
900 731 1051 787 illum
1084 726 1352 802 Unigeniti
1395 726 1470 782 tui
1502 740 1695 781 nomen
1743 738 1923 778 coram
1976 720 2188 792 regibus

599 832 656 878 et
680 823 1032 892 potestatibus
1068 837 1202 878 voce
1250 820 1412 876 libera
1461 826 1842 889 protestantes,
1893 813 2187 883 pretiosum

593 911 694 972 tibi
722 912 1036 985 sanguinem
1069 912 1302 985 gloriosa
1330 922 1506 968 morte
1534 910 1805 966 fuderunt.
1831 905 2186 963 Clementiam

601 1015 748 1063 tuam
797 1007 1107 1076 suppliciter
1154 1007 1544 1071 obsecrantes,
1590 1015 1649 1060 nt
1695 1018 1815 1058 cum
1864 1000 2190 1057 exultatione

602 1099 808 1155 sanctis
836 1098 889 1152 in
912 1092 1326 1168 czelestis‘re‘gni
1348 1098 1610 1155 cubilibus
1637 1097 1825 1168 gaudia
1856 1103 2035 1150 nostra
2064 1093 2190 1147 sub-

594 1188 826 1262 iungas;
868 1200 923 1246 et
964 1205 1102 1261 quos
1151 1191 1366 1248 virtutis
1413 1191 1714 1245 imitatione
1759 1203 1866 1244 non
1909 1201 2189 1257 possumus

603 1285 781 1354 sequi,
809 1283 877 1340 de
901 1284 1027 1340 vitae
1056 1284 1403 1340 veneratione
1431 1286 1820 1354 conjungamus
1850 1281 2061 1337 all'ectu.
2088 1279 2191 1335 Per

598 1389 781 1446 quem.

1142 1447 1259 1499 Post
1280 1450 1695 1499 communionem.

673 1532 928 1590 Puriﬁcet
955 1548 1078 1601 nos,
1110 1549 1453 1604 quaesumus,
1485 1533 1730 1599 Domine,
1779 1542 1834 1588 et
1863 1531 2026 1588 divini
2072 1545 2193 1603 per-

601 1623 778 1694 ceptio
822 1625 1158 1683 Sacramenti
1183 1665 1202 1695 ,
1251 1635 1307 1681 et
1355 1626 1583 1696 gloriosa
1630 1634 1934 1682 sanctorum
1979 1635 2189 1680 tuorum

601 1719 793 1774 oratio.
825 1717 947 1774 Per.

675 1810 898 1878 Praesta,
944 1826 1274 1881 quaesumus,
1311 1813 1651 1882 omnipotens
1691 1811 1853 1876 Deus,
1880 1820 1939 1865 ut
1964 1824 2190 1880 quorum

2293 617 2549 675 Dominus
2569 627 2754 674 noster
2779 632 2873 673 sua
2897 631 2995 671 nos
3023 615 3192 686 gratia
3221 617 3638 682 consequatur
3667 625 3681 662 :
3710 618 3765 665 et
3790 626 3887 682 quia

2289 711 2408 767 sine
2435 711 2554 780 ipso
2581 709 2714 766 nihil
2745 717 2891 766 recte
2917 708 3158 764 valemus
3187 705 3465 773 efﬁcere,
3511 701 3687 773 ipsius
3713 717 3888 772 semper

2290 819 2512 860 munere
2564 803 2862 874 capiamus,
2892 810 2951 857 ut
3004 800 3098 856 tibi
3155 798 3396 871 placere
3457 795 3757 867 possimus.
3810 795 3888 851 Per

2290 912 2448 968 quem
2489 896 2592 954 Ma.

2816 966 2935 1017 Post
2953 965 3390 1018 communionem.

2364 1051 2606 1108 Caelestis
2633 1049 2761 1108 doni
2793 1048 3170 1106 benedictione
3210 1051 3527 1119 percepta,
3559 1041 3817 1115 supplices
3836 1051 3887 1112 te,

2295 1143 2435 1200 Deus
2461 1144 2839 1214 omnipotens,
2887 1143 3268 1212 deprecamur,
3308 1149 3377 1194 ut
3409 1137 3525 1194 hoc
3574 1137 3717 1192 idem
3743 1146 3791 1192 et
3830 1152 3889 1193 sa-

2293 1239 2556 1298 cramenti
2585 1253 2750 1296 causa
2775 1237 2866 1307 sit,
2903 1247 2957 1294 et
2984 1236 3195 1292 salutis.
3221 1235 3343 1290 Per
3369 1232 3702 1288 Dominum.

2947 1328 3022 1379 Ad
3046 1329 3264 1391 plebem.

2367 1413 2583 1482 Veniat,
2614 1413 2860 1480 Domine,
2905 1424 3234 1481 quaesumus,
3289 1408 3516 1478 populo
3569 1404 3888 1475 supplicanti

2296 1519 2398 1564 tute
2429 1506 2822 1564 benedictionis
2856 1503 3075 1568 inlusio,
3105 1518 3225 1574 qua
3272 1501 3607 1557 diabolicas
3638 1501 3705 1554 ab
3735 1500 3885 1555 eodem

2293 1601 2516 1672 repellat
2541 1600 2795 1665 insidias,
2824 1613 2942 1669 qua:
2971 1596 3328 1666 fragilitatem
3369 1594 3620 1648 mundet
3667 1601 3720 1648 et
3745 1601 3887 1661 prote-

2292 1705 2404 1767 gat,
2437 1711 2553 1766 qua
2579 1696 2792 1765 inopem
2823 1700 3088 1748 sustentet
3119 1699 3172 1747 ct
3200 1689 3528 1746 foveat.....

2758 1805 2878 1861 XX.
2920 1820 3048 1860 ιτειι
3088 1819 3231 1859 suav
3251 1817 3450 1858 Iussa.

602 1903 918 1959 memoriam
949 1903 1280 1961 Sacramenti
1325 1905 1731 1974 participatione
1781 1904 2089 1971 recolimus,
2125 1905 2191 1955 ti-
2223 1918 2274 1982 Β
2373 1900 2659 1970 Perpetua,
2685 1912 3015 1969 quaesumus,
3045 1895 3312 1961 Domine,
3354 1907 3504 1962 pace
3536 1891 3771 1956 custodi,
3797 1889 3881 1958 qui-

603 1993 727 2050 dem
775 2011 986 2066 quoque
1033 1996 1364 2066 proﬁciendo
1410 2003 1696 2051 sectemur.
1753 1995 1857 2051 Per
1905 1993 2193 2049 Dominum

605 2096 846 2142 nostrum
876 2088 1058 2143 Jesum
1101 2087 1372 2144 Christum
1408 2088 1598 2143 Filium
1651 2097 1820 2155 tuum,
1875 2089 1964 2159 qui
1997 2098 2193 2144 tecum.

607 2198 750 2257 XIX.
787 2215 1051 2258 INCIPIUNT
1082 2217 1378 2257 ORATIONES
1416 2217 1483 2257 ET
1516 2217 1714 2257 pasces
1739 2214 2020 2257 contiones
2047 2214 2196 2256 δοτι-

1112 2289 1288 2329 DIANB
1319 2289 1428 2328 CUI
1459 2290 1685 2328 CANOSE.

1215 2363 1331 2414 Post
1355 2365 1631 2427 prophetia.

682 2445 848 2514 Deus,
879 2447 970 2518 qui
1013 2446 1360 2517 diligentibus
1408 2457 1457 2501 te
1491 2449 1626 2502 bona
1679 2445 1962 2502 invisibilia
1993 2459 2198 2515 praepa-

608 2541 765 2607 rasti,
813 2541 1033 2598 infunde
1070 2541 1323 2597 cordibus
1351 2542 1550 2596 nostris
1597 2541 1670 2596 tui
1700 2541 1900 2595 amoris
1919 2539 2195 2606 aﬂectum,

605 2642 667 2689 ut
698 2643 751 2689 te
777 2635 830 2689 in
855 2633 1104 2689 omnibus
1131 2642 1186 2688 et
1211 2647 1374 2701 super
1417 2633 1598 2688 omnia
1627 2631 1935 2703 diligentes,
1972 2632 2200 2702 promis-

606 2726 792 2783 siones
820 2733 960 2795 tuas,
990 2740 1111 2796 quae
1132 2739 1290 2780 omne
1323 2724 1650 2780 desiderium
1677 2733 1953 2794 superant,
2003 2737 2201 2779 conse-

607 2835 858 2894 quamur.
888 2819 992 2877 Per
1022 2818 1305 2875 Dominum
1335 2829 1598 2874 nostrum.

1284 2909 1540 2962 Collectio.

686 3000 849 3066 Deus,
877 2996 970 3070 qui
997 2997 1051 3053 in
1081 2996 1281 3053 sanctis
1312 2995 1542 3062 habitas,
1575 3002 1632 3050 et
1661 2992 1745 3064 pia
1776 2990 1940 3050 corda
1963 3005 2070 3048 non
2101 2993 2200 3048 de-

615 3092 773 3160 seris,
807 3091 976 3147 libera
1016 3104 1115 3146 nos
1143 3105 1173 3144 a
1220 3089 1452 3146 terrenis
1495 3085 1777 3143 desideriis
1821 3094 1878 3142 et
1916 3083 2204 3154 cupiditate

614 3186 840 3253 carnali,
863 3196 944 3251 ut,
975 3184 1120 3240 nullo
1148 3186 1202 3239 in
1229 3183 1385 3240 nobis
1408 3191 1668 3253 regnante
1697 3187 1941 3251 peccato,
1970 3179 2067 3235 tibi
2100 3178 2206 3234 soli

616 3281 842 3338 Domino
868 3280 1052 3337 liberis
1082 3281 1351 3336 mentibus
1381 3279 1703 3335 serviamus.
1743 3277 1848 3334 l‘er
1888 3275 2197 3334 Dominum.
2229 3317 2278 3381 ο

1239 3393 1369 3444 Ante
1394 3395 1616 3444 nomina.

687 3499 964 3556 Protector
994 3498 1048 3556 in
1078 3507 1132 3556 te
1157 3500 1512 3570 sperantium,
1564 3498 1729 3564 Dens,
1760 3497 1877 3554 sine
1921 3512 2028 3568 quo
2077 3493 2210 3552 nihil

611 3602 696 3649 est
724 3591 990 3659 validum,
1023 3592 1154 3646 nihil
1224 3600 1492 3658 sanctum,
1549 3590 1841 3660 multiplica
1904 3603 2068 3658 super
2106 3602 2208 3643 nos

619 3683 1043 3740 misericordiam
1069 3692 1235 3748 tuam,
1267 3692 1326 3737 ιιι
1344 3692 1397 3738 te
1413 3689 1644 3747 rectore,
1675 3689 1727 3736 te
1751 3679 1908 3748 duce,
1934 3679 2012 3734 sic
2034 3689 2207 3734 trans-

616 3791 804 3833 eamus
859 3791 955 3845 per
1031 3775 1170 3832 bona
1229 3773 1582 3846 temporalia,
1636 3781 1695 3830 ut
1745 3787 1850 3829 non
1900 3771 2208 3827 amittamus

618 3875 843 3924 :eterna.
874 3867 996 3924 Per.

693 3957 837 4013 Deus
856 3957 1135 4025 virtutum,
1157 3957 1313 4027 cuius
1331 3969 1413 4014 est
1435 3967 1628 4025 totum,
1657 3959 1800 4029 quod
1823 3968 1906 4014 est
1925 3958 2208 4029 optimum,

616 4046 802 4105 insere
849 4049 1154 4120 pectoribus
1201 4051 1399 4106 nosuis
1445 4065 1685 4106 amorem
1736 4051 1808 4106 tui
1857 4051 2107 4122 nominis,
2158 4061 2212 4107 et

621 4151 817 4213 praesta
845 4142 897 4196 in
926 4143 1080 4198 nobis
1127 4143 1398 4215 religionis
1425 4153 1804 4213 augmentum,
1834 4154 1893 4199 ut
1922 4160 2043 4215 quae
2089 4153 2214 4199 sunt

616 4234 760 4291 bona
787 4233 1017 4301 nutrias,
1059 4249 1124 4290 ac
1174 4235 1414 4307 vigilanti
1452 4235 1628 4293 studio
1673 4250 1796 4308 qua:
1835 4243 1963 4291 sunt
2007 4236 2212 4291 nutrita

617 4327 913 4385 custodias.

1270 4399 1432 4464 Super
1452 4401 1633 4452 oblata.

693 4483 1014 4554 PrOpitiare,
1058 4485 1306 4550 Domine,
1358 4487 1838 4559 supplicationibus
1887 4487 2107 4556 nostris,
2157 4494 2215 4542 et

624 4575 728 4632 has
781 4576 1080 4633 oblationes
1133 4575 1456 4634 famulorum
1515 4579 1944 4650 famularumque
2000 4587 2212 4634 tuarum

625 4667 889 4740 benignus
915 4669 1159 4740 adsume,
1191 4679 1250 4725 ut
1286 4672 1428 4742 quod
1459 4671 1654 4743 singuli
1683 4673 1989 4730 obtulerunt
2019 4672 2086 4729 ad
2115 4673 2212 4728 bo-

627 4777 815 4820 norem
842 4764 1078 4820 nominis
1102 4764 1202 4832 tui,
1225 4764 1434 4822 cunctis
1462 4765 1708 4836 proﬁciat
1731 4765 1800 4823 ad
1829 4767 2080 4824 salutem.
2110 4765 2214 4822 Per

623 4851 933 4910 Dominum.

701 4947 922 5015 Adesto,
959 4947 1205 5016 Domine,
1237 4948 1716 5022 supplicationibus
1765 4953 1985 5020 nostris,
2035 4961 2089 5009 et
2131 4952 2216 5007 bis

629 5041 811 5111 populi
839 5038 914 5094 ιιιί
943 5039 1304 5097 oblationibus
1346 5045 1698 5116 precibusque
1725 5048 2020 5118 susceptis,
2054 5045 2215 5118 323

631 5131 972 5203 praesentiam
1004 5142 1109 5189 tuae
1136 5132 1434 5203 majestatis
1461 5136 1742 5206 intersere,
1773 5147 1831 5193 ut
1857 5137 2000 5208 quod
2023 5136 2219 5207 singuli

630 5227 938 5283 obtulerunt
961 5227 1028 5283 ad
1060 5227 1321 5285 honorem
1350 5230 1582 5288 nominis
1609 5231 1707 5300 tui,
1735 5232 1945 5288 cunctis
1975 5230 2222 5301 proﬁciat

632 5321 699 5376 ad
731 5311 977 5378 salutem.

711 5411 846 5469 Vere
860 5413 1080 5484 dignum
1097 5421 1152 5470 et
1161 5413 1363 5484 justum
1379 5426 1484 5483 est,
1507 5431 1718 5489 aequum
1741 5426 1797 5473 et
1818 5416 2070 5472 salutare.
2088 5416 2222 5473 0m-

638 5502 989 5574 nipotentiam
1019 5503 1165 5560 tu'am
1191 5504 1390 5578 iugiter
1415 5508 1785 5578 implorantes,
1821 5516 1878 5563 ιιι
1905 5507 2097 5578 quibus
2128 5522 2226 5563 an-

639 5611 746 5651 nua
778 5597 1103 5655 celebritatis
1149 5599 1312 5670 hujus
1341 5609 1461 5656 vota
1519 5600 1864 5671 multiplicas,
1888 5601 2099 5671 plenam
2144 5600 2225 5656 di-

637 5687 752 5744 vini
787 5688 960 5745 cultus
985 5692 1212 5762 gratiam
1241 5692 1521 5763 largiaris;
1547 5701 1602 5749 et
1647 5706 1743 5762 per
1772 5703 2057 5764 augmenta
2109 5707 2230 5749 cor-

636 5794 805 5852 porea
832 5780 1135 5853 profectum
1178 5785 1472 5843 clementer
1515 5786 1718 5843 tribuas
1761 5787 2083 5854 animarum,
2121 5801 2230 5858 quo

640 5873 711 5929 ad
739 5874 1177 5934 incommutabile
1204 5877 1403 5934 bonum
1446 5895 1542 5947 per
1572 5880 1851 5937 mutabilia
1871 5881 2012 5937 dona
2040 5883 2226 5937 venia-

640 5982 784 6035 mus,
811 5969 1204 6041 temporalique
1231 5970 1431 6029 laetitiae
1460 5981 1514 6032 et
1540 5973 1731 6045 gaudia
1753 5975 2081 6046 sempiterna
2111 5991 2233 6032 suc-

2301 1993 2399 2049 bus
2432 1994 2483 2047 in
2507 2002 2559 2047 te
2593 2007 2742 2062 spem
2770 1989 3003 2057 donasti,
3032 1997 3086 2044 et
3109 1997 3214 2042 tuae
3245 1985 3493 2055 pietatis
3523 1985 3585 2038 in
3619 1983 3767 2038 nobis
3791 1997 3882 2050 pro-

2300 2086 2462 2158 pitius
2489 2085 2630 2140 dona
2661 2083 2932 2148 concede;
2987 2091 3042 2136 et
3075 2090 3132 2136 ut
3174 2081 3284 2135 tuis
3307 2120 3323 2144 ,
3366 2077 3630 2142 Domine,
3656 2074 3877 2144 possimus

2302 2179 2568 2234 inhaerere
2597 2176 2854 2242 servitiis,
2883 2183 2940 2229 tu
2970 2189 3090 2242 nos,
3117 2186 3453 2243 quaesumus
3481 2211 3501 2238 ,
3533 2169 3608 2225 ab
3628 2168 3766 2225 omni
3782 2180 3876 2237 pn-

2299 2274 2463 2329 vitate
2493 2271 2743 2328 defende.
2775 2270 2900 2326 Per.

2373 2366 2572 2423 Exaudi
2603 2382 2732 2430 nos,
2764 2365 3049 2420 miserator
3067 2370 3123 2418 et
3141 2360 3478 2417 misericors
3505 2359 3684 2425 Deus,
3709 2363 3758 2412 et
3780 2367 3876 2408 con-

2300 2461 2537 2517 tinentiae
2560 2458 2810 2516 salutaris
2839 2457 3097 2528 propitius
3126 2456 3285 2512 nobis
3315 2453 3472 2510 dona
3501 2450 3756 2508 concede.
3785 2449 3873 2502 Per.

2374 2554 2533 2618 Deus,
2564 2553 2650 2607 cui
2681 2552 2824 2608 nulla
2852 2558 3031 2621 potest
3077 2547 3428 2605 conscientia
3464 2542 3790 2613 inculpabilis
3811 2541 3869 2594 in-

2303 2645 2500 2711 veniri,
2527 2643 2765 2700 concede
2819 2641 2977 2698 nobis
3009 2650 3113 2696 tua
3156 2640 3384 2712 pietatis
3416 2639 3703 2702 auxilium,
3726 2642 3776 2689 ut
3798 2647 3870 2700 ope

2303 2748 2409 2796 tuae
2461 2739 2829 2795 miserationis
2888 2735 3135 2806 adjuti,a
3188 2744 3559 2806 peccatorum
3617 2738 3871 2786 nostrorum

2303 2832 2526 2889 nexibus
2551 2829 2862 2885 liberemur.
2898 2827 3021 2882 Per.

2373 2923 2573 2980 Praesta
2621 2921 2792 2988 nobis,
2847 2919 3157 2975 misericors
3214 2917 3390 2984 Deus,
3450 2925 3514 2972 ut
3563 2911 3869 2986 placatioaem

2303 3024 2452 3072 tuum
2484 3015 2746 3086 promptis
2781 3013 3051 3069 mentibus
3092 3026 3430 3076 exoremus;
3467 3019 3527 3066 et
3571 3014 3863 3077 peccatorum

2306 3109 2517 3165 veniam
2561 3116 2979 3178 consequentes,
3027 3119 3056 3159 a
3103 3101 3281 3160 noxiis
3337 3104 3643 3160 liberemur
3681 3089 3865 3152 incursi-

2305 3202 2426 3260 bus.
2454 3200 2575 3257 Per.

2925 3279 3089 3348 Super
3109 3276 3290 3328 oblata.

2384 3389 2631 3460 Suscipe,
2659 3387 2906 3454 Domine,
2956 3399 3287 3455 quasumus,
3331 3382 3644 3441 debitorum
3685 3383 3860 3431 munera

2313 3482 2636 3538 famulorum
2666 3498 2679 3533 :
2712 3489 2767 3535 et
2796 3477 2902 3533 tuis
2924 3475 3082 3533 donis
3123 3476 3347 3545 puriﬁca
3395 3474 3691 3531 servientes
3711 3466 3862 3536 pietate

2314 3574 2603 3648 mysteriis,
2634 3572 2830 3646 quibus
2857 3573 3017 3628 etiam
3044 3570 3310 3640 justiﬁeas
3341 3569 3678 3626 innocentes.
3707 3559 3806 3616 Per.

3044 3661 3168 3712 Alia.

2385 3754 2625 3819 Munera,
2655 3751 2902 3818 Domine,
2933 3749 3027 3804 tibi
3078 3749 3279 3816 dicata,
3325 3757 3658 3819 quasumus,
3701 3729 3857 3793 sancti-

2318 3851 2419 3907 ﬁca
2447 3856 2538 3916 ;et
2564 3862 2661 3919 per
2687 3845 2875 3904 eadem
2911 3859 3008 3900 nos
3039 3843 3283 3913 placatus
3328 3840 3574 3905 intende,
3621 3843 3672 3890 et
3708 3845 3733 3885 a
3761 3839 3856 3882 cun-

2314 3947 2414 4001 ctis
2432 3957 2528 3998 nos
2549 3941 2785 3998 reatibus
2797 3951 2850 3995 et
2868 3937 3118 4010 periculis
3139 3937 3475 4007 propitiatus
3503 3929 3725 3989 absolve,
3754 3928 3854 3990 qm”

2316 4037 2447 4094 tanti
2476 4034 2717 4108 mysterii
2748 4033 2938 4090 tribuis
2960 4047 3087 4088 esse
3114 4039 3426 4086 consortes.
3463 4028 3585 4084 Per.

2939 4124 3255 4176 Contestatio.

2386 4212 2550 4287 324
2569 4213 2706 4268 Vere
2734 4211 2956 4282 disnum
2985 4220 3038 4264 et
3086 4209 3291 4280 justum
3332 4214 3442 4273 est,
3468 4213 3671 4272 aequum
3721 4199 3764 4287 et
3785 4200 3848 4242 st-

2316 4283 2608 4364 Ιιιιιῖιξίυι
2632 4306 2757 4376 quia
2786 4305 2862 4359 tui
2889 4311 2973 4358 est
3001 4302 3204 4372 operis,
3234 4301 3278 4356 si
3329 4298 3476 4371 quod
3521 4293 3609 4351 tibi
3651 4283 3848 4382 placitum

2315 4412 2398 4459 est
2419 4412 2510 4457 aut
2538 4400 2833 4471 cogitamus
2857 4403 2950 4452 aut
2974 4395 3202 4466 agimus,
3231 4405 3289 4451 tu
3320 4393 3479 4450 nobis
3503 4396 3701 4455 semper
3721 4384 3766 4433 et
3791 4384 3848 4471 ιη·

2317 4463 2746 4566 telligendi'quaa
2776 4499 2926 4548 recta
2952 4463 3098 4554 sunt,
3124 4463 3195 4545 et,
3231 4483 3567 4558 exsequendi
3595 4463 3847 4566 tribuas"?

2318 4553 2592 4642 culta’tem.
2626 4553 2696 4641 Dt
2724 4599 2831 4639 non
2858 4582 2915 4638 in
2942 4553 3097 4638 nobis
3119 4590 3300 4636 nostra
3331 4553 3558 4640 malitia,
3593 4568 3678 4626 sed
3715 4553 3843 4616 indul-

2320 4677 2511 4750 gentiae
2564 4687 2666 4732 tua:
2703 4673 2999 4745 praeveniat
3054 4686 3269 4741 semper
3319 4670 3563 4732 aﬂectus,
3595 4657 3678 4730 qui
3727 4655 3845 4706 nos!

2322 4773 2497 4830 noxiis
2523 4771 2886 4840 voluptatibus
2915 4767 3280 4823 indesinenter
3301 4760 3573 4834 expediat,
3606 4761 3658 4850 et
3731 4750 3844 4796 mun-

2321 4864 2477 4951 danis
2502 4863 2743 4920 cladibus
2763 4861 3047 4933 dignanter
3066 4859 3280 4928 eripiat.
3309 4857 3413 4912 Per
3441 4863 3593 4924 quem
3614 4841 3752 4909 Maje.

2851 4951 2969 5004 Post
2990 4950 3398 5001 communionem.

2400 5037 2653 5112 Mysteria
2677 5045 2861 5094 sancta
2890 5049 3009 5101 nos,
3036 5033 3284 5099 Domine,
3310 5039 3365 5088 et
3384 5019 3631 5112 sacriﬁcis
3654 4997 3844 5112 ειριῗξιί

2329 5092 2620 5197 alimentis,
2651 5138 2709 5186 et
2727 5092 3100 5201 corporalibus
3131 5092 3379 5183 tueantur
3415 5111 3635 5184 auxiliis.
3661 5102 3743 5158 Per
3765 5092 3837 5146 00‘

2332 5225 2537 5283 minum
2562 5231 2827 5280 nostrum.

2986 5291 3113 5343 Item
3134 5287 3247 5340 alia.

2407 5403 2482 5457 Da
2509 5399 2720 5457 veniam
2738 5443 2755 5468 ,
2785 5398 3010 5456 Domine
3028 5438 3043 5464 ,
3068 5395 3303 5469 peccatis
3350 5386 3559 5452 nostris,
3587 5384 3635 5433 et
3669 5359 3834 5469 mediol-

2335 5498 2546 5556 nalibus
2594 5496 2874 5555 sacriﬁciis
2917 5495 3160 5567 expiatos
3207 5493 3277 5548 ab
3325 5487 3466 5548 omni
3511 5471 3735 5553 pravitate
3766 5452 3833 5507 άθ·

2334 5593 2511 5651 lende.
2538 5591 2659 5653 Per.

2770 5704 2912 5762 XXI.
2955 5720 3085 5760 ιτειι
3125 5719 3250 5760 λιιι
3290 5713 3454 5757 mssa.

2897 5799 3017 5850 Post
3042 5798 3367 5862 praphetiam.

3109 5883 3121 5893 .
3204 5891 3210 5893 Α
3319 5880 3331 5892 .
3402 5891 3411 5893 ,
3464 5877 3590 5893 ....m
3627 5833 3827 5893 “arcendo

2413 5884 2573 5952 Deu‘s,
2633 5884 2725 5956 qui
2771 5882 2928 5940 nobis
2978 5857 3420 5953 omnipotentiam
3464 5857 3822 5978 ωῆίιξἬπξξξξξ

2340 5941 2574 6034 maxime
2599 5941 2984 6034 et‘niiserendo
3034 5941 3367 6042 manifestas,
3410 5953 3664 6029 muttit"ica
3701 5941 3798 6003 me
