4048 6350
280 343 389 402 ω’]

1283 341 1370 400 DE
1410 343 1736 402 LITURGIA
1775 344 2163 405 GALLICANA
2205 346 2405 412 LIBER
2445 347 2533 403 III.

2994 272 3030 301 ἓξ
3065 267 3148 297 Ῥί⁶
3266 267 3360 288 ’ν’

3248 321 3283 329 ..ο

3539 353 3568 407 8

281 477 387 518 nos
415 458 637 532 gratiam
660 465 828 525 tuam,
851 467 908 515 ut
930 457 997 514 ad
1022 466 1109 514 tua
1133 459 1395 529 promissa
1422 469 1700 516 currentes
1721 502 1736 528 ,
1768 476 1874 518 cte-
1899 465 1954 525 Α
1978 463 2217 532 guberna
2281 464 2668 531 moderamine,
2691 475 2748 521 ut
2798 465 2938 522 adsit
2983 466 3033 524 ei
3074 476 3128 522 et
3182 468 3235 523 in
3283 467 3571 526 securitate

281 555 500 612 lestium
527 553 790 610 bonorum
822 551 990 607 facias
1016 566 1138 608 esse
1166 560 1466 608 consortes.
1501 551 1624 609 Per.

899 643 1018 695 Poat
1039 657 1260 707 precem.

357 729 708 798 Omnipmens
733 727 1064 797 sempiterno
1088 729 1247 793 Deus,
1277 728 1366 799 qui
1397 727 1725 784 abundantia
1761 728 1878 800 pie-

283 824 417 880 tatis
450 834 556 879 tua:
576 833 631 878 ct
680 821 868 877 merita
919 821 1222 892 supplicum
1269 820 1490 876 essedis
1528 831 1583 876 et
1625 831 1768 884 vota,
1800 822 1878 877 el-

283 918 453 974 funde
505 931 667 985 super
707 931 803 971 nos
850 915 1272 970 misericordiam
1319 923 1496 982 tuam,
1531 923 1588 970 ut
1635 915 1879 970 dimittas

282 1026 406 1083 quae
434 1009 760 1065 conscientia
795 1009 1004 1074 metuit,
1037 1015 1091 1062 et
1129 1006 1351 1077 adiicias
1379 1006 1521 1078 quod
1550 1007 1724 1064 oratio
1761 1021 1866 1064 non

289 1105 591 1178 praesumit.
619 1103 720 1160 Per
746 1102 1051 1158 Dominum.

898 1196 1028 1246 Ante
1055 1195 1267 1246 nomina.

357 1281 709 1351 Omnipotens
769 1279 1096 1350 sempiterne
1153 1280 1315 1344 Deus,
1374 1279 1562 1335 adesto
1607 1279 1874 1349 propitius

281 1372 717 1430 invocationibus
743 1372 941 1426 nostris
971 1389 984 1425 :
1014 1381 1066 1426 et
1097 1373 1218 1442 quia
1251 1373 1367 1427 sine
1399 1381 1456 1427 te
1506 1372 1639 1428 nihil
1695 1382 1875 1443 potest

285 1467 535 1523 mortalis
569 1466 878 1532 infirmitas,
913 1474 1107 1535 prtesta
1143 1466 1399 1521 auxilium
1431 1466 1616 1536 gratia:
1664 1475 1790 1534 tum,
1817 1476 1878 1524 ut

284 1559 340 1615 in
370 1558 726 1628 exsequendis
765 1557 1030 1613 mandatis
1091 1558 1219 1626 tuis,
1251 1566 1307 1614 et
1360 1558 1634 1615 voluntate
1680 1559 1798 1628 tibi,
1824 1567 1880 1617 et

285 1653 500 1708 actione
521 1653 724 1722 pariter
755 1651 1080 1720 placeamus.
1111 1651 1213 1706 Per
1245 1651 1550 1706 Dominum.

362 1743 736 1799 Creaturarum
771 1744 1010 1797 omnium
1039 1752 1226 1811 auctor
1253 1744 1395 1798 Deus
1423 1752 1479 1797 et
1507 1742 1755 1812 Domine,
1781 1743 1876 1814 qui

282 1838 539 1894 universa
597 1852 692 1906 per
747 1847 1074 1892 coaeternum
1130 1837 1224 1892 tibi
1289 1836 1502 1902 Filium,
1547 1848 1950 1923 cooperanteB

285 1940 478 1985 sancto
504 1929 729 2001 Spiritu,
757 1929 1060 1995 condidisti,
1091 1929 1160 1983 da
1199 1929 1412 2000 populis
1443 1931 1546 1984 tuis
1569 1931 1709 1987 scire
1731 1933 1872 2002 quod

282 2023 560 2094 praecipis,
589 2021 860 2077 custodire
885 2021 1026 2092 quod
1054 2031 1314 2093 praestas;
1345 2029 1404 2076 ut
1433 2031 1488 2077 et
1529 2031 1614 2076 tua
1647 2023 1875 2093 inspira-

281 2118 430 2172 tione
457 2115 724 2181 credaris,
757 2123 810 2170 et
837 2125 1022 2171 nostra
1053 2129 1268 2185 semper
1309 2129 1444 2172 voce
1493 2115 1745 2171 lauderis.
1773 2117 1877 2174 Per

282 2210 601 2266 Dominum.

893 2279 1053 2340 Super
1075 2277 1257 2329 oblata.

361 2363 526 2428 Deus,
556 2363 650 2433 qui
681 2360 931 2432 legalium
984 2360 1319 2416 diﬁ'erentias
1371 2361 1664 2418 hostiarum
1714 2365 1872 2420 unius

287 2455 544 2512 sacriﬁcii
574 2456 958 2524 perfectionem
999 2453 1243 2520 sanxisti,
1276 2454 1460 2524 accipe
1483 2457 1804 2512 sacriﬁcium
1842 2474 1874 2513 a

285 2549 507 2605 devotis
539 2547 632 2602 tibi
660 2545 900 2615 famulis,
931 2555 984 2600 et
1016 2546 1130 2616 pari
1161 2545 1554 2614 benedictione,
1579 2549 1715 2603 sicut
1757 2564 1876 2604 mu-

283 2655 418 2694 nera
443 2639 599 2706 Abel,
633 2637 931 2703 sanctilica,
954 2645 1016 2691 ut
1054 2636 1194 2707 quod
1244 2636 1440 2705 singuli
1469 2638 1776 2694 obtulerunt
1805 2640 1873 2696 ad

278 2729 576 2800 Maiestatis
611 2739 718 2785 tua:
745 2730 1027 2798 honorem,
1053 2728 1520 2800 cunctisproﬁciat
1543 2731 1607 2786 ad
1620 2733 1868 2789 salutem.

283 2821 394 2883 Per
425 2824 579 2880 Dom.

357 2917 582 2987 Suscipe
610 2931 855 2982 munera,
883 2931 1213 2987 quaesumus,
1243 2917 1469 2974 Domine
1492 2958 1508 2984 ,
1538 2933 1659 2989 quae
1689 2917 1782 2974 tibi
1805 2918 1874 2975 de

289 3021 380 3066 tua
416 3010 662 3082 largitate
704 3010 1020 3076 deferimus,
1051 3021 1107 3064 ut
1139 3012 1254 3066 haec
1281 3021 1626 3067 sacrosancta
1669 3022 1871 3084 myste-

290 3104 394 3170 ria,
423 3103 610 3173 gratia:
642 3113 745 3157 tuae
775 3112 1037 3174 operante
1065 3103 1285 3171 virtute,
1314 3105 1602 3174 przesentis
1627 3106 1750 3160 vitae
1773 3119 1873 3161 nos

282 3195 700 3250 conversatione
753 3196 1110 3262 sanctiﬁcent,
1141 3205 1196 3251 et
1223 3195 1293 3251 ad
1319 3196 1506 3266 gaudia
1536 3197 1866 3266 sempiterna

286 3289 606 3360 perducant.
636 3289 741 3344 Per
767 3290 925 3345 Dom.
957 3299 1199 3344 nostrum
1230 3289 1414 3345 Iesum
1439 3290 1732 3346 Christum.

365 3380 498 3436 Vere
525 3381 743 3452 dignum
775 3392 832 3437 et
877 3383 1083 3451 justum
1115 3393 1219 3450 est,
1269 3397 1478 3454 aequum
1519 3391 1573 3439 et
1615 3384 1868 3440 salutare.

279 3471 350 3528 Ut
379 3471 546 3527 Filius
578 3484 696 3527 tuus
727 3471 885 3527 Iesus
908 3473 1188 3541 Christus,
1214 3474 1304 3543 qui
1343 3489 1404 3530 se
1428 3489 1595 3545 usque
1622 3475 1675 3528 in
1709 3475 1868 3531 tinem

274 3563 468 3619 saeculi
513 3563 629 3620 suis
677 3564 927 3619 ﬁdelibus
957 3563 1118 3637 325
1147 3564 1395 3635 promisit
1453 3565 1782 3632 adfuturum,
1817 3576 1874 3624 et

282 3658 584 3727 praesentia:
640 3657 934 3726 corporalis
983 3656 1253 3728 mysteriis
1306 3673 1414 3713 non
1462 3657 1680 3714 deserat
1736 3674 1870 3728 quos

281 3751 524 3819 redimit,
557 3759 612 3806 et
641 3750 938 3820 majestatis
963 3763 1076 3805 suae
1099 3750 1373 3806 beneﬁciis
1415 3767 1520 3808 non
1569 3753 1856 3824 relinquat.

280 3843 464 3914 thui
493 3853 545 3899 te
587 3853 808 3898 auctore
855 3843 1222 3910 subsistimus,
1245 3851 1298 3898 te
1347 3844 1711 3915 dispensante,
1743 3846 1872 3902 diri-

273 3950 465 4006 gamur
499 3952 513 3989 :
551 3950 658 3990 non
707 3935 908 3991 nostris
955 3935 1201 3991 sensibus
1239 3936 1626 4006 relinquamur,
1657 3939 1752 3993 sed
1804 3938 1870 3994 ad

277 4036 388 4081 tuae
418 4025 628 4081 reducti
654 4040 867 4096 semper
891 4027 1161 4082 tramitem
1190 4027 1457 4094 veritatis,
1491 4029 1606 4083 haec
1654 4029 1872 4086 studea-

275 4133 397 4172 mus
426 4132 681 4174 exercere
705 4133 824 4189 qua:
852 4119 1132 4189 praecipis,
1155 4128 1216 4174 ut
1250 4121 1520 4190 possimus
1565 4120 1706 4176 dona
1750 4137 1872 4191 per-

275 4212 462 4282 cipere
497 4228 618 4284 quae
664 4213 955 4283 promittis,
988 4229 1083 4284 per
1134 4213 1420 4270 Dominum
1472 4223 1736 4271 nostrum.
1769 4215 1871 4272 Per

269 4318 432 4376 quem
464 4304 702 4360 laudant.

802 4395 921 4448 Post
943 4398 1356 4448 communionem.

345 4479 554 4550 Sumpti
583 4480 832 4536 sacriﬁcii
873 4489 1130 4551 perpetua
1190 4494 1290 4536 nos
1343 4479 1497 4535 tuitio
1550 4495 1655 4536 non
1688 4479 1861 4537 relin-

269 4584 436 4645 quat,
469 4583 525 4630 et
592 4575 749 4629 noxia
808 4590 1023 4644 semper
1072 4591 1099 4628 a
1131 4563 1315 4629 nobis
1371 4585 1566 4629 cuncta
1614 4574 1865 4644 depellat.

1981 553 2214 620 cautela,
2240 562 2294 609 et
2340 555 2480 611 inter
2503 568 2691 626 aspera
2735 555 3012 613 fortitudo.
3048 555 3150 614 Per
3169 556 3454 616 Dominum
3477 577 3582 616 no-

1980 653 2174 702 strum.

2589 719 2722 772 Ante
2745 723 2958 773 nomina.

2057 806 2284 874 Praesta,
2342 822 2671 891 quresumps,
2730 809 3075 880 omnipotens
3139 820 3196 866 et
3264 812 3567 870 misericors

1983 898 2145 966 Deus,
2173 907 2231 954 ut
2270 900 2409 955 inter
2462 899 2619 968 hujus
2667 900 2790 955 vita:
2833 900 3092 970 caligines
3136 915 3237 957 nec
3276 901 3568 972 ignorantia

1984 991 2210 1046 fallente
2239 1005 2546 1061 mergamur
2565 1032 2581 1056 ,
2608 1006 2708 1046 nec
2753 992 3015 1060 przecipiti
3045 991 3357 1049 studeamus
3385 995 3578 1050 volun—

1984 1093 2094 1140 tate
2115 1097 2342 1154 peccare
2367 1100 2382 1149 ;
2416 1083 2510 1138 sed
2537 1083 2730 1153 quibus
2781 1083 3028 1138 ﬁduciam
3056 1083 3336 1154 speranda:
3362 1085 3568 1156 pietatis

1984 1175 2249 1246 indulges,
2284 1183 2486 1245 Optata:
2518 1174 2905 1231 misericordia
2953 1183 3149 1246 praesta
3201 1176 3466 1248 benignus
3491 1178 3575 1235 ef-

1983 1268 2201 1324 fectum.

2056 1362 2283 1418 Pateant
2303 1376 2462 1417 aures
2493 1362 2879 1418 misericordiae
2925 1372 3054 1431 tuae,
3103 1365 3352 1434 Domine,
3394 1367 3567 1436 preci-

1993 1456 2092 1510 bus
2114 1454 2568 1525 supplicantium;
2609 1463 2667 1508 et
2693 1464 2752 1510 ut
2777 1457 3087 1526 petentibus
3115 1458 3414 1514 desiderata
3443 1473 3576 1515 con-

1982 1548 2171 1614 cedas,
2202 1548 2286 1603 fac
2316 1548 2408 1604 tibi
2437 1563 2555 1616 eos,
2578 1564 2910 1620 quaesumus,
2933 1551 3126 1621 placita
3149 1552 3438 1623 postulare.
3467 1553 3577 1612 Per

1983 1642 2292 1700 Dominum.

2595 1714 2755 1777 Super
2776 1713 2956 1766 oblata.

2055 1799 2222 1870 Deus,
2249 1799 2356 1866 cui,
2387 1799 2629 1856 omnium
2678 1799 3066 1856 sacriﬁciorum
3093 1800 3358 1858 varietate
3400 1801 3573 1872 ﬁnita,

1981 1891 2208 1946 hostiam
2239 1908 2381 1948 nunc
2409 1892 2685 1948 offerimus
2706 1893 3057 1963 singularem,
3081 1893 3269 1950 adesto
3319 1894 3456 1951 votis
3483 1904 3574 1951 tua

1991 1983 2346 2054 inspiratione
2365 1984 2662 2055 conceptis,
2689 1993 2748 2039 ut
2779 1985 2834 2040 in
2884 1995 2935 2040 te
2977 1985 3308 2055 sperantium
3353 1997 3408 2043 et
3431 1987 3576 2046 desi-

1977 2075 2126 2132 deria
2139 2076 2332 2146 jubeas
2363 2078 2568 2148 perﬁci,
2593 2087 2648 2132 et
2669 2086 2888 2147 peccata
2917 2077 3106 2134 deleri.
3133 2077 3236 2134 Per
3261 2078 3570 2148 Dominum,

2050 2169 2295 2225 Remotis
2322 2170 2822 2226 obumbrationibus
2865 2172 3160 2226 carnalium
3193 2172 3560 2241 victimarum,

1988 2262 2284 2332 spiritalem
2313 2262 2431 2328 tibi,
2459 2277 2668 2318 summe
2695 2263 2888 2328 Pater,
2921 2263 3153 2318 hostiam
3185 2264 3411 2334 supplici
3460 2281 3575 2322 ser-

1989 2354 2155 2410 vitute
2175 2353 2492 2419 deferimus,
2519 2370 2639 2424 quae
2670 2355 2806 2409 miro
2835 2354 3202 2426 ineﬁ'abilique
3239 2357 3497 2427 mysterio
3518 2367 3575 2415 et

1987 2447 2300 2504 immolatur
2326 2463 2564 2518 semper,
2596 2460 2649 2504 et
2679 2449 2870 2504 eadem
2903 2463 3121 2518 semper
3151 2449 3394 2518 olfertnr,
3426 2453 3572 2520 pari-

1981 2552 2166 2612 terque
2205 2552 2261 2597 et
2288 2543 2606 2597 devotorum
2656 2555 2849 2596 munus
2881 2541 3047 2615 326
3072 2549 3130 2596 et
3182 2542 3574 2599 remunerantis

1991 2643 2074 2690 est
2101 2637 2401 2704 pramium.
2435 2634 2538 2689 Per
2566 2633 2874 2690 Dominum.

2052 2725 2392 2796 Quresumus,
2423 2726 2648 2782 Domine
2686 2725 2829 2781 Deus
2857 2735 3045 2782 noster
3075 2767 3090 2792 ,
3122 2734 3180 2782 ut
3203 2727 3405 2783 nostris
3431 2727 3575 2784 desi-

1976 2821 2144 2876 deriis
2168 2820 2471 2890 expeditos,
2507 2819 2851 2875 devotionem
2885 2818 2979 2872 tibi
3015 2832 3114 2874 nos
3143 2817 3366 2875 liberam
3405 2827 3568 2890 atque

1976 2914 2302 2971 oblationem
2325 2914 2522 2970 offerre
2541 2913 2830 2970 concedas.
2875 2910 2980 2968 Per
3009 2911 3295 2969 Dominum
3321 2923 3568 2972 nostrum

1976 3008 2160 3064 Iesum
2188 3005 2484 3063 Christum.

2048 3102 2187 3160 Vere
2211 3103 2428 3174 dignum
2455 3111 2508 3157 et
2544 3103 2747 3171 justum
2795 3109 2899 3168 est,
2950 3115 3159 3173 aequum
3208 3110 3265 3158 et
3311 3099 3572 3159 salutare.

1977 3193 2211 3252 Verbum
2270 3205 2419 3248 tuum
2458 3193 2551 3248 tibi
2601 3209 2696 3264 per
2731 3194 2910 3249 omnia
2946 3203 3300 3251 coaeternum.
3333 3194 3434 3264 Qui
3486 3210 3576 3252 se-

1895 3262 1946 3328 c
1978 3291 2266 3359 metipsnm
2291 3262 2616 3352 exinanivit,
2641 3286 2866 3342 formam
2912 3289 3053 3344 servi
3081 3262 3373 3360 accipiens,
3395 3289 3574 3347 factus

1981 3382 2241 3438 obediens
2263 3395 2432 3451 usque
2455 3381 2522 3434 ad
2549 3390 2800 3445 mortem,
2833 3388 3060 3436 mortem
3087 3392 3266 3438 autem
3293 3383 3492 3448 crucis,
3517 3384 3574 3438 in

1993 3489 2096 3544 qua
2127 3472 2248 3545 pius
2275 3473 2493 3544 sanguis
2518 3472 2570 3527 in
2620 3472 2994 3527 remissionem
3023 3471 3169 3528 fusus
3199 3483 3282 3528 est
3325 3483 3576 3543 peccato-

1992 3583 2133 3623 rum.
2169 3566 2326 3622 Venit
2350 3567 2490 3622 enim
2516 3567 2749 3621 animam
2781 3581 2932 3621 suam
2967 3565 3098 3622 dare
3143 3567 3572 3638 redemptionem

1979 3676 2078 3732 pro
2101 3661 2304 3726 multis,
2323 3660 2632 3716 redditurus
2654 3661 2837 3731 utique
2863 3675 3100 3729 perenne
3121 3659 3245 3716 fidei
3269 3661 3574 3730 praemium,

1975 3768 2073 3823 pro
2097 3753 2291 3823 quibus
2312 3753 2565 3807 sustinuit
2594 3753 2769 3807 crucis
2798 3751 3166 3822 opprobrium.
3201 3752 3346 3807 Bona
3376 3753 3575 3824 quippe

1975 3853 2031 3901 et
2052 3845 2188 3900 mala
2232 3853 2391 3900 erunt
2435 3854 2826 3918 mterna,'quae
2873 3844 3023 3899 dabit
3067 3844 3428 3914 judicaturus,
3471 3845 3567 3913 qui

1975 3936 2115 3991 bona
2141 3944 2195 3991 et
2219 3938 2357 3992 mala
2384 3937 2694 4007 temporalia
2735 3936 3006 3992 contemni
3045 3935 3228 3992 docuit
3271 3936 3565 4007 judicatus.

1980 4026 2095 4083 Non
2130 4029 2272 4083 enim
2299 4029 2456 4083 aliter
2502 4039 2687 4084 natura
2728 4030 2990 4097 delinquit
3045 4029 3309 4096 humana,
3344 4031 3448 4085 nisi
3478 4041 3574 4087 aut

1974 4119 2205 4174 amando
2229 4135 2346 4190 quae
2375 4119 2489 4189 ipse
2515 4123 2874 4190 contempsit,
2899 4129 2993 4176 aut
3043 4122 3278 4178 timendo
3307 4137 3424 4192 qua:
3455 4123 3571 4192 ipse

1973 4210 2246 4266 sustinuit.
2273 4209 2424 4267 Unde
2457 4226 2553 4267 nos
2579 4222 2667 4267 tua
2697 4212 3031 4282 providentia
3073 4215 3209 4286 regi,
3241 4222 3329 4270 tua
3356 4230 3453 4270 nos
3483 4229 3572 4270 re-

1973 4303 2219 4375 demptos
2245 4307 2412 4376 gratia
2441 4306 2750 4377 gubernari,
2775 4308 2976 4363 nullum
3035 4319 3119 4366 est
3161 4310 3359 4365 certius
3389 4309 3558 4366 docu-

1974 4410 2252 4466 mentum;
2286 4416 2446 4471 quam
2472 4401 2590 4472 ejus
2637 4401 2906 4458 evidentia
2961 4405 3254 4469 nascentis,
3301 4404 3558 4475 patientia

1974 4495 2276 4561 morientis,
2307 4495 2546 4564 potentia
2570 4497 2925 4565 resurgentis.
2961 4495 3062 4552 Per
3113 4496 3419 4554 Dominum.

2298 4585 2484 4640 XXIII.
2530 4601 2723 4642 tscrrt'r
2763 4603 2938 4643 cuos
2976 4603 3240 4644 ACTIONIS.

270 4669 469 4721 Sancta
494 4674 579 4720 tua
635 4681 756 4735 nos,
805 4665 1052 4733 Domine,
1077 4679 1404 4736 quaesumus,
1449 4675 1504 4720 et
1549 4665 1868 4721 viviﬁcando
1893 4650 1947 4713 ι)
2045 4681 2266 4738 Sursum
2292 4679 2475 4734 corda,
2513 4679 2666 4750 κεερ,
2703 4679 2969 4734 Habemus
2995 4679 3062 4734 ad
3097 4680 3401 4736 Dominum,
3433 4681 3570 4738 cra-

270 4769 556 4826 renovent,
589 4766 642 4813 et
671 4757 978 4813 renovando
1005 4757 1298 4814 viviﬁcent.
1331 4756 1436 4812 Per
1466 4756 1774 4812 Dominum.

933 4872 1005 4922 Ad
1031 4873 1246 4937 plebem.
1313 4909 1318 4914 .

350 4957 680 5024 Benedictio,
705 4955 946 5024 Domine,
977 4973 1301 5029 quaesumus,
1326 4958 1377 5012 in
1408 4966 1527 5012 tuos
1555 4956 1739 5012 ﬁdeles
1773 4971 1869 5012 co-

273 5051 428 5123 piosa
450 5051 771 5113 descendat;
797 5061 852 5107 et
867 5066 1023 5120 quam
1042 5050 1300 5122 subjectis
1311 5050 1562 5106 cordibus
1585 5059 1869 5120 expetunt,

271 5143 492 5213 largiter
505 5150 898 5214 consequantur
914 5161 926 5196 :
941 5143 1191 5214 quoniam
1213 5140 1612 5211 sicutsuperhis
1637 5141 1867 5207 resistis,

273 5238 356 5293 sic
378 5234 671 5291 humilibus
698 5235 803 5292 tuis
842 5234 1068 5305 gratiam
1118 5233 1379 5304 benignus
1429 5231 1713 5304 impendis.
1747 5231 1868 5288 Per.

727 5346 891 5404 XXII.
932 5362 1063 5401 ιτεκ
1103 5362 1223 5401 ma
1264 5361 1438 5402 IISSA.

833 5449 951 5500 Post
972 5449 1297 5512 prophetiam.

346 5535 618 5605 Concede,
675 5549 1004 5606 quasumus,
1054 5535 1396 5603 omnipotens
1440 5530 1602 5598 Deus,
1627 5541 1690 5586 ut
1721 5531 1860 5586 viam

273 5641 422 5691 tuam
447 5629 642 5684 devota
672 5637 856 5683 mente
901 5634 1184 5681 currentes
1207 5664 1222 5689 ,
1281 5623 1688 5693 subripientium
1720 5621 1867 5679 deli-

275 5738 491 5786 ctorum
523 5723 746 5796 laqueos
768 5721 1082 5779 evadamus.
1112 5719 1234 5776 Per.

902 5815 1021 5866 Post
1043 5825 1263 5878 precem.

353 5903 656 5964 Ecclesiam
701 5911 875 5970 tuam,
924 5899 1172 5970 Domine,
1219 5911 1562 5971 quaesumus,
1609 5902 1870 5968 perpetuo

1974 4775 2075 4830 tias
2095 4787 2311 4843 agamus
2336 4771 2564 4826 Domino
2588 4771 2697 4824 Deo
2713 4770 2916 4824 antro.
2938 4769 3168 4840 Dignum
3183 4779 3236 4825 et
3243 4770 3445 4840 justum
3458 4781 3566 4828 est.

2052 4865 2184 4921 Vere
2211 4863 2427 4934 dignum
2456 4871 2509 4917 et
2532 4861 2736 4931 justum
2760 4871 2864 4928 est,
2894 4877 3104 4931 aequum
3126 4862 3432 4918 etsalutare
3460 4873 3567 4932 est,

1976 4974 2073 5013 nos
2101 4959 2193 5013 tibi
2241 4970 2456 5025 seraper
2505 4963 2562 5010 et
2612 4954 2812 5025 ubique
2855 4956 3054 5026 gratias
3096 4969 3278 5026 agere,
3340 4954 3568 5013 Domine

1977 5057 2184 5116 sancte,
2214 5047 2375 5103 Pater
2413 5045 2776 5116 omnipotens,
2802 5055 3002 5102 aeterne
3056 5046 3358 5118 Deus,-per
3403 5046 3565 5103 Chri-

1974 5153 2113 5199 stum
2148 5139 2428 5197 Dominum
2459 5149 2722 5197 nostrum.
2751 5140 2852 5196 Per
2879 5156 3038 5212 quem
3065 5141 3395 5213 Maiestatem
3419 5151 3566 5200 tuam

1975 5235 2196 5292 laudant
2219 5233 2417 5304 angeli,
2475 5234 2702 5289 adorant
2758 5233 3175 5301 dominationes,
3209 5244 3444 5290 tremunt
3466 5249 3564 5305 po-

1974 5345 2230 5401 testates;
2259 5333 2377 5390 caeli
2404 5333 2768 5404 caelorumque
2803 5333 3025 5386 virtutes
3062 5344 3128 5385 ac
3161 5330 3319 5385 beata
3345 5329 3559 5404 Syraﬁn

1973 5429 2118 5484 socia
2163 5425 2493 5483 exultatione
2544 5425 2946 5481 concelebrant.
2987 5421 3120 5478 Cum
3147 5422 3338 5491 quibus
3364 5433 3419 5478 et
3472 5439 3572 5479 no-

1975 5531 2116 5576 stras
2145 5533 2304 5574 voces
2328 5525 2387 5571 ut
2409 5517 2618 5572 admitti
2674 5515 2870 5583 iubeas
2890 5513 3276 5584 deprecamur,
3331 5516 3563 5586 supplici

1977 5610 2317 5668 confessione
2369 5611 2610 5665 dicentes
2655 5625 2669 5662 :
2713 5607 2964 5674 Sanctus,
3001 5605 3256 5677 Sanctus,
3305 5607 3563 5678 Sanctus,

1977 5705 2234 5761 Dominus
2262 5704 2406 5758 Deus
2435 5700 2693 5758 Sabaoth.

2050 5797 2128 5854 Te
2157 5797 2339 5867 igitur,
2362 5790 2785 5850 clementissime
2830 5791 3009 5859 Pater,
3039 5807 3138 5866 per
3183 5792 3367 5850 Iesum
3408 5791 3570 5851 Chri—

1976 5904 2120 5950 stum
2155 5891 2348 5947 Filium
2368 5895 2522 5945 tuum
2563 5883 2844 5944 Dominum
2877 5896 3117 5946 nostrum
3162 5888 3435 5958 supplicos
3463 5900 3561 5942 ro.
