4048 6350
514 303 633 365 $39

532 520 649 571 nec
675 516 837 585 dona,
869 516 983 572 haee
1012 533 1253 583 munera,
1298 521 1411 573 haec
1453 530 1635 575 saneta
1693 520 1956 576 sacriﬁcia
1989 519 2111 575 inli-

535 617 653 663 bata
688 611 779 664 :in
814 612 999 680 primis
1039 628 1155 682 qua:
1185 612 1275 665 tibi
1327 613 1603 667 offerimus
1646 628 1742 682 pro
1786 621 1873 668 tua
1927 621 2109 667 sancta

536 700 771 755 Ecclesia
804 704 1063 757 catholica
1089 720 1290 774 {quam
1335 706 1635 773 paciﬁcare,
1660 706 1947 769 custodire,
1980 707 2113 760 adu-

469 833 475 839 η
538 808 668 848 nare
697 804 751 849 et
772 790 960 864 regere
982 797 1214 865 digneris
1242 808 1353 852 toto
1382 799 1511 854 orbe
1538 808 1826 865 terrarum,
1860 815 1960 855 una
1988 815 2111 857 cum

474 888 477 891 ’
536 884 791 939 omnibus
818 885 1131 942 ot'thodoxis
1156 900 1313 958 alque
1341 892 1655 960 apostolica:
1703 891 1823 947 ﬁdei
1882 893 2113 949 cultori-

498 975 657 1029 “bus.
711 976 999 1043 Memento,
1034 980 1285 1047 Domine,
1320 983 1479 1055 327
1522 982 1839 1039 famulorum
1886 985 2113 1041 famula-

541 1084 765 1140 rumque
788 1077 1351 1140 tuarum,etomnium
1385 1078 1949 1146 circumadstantium;
1981 1097 2117 1152 quo-

532 1177 652 1218 rum
682 1164 777 1222 tibi
807 1167 935 1223 ﬁdes
966 1170 1174 1241 cognita
1198 1180 1299 1237 est,
1329 1179 1383 1226 et
1405 1179 1530 1226 nota
1560 1173 1816 1229 devotio:
1853 1184 1874 1210 η
1904 1176 1989 1246 qui
2020 1177 2115 1231 tibi

532 1255 763 1312 oﬁ‘erunt
786 1258 885 1313 hoc
912 1262 1232 1317 sacrificium
1266 1264 1435 1317 laudis
1487 1280 1588 1335 pro
1617 1282 1694 1333 se,
1739 1268 1955 1339 suisque
2006 1284 2115 1322 om-

510 1344 707 1415 nibus,
752 1364 849 1419 pro
878 1352 1250 1424 redemptione
1288 1357 1586 1412 animarum
1617 1374 1856 1425 suarum,
1894 1378 1987 1430 pro
2019 1378 2115 1433 spe

498 1436 713 1493 "salutis
740 1446 794 1494 et
844 1442 1225 1499 incolumitatis
1262 1460 1400 1512 suae;
1456 1446 1547 1502 tibi
1580 1449 1809 1504 reddunt
1839 1460 1958 1505 vota
2018 1465 2112 1506 sua

496 1528 729 1583 'teterno
759 1530 884 1596 Deo,
913 1532 1037 1587 vivo
1064 1543 1119 1587 et
1180 1550 1328 1591 vero.
1378 1535 1847 1595 Communicantes
1898 1542 1991 1595 sed
2059 1555 2115 1598 et

527 1624 843 1678 memoriam
900 1636 1219 1682 venerantes
1265 1630 1318 1683 in
1383 1631 1567 1699 primis
1596 1632 1845 1703 gloriosa:
1895 1650 2113 1707 semper

525 1715 749 1784 virginis
772 1716 951 1773 Mariae
968 1720 1245 1789 genitricis
1279 1722 1373 1777 Dei
1427 1732 1479 1779 et
1520 1724 1730 1781 Domini
1784 1731 1951 1785 nostri
1980 1730 2109 1786 Jesu

526 1804 745 1876 Christi,
777 1810 869 1866 sed
902 1821 956 1866 et
994 1812 1269 1870 beatorum
1316 1818 1679 1887 apostolorum
1711 1837 1773 1878 ac
1810 1836 2109 1899 martyrum
2143 1834 2189 1898 Β

527 1910 740 1956 tuorum
800 1902 965 1973 Petri,
1022 1904 1207 1974 Pauli,
1267 1910 1511 1975 Andrem,
1568 1912 1775 1983 Jacobi,
1825 1916 2107 1989 Johannis,

524 1990 768 2063 Thomas,
821 1996 1027 2065 Jacobi,
1082 2000 1341 2073 Philippi,
1404 2005 1800 2075 Bartholomaei,
1853 2012 2106 2081 Mattlmi,

502 2084 785 2155 ‘Simonis,
834 2098 888 2145 et
914 2090 1138 2157 Tathaai,
1164 2093 1303 2165 Lini,
1352 2098 1581 2163 Ancleti,
1607 2100 1921 2165 Clementis,
1947 2105 2109 2178 Systi,

523 2179 745 2247 Cornili,
796 2182 1067 2255 Cypriani,
1102 2187 1372 2253 Laurenti,
1408 2192 1711 2264 Crisogoni,
1743 2197 2011 2253 Johannis
2060 2209 2113 2253 et

528 2274 695 2339 Pauli,
728 2273 938 2333 Cosmae
969 2290 1022 2333 et
1044 2280 1309 2352 Damiani,
1347 2284 1569 2353 Helarii,
1597 2288 1833 2358 Martini,
1886 2303 1939 2347 et
1994 2310 2107 2350 um-

518 2368 662 2422 nimu
693 2382 998 2428 sanctorum
1033 2384 1268 2442 tuorum,
1314 2394 1540 2448 quorum
1582 2383 1789 2437 meritis
1837 2386 2111 2454 precibus-

518 2478 620 2532 que
652 2464 916 2522 concedas
946 2478 1002 2522 ut
1031 2469 1082 2523 in
1102 2471 1349 2525 omnibus
1370 2476 1721 2543 protectionis
1753 2486 1857 2532 tua:
1898 2478 2107 2533 munia-

518 2571 638 2611 mur
664 2560 883 2616 auxilio.
913 2560 1015 2616 Per
1041 2561 1313 2619 Christum
1344 2565 1629 2624 Dominum
1660 2579 1921 2625 nostrum.

592 2649 738 2706 Hanc
759 2652 918 2722 igitur
943 2654 1267 2712 oblationem
1322 2660 1597 2717 servitutis
1645 2671 1868 2732 nostra},
1909 2666 2005 2722 sed
2054 2677 2110 2723 et

519 2750 725 2796 cunctae
757 2741 971 2800 familia:
1000 2756 1103 2801 tuae
1129 2748 1313 2817 (quam
1346 2751 1439 2807 tibi
1467 2754 1741 2811 offerimus
1796 2758 1850 2813 in
1896 2759 2098 2818 honore

525 2831 718 2887 Domni
748 2834 884 2891 beati
908 2838 1158 2909 martyris
1185 2843 1260 2896 tui
1304 2842 1455 2899 ill.et
1506 2862 1599 2917 pro
1654 2850 1885 2918 peccatis
1942 2863 2101 2924 atque

519 2923 903 2982 offensionibus
949 2931 1171 2997 nostris;
1228 2944 1283 2988 ut
1331 2938 1570 2993 omnium
1627 2941 1944 3003 delictorum
2006 2963 2106 3003 no-

516 3026 750 3074 strorum
810 3022 1178 3079 remissionem
1222 3032 1480 3100 consequi
1508 3037 1859 3108 mereamur),
1891 3054 2105 3109 quassu-

492 3100 657 3177 'mus,
689 3108 913 3164 Domine
935 3122 989 3165 ut
1031 3114 1270 3183 placatus
1299 3120 1585 3189 suscipias,
1619 3124 1844 3195 diesque
1886 3140 2099 3187 nostros

514 3198 569 3252 in
605 3208 690 3254 tua
723 3196 853 3271 pace
900 3203 1174 3274 diSponas,
1206 3220 1367 3279 atque
1414 3213 1483 3268 ab
1512 3223 1712 3272 (eterna
1758 3219 2102 3279 damnatione
2131 3220 2178 3284 Β
2303 3234 2569 3291 Memento
2595 3240 2776 3309 etiam,
2815 3244 3060 3315 Domine,

518 3304 617 3344 nos
640 3291 859 3360 eripias,
890 3303 944 3349 et
982 3296 1036 3350 in
1086 3298 1373 3356 electorum
1429 3311 1641 3362 tuorum
1695 3308 1885 3379 jubeas
1940 3328 2104 3386 grege

516 3384 810 3439 numerari.
850 3383 951 3441 Per
982 3388 1249 3446 Christum
1278 3391 1562 3451 Dominum
1594 3407 1863 3458 nostrum.

586 3477 753 3544 Quam
785 3480 1107 3538 oblationem
1134 3494 1188 3540 tu
1215 3487 1353 3544 Deus
1377 3490 1430 3545 in
1460 3494 1730 3561 omnibus,
1763 3512 2097 3570 qumsumus,

514 3570 873 3637 benedictam.
899 3579 1216 3647 ascriptam.
1251 3591 1442 3650 ratam,
1488 3586 1883 3657 rationabilem,
1912 3607 2103 3665 accep-

511 3662 832 3736 tabifemque
861 3665 1036 3725 facere
1066 3669 1309 3741 dignare,
1342 3691 1463 3744 quae
1494 3677 1650 3734 nobis
1672 3694 1868 3752 corpus
1889 3693 1944 3739 et
1973 3662 2096 3741 san-

508 3756 624 3824 guis
656 3755 745 3811 ﬁat
784 3757 1119 3815 dilectissimi
1146 3762 1261 3817 Filii
1283 3766 1382 3833 tui,
1416 3767 1627 3825 Domini
1650 3780 1828 3829 autem
1859 3775 1949 3832 Dei
1994 3792 2099 3833 no-

509 3845 606 3899 stri
631 3846 756 3901 Jesu
779 3846 995 3905 Christi.
1025 3852 1123 3920 Qui
1156 3855 1323 3924 pridie
1351 3873 1510 3929 quam
1554 3870 1849 3932 pateretur,
1883 3872 2093 3939 accepit

507 3951 704 4007 panem
737 3938 790 3995 in
822 3952 1033 3998 sanctas
1073 3960 1136 4001 ac
1173 3951 1512 4009 venerabiles
1556 3970 1745 4013 manus
1794 3975 1957 4032 suas;
1987 3965 2097 4021 ele-

490 4029 651 4107 ’vatis
680 4031 852 4088 oculis
883 4034 995 4091 suis
1024 4036 1089 4092 ad
1123 4039 1309 4095 czelum
1340 4044 1404 4097 ad
1426 4055 1477 4102 te
1507 4046 1675 4104 Deum
1702 4049 1911 4108 Patrem
1938 4029 2093 4113 suum

1240 313 1581 370 APPENDIX
1622 315 1712 371 AD
1749 314 1974 369 OPERA
2018 309 2259 366 SANCTI
2298 309 2607 367 GERMANI
2651 313 3091 374 PARISIENSIS.

532 438 714 496 gamus
742 436 790 479 et
832 415 1061 494 petimus
1082 465 1097 491 ,
1130 427 1203 480 uti
1238 437 1453 497 accepta
1503 428 1696 483 habeas
1744 437 1797 482 et
1827 424 2114 522 bettedlcas
2138 427 2191 487 Δ
2219 442 2678 514 omnipotentem,
2725 448 2819 504 tibi
2871 452 3070 522 gratias

3708 320 3824 380 Su

3112 446 3249 527 egit;
3298 454 3596 528 benedixit,
3632 456 3833 531 fregit,

2214 533 2360 589 dedit
2380 535 2656 608 discipulis
2683 542 2819 608 suis,
2852 542 3033 599 dicens
3061 563 3074 600 :
3105 548 3345 619 Accipite
3368 559 3423 607 et
3452 552 3789 609 manducate
3815 573 3833 608 :

2214 626 2325 684 Hoc
2348 638 2431 685 est
2455 632 2597 687 enim
2638 648 2833 703 corpus
2857 654 3054 694 memn.
3088 640 3261 697 Simili
3307 645 3466 700 modo
3512 656 3826 718 postquam

2213 732 2480 779 cmnatum
2506 740 2605 791 e51,
2630 730 2835 799 accepit
2863 744 2917 787 et
2945 738 3083 789 hunc
3139 741 3451 807 praclarum
3482 743 3717 798 calicem
3752 746 3812 797 in

2213 825 2427 871 sanctas
2456 828 2509 875 et
2542 825 2869 881 venerabiles
2898 844 3086 886 manus
3130 846 3285 900 suas;
3314 837 3440 891 item
3475 838 3568 892 tibi
3601 842 3822 908 gratias

2214 925 2396 980 agens,
2428 913 2716 983 benedixit,
2746 918 2889 975 dedit
2914 921 3194 993 discipulis
3222 930 3355 997 suis,
3387 931 3573 987 dicens
3606 952 3622 988 :
3659 935 3826 988 Acci-

2213 1006 2324 1075 pite
2349 1016 2401 1061 et
2432 1005 2597 1065 bibite
2620 1026 2685 1065 ex
2716 1012 2815 1068 hoc
2864 1032 3072 1074 omnes.
3104 1018 3202 1076 Hic
3226 1033 3306 1078 est
3335 1025 3479 1080 enim
3513 1027 3655 1081 calix
3690 1042 3827 1082 san-

2216 1101 2392 1171 guinis
2420 1104 2522 1158 mei
2550 1146 2564 1170 ,
2595 1108 2715 1161 uovi
2764 1122 2816 1163 et
2865 1114 3051 1166 aeterni
3108 1112 3460 1183 Testamenti,
3494 1120 3827 1189 mysterium

2218 1193 2376 1262 ﬁdei,
2402 1198 2490 1265 qui
2524 1214 2617 1267 pro
2653 1202 2801 1256 vobis
2829 1212 2880 1258 et
2912 1220 3007 1274 pro
3062 1210 3241 1264 multis
3287 1210 3592 1268 elfundetur
3624 1216 3687 1269 in
3742 1232 3821 1271 re-

2218 1286 2525 1344 missionem
2557 1301 2918 1359 peccatorum.
2944 1296 3070 1354 Haec
3101 1302 3585 1376 quotienscumque
3616 1306 3818 1363 feceri-

2202 1378 2304 1455 tis,
2330 1380 2380 1433 in
2397 1382 2499 1437 mei
2526 1387 2834 1440 memoriam
2864 1386 3087 1446 facietis.
3122 1393 3247 1449 Inde
3273 1409 3326 1451 et
3351 1414 3619 1456 memores
3643 1403 3827 1478 328

2214 1484 2421 1538 Sumus,
2455 1474 2697 1542 Domine,
2733 1496 2827 1534 nos
2852 1482 2922 1535 tui
2955 1485 3118 1549 servi,
3151 1487 3243 1541 sed
3269 1499 3322 1543 et
3349 1491 3498 1561 plebs
3530 1501 3615 1547 tua
3642 1474 3811 1548 sane:

2218 1570 2293 1629 ta,
2319 1563 2515 1619 Christi
2547 1567 2661 1623 Filii
2693 1573 2765 1623 tui
2803 1572 3005 1631 Domini
3032 1580 3199 1634 nostri
3249 1589 3353 1636 tam
3390 1584 3559 1643 beatae
3591 1588 3814 1661 passio-

2216 1654 2320 1721 nis,
2344 1672 2551 1715 necnon
2582 1671 2636 1716 et
2684 1664 2750 1717 ab
2774 1663 2959 1723 inferis
3011 1673 3443 1745 resurrectionis,
3494 1677 3589 1732 sed
3637 1688 3701 1732 et
3758 1679 3811 1734 in

2216 1749 2377 1803 caelos
2403 1750 2647 1819 gloriosa:
2670 1756 2995 1814 ascensionis
3026 1780 3038 1813 :
3068 1763 3346 1822 offerimus
3395 1769 3668 1837 praelatae
3708 1771 3825 1825 Ma-

2212 1839 2389 1911 jestati
2419 1842 2486 1899 de
2514 1845 2616 1899 tuis
2641 1845 2793 1903 donis
2820 1866 2882 1905 ac
2905 1850 3039 1907 datis
3066 1854 3293 1913 hostiam
3324 1875 3533 1929 puram,
3566 1862 3812 1917 hostiam

2218 1944 2474 1999 sanctam,
2504 1937 2730 1993 hostiam
2766 1942 3181 2017 immaculatatn,
3212 1967 3399 2019 panem
3413 1967 3653 2012 sanctum
3685 1960 3820 2014 vita

2220 2038 2457 2094 :ctcrnze,
2507 2039 2561 2085 et
2618 2032 2838 2090 ralicem
2888 2039 3073 2095 salutis
3124 2056 3417 2113 perpetum.
3469 2049 3637 2121 Supra
3689 2068 3821 2119 qua

2216 2120 2447 2187 propitio
2474 2136 2537 2177 ac
2560 2137 2755 2179 sereno
2786 2127 2929 2182 vultu
2954 2131 3197 2201 aspicere
3224 2135 3467 2206 dignare,
3502 2120 3557 2195 et
3576 2154 3813 2213 accepta

2219 2208 2439 2276 habere,
2481 2213 2637 2268 sicuti
2660 2228 2875 2288 accepta
2919 2221 3115 2280 habere
3157 2226 3405 2298 dignatus
3455 2247 3514 2287 es
3562 2251 3801 2290 munera

2216 2304 2365 2371 pueri
2400 2305 2471 2359 tui
2495 2305 2626 2375 justi
2660 2309 2817 2378 Abel,
2841 2321 2896 2367 et
2924 2316 3248 2373 sacrificium
3274 2324 3589 2390 patriarcha
3632 2330 3814 2383 nostri

2216 2395 2470 2463 Abrahae,
2494 2410 2548 2454 et
2578 2403 2718 2470 quod
2750 2405 2843 2460 tibi
2890 2408 3085 2465 obtulit
3125 2429 3368 2471 summus
3400 2420 3651 2474 sacerdos
3682 2432 3816 2477 tuus

2212 2487 2647 2565 Melchisedech,
2693 2507 2937 2555 sanctum
2987 2506 3336 2571 sacriﬁcium,
3395 2511 3804 2571 immaculatam

2214 2578 2463 2638 hostiam.
2502 2584 2784 2655 Supplices
2815 2602 2865 2647 te
2893 2609 3166 2666 rogamus,
3195 2610 3249 2655 ei.
3268 2604 3520 2673 petimus,
3550 2608 3815 2680 omnipo-

2214 2679 2334 2728 tcns
2352 2675 2508 2745 Deus,
2520 2678 2648 2747 jube
2684 2684 2909 2752 perferri
2934 2705 3028 2756 per
3052 2708 3239 2751 manus
3263 2699 3433 2753 sancti
3454 2702 3627 2771 angeli
3649 2675 3721 2759 tui
3757 2704 3813 2760 in

2214 2764 2428 2821 sublimi
2462 2770 2616 2826 altari
2665 2784 2787 2843 tuo,
2824 2780 2873 2832 in
2922 2795 3213 2852 conSpectu
3268 2789 3469 2848 divina:
3510 2764 3814 2866 Majestat’is

2196 2865 2347 2926 .tuae;
2372 2870 2428 2914 ut
2456 2874 2716 2935 quotquot
2741 2885 2807 2925 ex
2835 2871 2939 2928 hoc
2964 2876 3119 2933 altari
3143 2865 3811 2946 sanctificationissacro-

2208 2962 2453 3007 sanetum
2486 2956 2602 3011 Filii
2632 2960 2702 3015 tui
2729 2976 2927 3033 corpus
2956 2977 3009 3023 et
3038 2976 3350 3042 sanguinem
3385 2984 3802 3049 sumpserimus,

2194 3044 2357 3099 omni
2388 3044 2762 3109 benedictione
2791 3057 2990 3116 caelesti
3037 3072 3093 3118 et
3132 3068 3301 3135 gratia
3328 3044 3655 3141 repleantur.
3690 3073 3799 3131 Per

2210 3136 2480 3196 Christum
2508 3142 2795 3206 Dominum
2821 3162 3085 3211 nostrum.

3091 3260 3145 3307 et
3174 3268 3362 3312 eorum
3403 3257 3691 3333 (Nomina)
3711 3264 3806 3333 qui

2212 3342 2312 3385 nos
2345 3343 2735 3397 praecesserunt
2778 3351 2902 3392 cum
2924 3345 3081 3410 signo
3138 3346 3284 3414 ﬁdei,
3325 3360 3381 3405 et
3429 3351 3709 3410 dormiunt
3750 3358 3809 3413 in

2210 3434 2401 3477 somno
2428 3422 2597 3490 pacis.
2630 3423 2787 3495 ipsis,
2826 3428 3085 3501 Domine,
3108 3446 3163 3491 et
3200 3440 3534 3503 omnibusjn
3586 3444 3811 3504 Christo

2209 3511 2613 3582 quiescentibus
2660 3517 2836 3575 locum
2879 3524 3164 3596 refrigerii,
3197 3532 3330 3587 lucis
3358 3542 3413 3589 et
3463 3536 3612 3604 pacis
3637 3549 3695 3594 ut
3721 3540 3809 3596 in-

2210 3602 2431 3674 dulgeas
2487 3608 2866 3680 deprecamur,
2906 3630 3005 3685 per
3042 3618 3313 3679 Christum
3361 3602 3645 3685 Dominum
3691 3647 3793 3687 no-

2207 3706 2399 3755 strum.
2429 3698 2592 3756 Nobis
2622 3717 2837 3775 quoque
2866 3714 3238 3777 peccatoribus
3298 3718 3512 3775 famulis
3553 3724 3657 3777 tuis
3679 3763 3696 3789 ,
3724 3722 3795 3779 de

2206 3791 2551 3849 multitudine
2581 3795 2985 3857 miserationum
3013 3813 3223 3861 tuarum
3267 3812 3634 3881 sperantibus,
3664 3830 3790 3884 par-

2205 3887 2311 3936 tem
2335 3882 2569 3953 aliquam
2600 3894 2654 3940 et
2680 3890 2994 3950 societatem
3019 3896 3226 3957 donare
3247 3900 3507 3973 digneris.

2280 3975 2478 4035 Cretera
2497 3982 2701 4038 desunt.

590 4179 617 4209 ⁸
651 4171 816 4230 Deest
849 4174 957 4244 hic,
987 4187 1042 4235 ut
1071 4178 1123 4235 in
1155 4182 1336 4240 multis
1364 4184 1506 4255 aliis,
1534 4189 1674 4258 quod
1699 4206 1840 4248 nunc
1864 4194 1964 4251 hoc
1994 4195 2114 4255 loco
2151 4201 2455 4273 inserimus,
2484 4224 2577 4279 pro
2601 4211 2783 4280 quibus
2805 4212 2896 4270 tibi
2934 4215 3219 4289 offerimus,
3240 4220 3320 4277 vel
3361 4216 3451 4297 qui
3477 4222 3591 4298 tibi,
3623 4238 3731 4288 etc.

3242 4412 3788 4437 Ἃ

1921 5059 2372 5086 —-——-—

769 5160 813 5223 l.
856 5176 1006 5219 ιιιεεΑ
1047 5177 1234 5219 SANC'I'I
1274 5182 1509 5225 GERMANI
1547 5187 1807 5230 EPISCOPI.
2118 5183 2173 5245 Ι)

572 5255 757 5329 329.
798 5253 1176 5313 Venerabilem
1206 5256 1345 5314 diem
1372 5271 1531 5332 atque
1555 5265 1862 5331 sublimem,
1897 5267 2091 5326 fratres

496 5348 785 5412 carissimi,
838 5361 1086 5419 prompta
1133 5351 1418 5410 devonione
1473 5356 1829 5423 celebremus,
1884 5360 2091 5416 miseri-

496 5438 737 5493 cordiam
803 5442 1008 5497 Domini
1063 5446 1228 5497 nOStri
1282 5446 1599 5514 suppliciter
1648 5460 1974 5516 exorantes,
2035 5462 2092 5507 ut

490 5528 792 5587 beatissimi
819 5531 1070 5590 Germani
1097 5518 1352 5593 antistitis
1378 5546 1431 5592 et
1455 5541 1783 5598 confessoris
1806 5545 1910 5612 sui,
1934 5547 2118 5618 cujus.

493 5627 736 5697 exempla
771 5629 1053 5698 miramur,
1085 5631 1184 5686 etsi
1242 5634 1441 5700 aequari
1472 5635 1625 5689 factis
1654 5637 1773 5709 ejus
1816 5656 1919 5695 non
1970 5660 2091 5712 pos-

491 5732 698 5787 sumus,
734 5722 923 5777 saltem
953 5723 1175 5793 vestigia
1224 5727 1397 5796 sequi,
1428 5734 1484 5784 et
1512 5727 1672 5785 fidem
1696 5732 1848 5789 nobis
1875 5737 2085 5792 contin-

486 5827 582 5886 gat
604 5812 820 5869 imitari.
857 5814 957 5869 Per
978 5814 1136 5875 Dom.

2860 5192 3117 5249 Collectio.

2271 5266 2481 5325 Gratias
2511 5268 2604 5327 tibi
2634 5273 2865 5345 agimus,
2906 5284 3250 5353 omnipotens
3297 5289 3455 5359 Deus,
3492 5310 3591 5366 pro
3620 5302 3789 5356 virtu-

2198 5359 2341 5414 tibus
2368 5361 2661 5419 beatissimi
2693 5365 2943 5426 Germani
2968 5376 3219 5434 autisﬁtis
3246 5384 3317 5437 tui
3346 5402 3357 5437 :
3384 5359 3519 5457 quas
3538 5391 3612 5462 ei,
3638 5393 3795 5450 Pater

2198 5456 2559 5526 omnipotens,
2593 5475 2700 5514 non
2735 5462 3004 5521 immerito
3032 5470 3288 5542 tribuisti,
3323 5482 3446 5550 quia
3471 5492 3524 5540 te
3571 5456 3791 5559 aposto-

2197 5548 2299 5604 lica
2332 5550 2673 5609 confessione
2695 5556 2854 5611 rebus
2882 5562 3131 5621 omnibus
3160 5568 3276 5635 plus
3298 5548 3516 5633 amavit.
3536 5548 3790 5639 Discussh

2193 5658 2223 5697 a
2255 5658 2312 5696 se
2341 5642 2575 5711 divitias,
2612 5657 2670 5701 ut
2699 5661 3014 5719 paupertate
3056 5658 3279 5729 spiritus
3324 5668 3578 5726 cmlorum
3624 5687 3791 5746 regna

2192 5739 2604 5795 conscenderet.
2635 5740 3097 5806 Mansuetudinem
3128 5758 3317 5822 tenuit,
3363 5770 3422 5815 ut
3463 5774 3659 5821 terram
3687 5739 3784 5822 vsui

2196 5835 2443 5904 corporis
2472 5837 2785 5917 spiritaliter
2811 5844 3131 5913 possideret.
3154 5851 3366 5931 Lubere
3389 5857 3686 5935 delectatus
3702 5870 3786 5921 est
