4048 6350
204 324 332 383 541

1221 325 1316 382 DE
1352 323 1687 382 LITURGlA
1722 320 2123 379 (ιλιιιοΑΝιι
2163 320 2368 380 ιωΕῆ
2406 324 2492 380 lli.

3390 316 3499 379 δη

202 441 275 498 in
307 442 539 509 saeculo,
586 450 646 497 ut
691 444 961 498 ominalem
1005 442 1428 500 consolationem
1464 460 1529 499 ex
1574 442 1811 500 muneris
1837 442 2179 506 Amendatis
2221 443 2466 497 universa
2511 440 2595 495 lex
2639 450 2692 494 et
2731 440 3006 509 propheta:
3053 439 3377 509 pendebant,
3432 439 3502 496 ad

202 536 302 591 tui
363 536 608 606 largitate
659 536 975 607 perciperet.
1026 534 1298 592 Justitiam
1346 535 1578 591 esurivit
1636 534 1815 605 adque

200 625 421 692 sitivit,
477 637 532 681 ut
555 628 661 683 tuis
709 638 1046 683 samrsretur
1092 628 1346 698 eloquiis.
1400 627 1813 698 Eleemesynam

202 717 429 788 iugiter
459 718 602 784 fecit,
637 727 693 772 ut
716 718 1082 774 indesinenter
1108 734 1216 774 neu
1247 727 1451 773 tantum
1480 719 1606 784 sibi,
1638 716 1733 773 sed
1756 726 1817 773 et

204 813 427 866 ceteris
454 812 664 880 pietatis
695 821 800 867 tuae
829 812 1251 868 misericordiam
1289 812 1575 867 obtineret.
1608 811 1817 865 Purita—

204 915 332 960 lem
362 909 544 963 cordis
576 907 781 973 habuit,
817 918 877 963 ut
902 914 958 961 te
988 907 1211 962 videret.
1245 905 1427 962 Fidem
1455 906 1706 969 servavit,
1758 912 1816 959 ut

204 995 355 1051 ﬁliis
387 998 493 1051 tuis
522 997 757 1053 fraterna
790 1012 848 1054 se
876 996 1289 1068 participatione
1314 996 1681 1067 coniungeret.
1714 995 1816 1050 Per

205 1090 383 1158 cujus
412 1089 769 1147 interventum
793 1106 1098 1162 precamur,
1124 1092 1215 1163 qui
1240 1091 1387 1147 illum
1410 1093 1577 1149 bono.
1620 1128 1636 1145 .
1677 1127 1697 1145 .
1736 1126 1755 1146 .
1790 1126 1814 1146 .

202 1181 348 1251 piis.
384 1183 488 1240 Per
512 1183 819 1240 Dominum.

702 1275 941 1328 Collectio
958 1281 1072 1339 post
1093 1278 1305 1328 nomine.

292 1361 513 1416 Auditis
536 1362 845 1417 nominibus
874 1361 1213 1427 oﬂ‘erentum,
1252 1360 1644 1417 indeﬁcientem
1675 1358 1815 1415 divi-

216 1468 355 1506 nam
387 1452 728 1507 clementiam
759 1454 1131 1523 deprecemur,
1161 1460 1217 1507 ut
1248 1453 1344 1506 has
1366 1451 1669 1506 oblationes
1701 1451 1813 1520 ple-

206 1542 331 1610 bis,
369 1558 504 1615 quas
544 1544 597 1599 in
650 1543 851 1598 honore
883 1542 1174 1598 beatissimi
1203 1542 1456 1597 Germani
1487 1540 1738 1595 antistitis
1762 1549 1817 1594 et

221 1637 565 1693 confessoris
604 1636 972 1705 offerimus,...
1031 1636 1296 1705 signatum
1351 1634 1496 1689 diem
1546 1634 1814 1690 hodiernae

212 1731 587 1786 solemnitatis
628 1729 963 1786 celebremus
1001 1744 1123 1784 cum
1154 1730 1473 1782 inconcussa
1502 1728 1620 1780 lidei
1656 1726 1816 1780 liber-

1910 550 2015 595 eas
2035 538 2412 608 quas'diximu's
2436 536 2771 607 evangelicas
2790 533 3147 591 beatitudines
3170 535 3500 604 perveniret.

1922 630 1990 686 Et
2012 631 2137 699 quia
2168 640 2245 696 tu,
2278 629 2504 685 Domine
2530 628 2657 684 .lesu
2682 627 2916 691 Christe,
2939 626 3193 696 apostolis
3220 626 3503 699 tuisdixe—

1914 697 2133 786 rasiut,
2176 730 2370 777 cautes
2415 735 2513 791 per
2561 721 2866 774 universum
2916 718 3195 783 mundum,
3234 697 3502 773 uni'verste

1918 824 2181 869 creaturae
2212 812 2555 884 Evangelium
2589 812 2960 881 praedicarent,
2988 817 3045 865 et
3070 808 3297 865 virtutes
3323 808 3504 865 efﬁce-

1914 917 2060 973 rent,
2113 908 2227 963 haec
2274 918 2397 962 tuus
2442 908 2822 963 devotissimus
2870 902 3169 959 Germanus
3214 903 3500 973 episcopus

1920 1004 2223 1069 Tartarum,
2257 1016 2443 1059 eorum
2470 1004 2712 1073 vestigiis
2733 1002 3068 1067 Subsecutus,
3092 1012 3193 1070 per
3215 1007 3353 1053 totas
3376 994 3505 1052 Gal-

1921 1095 2043 1162 lias,
2092 1095 2283 1163 Roma,
2331 1095 2573 1151 inectalia
2608 1104 2664 1160 λ,
2696 1095 2748 1148 in
2777 1092 3045 1148 Brettania
3088 1091 3243 1146 annis
3285 1088 3502 1163 triginta

1930 1203 2156 1259 corpore
2181 1189 2445 1257 adﬂictus,
2478 1189 2663 1245 ianuis
2690 1189 2885 1259 jugiter
2915 1192 2964 1242 in
2996 1192 3086 1242 tuo
3112 1186 3329 1242 nomine
3363 1201 3505 1255 pra:-

1919 1281 2151 1349 dicavit;
2198 1280 2434 1338 hmreses
2480 1283 2729 1347 abstulit;
2768 1281 2988 1337 adduxit
3016 1280 3270 1351 pupulum
3298 1280 3364 1334 ad
3392 1280 3506 1349 ple-

1921 1390 2043 1430 nam
2072 1382 2130 1431 et
2155 1376 2418 1445 integram
2442 1375 2600 1446 331
2631 1375 2822 1441 fidem;
2848 1373 3005 1445 ejecit
3026 1374 3332 1437 daemones;
3360 1382 3501 1426 mors

1922 1477 2041 1523 tuos
2078 1468 2386 1533 suscitavit;
2423 1469 2581 1537 aegris
2612 1466 2842 1521 reddidit
2871 1466 3147 1535 pristinam
3178 1464 3501 1535 sanitatem;

1923 1558 2267 1628 implevitque
2312 1557 2489 1612 omnia
2540 1557 2714 1627 signa,
2749 1557 2975 1611 virtutes
3030 1555 3212 1625 utique
3250 1553 3502 1623 adeptus.

1928 1650 2021 1707 Sic
2057 1652 2243 1719 erepit,
2287 1658 2347 1705 ut
2384 1659 2685 1715 cresceret;
2717 1650 2792 1703 sic
2834 1648 3107 1718 pugnavit,
3135 1656 3193 1701 ut
3222 1648 3504 1713 vinceret;

1921 1741 2000 1796 sic
2048 1742 2462 1809 consummavit,
2525 1749 2582 1796 ut
2632 1740 2821 1795 mortis
2868 1739 3121 1794 tenebras
3166 1739 3501 1807 praeteriret,

202 1831 360 1888 ἔθεεν
390 1838 548 1892 quam
586 1822 677 1897 “"3
710 1822 982 1877 οουδῑθηῑί
1012 1830 1192 1877 meme
1220 1818 1500 1875 defendi“
1532 1827 1815 1888 precantes
1848 1829 1896 1900 Β
1920 1835 2195 1907 martyriis
2249 1849 2308 1890 se
2359 1834 2728 1904 conjungeret,
2789 1835 2979 1887 stolam
3036 1844 3155 1885 cum
3206 1829 3503 1884 centesimo

207 1923 280 1969 ut
315 1913 483 1968 robur
512 1914 782 1983 patientiae
833 1912 973 1983 ejus.
1018 1952 1033 1966 .
1075 1949 1093 1969 .
1136 1950 1152 1967 .
1197 1949 1214 1967 .
1258 1953 1273 1967 .
1319 1950 1336 1966 .
1377 1948 1395 1967 .
1439 1948 1454 1967 .
1495 1949 1511 1966 .
1553 1947 1571 1966 .
1616 1950 1631 1964 .
1675 1949 1693 1966 .
1734 1948 1749 1966 .
1789 1944 1808 1966 .

286 2096 519 2154 Oremus
547 2100 705 2154 etiam
726 2109 782 2154 et
808 2112 907 2168 pro
935 2098 1213 2168 spiritibus
1232 2110 1480 2153 carorum
1504 2105 1809 2152 nostrorum

212 2190 480 2261 (quorum
505 2191 643 2245 idem
672 2191 1015 2260 omnipotens
1042 2190 1187 2245 Deus
1208 2198 1264 2246 et
1288 2204 1568 2246 utceterum
1596 2190 1737 2245 novit
1758 2198 1813 2246 et

209 2284 496 2355 nomina),
551 2294 609 2339 ut
663 2286 907 2340 ninnium
960 2286 1270 2340 memoriam
1329 2282 1512 2347 faciat,
1569 2285 1807 2338 omnium

210 2387 436 2447 peccata
463 2377 719 2432 dimittat.
747 2377 851 2432 Per
877 2377 1158 2431 Dominum
1188 2382 1447 2429 nostrum.

704 2466 961 2529 [Collectio
987 2467 1048 2517 ad
1075 2467 1288 2529 pacem.]

287 2552 453 2624 330
489 2552 653 2617 Deus,
718 2566 813 2621 pro
841 2551 995 2620 cujus
1023 2566 1179 2605 sacro
1208 2564 1440 2604 nomette
1465 2548 1654 2603 beatus
1675 2544 1812 2601 Ger-

214 2659 419 2703 manus
449 2645 677 2699 antistes
709 2654 829 2698 tuus
868 2642 1192 2697 desideravit
1234 2640 1339 2711 pati
1384 2642 1808 2710 persecutionem

216 2747 444 2809 propter
469 2737 752 2809 justitiam,
800 2745 858 2791 ut
897 2737 996 2791 etsi
1048 2737 1360 2807 martyrium
1391 2749 1497 2789 non
1527 2733 1808 2803 perferret,

1914 1926 2089 1981 fructu
2122 1926 2441 1995 perciperet,
2475 1934 2527 1979 et
2559 1926 2664 1978 vita
2696 1925 2797 1979 hac
2828 1930 3043 1992 peracta
3086 1935 3309 1991 regnum
3351 1920 3504 1975 inha-

1914 2018 2111 2072 bitaret
2137 2025 2420 2071 aeternum.
2460 2015 2609 2083 Quod
2639 2015 2943 2080 credentes,
2969 2013 3112 2069 Deus
3142 2012 3299 2067 Pater
3324 2012 3501 2066 omni.

1914 2119 2125 2179 potens,
2188 2112 2460 2179 supplices
2512 2123 2821 2175 exoramus,
2880 2113 2939 2163 ut
2978 2107 3029 2161 in
3087 2107 3200 2175 ejus
3256 2104 3393 2174 apud
3451 2113 3502 2160 te

1917 2201 2230 2270 patrociniis
2262 2213 2313 2257 et
2346 2202 2819 2257 intercessionibus
2859 2199 3041 2271 pietati
3087 2208 3190 2254 tuae
3226 2212 3497 2252 commen-

1912 2294 2043 2362 dati,
2074 2310 2169 2349 nos
2198 2296 2251 2349 in
2284 2296 2531 2350 omnibus
2565 2304 2707 2349 tuam
2740 2292 3161 2349 misericordiam
3205 2305 3498 2360 consequa-

1914 2402 2052 2451 mur,
2080 2388 2316 2459 angelica
2347 2396 2400 2441 te
2429 2389 2761 2443 exultatione
2791 2386 3070 2441 laudantes
3108 2394 3161 2439 et
3201 2383 3444 2438 dicentes
3474 2399 3489 2434 :

1912 2478 2162 2541 Sanctus,
2190 2478 2440 2540 Sanctus,
2466 2480 2716 2535 Sanctus.

2403 2570 2638 2621 Collectio
2660 2578 2767 2632 post
2790 2572 3011 2621 Sanctus.

1985 2653 2307 2710 Benedictus
2348 2655 2506 2725 plane
2550 2655 2641 2724 qui
2680 2654 2831 2708 venit
2883 2655 2936 2708 in
2985 2652 3200 2707 nomine
3254 2650 3495 2716 Domini;

1912 2746 2225 2801 benedictus
2270 2748 2407 2801 Deus
2447 2747 2557 2801 lies
2591 2748 2772 2811 Israel,
2804 2761 2902 2815 pax
2936 2746 2989 2799 in
3025 2755 3189 2811 terra,
3230 2743 3398 2813 gloria
3439 2742 3493 2797 in

217 2828 330 2883 ﬁde
360 2840 536 2883 tamen
572 2829 944 2898 perlenderet;
976 2842 1073 2884 nec
1104 2828 1315 2884 timeret
1357 2828 1495 2883 odiis
1531 2828 1809 2883 hominum

1920 2840 2138 2894 excelsis
2169 2852 2262 2905 per
2292 2837 2573 2895 Dominum
2603 2846 2843 2891 nostrum
2873 2836 3054 2891 Jesum
3097 2834 3367 2889 Christum
3407 2832 3496 2887 Fi-

215 2932 272 2976 et
318 2921 782 2976 maledictionibus
821 2920 1123 2990 subjacere,
1163 2921 1457 2976 dummodo
1499 2918 1806 2974 mercedem

214 3014 491 3080 eopiosam
529 3021 955 3082 consequeretur
995 3014 1047 3066 in
1092 3013 1224 3066 caelo
1251 3022 1309 3065 et
1338 3011 1403 3064 ad
1436 3010 1554 3065 illas
1580 3009 1805 3063 beatitu-

214 3103 374 3160 dines
403 3106 738 3176 evangelicas
775 3105 1115 3174 perveniret;
1150 3116 1200 3160 te
1230 3120 1324 3176 per
1349 3103 1510 3174 hujus
1538 3103 1808 3157 interven-

1912 2930 2041 2985 lium
2073 2940 2244 2985 tuum.
2273 2931 2372 2997 Qui
2406 2930 2569 2999 pridie
2592 2945 2751 2999 quam
2778 2937 3064 2998 pateretur.

2528 3022 2644 3071 Post
2660 3030 2871 3071 secreta.

1983 3106 2311 3170 Descendat,
2339 3120 2617 3173 precamur
2632 3105 2971 3172 omnipotens
2988 3105 3150 3165 Deus,
3173 3116 3335 3171 super
3356 3102 3490 3165 hac,

215 3208 330 3255 tum
354 3214 656 3266 precamur,
689 3208 745 3253 ut
774 3204 957 3270 pac’em
986 3213 1168 3267 quam,
1201 3196 1514 3266 tejubente,
1542 3192 1729 3255 dilexit
1754 3193 1805 3246 in

1920 3213 2032 3268 quae
2061 3200 2153 3253 tibi
2183 3199 2475 3264 otferimus,
2516 3197 2741 3252 Verbum
2779 3208 2923 3250 tuum
2956 3206 3195 3251 sanctum
3222 3210 3237 3259 ;
3264 3194 3492 3247 descen-

215 3291 440 3354 szrculo,
475 3290 853 3361 perpetualiter
884 3287 1139 3345 Ecclesiae
1179 3286 1554 3357 possidendam
1603 3284 1806 3338 tribuas

217 3383 274 3443 in
305 3384 503 3441 futuro.
540 3385 639 3439 Per
667 3383 953 3439 Dominum
984 3392 1250 3437 nostrum.

845 3473 1165 3523 Coutestatio.

294 3558 521 3631 Dignum
541 3566 597 3613 et
621 3557 824 3629 jttstum
859 3567 963 3613 est.
994 3557 1133 3611 Vere
1154 3569 1367 3626 aequum
1397 3562 1451 3610 et
1467 3553 1672 3624 justum
1703 3558 1807 3619 est,

219 3667 322 3709 nos
344 3652 434 3707 tibi
459 3651 658 3723 gratias
684 3664 866 3721 agere,
898 3658 954 3705 et
977 3647 1155 3719 pietati
1183 3657 1287 3702 tua:
1310 3648 1362 3701 in
1386 3646 1592 3701 honore
1611 3643 1807 3700 summi

222 3744 515 3803 sacerdotis
541 3744 618 3799 tui
641 3742 893 3798 Germani
921 3739 1158 3811 episcopi
1179 3750 1233 3794 et
1255 3738 1580 3794 confessoris
1606 3738 1804 3809 gratias

223 3852 407 3908 agere,
438 3836 625 3892 laudes
654 3849 869 3900 canere,
898 3843 1022 3888 vota
1049 3832 1378 3902 persolvere,
1409 3830 1633 3901 ejusque
1655 3843 1812 3883 enar-

223 3944 344 3985 rare
373 3928 622 3994 virtutes,
670 3940 801 3994 quas
849 3926 921 3993 ei,
972 3921 1197 3979 Domine
1242 3923 1401 3979 Pater
1444 3921 1806 3991 omnipotens,

227 4036 333 4078 non
354 4020 623 4075 immerito
647 4018 907 4083 tribuisti,
937 4018 1057 4087 quia
1084 4025 1135 4072 te
1156 4014 1449 4085 apostolica
1472 4012 1815 4069 confeSsioue

226 4113 388 4169 rebus
431 4110 684 4167 omnibus
732 4111 853 4181 plus
893 4110 1109 4163 amavit.
1146 4108 1402 4163 Discussit
1435 4122 1465 4160 a
1493 4121 1550 4161 se
1578 4106 1814 4173 divitias,

227 4215 285 4260 ut
314 4212 622 4275 jaupertate
652 4203 870 4271 Spiritus
896 4200 1154 4256 caelorum
1185 4214 1347 4271 regna
1375 4206 1813 4268 consequeretur.

231 4293 695 4352 Mansuetudinem
728 4292 917 4359 tenuit,
950 4302 1008 4347 ut
1031 4302 1247 4347 terrena
1275 4292 1355 4346 sui
1384 4289 1626 4361 corporis
1660 4287 1819 4358 spiri-

231 4388 407 4442 taliter
440 4384 759 4456 possideret.
804 4384 1009 4455 Lugere
1038 4382 1335 4440 delectatus
1377 4394 1459 4437 est
1510 4384 1560 4436 in
1592 4379 1815 4445 saaculo,

231 4492 289 4536 ut
310 4479 574 4537 rat-leuem
598 4480 1017 4535 consolationem
1048 4495 1111 4533 ex
1137 4477 1374 4533 muneris
1397 4479 1470 4532 tui
1495 4478 1814 4546 largitudine

233 4573 554 4646 perciperet.
598 4570 863 4628 Justitiam
906 4571 1132 4626 esurivit
1170 4582 1329 4640 atque
1382 4570 1573 4639 sitivit,
1620 4580 1676 4622 ιιι
1717 4567 1819 4623 tuis

234 4676 559 4723 saturaretur
587 4665 834 4734 eloquiis.
883 4664 1291 4733 Eleentosynam
1327 4662 1525 4734 jugiter
1576 4660 1724 4730 fecit,
1765 4670 1819 4713 ut

235 4757 594 4813 indesinenter
631 4770 735 4811 non
765 4765 965 4810 tantum
1000 4754 1126 4823 sibi,
1159 4754 1253 4809 sed
1284 4764 1335 4808 et
1363 4754 1559 4808 ceteris
1604 4750 1819 4821 pietatis

239 4860 340 4905 tua:
373 4848 795 4905 misericordiam
834 4848 1122 4902 obtineret.
1176 4834 1466 4901 Puritatem
1500 4842 1677 4897 cordis
1729 4846 1821 4895 lia-

238 4942 369 5008 buit,
400 4952 453 4998 ut
486 4954 538 5000 te
567 4941 793 4998 videret.
836 4940 1028 4996 Pacem
1061 4939 1313 5005 servavit,
1344 4946 1401 4992 ut
1431 4936 1553 4991 liliis
1582 4934 1686 4989 tuis
1713 4933 1819 4987 fra-

242 5047 388 5094 terna
421 5053 481 5091 se
513 5035 918 5106 participatione
945 5033 1318 5103 coniungeret.
1354 5029 1685 5086 Desideravit
1713 5028 1820 5097 pati

246 5128 675 5202 persecutionum
702 5138 917 5196 propter
932 5125 1213 5195 justitiam,
1238 5134 1294 5178 ut
1312 5125 1357 5178 si
1380 5122 1693 5192 martyrium
1716 5134 1820 5173 non

239 5220 564 5293 perferebat,
597 5219 701 5274 fide
732 5228 912 5273 tamen
942 5217 1282 5286 pertenderet
1308 5217 1374 5271 ad
1397 5230 1649 5269 coronam
1680 5229 1693 5266 :
1725 5227 1823 5267 nec

242 5316 414 5371 timuit
467 5313 710 5369 omnium
771 5311 946 5367 modis
1002 5310 1433 5365 maledictiouetn
1488 5307 1767 5377 subjaeere
1801 5344 1818 5371 ,

242 5407 533 5463 dummodo
556 5405 859 5462 mercedem
882 5402 1155 5473 cOpiosam
1186 5408 1607 5469 consequeretur
1638 5400 1689 5453 in
1720 5412 1824 5452 cae-

238 5502 312 5556 lo.
363 5499 557 5555 Dilexit
604 5510 679 5565 te,
719 5498 967 5561 Domine,
1015 5511 1082 5551 ex
1126 5504 1239 5550 toto
1288 5493 1451 5550 corde
1493 5502 1550 5548 et
1602 5507 1668 5546 ex
1715 5500 1824 5545 tota

242 5600 440 5657 mente,
494 5598 549 5644 et
594 5605 658 5646 ex
706 5598 814 5645 tota
857 5588 1036 5645 anima
1076 5602 1197 5652 sua,
1240 5597 1294 5642 et
1339 5586 1637 5655 proximum
1668 5597 1821 5638 suum

240 5691 509 5754 tamquam
540 5684 809 5753 seipsum;
836 5691 896 5737 ut
919 5681 1211 5737 secundum
1240 5678 1382 5750 quod
1411 5679 1463 5733 in
1496 5678 1580 5731 his
1614 5675 1826 5730 duobus

314 5830 335 5857 ⁸
368 5821 505 5892 Lege
537 5819 798 5892 iniltaliu.
859 5817 1022 5885 Infra,
1053 5814 1258 5892 laeuis,
1300 5815 1426 5885 quid
1470 5810 1636 5877 illud?
1666 5826 1731 5864 an
1760 5809 1826 5863 de

248 5884 428 5951 Genua
441 5884 887 5961 intelligendum,
918 5884 1039 5961 quia
1073 5886 1202 5944 urbs
1229 5884 1415 5943 latitia:
1445 5899 1552 5940 non
1582 5896 1705 5938 raro
1732 5896 1828 5952 ap-

1912 3290 2006 3344 dat
2055 3289 2441 3344 inaestimabilis
2492 3288 2675 3357 gloria
2726 3299 2828 3342 tua:
2885 3287 3151 3357 Spiritus;
3206 3285 3502 3341 descendat

1913 3381 2145 3451 antiqua:
2176 3380 2517 3449 indulgentia:
2548 3394 2649 3433 tuae
2679 3379 2918 3443 donum;
2968 3389 3023 3430 ut
3054 3377 3144 3431 fiat
3172 3375 3373 3431 oblatio
3403 3388 3503 3429 no-

1911 3485 2022 3532 stra
2062 3474 2232 3530 bestia
2263 3474 2516 3549 spiritalis
2566 3473 2616 3527 iu
2665 3473 2883 3526 odorem
2926 3470 3200 3525 suavitatis
3240 3475 3495 3537 accepta;

1912 3569 2077 3625 etiam
2108 3582 2204 3623 nos
2235 3566 2466 3621 famulos
2513 3576 2633 3620 tuos
2679 3580 2771 3633 per
2812 3561 3120 3633 sanguinem
3162 3558 3358 3614 Christi
3407 3568 3491 3613 tua

1914 3675 2105 3715 manus
2130 3658 2347 3715 dextera
2381 3659 2572 3713 invicta
2601 3657 2886 3712 custodiat.
2916 3655 3015 3709 Per
3041 3652 3347 3707 Dominum.

2199 3749 2437 3801 Collectio
2460 3755 2573 3799 ante
2593 3750 2863 3798 orationem
2884 3744 3204 3795 Dominicam.

1989 3840 2250 3905 Agnosce,
2299 3833 2543 3901 Domine,
2580 3832 2737 3886 verba
2768 3846 2885 3900 quae
2916 3826 3240 3898 praecepisti,
3285 3825 3499 3895 ignosce

1920 3929 2324 3998 praesumptioni
2372 3938 2530 3995 quant
2583 3920 2859 3991 imperasti
2895 3939 2905 3973 :
2939 3918 3235 3989 ignorantia
3276 3923 3505 3971 estnon

1917 4034 2079 4075 nosse
2102 4020 2389 4080 meritum;
2420 4014 2755 4070 contumacia
2788 4020 2873 4066 est
2902 4023 3009 4067 non
3037 4018 3257 4064 servare
3278 4005 3505 4060 manda-

1921 4119 2056 4180 tum,
2088 4125 2196 4181 quo
2224 4111 2406 4165 dicere
2423 4104 2675 4178 jubemur
2707 4122 2718 4159 :
2746 4105 2903 4159 Pater
2934 4109 3142 4158 noster.

2357 4199 2592 4249 ColleCtio
2620 4204 2727 4259 post
2746 4196 3035 4245 orationem.

1990 4284 2185 4341 Libera
2209 4297 2306 4339 nos
2327 4298 2357 4335 a
2382 4282 2534 4335 malis
2554 4279 2825 4345 omnibus,
2853 4284 3039 4332 auctor
3056 4274 3320 4331 bonorum
3343 4270 3507 4337 Deus,

1921 4380 1990 4433 ab
2038 4377 2185 4432 omni
2234 4372 2569 4438 temtatione,
2616 4373 2684 4427 ab
2726 4373 2872 4426 omni
2916 4367 3190 4433 scandala,
3237 4366 3306 4420 ab
3358 4362 3510 4419 omni

1922 4483 2086 4536 Opere
2119 4466 2485 4527 tenebrarum,
2519 4471 2574 4516 et
2599 4463 2866 4517 constitue
2898 4473 2995 4512 nos
3025 4458 3078 4510 ιιι
3101 4456 3244 4511 omni
3268 4454 3428 4520 bono,
3458 4462 3514 4507 et

1925 4562 1990 4612 da
2015 4572 2199 4628 pacem
2224 4557 2275 4610 iu
2304 4554 2495 4609 diebus
2518 4554 2739 4617 nostris,
2766 4554 2968 4606 Auctor
3000 4547 3141 4617 pacis
3169 4554 3222 4599 et
3248 4545 3434 4599 caritat
3496 4586 3503 4596 .

1927 4650 2027 4707 Per
2051 4650 2334 4705 Dominum
2368 4656 2610 4700 nostrum
2633 4642 2815 4699 .lesum
2837 4641 3131 4694 Christum.

2366 4755 2597 4808 Collectio
2622 4759 2728 4816 post
2749 4750 3076 4803 Eucharistia.

1942 4928 1945 4933 ν
1999 4865 2388 4929 Sumsimusex
2411 4860 2580 4925 sacris
2600 4856 2857 4912 altaribus
2878 4853 3078 4909 Christi
3104 4852 3311 4907 Domini
3334 4864 3397 4906 ac
3417 4849 3512 4927 Dei

1929 4958 2099 5015 nostri
2138 4968 2334 5025 corpus
2379 4963 2434 5008 et
2482 4951 2869 5023 sanguinem...
2924 4946 3208 5001 credentes
3258 4943 3514 4998 unitatem
3552 4948 3571 4975 ³

1929 5055 2099 5111 beatas
2126 5051 2406 5106 Trinitatis
2432 5060 2667 5108 oremus,
2695 5056 2751 5098 ut
2776 5058 2990 5113 semper
3015 5040 3167 5095 nobis
3194 5040 3297 5094 tide
3322 5035 3515 5105 plenis,

1931 5147 2140 5203 esurire
2176 5144 2330 5198 detur
2354 5156 2418 5197 ac
2443 5140 2598 5196 sitire
2620 5139 2916 5209 justitiam;
2965 5136 3149 5203 sicque
3195 5147 3331 5202 epus
3378 5131 3518 5199 ejus,

1930 5237 2217 5296 conl’ortati
2246 5235 2496 5289 salutaris
2528 5246 2661 5287 escae
2694 5232 2886 5303 gratia,
2922 5229 3196 5291 faciamus,
3246 5234 3300 5276 ut
3333 5239 3435 5277 non
3465 5222 3517 5276 in

1927 5332 2208 5404 judicium,
2237 5326 2330 5382 sed
2360 5326 2412 5380 in
2444 5324 2737 5381 remedium
2765 5322 3169 5377 Sacramentum
3191 5314 3332 5385 quod
3360 5328 3511 5366 acce-

1934 5429 2108 5498 pimus
2139 5423 2451 5478 habeamus.
2476 5419 2579 5473 Per
2600 5412 2880 5472 Dominum
2901 5422 3143 5466 nostrum
3162 5408 3344 5464 Jesum
3370 5407 3523 5461 Cliti

1933 5533 2097 5574 Sllllll.

2556 5580 2806 5633 Collectio.

2005 5672 2222 5742 Aspice,
2254 5669 2497 5729 Domine,
2526 5664 2617 5734 qui
2642 5672 2696 5718 et
2722 5671 2813 5714 tuo
2840 5656 2983 5713 vesci
3008 5670 3257 5724 corpore,
3282 5660 3340 5710 et
3364 5664 3515 5707 tuum

1932 5806 2181 5876 pellatur.
2237 5803 2346 5856 Hoc
2376 5799 2687 5854 vocabulum
2718 5790 3009 5847 cardittalis
3039 5790 3184 5846 Bona
3211 5787 3415 5856 omisit,
3442 5785 3517 5840 si-

1939 5874 2032 5934 ent
2049 5886 2106 5934 et
2136 5874 2427 5943 Tartarum,
2463 5883 2645 5942 supra.
