4048 6350
498 5882 520 5915 χ

554 287 658 346 alb

553 417 752 472 corpus
789 402 925 458 elllci
964 403 1045 459 vis
1082 401 1267 459 ﬁdeles
1298 421 1312 457 :
1343 402 1425 458 fa'c
1472 403 1623 459 nobis
1665 405 1718 458 in
1767 406 2141 460 remissionem
2170 411 2218 466 Α

549 505 896 566 peccatorum
926 510 1048 550 esse
1078 496 1219 566 quod
1251 497 1607 563 sumpsimus;
1651 504 1815 566 atque
1844 498 1914 551 ita
1946 512 2006 553 se
2031 497 2146 552 ani-

1238 285 1582 344 APPENDIX
1623 287 1717 344 AD
1754 284 1988 345 ΟΡΕΒΔ
2024 286 2274 345 SANCTI
2313 284 2627 345 GERMANI
2667 281 3115 346 PARISIENSIS.

3795 296 3885 349 bu

2787 402 3024 456 Collectio
3047 407 3311 469 sequitur.

2320 503 2531 574 Excita,
2573 519 2902 577 quaesumus,
2934 506 3178 576 Domine,
3207 507 3412 564 corda
3441 515 3652 562 nostra
3677 509 3746 564 ad
3774 526 3887 580 prae-

470 596 473 600 ’
551 604 660 646 mte
695 601 893 646 nostra:
923 591 1104 645 divina
1132 590 1379 645 alimonia
1591 605 1685 660 per
1714 591 2145 647 benedictionem
2247 600 2512 671 parandas
2545 601 2814 671 Unigeniti
2845 601 2919 657 [ui
2943 601 3082 670 vias,
3136 613 3192 658 ut
3248 618 3373 674 per
3423 601 3568 671 aius
3616 602 3881 665 adventum

559 675 877 739 tuamacta
907 683 1249 754 permisceat,
1279 693 1334 737 ut
1361 697 1487 738 caro
1510 682 1721 753 spiritui
1743 683 1978 750 subdita.
2006 690 2066 740 et
2091 684 2144 740 in

2262 695 2542 766 puriﬁcatis
2563 695 2657 751 tibi
2695 695 2900 752 servire
2928 696 3198 752 mentibus
3224 711 3626 754 mereamur.
3659 698 3782 754 Per.

555 788 881 830 consensum
937 774 1216 845 paciﬁcum
1272 774 1551 844 subiugata
1608 773 1979 844 obtemperet,
2039 789 2146 830 non

556 878 818 939 repugnet
847 884 940 939 per
964 869 1222 939 Spiritum
1245 879 1511 934 sanctum,
1541 867 1632 939 qui
1656 869 1708 924 in
1736 869 1938 925 unitate
1971 867 2147 925 Patris

561 973 612 1018 et
644 962 762 1018 Filii
795 972 1094 1018 coaeternus
1123 961 1252 1016 vivit
1277 969 1332 1017 et
1360 969 1549 1031 regnat
1589 960 1642 1016 in
1682 960 1880 1016 saecula
1918 961 2146 1018 saculo-

559 1073 697 1112 rmn.
735 1054 926 1111 Amen.

722 1146 790 1203 Il.
833 1149 1121 1204 Passum
1159 1164 1225 1204 Αι)
1263 1163 1515 1205 νιιιωιηειι
1554 1163 1978 1204 BENBDICENDUI.

631 1243 916 1308 Faventes,
950 1242 1282 1298 dilectissimi
1310 1242 1522 1310 fratres,
1560 1242 1645 1296 his
1676 1241 1990 1307 virtutibus,
2018 1256 2152 1313 quas

558 1345 814 1406 praestare
867 1350 1158 1407 paucorum
1205 1345 1328 1402 est,
1382 1337 1546 1391 Deum
1604 1351 1820 1405 semper
1880 1335 2151 1406 pudicitiae

560 1432 938 1501 castitatisque
967 1429 1247 1487 custodem
1279 1432 1512 1499 acceptis
1541 1430 1715 1486 eidem
1746 1431 1994 1500 precibus
2025 1445 2150 1486 ore-

561 1540 708 1592 mus,
742 1534 800 1580 ut
831 1525 969 1580 hanc
997 1525 1249 1579 famulam
1273 1538 1444 1590 suam,
1471 1525 1722 1579 omnibus
1747 1525 1930 1580 saeculi
1960 1525 2155 1580 inlece-

559 1615 674 1672 bris
716 1616 937 1672 liberam
985 1616 1312 1681 carnalibus,
1345 1630 1407 1671 ac
1431 1615 1623 1685 spiritu
1657 1618 1942 1686 integram,
1992 1615 2153 1687 Regis

563 1709 750 1763 aeterni
785 1707 1023 1763 thalamo
1056 1707 1458 1772 reservandam,
1489 1707 1672 1762 addita
1703 1708 1932 1763 caelestis
1959 1723 2154 1780 propo-

2859 787 2976 837 Post
2993 789 3209 838 nomina.

2323 871 2568 940 Placare,
2617 873 2864 942 Domine,
2897 891 3224 946 quaesumus.
3294 875 3679 932 humilitatis
3720 892 3887 939 nostra:

2258 964 2510 1035 precibus
2538 974 2594 1020 et
2625 965 2845 1032 hostiis;
2895 975 2952 1021 et
2993 966 3082 1022 ubi
3108 967 3254 1023 nulla
3287 977 3642 1038 suppetunt
3669 970 3889 1044 suﬂragia

2251 1059 2589 1127 meritorum,
2613 1070 2719 1115 tuas
2738 1060 2892 1116 nobis
2913 1061 3258 1133 indulgentia:
3285 1077 3600 1119 succurre
3617 1067 3888 1134 praesidiis;

2251 1163 2305 1210 et
2335 1169 2518 1209 eorum
2549 1153 2764 1209 nomina
2793 1155 2881 1224 qui
2909 1170 3008 1210 nos
3036 1165 3476 1226 praecesserunt
3531 1167 3558 1196 ε
3597 1173 3726 1213 cum
3769 1161 3890 1227 signo

2252 1246 2403 1312 fidei,
2433 1256 2488 1302 et
2517 1245 2787 1303 dormiunt
2831 1248 2884 1303 in
2908 1263 3101 1304 somno
3145 1251 3329 1320 pacis,
3383 1249 3542 1319 ipsis
3576 1260 3637 1307 et
3667 1255 3884 1311 omnibus

2253 1339 2309 1395 in
2357 1339 2570 1396 Christo
2612 1342 3020 1412 quiescentibus
3060 1345 3236 1400 locum
3295 1344 3641 1416 refrigerii,
3688 1347 3815 1402 lucis
3848 1358 3886 1404 et

2253 1436 2423 1506 pacis,
2454 1447 2512 1492 ut
2538 1435 2816 1508 indulgeas
2842 1438 3217 1508 deprecamur.
3248 1438 3404 1494 Per.

2756 1529 2994 1581 Collectio
3018 1532 3076 1579 ad
3099 1544 3293 1594 pacem.

2329 1610 2490 1667 Grata
2521 1612 2614 1668 tibi
2656 1613 2782 1676 sint,
2817 1613 3062 1679 Domine,
3094 1629 3360 1680 munera,
3401 1614 3622 1684 quibus
3654 1617 3879 1688 mysteria

2257 1702 2598 1758 celebrantur
2625 1715 2825 1760 nostrae
2855 1705 3117 1762 libertatis
3143 1715 3198 1761 et
3225 1708 3407 1773 vitae;
3463 1716 3529 1764 et
3582 1708 3678 1778 qui
3709 1712 3879 1764 unitate

557 1799 647 1855 siti
678 1802 875 1856 virtute
903 1799 1252 1866 corroboret;
1282 1811 1336 1855 et
1368 1800 1434 1854 ad
1467 1802 1859 1871 sexagesimum
1893 1801 2145 1869 fructum,
2178 1793 2228 1857 B
2253 1795 2475 1865 laetaris,
2517 1795 2695 1853 tribue
2732 1797 2886 1853 nobis
2917 1797 3076 1853 ﬁdem
3121 1799 3438 1871 integram,
3474 1814 3679 1872 pacem
3713 1815 3874 1872 perpe-

557 1907 680 1960 qum
701 1895 914 1964 propria
944 1894 1229 1950 devotione
1259 1895 1559 1963 praesumit,
1590 1893 1750 1950 addat
1771 1909 1870 1950 sua
1901 1894 2151 1952 libertate

558 1988 935 2043 centesimum.
956 1988 1059 2044 Per
1081 1989 1390 2044 Dominum.

1054 2080 1286 2132 Collectio
1311 2080 1550 2142 ejusdem.

629 2163 876 2219 Omnium
906 2163 1118 2235 quidem
1143 2165 1358 2221 laudum
1385 2173 1547 2228 atque
1576 2162 1856 2228 virtutum,
1890 2162 1984 2219 sed
2011 2178 2149 2236 prae.

557 2257 715 2326 cipue
741 2257 997 2311 castitatis
1025 2257 1306 2323 adsertor,
1337 2266 1543 2321 custos,
1574 2257 1876 2323 auxiliator,
1905 2257 2146 2324 effector,

559 2350 752 2407 dicata:
786 2350 877 2404 tibi
905 2351 957 2405 in
987 2352 1190 2405 sanetis
1215 2352 1536 2420 corporibus
1561 2351 1761 2422 pariter
1791 2365 1855 2404 ac
1882 2351 2150 2408 mentibus

561 2443 808 2512 puritatis
833 2461 847 2509 ;
879 2443 969 2513 qui
995 2444 1352 2513 virginitatem
1381 2444 1504 2499 ideo
1531 2444 1653 2509 plus
1677 2445 1852 2499 intues
1873 2453 1929 2498 et
1949 2444 2147 2515 diligis,

557 2535 679 2604 quia
714 2535 808 2588 tibi
838 2537 990 2604 origo
1011 2535 1327 2605 virginitas;
1358 2536 1559 2605 quique
1609 2535 1662 2589 in
1706 2535 1847 2591 hunc
1888 2536 2146 2592 mundum

560 2638 718 2682 natus
751 2643 818 2683 ex
847 2628 1084 2698 Virgine,
1120 2628 1173 2682 id
1207 2631 1259 2684 in
1290 2629 1408 2683 aliis
1441 2629 1657 2699 probas,
1687 2629 1827 2700 quod
1876 2629 1928 2686 in
1977 2640 2148 2688 matre

560 2720 806 2790 elegisti;
859 2720 1032 2790 adque
1087 2721 1207 2776 ideo
1259 2723 1536 2792 aptissime
1591 2722 1682 2778 tibi
1734 2737 1934 2794 sponso
1971 2725 2049 2779 vir
2095 2733 2142 2791 ⁸,

555 2827 815 2884 sponsam
867 2813 1129 2883 virginem
1173 2813 1500 2868 dedicamus.
1556 2813 1659 2876 'I‘u.
1694 2813 1938 2881 Domine,
1975 2815 2148 2872 tribue

560 2905 700 2965 hanc
728 2906 919 2976 puellm
945 2907 1056 2976 jam
1089 2915 1191 2961 tum
1218 2921 1433 2975 semper
1458 2907 1752 2977 optabilem
1784 2921 1980 2980 magno
2023 2923 2146 2977 pro-

562 3001 740 3071 posito
771 3001 1247 3070 perseverantiam,
1279 3009 1333 3054 et
1355 3009 1539 3056 contra
1574 3000 1917 3056 multiformis
1945 3001 2144 3056 inimici

563 3094 876 3149 instantiam
934 3109 1150 3163 semper
1198 3095 1448 3165 agitantis
1502 3095 1722 3149 insidias
1773 3094 2090 3150 indeﬂexam
2123 3136 2140 3162 ,

2255 1898 2421 1959 tuam,
2451 1890 2729 1946 caritatem
2765 1906 2975 1962 puram.
3009 1891 3130 1947 Per.
3180 1950 3187 1968 ‘

2879 1983 3200 2034 Coutestatio.

2325 2067 2461 2122 Vere
2483 2065 2701 2136 dignum
2723 2075 2778 2122 et
2804 2065 3001 2137 justum
3024 2078 3172 2123 est...
3200 2068 3380 2133 Deus,
3401 2067 3500 2123 cui
3524 2068 3800 2138 proprium
3812 2077 3872 2124 est

2258 2173 2323 2214 ac
2350 2157 2638 2228 singulare,
2671 2158 2812 2230 quod
2843 2159 3014 2214 bonus
3041 2173 3122 2222 es,
3168 2166 3226 2214 et
3264 2158 3438 2214 nulla
3491 2174 3751 2230 umquam
3779 2175 3803 2212 a
3829 2171 3868 2217 te

2255 2253 2759 2307 es'commutatione
2788 2250 3057 2308 diversus.
3111 2252 3434 2321 Propitinre
3465 2253 3860 2322 supplicationi-

2255 2346 2355 2400 bus
2387 2351 2616 2411 nostris;
2665 2356 2720 2401 et
2764 2347 3018 2404 Ecclesiae
3067 2357 3174 2404 tua:
3212 2349 3684 2405 misericordiam
3726 2360 3860 2417 tum,

2249 2452 2408 2507 quam
2457 2437 2806 2505 confitentur,
2865 2441 3110 2505 ostende,
3159 2442 3542 2498 manifestans
3589 2442 3732 2514 plebi
3779 2453 3861 2496 tu:

2251 2531 2518 2603 Unigeniti
2549 2536 2625 2588 tui
2655 2535 2900 2591 mirabile
2927 2536 3346 2593 Sacramentum
3371 2556 3388 2604 ;
3427 2549 3493 2594 ut
3523 2539 3850 2594 universitate

2249 2627 2522 2682 nationum
2553 2627 2880 2696 perﬁciatur,
2914 2629 3064 2697 quod
3094 2644 3189 2698 per
3209 2631 3370 2685 verbi
3409 2631 3491 2685 tui
3527 2630 3849 2700 Evangelium

2251 2719 2576 2789 promisisti;
2605 2728 2660 2776 et
2684 2719 2878 2776 habeat
2895 2721 3169 2790 plenitudo
3191 2722 3548 2793 adoptionis,
3579 2721 3720 2794 quod
3739 2735 3851 2792 pra-

2250 2816 2369 2871 tulit
2396 2815 2702 2872 testiﬁcatio
2728 2816 2991 2873 veritatis.
3024 2815 3147 2874 Per.

2326 2906 2452 2962 Post
2479 2907 2608 2977 ἠως,
2637 2908 2784 2964 Hanc
2814 2909 2972 2976 igitur
2997 2909 3109 2965 obl.

2776 3000 3068 3051 Benedictio
3092 3001 3275 3063 populi.

2325 3085 2426 3152 Da,
2456 3100 2786 3156 quaesumus,
2816 3088 3159 3157 omnipotens
3193 3089 3367 3153 Deus,
3406 3096 3627 3144 cuncta:
3665 3084 3849 3141 familia

564 3155 1141 3260 inexpugnabilemque
1171 3155 1565 3253 constantiam;
1609 3195 1662 3241 ιη
1690 3187 1780 3241 tibi
1811 3187 2004 3243 debeat
2031 3155 2145 3244 [ειίξ
2170 3179 2220 3245 C
2250 3188 2356 3235 tute
2381 3155 2519 3234 hanc
2548 3179 2878 3235 voluntatem
2926 3155 2983 3235 in
3022 3181 3241 3239 Christo
3282 3183 3439 3239 Filio
3486 3193 3602 3248 tuo,
3647 3180 3842 3237 Domino
3987 3155 3989 3216 ί

560 3295 679 3336 cem
709 3280 1252 3346 consummationem,
1289 3295 1409 3348 quae
1445 3278 1556 3350 jam
1593 3287 1717 3336 ante
1745 3279 1925 3336 habuit
1947 3280 2140 3337 bonam

555 3374 907 3431 voluntatem.
932 3373 1033 3429 Per
1061 3373 1368 3430 Dominum.

996 3487 1077 3542 IIl.
1122 3487 1409 3544 Primulo
1447 3503 1709 3545 munus.

633 3605 772 3660 Deus
793 3618 972 3659 rerum
1001 3603 1264 3668 omnium,
1290 3602 1434 3656 Deus
1457 3611 1657 3666 noster,
1687 3600 1776 3669 qui
1803 3600 1941 3655 inter
1964 3608 2143 3656 cetera

560 3700 883 3755 documenta
903 3700 1156 3753 virtutum
1180 3697 1408 3752 salutem
1433 3706 1667 3750 nostram
1689 3696 1951 3750 castitatis
1965 3694 2146 3764 vigore

561 3793 844 3863 reparasti,
885 3801 942 3846 ut
968 3792 1138 3846 sancti
1182 3790 1413 3859 Spiritus
1462 3788 1795 3843 domicilium
1842 3789 1996 3844 ﬁeret
2051 3803 2148 3859 pro

561 3885 836 3942 viduitatis
892 3884 1306 3940 conservatione
1336 3924 1352 3948 ,
1419 3891 1577 3952 atque
1628 3891 1687 3937 ut
1741 3882 1842 3937 isto
1894 3882 2147 3952 ﬁguretur

565 3976 834 4046 exemplo,
865 3975 1159 4046 maiestatis
1182 3974 1412 4030 Verbum
1442 3974 1729 4043 parituram
1760 3974 2141 4044 ftecundatam,

547 4077 762 4138 praesta
813 4075 870 4121 ut
918 4068 1032 4120 haec
1085 4065 1280 4120 famula
1331 4074 1442 4132 tua,
1473 4079 1593 4135 quae
1621 4066 2006 4121 conscientiam
2036 4082 2149 4122 sua:

573 4162 822 4232 puritatis
851 4160 1098 4232 spondet,
1125 4170 1178 4215 te
1202 4159 1426 4214 custode
1453 4158 1629 4229 adque
1667 4169 1898 4225 rectore,
1926 4175 2146 4216 conser-

567 4261 686 4307 vata
731 4262 786 4309 et
833 4252 1086 4308 inviolata
1117 4261 1456 4320 permaneat;
1503 4252 1623 4322 quia
1662 4262 1968 4307 nostrorum
2017 4252 2146 4308 nihil

570 4361 820 4417 magnum
851 4354 932 4401 est
960 4343 1213 4410 voluisse,
1243 4345 1384 4415 quod
1415 4351 1467 4399 te
1490 4357 1596 4400 non
1630 4342 1787 4400 fuerit
1812 4343 2149 4400 custodiente

563 4446 885 4522 perfectum.
920 4445 1024 4502 Per
1051 4445 1358 4501 Dominum.

1050 4560 1335 4611 Benedictio
1357 4560 1578 4612 vidualis.

640 4669 799 4736 Deus,
823 4668 911 4740 qui
936 4670 1140 4726 Annam
1170 4669 1332 4723 ﬁliam
1357 4667 1604 4725 Fanuelis
1629 4664 1682 4723 δ.
1723 4704 1740 4722 .
1784 4706 1801 4721 .
1845 4703 1860 4720 .
1904 4710 1918 4725 .
1951 4706 1965 4720 .
2012 4705 2027 4720 .

1102 4760 1299 4816 Desunt
1339 4761 1421 4814 hic
1458 4760 1604 4832 folia.

633 4951 793 5022 333
831 4949 996 5014 Deus,
1040 4947 1130 5018 qui
1161 4955 1420 5003 creaturae
1451 4955 1555 5002 tute
1580 4943 1824 5001 misereri
1848 4945 2026 5014 potius
2051 4945 2149 5001 eli-

565 5047 648 5116 gis
685 5059 842 5115 qnam
872 5043 1050 5111 irasci,
1095 5041 1275 5097 cordis
1314 5039 1483 5096 nostri
1514 5039 1724 5094 inﬁrma
1754 5039 2060 5107 considera,
2093 5049 2146 5096 et

562 5150 669 5194 tua:
699 5153 796 5192 nos
829 5137 995 5206 gratia
1026 5135 1238 5205 pietatis
1258 5134 1510 5191 inlustra.
1542 5133 1643 5189 Per
1669 5131 1978 5187 Dominum.

706 5265 900 5307 INCIPIT
953 5263 1100 5306 ωειλ
1141 5264 1210 5305 νε
1261 5263 1509 5304 ADVENTU
1563 5260 1743 5302 DOIINI
1790 5258 1980 5301 NOSTIII
2026 5257 2146 5300 ιιευ

1236 5356 1466 5398 CHRISTI.

639 5462 824 5518 Excita
861 5462 1154 5532 potentiam
1192 5468 1362 5526 tuam,
1391 5457 1636 5522 Domine,
1662 5463 1716 5512 et
1740 5453 1895 5522 veni;
1927 5461 1981 5510 et
2004 5451 2147 5523 quod

564 5552 822 5610 Ecclesia
847 5562 953 5607 tuae
979 5567 1150 5624 usque
1177 5553 1232 5607 in
1261 5551 1421 5606 linem
1453 5546 1636 5604 saeculi
1680 5543 1997 5617 promisisti,
2029 5544 2146 5600 cle-

566 5655 777 5703 menter
801 5661 1042 5717 operare.
1078 5647 1198 5702 Per.

645 5808 672 5873 f
703 5799 1010 5873 Legendum
1033 5801 1266 5873 videtur,
1292 5815 1476 5873 sponso
1503 5799 1776 5869 virginum.

649 5868 680 5912 ³
701 5868 910 5944 lntégra
935 5887 1099 5943 supra
1125 5875 1181 5930 in
1203 5868 1404 5928 Missali
1427 5868 1754 5926 Francorum
1784 5882 1930 5924 num.
1975 5868 2064 5922 ll.

2250 3281 2438 3327 nostro
2463 3272 2698 3328 venienti
2722 3273 2774 3328 in
2806 3275 3061 3344 operibus
3085 3274 3244 3344 justis
3274 3285 3443 3345 aptos
3473 3288 3769 3336 occurrere,
3796 3279 3840 3324 ut

2248 3363 2369 3435 ejus
2415 3364 2652 3420 dexterte
2689 3365 2900 3433 sociati,
2952 3382 3176 3437 regnum
3221 3377 3546 3424 mereantur
3591 3364 3834 3439 possidere

2249 3457 2488 3514 caeleste.
2521 3457 2674 3525 Quod
2712 3459 2827 3529 ipse
2857 3469 3039 3529 praest.

2651 3548 2893 3601 Collectio
2918 3559 3027 3614 post
3042 3555 3469 3604 communionem.

2322 3631 2529 3686 Animae
2557 3641 2779 3698 nostrae,
2811 3648 3122 3706 quaesumus
3145 3637 3503 3706 omnipotens
3549 3636 3704 3696 Deus,
3747 3630 3828 3684 hoc

2249 3727 2521 3797 potiantur
2543 3727 2831 3792 desiderio,
2859 3739 2915 3783 ut
2954 3745 2983 3783 a
3029 3739 3122 3784 tuo
3165 3730 3373 3801 Spiritu
3416 3731 3818 3788 inflammentur;

2257 3825 2317 3871 ut
2345 3819 2482 3872 sicut
2512 3819 2783 3887 lampades
2811 3819 2973 3892 334
2999 3821 3185 3876 divino
3213 3837 3447 3878 munere
3490 3821 3686 3886 satiati,
3725 3823 3825 3870 ante
3987 3869 3989 3891 ι

2250 3919 2596 3977 conspectum
2639 3913 2901 3966 venientis
2950 3911 3148 3968 Christi
3204 3913 3326 3969 Filii
3383 3917 3462 3971 tui
3517 3914 3657 3970 velut
3701 3909 3818 3965 clara
3983 3903 3987 4000 ς

2251 4004 2453 4058 lumina
2483 4004 2796 4077 fulgeamus.
2829 4007 2952 4063 Per.
3983 4008 3987 4099 ί

3981 4107 3983 4134 4

2794 4119 3027 4172 Collectio
3050 4126 3288 4187 sequitur.

2322 4201 2534 4274 Repleti
2578 4202 2700 4258 cibo
2743 4205 2998 4276 spiritalis
3041 4208 3330 4275 alimoniae,
3361 4211 3633 4282 supplices
3659 4216 3705 4262 te
3727 4204 3802 4258 de-

2251 4309 2555 4365 precamur,
2586 4298 2926 4367 omnipotens
2953 4300 3115 4366 Deus,
3139 4313 3199 4358 ut
3227 4303 3390 4372 hujus
3437 4299 3803 4374 participatione

2250 4388 2491 4458 mysterii
2519 4387 2714 4444 doceas
2747 4405 2843 4445 nos
2873 4401 3082 4448 terrena
3111 4395 3411 4465 despicere,
3448 4407 3502 4451 et
3533 4406 3701 4450 amare
3722 4404 3806 4443 ce-

2251 4477 2403 4533 lestia
2431 4497 2444 4546 ;
2477 4488 2634 4550 atque
2660 4483 2804 4537 omni
2826 4499 2965 4539 nexu
2990 4486 3277 4542 mortiferae
3299 4487 3609 4559 cupiditatis
3630 4491 3802 4539 exutos.

3985 4192 3987 4253 Ἰ

2177 4571 2422 4640 Drcgno
2472 4581 2741 4641 perpetua:
2790 4573 3051 4630 libertatis
3109 4587 3390 4635 consortes
3459 4577 3674 4635 efﬁcias.
3724 4568 3804 4622 Pel'

2257 4661 2538 4715 Dominum
2567 4671 2832 4719 nostrum.

2258 4750 2319 4806 γ.
2389 4768 2517 4807 ιτεκ
2576 4767 2723 4809 IISSA
2792 4771 2858 4810 DE
2918 4773 3161 4813 ADVENTU
3230 4775 3414 4815 nouis:
3472 4768 3646 4814 NOSTRI
3703 4756 3797 4802 JESU

2937 4844 3161 4884 CHRISTI.

2330 4915 2541 4984 Excita,
2573 4931 2902 4988 quaesumus,
2938 4920 3159 4978 Domine
3187 4921 3346 4977 corda
3379 4929 3554 4976 nostra
3590 4913 3648 4968 ad
3683 4920 3792 4980 Ρη·

2253 5010 2520 5081 parandas
2568 5009 2836 5081 Unigeniti
2903 5013 2979 5068 tui
3021 5015 3155 5080 vias,
3198 5022 3256 5068 ut
3295 5031 3390 5084 per
3415 5014 3526 5082 ejus
3554 5008 3792 5062 adventum

2252 5102 2544 5173 puriﬁcatis
2573 5103 2666 5159 tibi
2691 5105 2896 5160 servire
2918 5108 3188 5162 mentibus
3219 5119 3531 5162 mercamur.

2911 5195 3168 5248 Collectio.

2321 5277 2690 5336 Conscientiae
2717 5290 2951 5347 nostras,
2972 5296 3301 5353 qumsumus,
3326 5267 3780 5362 omnipotens

2253 5369 2451 5425 cotidie
2481 5372 2748 5427 visitando
2781 5374 3022 5443 puriﬁca,
3071 5385 3129 5429 ut
3168 5378 3414 5431 veniente
3441 5366 3648 5425 Domino
3673 5354 3778 5410 Filio

2257 5473 2370 5530 ιιιον
2403 5475 2644 5536 paratam
2674 5467 2774 5522 sibi
2805 5469 2856 5521 in
2891 5468 3043 5524 nobis
3073 5470 3311 5525 inveniat
3339 5464 3642 5524 mansionem
3683 5448 3774 5503 Per.

2744 5559 2980 5611 Collectio
3003 5569 3109 5623 post
3133 5563 3344 5611 nomina.
3734 5619 3744 5630 ,

2325 5641 2434 5698 Fac
2463 5657 2584 5710 nos,
2609 5658 2939 5714 quaesumus,
2972 5646 3192 5702 Domine
3232 5645 3373 5703 Deus
3401 5649 3583 5701 noster,
3627 5635 3761 5700 per"

2258 5799 2505 5942 ςοξῑξηξο
2533 5803 2694 5859 verba
2721 5803 2775 5860 in
2804 5804 3020 5862 Canone
3045 5804 3260 5862 Ordinis
3297 5800 3510 5863 Romani
3541 5805 3624 5852 seu
3665 5781 3769 5841 οβ’
