4048 6350
280 330 402 390 ’588

1318 335 1409 393 DE
1445 338 1773 399 LITURGiA
1808 338 2207 398 GALLICA‘NA
2248 338 2453 398 LIBER
2491 341 2579 400 lll.

3472 351 3577 409 546

277 446 422 515 giles
445 442 620 517 adque
642 446 903 506 sollicitos
921 450 1209 507 adventum
1233 464 1519 525 expectare
1538 454 1739 512 Christi
1761 455 1880 512 Filii
1908 457 1963 519 Α
1987 463 2045 511 ut
2073 457 2370 512 orationem
2388 498 2403 521 ,
2434 474 2592 529 quam
2644 462 2979 534 praecepisti,
3026 466 3207 525 dicere
3245 470 3573 544 audeamus;

280 541 362 595 lui
395 540 601 597 Domini
630 546 798 599 nostri
831 561 848 599 :
876 553 934 600 ut
959 544 1088 601 dum
1117 548 1329 604 venerit
1356 548 1597 617 pulsans,
1624 564 1731 605 non
1752 549 1881 605 dor-

276 631 517 689 mientes
545 636 798 703 peccatis,
833 637 929 693 sed
961 637 1259 708 vigilantes,
1308 650 1365 695 et
1391 642 1445 696 in
1490 643 1603 697 suis
1646 642 1880 700 inveniat

278 722 531 781 laudibus
547 728 887 794 exultantes;
912 730 1158 801 carisque
1174 734 1393 802 nostris,
1416 749 1639 804 quorum
1661 737 1876 792 nomina

279 817 512 874 recitata
561 829 717 887 sunt,
770 822 959 892 placita
1010 825 1253 895 requies,
1306 841 1494 883 secura
1549 830 1873 901 expectatio,

279 915 610 970 resurrectio
633 913 936 973 desiderata
963 919 1262 990 contingat.

896 1011 979 1060 'Ad
1002 1023 1189 1073 pacem.

352 1088 684 1147 Sacriﬁcium
734 1092 854 1160 tibi,
902 1093 1148 1164 Domine,
1196 1095 1577 1154 celebrandum
1630 1098 1871 1169 placatus

277 1181 550 1239 intende:
582 1184 723 1255 quod
768 1194 823 1241 et
874 1201 973 1242 nos
1021 1202 1049 1241 a
1100 1188 1241 1243 vitiis
1297 1199 1497 1246 nostra:
1550 1192 1871 1249 conditionis

274 1273 558 1341 emundet,
590 1285 644 1330 et
676 1284 768 1330 tuo
799 1277 1002 1332 nomini
1027 1278 1218 1333 reddat
1238 1292 1510 1349 acceptos,
1542 1290 1595 1337 et
1622 1298 1869 1338 commu-

273 1364 481 1422 nicatio
509 1367 793 1435 prmsentis
822 1368 993 1424 osculi
1033 1379 1306 1440 perpetua:
1346 1373 1590 1442 proﬁciat
1634 1373 1866 1432 caritati.

274 1457 383 1516 Per
411 1458 717 1514 Dominum.

342 1539 378 1565 ο
832 1530 1106 1585 Immolatio
1124 1549 1269 1586 nunc.

347 1613 493 1671 Vere
532 1614 754 1686 dignum
785 1628 837 1672 et
861 1616 1064 1688 justum
1112 1630 1197 1675 est
1224 1635 1321 1677 nos
1349 1622 1443 1678 tibi
1476 1622 1561 1678 hic
1589 1632 1645 1679 et
1669 1625 1868 1695 ubique

279 1722 497 1779 semper
515 1709 715 1778 gratias
745 1724 927 1779 agere,
953 1710 1179 1768 Domine
1205 1723 1411 1783 sancte,
1440 1716 1597 1771 Pater
1618 1720 1864 1788 omnipo—

280 1810 422 1866 tens,
452 1809 649 1858 aeterne
677 1802 821 1858 Deus
851 1819 866 1858 :
893 1805 977 1858 cui
1010 1806 1282 1875 proprium
1314 1818 1397 1863 est
1426 1810 1632 1863 veniam
1655 1810 1868 1866 delictis

274 1895 619 1968 impendere,
652 1915 810 1971 quam
842 1901 1131 1971 poenaliter
1171 1903 1457 1961 inminire.‘
1484 1906 1585 1973 Qui
1615 1907 1869 1962 fabricam

278 1990 358 2047 tui
402 1993 580 2062 operis
624 2009 723 2064 per
766 1995 1011 2052 eumdem
1041 2012 1229 2053 rursus
1258 1997 1510 2067 Lapidem
1540 2014 1599 2053 es
1626 1999 1876 2069 dignatus

276 2086 526 2157 erigere;
568 2102 637 2144 ne
682 2087 878 2158 imago,
918 2105 1038 2160 qua:
1074 2090 1139 2145 ad
1185 2091 1590 2148 similitudinem
1622 2093 1697 2147 tui
1737 2094 1875 2149 facta

278 2178 462 2234 fuerat
480 2180 691 2249 vivens,
732 2181 1009 2237 dissimilis
1047 2182 1337 2239 haberetur
1365 2199 1433 2240 ex
1455 2192 1648 2253 morte,
1679 2200 1875 2243 munus

282 2272 513 2327 venialis
544 2273 887 2343 indulgentiae
912 2276 1227 2344 przrstitisti,
1255 2288 1310 2331 ut
1334 2278 1475 2333 unde
1496 2288 1721 2334 mortem
1750 2294 1878 2349 pec-

275 2378 401 2422 cato
425 2378 791 2437 contraxerat,
826 2368 951 2424 inde
977 2370 1142 2425 vitam
1168 2372 1337 2441 pietas
1364 2383 1640 2443 repararet
1662 2376 1877 2431 inmen-

274 2473 359 2516 sa.
407 2459 535 2515 Haec
575 2472 855 2531 postquam
897 2465 1215 2533 prophetica
1244 2466 1445 2537 saepius
1469 2482 1573 2522 vox
1601 2468 1871 2539 praedixit,

274 2561 330 2607 et
360 2550 612 2608 Gabrihel
636 2554 856 2624 angelus
886 2555 1069 2611 Maria:
1094 2557 1204 2626 jam
1235 2560 1523 2628 praesentia
1554 2562 1831 2617 nunciavit
1856 2580 1869 2617 :

276 2662 401 2700 mox
436 2645 634 2702 Puellae
663 2646 932 2705 credentis
963 2650 1013 2703 in
1056 2659 1235 2716 utero,
1270 2651 1441 2706 ﬁdelis
1474 2651 1636 2707 Verbi
1682 2654 1877 2710 mansit

275 2739 511 2809 aspirata
544 2742 859 2811 conceptio;
891 2750 946 2797 et
974 2741 1061 2798 illa
1090 2744 1267 2812 proles
1297 2744 1553 2800 nascendi
1599 2746 1700 2801 sub
1747 2748 1864 2817 lege

275 2833 459 2898 latuit,
486 2848 607 2904 qua
629 2841 817 2889 cuncta
842 2849 939 2889 suo
960 2836 1106 2890 nasci
1130 2844 1259 2890 nutu
1284 2839 1573 2893 concessit.
1602 2837 1874 2893 Tumeba-

286 2936 377 2981 tur
406 2925 636 2996 Virginis
666 2927 833 2996 sinus,
889 2936 944 2983 et
985 2926 1332 2985 fmcunditate
1359 2945 1579 2985 suorum
1607 2932 1873 2988 viscerum

277 3017 444 3091 335
493 3033 688 3089 corpus
735 3021 1030 3077 mirabatur
1076 3022 1357 3078 intactum.
1409 3022 1623 3080 Grande
1676 3027 1876 3083 mundo

273 3113 643 3184 spondebatur
681 3114 959 3183 auxilium,
1010 3115 1222 3172 feminae
1248 3126 1431 3187 partus
1461 3119 1576 3173 sine
1605 3120 1722 3173 viro
1751 3136 1873 3192 my-

276 3206 525 3273 sterium,
558 3207 771 3278 quando
793 3208 992 3263 nullius
1018 3210 1241 3265 maculae
1264 3211 1458 3265 nebula
1482 3211 1686 3268 fuscata
1715 3224 1869 3269 tenso

276 3299 549 3365 nutriebat
576 3309 763 3357 ventre
790 3301 1106 3371 praecordia,
1137 3318 1260 3358 mox
1291 3302 1466 3359 futura
1512 3304 1594 3359 sui
1640 3306 1873 3377 genitrix

274 3392 569 3450 Genitoris.
592 3393 693 3451 Per
716 3411 879 3467 quem
901 3411 1091 3453 omnes
1119 3399 1317 3469 angeli.

779 3507 1015 3560 Collectio
1040 3516 1149 3572 post
1171 3511 1397 3564 Sanctus.

351 3590 487 3647 Vere
513 3602 754 3659 sanctus,
798 3608 924 3650 vere
970 3595 1306 3663 benedictus,
1342 3597 1569 3655 Domine
1598 3584 1742 3656 Deus
1771 3601 1875 3655 Pa-

276 3692 360 3738 ter
395 3684 759 3753 omnipotens,
800 3686 949 3740 salus
992 3686 1361 3757 credentium,
1398 3699 1454 3745 et
1487 3692 1723 3746 omnium
1770 3693 1878 3749 Re-

273 3778 524 3849 demptor
545 3778 597 3832 in
619 3777 853 3835 Christo.
888 3778 989 3834 Per
1012 3793 1170 3849 quem
1198 3787 1251 3835 te
1273 3781 1627 3851 deprecamur
1653 3793 1707 3838 et
1733 3800 1877 3853 quae-

274 3884 487 3937 sumus,
517 3878 576 3925 ut
604 3869 742 3926 hanc
771 3871 1099 3926 oblationem
1127 3880 1333 3940 gratam
1364 3874 1538 3944 adque
1565 3877 1874 3945 acceptabi-

276 3965 385 4020 lem
419 3962 714 4033 suscipere,
748 3963 1066 4019 benedicere
1112 3977 1174 4018 ac
1215 3964 1548 4021 sanctiﬁcare
1591 3966 1870 4037 digneris:

279 4071 442 4127 quam
472 4056 568 4111 tibi
596 4055 871 4111 offerimus
900 4071 997 4126 pro
1038 4071 1170 4125 pace
1212 4056 1469 4112 Ecclesia:
1497 4067 1623 4125 tum,
1655 4074 1751 4129 pro
1788 4076 1876 4117 sa-

273 4148 553 4205 cerdotum
585 4158 794 4205 tuorum
824 4158 878 4205 et
907 4151 1285 4206 ministrorum
1334 4152 1573 4207 omnium
1620 4154 1870 4225 puritate,

270 4256 373 4314 pro
401 4251 541 4297 statu
586 4243 689 4298 loci
736 4243 901 4314 hujus
946 4244 1119 4315 adque
1148 4245 1388 4300 omnium
1435 4246 1785 4303 habitantium
1816 4249 1872 4305 in

276 4353 370 4405 eo,
395 4353 497 4410 pro
523 4340 666 4395 votis
705 4340 1064 4407 adstantium,
1105 4349 1161 4396 et
1201 4343 1440 4397 omnium
1487 4358 1873 4401 commemora-

273 4431 427 4488 tione
469 4442 809 4501 sanctorum,
839 4448 903 4489 ac
946 4449 1044 4503 pro
1093 4435 1282 4505 requie
1319 4434 1725 4502 defunctorum,
1777 4454 1872 4508 per

269 4527 446 4595 ipsum
483 4526 761 4582 Dominum
814 4537 1080 4587 nostrum.
1112 4530 1211 4597 Qui
1245 4530 1416 4599 pridie
1444 4546 1601 4601 quam
1646 4547 1742 4603 pro
1770 4549 1866 4589 no-

265 4627 381 4674 Stra
404 4624 462 4675 et
480 4619 718 4675 omnium
740 4620 912 4676 salute
936 4620 1044 4691 pati
1066 4620 1397 4692 dignaretur.

781 4729 1017 4782 ﬂollectio
1040 4738 1150 4795 post
1172 4739 1383 4783 secreta.

340 4832 675 4903 Descendat,
732 4848 1034 4906 precamur,
1069 4836 1408 4905 omnipotens
1470 4837 1642 4907 Deus,
1696 4855 1861 4912 super

266 4926 406 4994 hac,
443 4942 563 4999 qua:
612 4925 705 4982 tibi
752 4926 1050 4995 offerimus,
1100 4928 1331 4985 Verbum
1385 4938 1531 4985 tuum
1572 4942 1854 5000 sanctum;

265 5021 559 5077 descendat
581 5018 973 5076 inaestimabilis
998 5019 1183 5090 gloriae
1207 5030 1310 5075 tua:
1338 5020 1604 5091 Spiritus;
1635 5025 1857 5078 descen-

262 5115 362 5172 dat
386 5115 619 5186 antiqua:
645 5113 991 5185 indulgentiae
1033 5123 1136 5170 tua:
1174 5114 1408 5181 donum,
1451 5123 1510 5170 ut
1541 5116 1630 5169 ﬁat
1658 5116 1854 5172 oblatio

264 5210 385 5267 hate
410 5208 594 5265 Hostia
636 5206 891 5278 spiritalis
928 5207 981 5262 in
1009 5207 1229 5262 odorem
1276 5207 1553 5262 suavitatis
1593 5218 1851 5276 accepta;

258 5304 423 5360 etiam
460 5318 560 5360 nos
599 5302 828 5359 famulos
865 5311 984 5357 tuos
1022 5315 1118 5371 per
1160 5301 1473 5370 sanguinem
1520 5302 1719 5357 Christi
1765 5312 1850 5357 tua

258 5409 453 5453 manus
474 5398 677 5453 invicta
700 5394 987 5451 custodiat.
1023 5393 1123 5447 Per
1151 5393 1454 5449 Dominum.

542 5488 777 5540 Collectio
801 5495 916 5539 ante
940 5487 1213 5536 orationem
1237 5482 1563 5535 Dominicam.

202 5544 230 5637 ff.
326 5569 791 5628 Conscientiarum
848 5577 1151 5623 nostrarum
1205 5580 1388 5621 errore
1438 5567 1709 5637 suspecti,
1762 5567 1848 5624 vel

256 5670 607 5735 peccatorum
640 5660 1013 5716 recordatione
1041 5656 1282 5723 confusi,
1312 5657 1651 5726 omnipotens
1681 5658 1841 5730 Deus,

260 5757 514 5830 lndignoa
540 5771 642 5813 nos
661 5756 729 5812 ad
755 5755 1145 5812 invocationem
1168 5753 1242 5809 tui
1265 5751 1497 5808 nominis
1518 5751 1841 5821 iudicamus,

1982 548 2077 603 sed
2100 550 2223 619 quia
2249 547 2531 619 permittis,
2555 560 2610 607 et
2637 553 2863 611 dicimus
2889 574 2901 609 :
2934 557 3091 615 Pater
3118 572 3319 619 noster.

2271 640 2503 692 Collectio
2524 649 2632 704 post
2652 647 2927 697 orationem
2950 648 3273 702 Dominicam.
3338 695 3375 722 ,.

2053 721 2243 780 Libera
2276 733 2302 762 ι
2342 741 2443 781 nos
2487 727 2555 782 ab
2600 730 2746 784 omni
2794 732 2935 786 malo
2982 735 3323 805 omnipotens
3362 721 3572 797 interna

1980 812 2154 882 Deus;
2185 824 2239 871 et
2268 818 2392 886 quia
2424 815 2516 873 tibi
2545 820 2643 873 soli
2674 830 2756 876 est
2783 824 3072 892 praestandi
3102 836 3360 896 potestas,
3399 830 3572 887 tribue

1950 915 2036 983 _ut
2062 906 2163 963 hoc
2190 908 2451 965 sollemne
2482 913 2799 969 sacriﬁcium
2830 918 3127 974 sanctiﬁcet
3156 921 3317 976 corda
3352 932 3554 991 nostra,

1975 999 2101 1054 dum
2149 1001 2421 1071 creditur;
2467 1003 2642 1060 deleat
2690 1017 2942 1078 peccata,
2990 1010 3118 1067 dum
3165 1014 3415 1070 sumitur.
3466 1015 3569 1073 Per

1977 1092 2132 1148 Dom.
2379 1165 2617 1219 Collectio
2642 1176 2751 1233 post
2769 1175 3178 1226 communionem.

2046 1246 2228 1304 Gratia
2277 1258 2364 1305 tua
2386 1296 2399 1320 ,
2434 1251 2679 1321 Domine,
2713 1272 3040 1328 quaesumus,
3069 1261 3323 1331 populum
3370 1263 3576 1335 suppli-

1973 1356 2090 1397 cem
2122 1342 2382 1415 benignus
2412 1344 2665 1414 inlustra;
2697 1360 2750 1404 et
2779 1350 3045 1408 donorum
3085 1363 3293 1410 tuorum
3327 1357 3570 1426 largitate

1970 1452 2321 1508 prosequere,
2351 1448 2408 1493 ut
2449 1454 2478 1493 a
2519 1442 2673 1497 malis
2717 1445 2987 1513 omnibus,
3020 1455 3073 1502 te
3104 1457 3442 1520 protegente,
3472 1450 3571 1505 de-

1890 1526 1895 1533 ’
1973 1527 2174 1597 fensos,
2199 1532 2268 1587 ad
2298 1532 2566 1590 ineffabile
2591 1538 2907 1605 mysterium
2949 1540 3261 1610 spiritaliter
3289 1542 3567 1599 celebran-

1972 1626 2098 1681 dum
2129 1637 2183 1683 et
2213 1638 2394 1683 mente
2424 1640 2755 1699 praeparetur
2774 1642 2829 1686 et
2853 1647 3100 1704 corpore.
3126 1634 3250 1691 Per.

2642 1720 2899 1773 Collectio.

2050 1800 2285 1870 Sumptis
2332 1803 2665 1869 muneribus,
2700 1804 2945 1872 Domine,
2989 1822 3295 1874 quaesumus
3340 1815 3401 1863 ut
3441 1824 3564 1867 cum

1981 1893 2404 1965 frequentatione
2443 1897 2685 1967 mysterii
2726 1908 2934 1955 crescat
2978 1908 3179 1956 nostrae
3217 1900 3404 1957 salutis
3431 1901 3563 1958 alic-

1980 1997 2120 2044 ctus.
2150 1985 2270 2042 Per.

2516 2060 2811 2111 Benedictio
2842 2062 3027 2125 populi.

2052 2142 2279 2212 Gregem
2310 2150 2495 2209 tuum,
2540 2142 2731 2199 Pastor
2763 2144 2921 2212 bone,
2956 2146 3194 2214 placatus
3241 2146 3483 2215 intende,
3515 2154 3573 2204 et

1979 2249 2128 2302 oves,
2161 2250 2292 2305 quas
2332 2235 2495 2307 336
2536 2240 2773 2307 pretioso
2819 2238 3077 2310 sanguine
3126 2239 3245 2295 Filii
3298 2241 3373 2295 tui
3418 2241 3576 2297 rede-

1980 2329 2156 2396 misti,
2189 2329 2451 2384 diabolica
2482 2345 2587 2385 non
2619 2330 2764 2385 sinas
2793 2331 3100 2389 incursione
3128 2332 3372 2389 lacerari.
3398 2332 3520 2390 Per.

2537 2445 2663 2496 Item
2685 2446 2987 2498 benedictio.

2052 2552 2248 2608 Preces
2294 2552 2475 2622 populi
2523 2552 2629 2617 tui,
2659 2568 2965 2624 quaesumus
2998 2554 3241 2620 Domine,
3272 2554 3566 2613 clementer

1980 2647 2202 2713 exaudi;
2234 2656 2291 2701 ut
2317 2646 2407 2718 qui
2437 2646 2505 2703 de
2550 2648 2782 2703 adventu
2834 2647 3103 2719 Unigeniti
3155 2650 3229 2705 tui
3270 2650 3570 2708 secundum

1978 2756 2191 2799 carnem
2223 2742 2494 2808 laetantur,
2526 2742 2581 2797 in
2610 2742 2866 2808 secundo,
2896 2757 3015 2798 cum
3046 2743 3251 2800 venerit
3300 2743 3353 2800 in
3404 2744 3574 2812 maje-

1977 2844 2117 2891 state
2165 2850 2286 2903 sua,
2341 2834 2617 2904 praemium
2662 2847 2878 2892 aeterna:
2920 2838 3044 2894 vitae
3066 2838 3378 2907 percipiant.
3409 2835 3564 2905 ριιού

1981 2928 2099 3000 ipse
2128 2938 2385 3001 praestare
2407 2928 2679 3000 dignetur,
2704 2931 2793 3001 qui
2821 2931 2893 2985 vi.

2138 3040 2222 3098 VI.
2253 3056 2528 3097 ramulo
2554 3058 2622 3097 an
2656 3057 2927 3098 vsspsnuu
2954 3056 3179 3099 nanus
3208 3056 3411 3099 DOIINI.

2058 3153 2228 3220 Deus,
2263 3154 2351 3222 qui
2383 3154 2620 3208 omnium
2655 3153 2978 3209 mirabilium
3008 3164 3060 3211 et
3086 3155 3339 3211 virtutum
3369 3157 3485 3226 pius
3512 3170 3573 3212 cs

1900 3255 1947 3320 α
1977 3244 2228 3313 effector;
2260 3246 2347 3315 qui
2379 3246 2557 3301 omnia
2600 3245 2800 3300 auxilia
2842 3257 3031 3301 contra
3061 3247 3335 3301 audaciam
3367 3248 3572 3303 inimici

1981 3338 2096 3406 ipse
2123 3335 2465 3391 credentibus
2494 3348 2745 3407 praestas;
2777 3338 2867 3406 qui
2907 3340 3124 3393 Sarram
3156 3340 3423 3406 sterilem,
3456 3341 3569 3394 An-

1980 3441 2104 3481 nam
2128 3427 2195 3481 de
2219 3427 2562 3482 successione
2590 3427 2909 3491 tristantem,
2938 3428 3113 3496 adque
3145 3428 3453 3484 Helisabeth
3481 3443 3569 3484 se-

1978 3526 2194 3574 nectute
2215 3528 2522 3590 provectam
2547 3529 2853 3575 sanctorum
2885 3518 3182 3575 hereditate
3205 3520 3428 3587 dedisti,
3457 3521 3569 3575 sin-

1977 3612 2114 3682 gulis
2147 3611 2420 3682 praemium
2454 3623 2637 3681 partus
2682 3613 2736 3667 in
2783 3612 3125 3668 successione
3169 3612 3480 3679 restituens,
3513 3620 3570 3670 ut

1978 3703 2125 3760 Isaac
2165 3705 2538 3759 admoveretur
2582 3703 2952 3760 holocaustum
2972 3745 2986 3770 ,
3019 3702 3275 3761 Samuhel
3304 3704 3569 3761 clamare-

1978 3807 2064 3851 tur
2092 3798 2143 3852 in
2177 3800 2396 3864 templo,
2423 3795 2696 3852 Jobannes
2728 3797 3075 3865 prephetaret
3097 3810 3166 3852 ex
3201 3804 3388 3853 utero.-
3404 3797 3569 3867 Deus,

1978 3890 2067 3959 qui
2116 3890 2468 3944 excellentem
2500 3889 2725 3959 gloriam
2769 3888 3020 3944 novitatis
3065 3890 3380 3959 ostendens,
3409 3904 3568 3960 supra

1977 3982 2116 4037 hanc
2144 3981 2565 4052 magnitudinem
2605 3996 2762 4049 quam
2800 3981 3012 4037 donasti
3039 3982 3289 4037 omnibus
3317 3983 3567 4052 terrenis,

1976 4088 2031 4133 et
2061 4077 2201 4149 quod
2239 4088 2358 4132 erat
2400 4077 2685 4147 pretiosius
2732 4079 3030 4146 praestasti,
3067 4083 3127 4131 ut
3169 4091 3266 4146 per
3311 4077 3567 4145 Spiritum

1975 4181 2218 4226 sanctum
2250 4170 2392 4225 servi
2434 4184 2629 4239 sponsa
2668 4170 3005 4239 conciperet,
3036 4180 3091 4225 et
3123 4172 3359 4240 paritura
3390 4170 3561 4226 Domi-

1978 4279 2101 4317 num
2133 4278 2290 4318 suum
2328 4264 2477 4332 virgo
2511 4261 2668 4316 Maria
2701 4272 2965 4332 portaret;
2994 4272 3048 4318 et
3076 4278 3171 4334 per
3200 4279 3317 4318 eam
3363 4263 3565 4321 Lumen

1975 4354 2160 4411 saeculi
2192 4365 2405 4421 natum,
2437 4354 2628 4425 angelo
2669 4355 2959 4409 nunciante
3001 4355 3321 4424 pastoribus,
3354 4356 3562 4411 sollici-

1977 4448 2104 4503 tudo
2130 4448 2435 4519 cognoscit;
2470 4445 2801 4501 oﬁ’erendum
2830 4460 2951 4500 eum
2986 4445 3037 4499 in
3066 4445 3362 4500 Jerusalem
3394 4455 3565 4501 mater

1975 4544 2225 4610 adducit;
2261 4543 2497 4615 Symeon
2539 4556 2752 4614 quoque
2784 4543 2835 4597 in
2869 4557 3028 4596 manu
3060 4556 3152 4594 sua
3180 4554 3301 4596 eum
3326 4542 3564 4612 suscepit

1890 4645 1944 4710 ι)
1974 4637 2149 4708 adque
2174 4636 2485 4700 benedixit;
2518 4642 2573 4688 et
2603 4635 2806 4703 prolata
2834 4633 2887 4688 in
2914 4632 3132 4703 jejuniis
3160 4634 3312 4687 Anna
3342 4635 3565 4689 conlau-

1968 4735 2085 4798 dat;
2119 4750 2215 4804 per
2244 4733 2477 4788 caelestis
2513 4732 2781 4786 exercitus
2828 4728 3151 4800 praeconium
3184 4730 3434 4783 clamoris
3464 4745 3564 4784 ex-

1968 4826 2136 4893 tollit,
2166 4827 2348 4881 diceus
2374 4842 2387 4878 :
2420 4823 2599 4879 Gloria
2629 4824 2682 4877 in
2712 4822 2940 4877 excelsis
2966 4821 3095 4885 Deo,
3120 4826 3173 4876 et
3204 4823 3255 4876 in
3286 4831 3426 4876 terra
3457 4838 3560 4891 pax

1969 4918 2278 4975 hominibus
2302 4918 2457 4973 bonae
2486 4916 2795 4972 voluntatis.
2831 4915 2897 4970 Et
2925 4916 3093 4987 magis
3121 4916 3276 4971 stella
3310 4917 3432 4971 novi
3462 4917 3563 4973 l'ul-

1963 5013 2106 5082 goris
2136 5011 2366 5065 innotuit
2394 5011 2585 5063 mirum
2614 5008 2665 5063 in
2709 5009 2981 5063 uativitate
3024 5010 3371 5080 mysterium,
3403 5022 3558 5063 crea-

1962 5110 2098 5157 tura:
2128 5101 2385 5157 Dominus
2414 5102 2694 5168 adorator;
2728 5101 2781 5156 in
2816 5117 3035 5157 munere
3081 5116 3269 5156 aurum
3301 5100 3557 5166 oﬁertur;

1965 5215 2071 5252 uno
2099 5197 2331 5268 denique
2365 5205 2638 5252 momento
2683 5211 2938 5267 regnum,
2972 5195 3329 5261 sacriﬁcium,
3380 5194 3560 5263 sepul-

1964 5299 2102 5356 tura,
2135 5290 2309 5361 adque
2336 5289 2515 5346 omnia
2547 5298 2787 5358 tempore
2814 5302 2914 5344 suo
2943 5288 3151 5343 ratione
3181 5286 3553 5357 complentur;

1962 5382 2176 5439 diverso
2207 5382 2359 5453 apice
2387 5381 2683 5438 litterarum
2725 5381 2779 5435 in
2809 5382 3015 5435 titulum
3045 5379 3321 5449 dignitatis
3352 5377 3553 5434 Pilatus

1958 5477 2305 5548 obsequitur;
2337 5484 2393 5531 et
2435 5475 2552 5546 ipse
2598 5488 2695 5544 pro
2737 5471 2891 5527 nobis
2932 5469 3119 5526 Hostia
3166 5470 3319 5540 viva,
3353 5479 3409 5525 ut
3456 5484 3557 5525 nos

1958 5569 2196 5625 salvaret
2236 5552 2491 5636 oli‘ertur;
2523 5582 2622 5639 per
2669 5566 2867 5635 Joseph
2915 5564 3188 5635 sepultura
3219 5566 3386 5620 sancti
3430 5580 3554 5620 cor-

1952 5662 2102 5731 poris
2149 5646 2482 5731 impetratur.
2529 5658 2821 5729 lmplentur
2850 5672 2980 5728 ergo
3008 5658 3219 5725 omnia;
3251 5673 3314 5714 ac
3357 5671 3455 5712 nos
3485 5656 3553 5713 de

1950 5753 2283 5824 plenitudine
2305 5754 2421 5824 ejus
2447 5753 2649 5824 impleti
2676 5765 2887 5821 sumus,
2912 5759 2970 5809 et
2996 5752 3292 5823 accipimus
3317 5750 3548 5822 gratiam

331 5906 360 5936 ι
407 5895 609 5955 Eadem
658 5896 830 5954 oratio
876 5895 931 5951 in
984 5894 1149 5951 missa
1196 5893 1266 5950 75
1314 5889 1544 5951 Missalis
1599 5886 1847 5959 Gothici,
1885 5902 2068 5962 supra.
