4048 6350
503 326 611 385 347

1150 316 1499 379 APPENDIX
1536 314 1627 375 AD
1663 313 1899 373 OPERA
1939 309 2190 369 SANCTI
2229 302 2548 369 omam
2583 301 3033 365 PARISIENSIS.

3694 289 3820 350 διε

498 460 606 519 .pro
640 443 828 516 gratia.
876 438 1168 513 Implentur
1202 455 1331 509 ergo
1373 439 1550 493 omnia
1592 436 1856 501 laudibus,
1898 432 2087 489 caelum
2115 434 2170 494 Α
2254 428 2386 485 VIII.
2428 442 2557 483 Irsu
2586 438 2784 482 anno
2811 438 2864 477 IN
2893 437 3053 477 unum
3082 433 3255 476 nom
3283 422 3512 475 ιλτλιιε
3542 428 3756 471 nonat.

508 552 566 597 et
594 551 734 595 terra
766 539 933 608 signis
956 543 1010 591 et
1040 533 1329 605 prodigiis;
1358 540 1412 586 et
1438 530 1554 599 ipse
1580 527 1773 585 inferni
1800 527 2096 583 terroribus

2270 524 2350 597 Te
2398 538 2647 605 oramus,
2698 535 2924 592 Domine
2974 538 3159 590 sancte
3208 534 3363 588 Pater
3422 531 3811 597 omnipotens,

509 632 810 692 descendit.
844 632 945 686 Per
969 631 1143 697 ipsum
1182 626 1432 681 inimicus
1461 621 1745 688 occiditur,
1776 619 2099 677 resurrectio
2200 644 2402 693 διεῖπε
2433 635 2595 698 Deus,
2628 634 2682 687 ῖη
2715 635 2815 687 hac
2862 640 3018 687 nocte
3060 628 3261 685 natans
3291 626 3410 683 pm;
3456 629 3561 690 mi;
3595 624 3813 680 noctis.

507 726 565 786 ln
608 741 768 783 carne
815 730 1160 787 mnnSIratnr,
1189 720 1327 775 liber
1366 718 1489 773 vita:
1533 715 1790 786 perennis
1832 712 2095 784 aperitur.

2200 734 2306 803 Qne
2336 724 2529 785 media:
2568 732 2813 796 tempore
2857 724 2948 779 tibi
2988 722 3333 789 adsistentes,
3380 732 3720 788 quaesumus,
3753 724 3816 770 ut

514 818 805 875 Veniamus
844 830 971 885 ετεο
1009 814 1076 869 3d
1112 828 1233 869 eum
1264 823 1484 873 omnes:
1528 804 1619 878 ψιί
1666 807 1873 861 onera“
1915 818 2101 860 sum“
2198 824 2343 882 sicut
2368 820 2632 893 separasti
2666 819 2839 872 lucem
2883 829 2910 868 a
2944 814 3197 870 tenebris.
3244 853 3257 867 .
3302 851 3318 866 .
3362 852 3378 867 .
3421 850 3435 864 .
3482 849 3496 864 .
3537 848 3554 863 .
3598 847 3613 861 .
3660 846 3681 862 .
3733 845 3751 861 .
3793 843 3813 859 .

513 910 767 983 peccatis,
803 908 922 978 quia
969 904 1152 977 iugum
1202 905 1319 973 ejus
1363 909 1641 964 sanctum,
1685 912 1879 964 suave,
1929 896 2102 966 adque

514 1020 651 1062 onus
676 1004 793 1074 ejus
821 996 937 1059 lere
966 1009 1067 1055 est.
1101 1000 1267 1055 Nemo
1306 992 1558 1053 Mrmidet
1586 992 1670 1049 vel
1712 991 1940 1047 dubitet.
1984 989 2100 1046 Non

512 1109 786 1157 taurorum
809 1106 899 1152 aut
924 1094 1192 1149 hircorum
1219 1090 1434 1165 sanguis
1464 1087 1753 1160 expetitur,
1781 1085 1874 1140 sed
1904 1086 1956 1139 in
1980 1084 2103 1139 sim.

508 1196 749 1267 plicitate
787 1192 945 1273 337
978 1187 1154 1245 cordis
1197 1183 1514 1241 sacriﬁcium
1561 1181 1736 1237 laudis
1782 1179 2101 1250 postulatur.

506 1289 635 1345 Ilaac
661 1300 789 1356 ergo
818 1283 959 1340 Dens
1002 1284 1053 1337 in
1087 1280 1261 1345 nobis,
1308 1278 1375 1331 ad
1422 1276 1663 1330 nationes
1694 1274 1967 1327 nationum
2015 1286 2103 1326 ce-

506 1379 923 1437 lebratissimam
957 1387 1195 1435 noctem,
1228 1371 1282 1427 id
1314 1380 1395 1425 est
1438 1366 1775 1425 Nativitatem
1827 1364 1944 1419 Filii
1986 1362 2100 1433 sui,

506 1471 829 1547 propitiatus
871 1460 1024 1523 nobis
1072 1465 1376 1536 indulgeat;
1423 1460 1723 1516 sanctiﬁcet
1774 1456 2101 1520 Ecclesiam;

507 1563 738 1619 aediﬁcet
766 1560 1070 1615 sacerdOtes
1100 1566 1163 1625 “;
1197 1555 1397 1610 exaltet
1428 1551 1703 1615 seniores;
1739 1548 1983 1603 inlustret
2022 1546 2103 1603 le-

507 1654 681 1721 vitas;
731 1634 1011 1709 benedicat
1058 1646 1313 1720 populum
1360 1659 1553 1707 suum;
1601 1641 1877 1709 extinguat
1926 1637 2102 1691 omnia

505 1757 725 1821 peccata
756 1754 966 1811 nostra;
992 1743 1153 1798 vitam
1185 1750 1439 1819 aeternam
1470 1746 1878 1802 consequamur.
1911 1730 2033 1786 Per.

986 1833 1221 1885 Collectio
1244 1843 1371 1880 nunc
1387 1830 1633 1891 sequitur.

574 1910 870 1980 Sublimem
911 1919 1195 1974 inellabils
1238 1915 1535 1971 clementiae
1582 1913 1866 1966 Rectorem
1909 1906 2105 1961 annuis

510 2012 982 2084 supplicationibus
1014 2012 1064 2065 in
1111 2010 1210 2066 hac
1238 2007 1541 2079 vespertina
1579 2018 1755 2073 prece,
1791 1998 1989 2056 fratres
2019 1999 2104 2053 di-

504 2105 826 2170 lectissimi,
853 2104 1017 2160 unitis
1044 2103 1237 2157 animis
1263 2102 1633 2171 deprecemur,
1661 2106 1719 2151 ut
1743 2093 1898 2150 nobis
1929 2104 2105 2147 trans-

498 2203 615 2258 acti
658 2201 920 2271 temporis
964 2201 1224 2255 hactenus
1253 2197 1428 2253 debita
1473 2196 1671 2264 donet,
1701 2199 2105 2263 superventurre

510 2296 681 2353 noctis
740 2296 1150 2352 sollemnitatem
1206 2291 1409 2348 Natalis
1472 2290 1590 2345 Filii
1645 2288 1727 2343 sui
1787 2298 2105 2357 prosperam

510 2395 761 2459 prteslet,
806 2386 1072 2441 assiduam
1116 2382 1279 2441 futuri
1329 2381 1455 2437 anni
1484 2380 1510 2418 δ
1543 2378 1843 2436 custodiam
1885 2375 2107 2439 reddat,

510 2482 573 2537 ad
604 2490 822 2536 aeterna:
859 2481 985 2534 vitae
1014 2478 1204 2547 gaudia
1252 2473 1476 2547 spiritali
1519 2472 1830 2529 delensione
1861 2482 1957 2524 nos
1988 2483 2110 2540 per-

511 2570 671 2628 ducat
700 2580 939 2626 orantes.
970 2568 1073 2624 Per
1102 2568 1410 2623 Dominum.

1053 2658 1291 2709 Collectio
1314 2660 1557 2721 sequitur.

586 2742 730 2817 Rege
778 2758 896 2810 nos,
930 2741 1180 2805 Domine,
1214 2740 1435 2796 brachio
1479 2749 1571 2793 tuo
1610 2732 1849 2802 excelso,
1890 2745 1946 2792 et
1982 2742 2111 2790 con-

512 2844 666 2894 ‘Serva
694 2846 793 2893 nos
826 2832 919 2907 per
960 2836 1196 2892 alternas
1226 2832 1431 2890 dierum
1463 2842 1514 2886 et
1546 2841 1852 2901 temporum
1895 2838 2113 2884 succes-

511 2930 721 2995 siones;
753 2940 813 2985 ut
840 2929 1003 3001 adjnti
1032 2936 1339 2984 sanctorum
1372 2925 1645 2996 precibus,
1677 2923 1765 2993 qni
1793 2922 1937 2979 diem
1970 2922 2113 2978 hunc

514 3038 611 3093 per
638 3026 831 3078 muniis
860 3020 1240 3078 misericordia:
1278 3028 1381 3074 tua:
1424 3018 1696 3084 duximus,
1728 3024 1942 3071 noctem
1979 3029 2113 3083 quo-

516 3128 623 3185 que
667 3114 822 3170 istam
854 3114 1101 3184 placitam
1135 3111 1227 3167 tibi
1274 3112 1575 3166 animarum
1608 3117 1662 3166 et
1700 3122 1990 3180 corporum
2020 3121 2114 3177 pu-

512 3206 673 3263 ritate
694 3207 972 3262 ducamus.
1001 3204 1102 3258 Per
1136 3202 1439 3259 Dominum.

556 3296 664 3352 VII.
694 3312 955 3353 INCIPIUN’I‘
984 3310 1284 3351 centones
1314 3311 1381 3350 an
1413 3308 1613 3350 INITIUI
1642 3307 1825 3351 noc'rts
1853 3306 2078 3351 manus

912 3382 1111 3423 DOIINI.
1146 3382 1264 3423 ISTA
1296 3382 1362 3421 AD
1389 3380 1713 3423 DUODECIMA.

590 3461 684 3521 Dei
730 3461 903 3517 Patris
942 3459 1327 3529 omnipotentis
1375 3459 1553 3514 vivum
1608 3458 1838 3514 Verbum
1880 3466 1958 3524 te,
2002 3457 2112 3513 Do-

514 3553 660 3610 mine
686 3554 812 3611 .lesu
845 3553 1081 3620 Christe,
1112 3552 1464 3622 deprecamur
1492 3560 1749 3606 aeternum
1769 3594 1783 3618 ,
1814 3550 1892 3605 uti
1927 3564 2024 3603 nos
2056 3549 2108 3605 in

517 3646 624 3701 ﬁde
654 3646 726 3702 tui
757 3646 987 3701 nominis
1014 3643 1235 3701 roborea
1263 3658 1358 3713 per
1388 3642 1504 3712 spei
1533 3641 1986 3713 perseverantiam
2010 3680 2026 3707 ,
2059 3647 2115 3697 et

517 3736 759 3795 caritatis
803 3735 1213 3800 excellentiam;
1260 3747 1528 3790 renovans
1582 3739 1765 3787 nostra
1814 3733 1867 3786 in
1922 3731 2116 3787 melius

518 3830 811 3896 desideria,
856 3839 912 3883 ut
957 3843 1170 3899 semper
1215 3828 1266 3881 in
1302 3827 1442 3881 bono
1490 3836 1914 3895 perseverantes,
1946 3834 1997 3879 te
2026 3823 2115 3895 pio

502 3938 678 3999 sensu
718 3922 1037 3991 intelligere,
1068 3929 1126 3976 et
1158 3919 1354 3974 mundo
1386 3920 1547 3971 corde
1578 3916 1759 3971 videre
1791 3918 2059 3984 possimus
2089 3931 2105 3971 :

516 4019 610 4090 qui
638 4035 705 4074 ex
748 4028 899 4073 utero
927 4026 1052 4072 ante
1096 4014 1374 4073 luciferum
1424 4024 1647 4084 paterno
1683 4024 1839 4070 natus
1871 4012 2112 4069 inell‘abi-

518 4111 662 4185 liter,
707 4110 841 4167 Deus
871 4109 938 4164 de
965 4108 1095 4174 Deo,
1125 4120 1260 4161 unus
1287 4107 1353 4161 de
1390 4122 1514 4172 uno,
1550 4105 1728 4160 lumen
1771 4105 1839 4160 de
1888 4105 2109 4169 lumine,

519 4202 588 4258 de
608 4202 935 4270 sempiterno
961 4201 1116 4255 Patre
1140 4207 1441 4255 coaeternus
1469 4197 1656 4253 Filius.
1681 4196 1812 4253 Cum
1842 4210 1950 4266 quo
1974 4211 2114 4252 sem-

512 4309 617 4366 per
640 4305 697 4352 et
720 4294 919 4365 Spiritu
947 4302 1132 4349 sancto
1164 4293 1217 4349 in
1257 4292 1632 4363 spiendoribus
1660 4300 1967 4345 sanctorum
2001 4288 2117 4343 sine

519 4389 779 4461 principio
804 4397 858 4445 et
883 4388 1000 4444 sine
1027 4386 1132 4442 ﬁne
1162 4401 1351 4455 regnas
1378 4398 1430 4439 et
1463 4398 1747 4455 permanes
1775 4381 1827 4437 in
1858 4380 2080 4437 saecula.

1054 4476 1291 4529 Collectio
1312 4478 1555 4539 sequitur.

594 4563 821 4621 Mirabili
852 4563 1043 4619 iterum
1073 4569 1410 4617 sacramento
1440 4559 1722 4614 nobiscum
1752 4557 1893 4612 Deus
1919 4556 1987 4611 ab
2016 4570 2111 4610 an-

2138 3206 2187 3270 C

2207 955 2224 972 .
2266 953 2283 971 .
2327 955 2343 971 .
2386 954 2401 970 .
2445 952 2461 968 .
2492 911 2560 968 Et
2589 912 2669 966 hic
2700 913 2880 966 desunt
2912 907 3064 977 folia.
3158 983 3170 994 .

2523 1024 2613 1080 IX.
2649 1039 2717 1078 an
2744 1034 3045 1078 FACIBNDUII
3078 1026 3101 1056 ε
3134 1028 3481 1071 εῡιιυτιιηιυιι.

2211 1234 2277 1289 da
2308 1232 2384 1289 illi
2423 1227 2850 1288 misericordiam
2882 1234 3023 1281 tuam
3055 1232 3108 1278 et
3140 1222 3389 1289 pietatem
3410 1261 3423 1284 ,
3466 1232 3563 1288 per
3605 1216 3823 1271 lavacri

2209 1325 2712 1396 regenerationem,
2747 1318 2947 1390 perduc
2972 1330 3093 1373 eum
3121 1313 3188 1368 ad
3215 1314 3439 1382 gratiam
3472 1310 3817 1379 spiritalem,

2208 1425 2267 1472 ut
2295 1416 2569 1471 “OblaCilIII
2603 1413 2802 1481 pariter
2834 1410 2929 1463 tibi
2961 1407 3186 1463 Domino
3229 1405 3339 1459 Deo
3372 1402 3518 1458 Patri
3558 1403 3824 1471 omnipo-

2209 1509 2340 1564 tenti
2371 1508 2553 1562 laudes
2583 1515 2637 1561 et
2664 1504 2863 1576 gratias
2884 1502 3089 1557 reierat
3119 1516 3134 1553 ε
3168 1498 3330 1553 induc
3360 1511 3481 1550 eum
3514 1497 3566 1549 in
3598 1494 3686 1547 via
3718 1509 3821 1548 ve-

2208 1603 2412 1666 ritatis,
2460 1601 2595 1657 doce
2636 1614 2758 1656 eum
2806 1595 3218 1668 juttiﬁcationw
3297 1600 3434 1645 tuas.
3519 1587 3623 1643 Per
3702 1584 3820 1643 Do-

2212 1697 2440 1752 tlinum.

2669 1763 2739 1819 Χ.
2771 1776 2966 1819 INCIPIT
2998 1772 3342 1816 exonersuus.

2284 1856 2580 1929 Adgredior
2609 1856 2638 1892 ά
2671 1863 2743 1919 te,
2791 1850 3223 1907 immundissimo
3268 1848 3519 1903 damnate
3559 1845 3815 1914 spiritus,

2206 1949 2299 2021 qui
2321 1964 2382 2008 es
2410 1950 2737 2005 inveterator
2764 1944 3001 2007 malitiaa,
3029 1940 3281 1997 materies
3321 1938 3630 2002 criminum,
3658 1938 3813 2007 origo

2210 2042 2444 2114 peccati,
2475 2040 2567 2111 qui
2607 2036 2907 2101 fraudibus,
2949 2034 3273 2105 sacrilegiis,
3316 2033 3539 2101 stupris,
3572 2029 3818 2085 caulibus

2207 2138 2429 2208 gaudes.
2459 2134 2555 2200 Te,
2590 2136 2837 2189 invocato
2867 2128 3080 2185 Domini
3110 2130 3278 2184 nostri
3307 2127 3438 2183 Jesu
3477 2124 3683 2181 Christi
3716 2140 3818 2179 no-

2211 2231 2379 2295 mine,
2411 2229 2466 2286 in
2495 2244 2647 2285 o.....
2673 2241 2792 2283 mus
2817 2235 2870 2281 et
2915 2224 3227 2294 adjuramus
3280 2237 3375 2292 per
3416 2220 3657 2291 ejusdem
3701 2234 3821 2273 ma-

2207 2324 2459 2394 iestatem
2490 2321 2666 2392 adque
2709 2319 2998 2383 virtutem,
3031 2317 3340 2387 passionem
3370 2329 3434 2368 ac
3464 2313 3823 2369 resurrectio-

2214 2434 2367 2483 nem,
2396 2418 2685 2472 adventum
2734 2414 2908 2483 adque
2934 2410 3234 2482 judicitun;
3276 2421 3330 2464 ut
3380 2408 3435 2463 in
3481 2421 3821 2477 quacumque

2216 2520 2367 2580 parte
2396 2508 2760 2565 membrorum
2788 2504 2988 2567 latitas,
3025 2503 3237 2573 propria
3266 2512 3316 2556 te
3342 2499 3683 2555 confessione
3710 2513 3826 2551 ma-

2214 2604 2471 2663 nifestos;
2503 2604 2909 2673 exagitatusque
2955 2595 3295 2667 spiritalibus
3326 2594 3505 2664 ﬂagris
3536 2591 3822 2648 invisibili-

2215 2699 2421 2768 busque
2448 2694 2749 2761 tormentis,
2785 2706 2878 2748 vas
2919 2690 3065 2760 quod
3099 2703 3399 2760 occupasse
3442 2686 3703 2748 aestimas,
3740 2683 3825 2739 fu-

2214 2792 2356 2862 gias,
2384 2789 2769 2857 expiatumtu
2801 2793 2921 2855 post
2969 2782 3353 2838 habitationem
3399 2790 3540 2835 tuam
3590 2779 3819 2832 Domino

2215 2884 2579 2954 derelinquas.
2604 2880 2850 2939 Sufﬁciat
2877 2878 3019 2947 quod
3050 2876 3319 2947 prioribus
3350 2874 3565 2929 saeculis
3596 2887 3695 2941 per
3727 2871 3819 2925 ho-

2219 2980 2422 3034 minum
2465 2974 2624 3032 corda
2668 2987 2820 3044 paene
2851 2980 2962 3026 toto
3006 2969 3141 3025 orbe
3169 2966 3476 3023 dominatus
3504 2980 3587 3019 es.
3617 2964 3738 3019 .lam
3769 2964 3818 3017 in

2219 3074 2337 3131 dies
2363 3072 2603 3143 singulos
2629 3068 2924 3125 destruitur
2966 3075 3113 3120 tuum
3168 3077 3422 3132 regnum,
3460 3070 3660 3131 tuaque
3691 3057 3822 3113 coti-

2220 3163 2307 3220 die
2349 3176 2516 3231 usque
2544 3162 2598 3217 in
2640 3161 2799 3214 linem
2832 3157 2940 3214 tela
2970 3154 3242 3211 deﬁciant.
3274 3151 3392 3208 Jam
3440 3152 3647 3221 pridem
3682 3166 3820 3223 pne-

2220 3256 2445 3327 ﬁgurata
2474 3262 2598 3310 sunt
2626 3252 2726 3307 ista
2752 3247 3123 3320 quaepateris.
3152 3245 3268 3302 iam
3304 3252 3357 3299 tu
3387 3254 3627 3298 vastatus
3657 3243 3819 3314 Egy-

2218 3350 2454 3418 ptiorum
2483 3345 2673 3417 plagis,
2703 3354 2758 3399 tu
2791 3344 2844 3399 in
2874 3341 3154 3399 Pharaone
3192 3341 3491 3402 demersus,
3525 3340 3575 3392 in
3614 3337 3823 3394 Hierico

2221 3439 2545 3502 destructus,
2580 3437 2631 3491 in
2677 3443 2882 3505 septem
2930 3432 3251 3487 Chananzeis
3299 3430 3547 3503 gentibus
3593 3440 3817 3495 stratus,

2216 3546 2316 3607 per
2340 3532 2640 3585 Sansonem
2670 3524 2727 3582 in
2760 3524 3062 3597 Allophylis
3090 3522 3427 3595 subjugatus,
3458 3531 3738 3578 truncatus
3764 3526 3813 3576 in

2220 3623 2370 3680 Golia
2407 3637 2499 3692 per
2531 3621 2697 3676 David
2722 3661 2737 3686 ,
2788 3635 2880 3690 per
2910 3618 3250 3674 Mardoceum
3283 3616 3335 3671 in
3378 3616 3550 3670 Aman
3602 3628 3823 3683 suspen-

2217 3734 2330 3786 sus,
2360 3732 2453 3791 per
2484 3715 2704 3772 Danihel
2734 3715 2787 3770 in
2813 3713 2903 3769 Bel
2930 3712 3193 3785 dejectus,
3223 3712 3277 3767 in
3311 3711 3553 3768 Dracone
3587 3710 3820 3779 punitus,

2218 3828 2315 3885 per
2344 3810 2526 3868 Judith
2554 3810 2605 3865 in
2638 3807 2983 3877 HOIOpberne
3018 3802 3378 3869 transfossus,
3410 3818 3508 3873 per
3542 3802 3822 3857 Dominum

2219 3904 2466 3961 humanis
2514 3902 2752 3972 imperiis
2798 3899 3133 3970 subjugatus,
3171 3914 3264 3967 per
3314 3898 3537 3953 Paulum
3581 3905 3812 3952 emeatus

2222 4007 2276 4061 in
2320 4001 2499 4069 Mago,
2546 4006 2697 4053 ustus
2750 3996 2804 4052 in
2853 3995 3056 4067 vipera,
3102 4009 3196 4062 per
3241 3993 3456 4049 Petrum
3504 3990 3558 4046 in
3603 3990 3822 4047 Simone

2224 4092 2521 4163 disruptus,
2558 4104 2652 4160 per
2684 4102 2873 4146 onmes
2904 4095 3120 4143 sanctos
3152 4085 3373 4157 fugaris,
3404 4084 3701 4153 torqueris,
3735 4084 3822 4139 eli-

2219 4185 2390 4263 deris,
2422 4182 2638 4238 aeternis
2668 4181 2879 4254 ignibus
2907 4189 2963 4235 et
2988 4178 3212 4235 infernis
3248 4176 3487 4234 tenebris
3517 4177 3820 4247 deputatus.

2224 4275 2378 4351 Unde
2404 4274 2676 4329 hominem
2709 4272 2968 4327 Dominus
2999 4271 3163 4343 339
3191 4278 3373 4326 noster
3399 4268 3553 4325 Jesus
3581 4267 3823 4324 Christus

2223 4368 2276 4425 in
2308 4367 2474 4424 Adam
2506 4367 2745 4423 secundo
2771 4366 2897 4421 dum
2922 4364 2989 4420 de
3019 4374 3071 4419 te
3097 4364 3419 4433 triumphat,
3446 4363 3658 4418 eximit.
3694 4362 3813 4418 Abs

2221 4462 2372 4528 cede,
2402 4459 2635 4516 abscede
2664 4472 3005 4529 quocumque
3031 4472 3111 4526 es,
3143 4467 3198 4513 et
3237 4471 3457 4527 corpora
3509 4454 3623 4511 Deo
3654 4456 3821 4510 dicata

2223 4571 2293 4609 ne
2324 4564 2555 4621 repetas.
2600 4550 2881 4608 lnterdicta
2933 4552 3041 4607 sint
3091 4550 3183 4606 tibi
3223 4550 3321 4605 ista
3369 4552 3417 4604 in
3452 4557 3733 4620 perpetuo.
3768 4547 3819 4604 In

522 4660 657 4732 gelis
700 4656 1011 4712 Emmanuel
1056 4655 1380 4713 nominatus.
1413 4644 1580 4707 Filius
1610 4650 1863 4715 hominis,
1901 4650 2001 4705 hoc
2033 4660 2116 4704 est
2146 4615 2202 4677 Β
2226 4648 2444 4703 nomine
2476 4646 2647 4701 Patris
2676 4654 2731 4700 et
2761 4644 2875 4698 Filii
2906 4654 2959 4698 et
2981 4642 3217 4711 Spiritus
3247 4615 3630 4707 sancti,-et—in
3656 4639 3817 4711 gloria

522 4753 701 4811 Mariae
729 4751 969 4823 virginis,
998 4750 1155 4805 Jesus
1187 4748 1427 4804 nasceris
1459 4747 1510 4801 in
1538 4746 1764 4801 salutem
1798 4744 1978 4815 populi
2008 4742 2116 4809 tui;

509 4848 581 4919 in
631 4846 785 4917 cujus
839 4858 1064 4900 numero
1115 4858 1212 4898 nos
1262 4857 1384 4897 esse
1438 4840 1522 4911 pie
1580 4839 1808 4895 Domine
1858 4838 2120 4894 concedas

523 4939 762 5006 Christe,
791 4937 943 5008 cujus
975 4934 1177 4990 Natalis
1217 4934 1450 4990 salutare
1491 4931 1804 5004 mysterium
1845 4930 2123 4986 celebran-

538 5042 644 5099 tes,
677 5031 729 5087 in
762 5029 933 5084 noctis
963 5028 1121 5100 hujus
1168 5043 1372 5099 magna:
1418 5020 1568 5083 initio
1598 5025 1859 5094 primitias
1906 5038 2121 5094 precum

530 5126 640 5181 acsi
682 5122 989 5187 oﬁ‘erentes,
1021 5136 1271 5191 rogamus
1303 5119 1375 5174 lui
1423 5119 1654 5174 nominis
1699 5119 1803 5170 vim
1855 5115 2127 5170 nascendo

532 5219 688 5276 nobis
711 5231 923 5289 quoque
953 5230 981 5270 a
1007 5211 1171 5286 338
1197 5224 1247 5268 te
1274 5212 1490 5279 donari,
1524 5211 1769 5267 Salvator
1794 5207 2000 5264 mundi.
2025 5206 2123 5273 Qui

534 5313 692 5369 vivis.

605 5455 630 5481 κ
672 5442 1007 5505 Sacerdotes,
1054 5438 1106 5494 id
1156 5444 1239 5493 est
1279 5436 1595 5504 episcopos;
1634 5434 1893 5501 seniores,
1938 5430 1994 5487 id
2039 5440 2123 5505 est

532 5514 896 5587 presbyteros.
929 5502 1130 5587 Supra,
1162 5510 1214 5563 in
1249 5502 1847 5587 Missali_‘Fraoi:prutn,
1882 5518 2040 5578 num._
2064 5502 2117 5559 8.

532 5569 620 5641 ubi
670 5569 737 5640 de
784 5569 1130 5639 ordinatione
1173 5576 1505 5650 presbyteri,
1556 5576 1729 5648 probet
1778 5591 1831 5631 se
1880 5591 1985 5629 esse
2029 5569 2121 5626 se-

531 5673 924 5786 “labreg'iinirttm
948 5727 1068 5792 quia
1098 5736 1268 5778 novus
1296 5736 1466 5775 annus
1494 5735 1527 5779 ι
1552 5718 1639 5776 die
1669 5725 1949 5791 sequente,
1976 5717 2122 5773 acilia

538 5809 624 5861 cet
651 5815 678 5853 a
710 5799 881 5857 Natali
914 5795 1154 5863 Domini,
1186 5802 1311 5849 tunc
1340 5792 1644 5861 incipiebat.

615 5882 641 5919 σ
673 5871 924 5935 ῧοτιιιὶιιίἰ
953 5867 1094 5927 tertii
1127 5860 1249 5945 pars
1267 5875 1383 5936 est,
1415 5860 1559 5941 quod
1586 5862 1747 5922 ﬁebat
1774 5860 1901 5919 olim
1937 5867 2125 5937 quarta

2226 4740 2507 4798 dominica:
2555 4739 2847 4811 passionis,
2891 4736 3042 4807 cujus
3084 4728 3278 4792 cruore
3321 4735 3613 4803 salvantur,
3665 4734 3814 4802 cujus

2225 4836 2510 4892 adventum
2546 4810 2864 4903 expectant,
2890 4828 3147 4901 judicium
3180 4826 3521 4884 conﬁtentur.
3566 4826 3671 4882 Per
3710 4810 3815 4881 Do-

2227 4929 2452 4987 minum.

2340 5014 2426 5073 ΧΙ.
2460 5032 2651 5072 nvcwrr
2679 5012 2704 5053 ά
2735 5028 3015 5071 expostrto
3045 5028 3147 5068 νει.
3174 5026 3432 5067 τωοιτιο
3470 5020 3713 5068 svnsou.

2301 5109 2491 5166 Sermo
2542 5110 2595 5161 et
2644 5116 3039 5163 sacramentum
3087 5106 3250 5162 totius
3296 5104 3575 5176 Symbnli,
3624 5101 3818 5157 fratrias

2230 5203 2597 5270 dilectissimi,
2631 5200 2763 5257 ﬁdes
2809 5212 2894 5259 est
2941 5198 3230 5256 Chrisliani
3282 5197 3515 5254 hominis
3562 5205 3618 5253 et
3660 5197 3817 5250 vita:

2230 5296 2365 5351 ﬁdes
2394 5295 2445 5350 in
2478 5295 2758 5366 praesenti,
2793 5295 2899 5349 vita
2933 5295 2985 5349 in
3018 5291 3223 5359 futuro;
3253 5291 3386 5347 ﬁdes
3411 5292 3463 5346 in
3498 5290 3603 5355 via,
3634 5289 3740 5343 vita
3770 5288 3815 5342 in

2227 5431 2355 5485 feria
2405 5431 2573 5485 tertite
2603 5428 2953 5485 hebdomada:
2993 5428 3449 5501 Quadragesimaa.
3492 5424 3627 5481 Vide
3664 5423 3816 5480 Ordi-

2233 5517 2354 5559 nem
2386 5501 2707 5557 Romanum.

2299 5571 2326 5610 ἀ
2359 5573 2474 5628 Alia
2516 5573 2569 5627 in
2611 5571 2812 5628 Ordine
2847 5571 3134 5628 Romano:
3190 5570 3356 5639 Audi,
3399 5567 3671 5624 maledicta
3715 5558 3813 5622 Sa-

2224 5648 2644 5775 ,(an'dl'netrdine
2673 5714 2916 5772 Romano
2943 5716 3049 5772 alia
3075 5716 3272 5781 oratio,
3314 5724 3370 5772 et
3399 5710 3652 5784 praescii!
3679 5710 3811 5765 hanc

2226 5788 2626 5934 gngiitionem
2655 5788 2919 5859 expositio
2951 5788 3357 5862 Evangeliorum
3379 5782 3411 5855 ,⁷
3434 5800 3553 5859 qua:
3596 5782 3682 5839 hic
3723 5796 3807 5841 se-
