4048 6350
255 368 375 430 589

1259 352 1351 429 ait
1390 352 1719 430 numen
1760 349 2148 430 onmem
2191 354 2397 433 mean
2435 360 2525 435 ttt.

3440 370 3547 445 ssc

242 486 457 560 patria;
492 486 625 542 ﬁdes
666 485 717 541 iit
746 490 864 557 spe,
895 484 1001 543 vita
1031 486 1083 544 in
1114 494 1208 555 re;
1242 488 1375 545 fides
1407 489 1461 546 in
1493 489 1707 561 proelio,
1736 486 1847 544 vita
1874 484 1928 544 Α
1952 498 2103 546 mens
2131 484 2377 558 (illectus,
2408 488 2461 548 in
2508 490 2613 566 quo
2650 484 2778 551 iiiiltl
2809 490 2945 554 bene
2973 489 3331 570 compiacuit,
3366 503 3541 572 ipsum

248 582 310 637 in
344 584 551 652 regno:
586 574 720 634 ﬁdes
748 578 801 634 in
831 590 1013 648 opere,
1046 579 1149 636 vita
1181 581 1232 637 in
1265 582 1634 638 retributione.
1667 582 1745 637 Ac
1773 580 1851 637 sic

243 674 346 745 qui
373 673 531 728 fidem
556 668 676 727 cum
699 669 948 741 operibus
972 672 1219 729 habuerit
1244 674 1296 729 in
1321 676 1421 730 hoc
1443 674 1661 743 seculo,
1685 676 1849 731 vitam

247 780 515 823 aeternam
548 766 770 836 recipiet
813 769 865 822 in
910 769 1125 824 futuro:
1157 776 1212 826 et
1243 769 1362 824 ideo
1388 767 1569 825 statim
1600 771 1653 825 in
1698 770 1848 841 prin-

246 858 398 930 cipio
441 856 681 930 Symboli
729 857 890 914 habet
919 877 931 911 :
964 856 1131 914 Credo
1162 862 1214 913 in
1249 858 1448 929 Deum;
1475 870 1530 917 et
1575 871 1759 932 postea
1796 863 1848 917 in

242 948 604 1005 conclusione
633 948 920 1030 Symboli‘:
959 949 1133 1005 Vitam
1173 952 1435 1007 mter-nam.
1481 953 1572 1009 Sic
1601 960 1728 1023 ergo
1768 964 1851 1008 est

247 1042 597 1114 Symbolum,
628 1043 995 1109 dilectissimi,
1046 1046 1199 1113 quasi
1228 1046 1647 1116 pulcherrimum
1679 1039 1850 1103 aedifi-

232 1134 397 1188 cium
427 1134 565 1189 bene
591 1145 857 1205 emptum;
888 1137 1039 1205 cuius
1066 1138 1120 1193 et
1150 1138 1520 1195 ﬁrmissimum
1552 1150 1634 1198 est
1662 1140 1851 1196 funda-

253 1234 531 1292 mentum,
565 1235 618 1281 ct
647 1227 931 1284 inmortale
978 1228 1277 1299 fastigium,
1322 1244 1443 1285 cum
1488 1232 1539 1287 in
1592 1233 1850 1303 principio

248 1317 453 1375 habeat
482 1320 677 1386 Deum,
714 1331 767 1376 et
809 1321 864 1375 in
916 1321 1024 1377 ﬁne
1072 1323 1232 1376 vitam
1276 1332 1554 1378 aeternam.
1584 1324 1726 1379 Deus
1770 1334 1851 1380 est

246 1413 661 1469 fundamentum
684 1458 699 1481 ,
731 1424 785 1469 et
813 1415 918 1469 vita
959 1425 1159 1470 aeterna
1202 1414 1490 1486 fastigium.
1526 1414 1703 1483 Fides,
1744 1417 1847 1472 fra-

246 1512 371 1563 tres
418 1504 719 1571 carissimi,
765 1506 887 1561 vita:
935 1508 1162 1572 ostium,
1209 1508 1311 1563 via:
1363 1507 1715 1578 principium,
1758 1521 1846 1562 sa-

251 1586 389 1654 iutis
417 1608 497 1655 est
547 1598 973 1655 fundamentum.
1003 1599 1103 1669 Qui
1134 1598 1312 1656 divina
1354 1600 1611 1686 mysteria
1651 1592 1851 1654 intelli-

250 1694 434 1766 gendo
463 1700 519 1750 s'e
560 1694 732 1763 magis
762 1708 953 1763 capere
992 1695 1221 1750 aestimat
1260 1708 1416 1761 quam
1447 1692 1735 1760 credendo,
1772 1693 1851 1750 sic

252 1785 417 1853 facit,
449 1787 717 1857 quomodo
741 1787 787 1843 si
824 1787 1040 1858 aliquis,
1071 1786 1253 1844 relicta
1282 1788 1387 1855 via,
1420 1770 1564 1857 petat
1602 1787 1846 1857 devium,

1957 584 2156 639 audite.
2191 586 2345 641 Pater
2370 588 2542 659 ipsum
2573 605 2695 646 esse
2738 591 2869 647 dicit
2914 592 3106 648 Filium
3150 609 3339 661 suum,
3375 588 3428 650 et
3469 594 3550 665 ip-

1956 674 2075 732 sum
2124 678 2306 735 audire
2335 678 2513 749 inber;
2547 680 2666 751 qtiis
2705 690 2785 739 est
2822 678 2912 755 qui
2960 686 3119 757 neget
3164 680 3287 744 esse
3329 686 3548 757 verum,

1959 768 2100 838 quod
2129 766 2322 826 veritas
2348 770 2512 828 dicit?
2540 772 2809 845 Sequitur.

2025 860 2188 916 Credo
2221 864 2343 917 etin
2391 863 2564 919 [esum
2605 866 2862 921 Christum
2890 865 3084 923 Filium
3106 870 3217 941 ejus
3234 866 3549 942 unigenitum

1952 952 2334 1023 sempiternum.
2361 954 2504 1011 Iesus
2527 956 2762 1013 hebraicl
2789 960 3029 1013 vttcabuli
3059 960 3254 1018 nomen
3275 971 3378 1029 est,
3404 963 3545 1033 quod

1953 1050 2080 1115 aput
2126 1050 2222 1101 tios
2265 1045 2511 1102 Salvator
2551 1050 2762 1106 dicitur.
2802 1049 3035 1106 Christus
3074 1056 3102 1105 a
3145 1050 3455 1119 chrismate,
3493 1053 3546 1109 id

1952 1146 2033 1192 est
2064 1137 2130 1191 ab
2171 1136 2421 1194 unctione
2446 1140 2764 1210 appellatur.
2801 1141 3158 1214 unigenitum,
3189 1144 3381 1217 inquit.
3418 1145 3546 1203 Unt-

1953 1238 2050 1283 cus
2074 1237 2158 1283 est
2203 1243 2431 1301 namque
2471 1232 2611 1287 Patri
2640 1234 2903 1301 Chrisms,
2940 1245 2994 1290 ut
3025 1237 3279 1308 Splendor
3308 1236 3452 1309 igni,
3488 1236 3550 1297 ut

1934 1320 2076 1378 ‘forti
2101 1323 2292 1390 virtus,
2324 1336 2378 1380 ut
2408 1326 2668 1396 sapientia
2699 1329 2944 1399 sapienti.

2023 1441 2329 1513 Conceptus,
2356 1442 2563 1514 inquit,
2596 1444 2657 1497 de
2701 1445 2903 1517 Spiritu
2932 1460 3128 1504 sancto.
3156 1432 3386 1519 Spiritus
3415 1465 3546 1521 ergo

1951 1544 2166 1589 sanctus
2207 1536 2435 1591 refertur
2473 1536 2754 1593 dominicae
2793 1542 2971 1596 carnis
2999 1552 3053 1597 et
3084 1543 3264 1612 templi
3308 1552 3537 1598 creator.

1950 1623 2128 1696 incipe
2161 1628 2271 1699 jam
2302 1628 2421 1684 hinc
2458 1628 2756 1701 intelligere
2785 1632 2944 1686 etiam
2971 1635 3140 1689 sancti
3170 1618 3400 1706 Spiritus
3433 1651 3546 1695 ma-

1945 1719 2214 1792 jestatem.
2245 1721 2334 1776 Sic
2372 1724 2513 1777 enim
2541 1723 2616 1777 ait
2646 1718 2993 1795 Evangelium
3025 1745 3034 1777 :
3066 1727 3297 1797 Spiritus
3329 1739 3548 1784 sanctus

1952 1813 2291 1882 superveniet
2320 1813 2373 1868 in
2406 1824 2477 1885 te,
2504 1824 2555 1870 et
2582 1816 2748 1870 virtus
2778 1817 3036 1871 Altissimi
3064 1816 3405 1873 obumbrabit
3431 1818 3548 1875 tibi.

252 1876 353 1987 'f’.
395 1879 513 1987 si”
564 1877 910 1987 r"nfla_me"'°
951 1889 1227 1987 (Ῥηξίξυθί
1272 1878 1851 1987 πδίίίθῂξπξρηνθῘΡθῩ
1880 1889 1930 1952 Β
1960 1876 2147 1963 Videte
2186 1923 2314 1981 ergo
2360 1876 2737 1977 cooperantem
2779 1909 2877 1963 sibi
2932 1911 3157 1987 invicem
3208 1910 3547 1967 Trinitatem.

258 1970 533 2042 obiectum
567 1972 823 2044 parietem
850 1973 1086 2044 requirat
1114 1974 1435 2043 ingressum.
1469 1970 1848 2030 Adhibendum

254 2073 345 2119 est
375 2065 552 2136 itaque
582 2064 909 2121 credulitatis
939 2064 1155 2122 salubre
1183 2064 1556 2135 compendium
1575 2109 1589 2133 ,
1623 2065 1710 2121 ubi
1751 2064 1849 2119 itn-

255 2157 450 2215 becilla
480 2175 632 2215 mens
678 2174 869 2231 capere
912 2176 1014 2215 non
1067 2167 1243 2233 potest
1288 2161 1505 2218 caeleste
1554 2167 1845 2217 secretum.

247 2246 449 2307 Totum
477 2268 606 2323 ergo
636 2254 966 2308 credulitatis
990 2256 1221 2324 pectoris
1247 2257 1421 2311 sinum
1446 2254 1510 2310 ad
1535 2254 1709 2311 vitalis
1733 2271 1851 2312 car-

253 2342 415 2397 minis
437 2343 801 2412 expandamus
827 2346 1098 2401 oraculum
1117 2387 1131 2410 ,
1157 2347 1296 2416 quod
1324 2347 1395 2401 ita
1420 2340 1607 2416 incipit
1638 2364 1651 2401 :

325 2433 505 2492 Credo
536 2435 589 2491 in
623 2435 788 2493 Deum
818 2435 1030 2493 Patrem
1061 2438 1480 2508 omnipotentem
1500 2483 1515 2508 ,
1541 2434 1851 2496 Creatorem

250 2527 371 2585 caeli
411 2537 469 2584 et
499 2537 678 2587 terrae.
707 2528 880 2585 Credo
909 2537 964 2586 et
1006 2532 1059 2585 in
1090 2530 1271 2586 .lesum
1301 2532 1604 2599 Christum,
1647 2530 1845 2588 Filium

255 2621 377 2693 ejus
404 2619 734 2693 unigenitum
776 2624 1180 2694 sempiternum.
1223 2625 1323 2693 Qui
1351 2634 1642 2696 conceptus
1673 2634 1753 2681 est
1785 2625 1853 2682 de

252 2708 457 2783 Spiritu
509 2723 715 2781 sancto,
750 2725 903 2769 natus
947 2722 1031 2770 est
1077 2715 1143 2771 de
1193 2712 1352 2772 Maria
1396 2718 1620 2790 virgine.
1654 2717 1853 2774 Passus

253 2814 340 2862 est
388 2806 487 2862 sub
530 2806 726 2863 Pontio
767 2808 972 2875 Pilato;
1019 2809 1324 2874 cruciﬁxus,
1369 2821 1632 2877 mortuus,
1676 2819 1729 2867 et
1769 2827 1855 2866 se-

254 2896 460 2968 pultus.
491 2898 774 2955 Descendit
803 2900 868 2955 ad
909 2901 1135 2956 inferna.
1168 2898 1345 2956 Tertia
1382 2901 1473 2957 die
1504 2901 1795 2957 resurrexit
1822 2917 1853 2959 a

252 2992 502 3057 mortuis,
545 2991 785 3047 ascendit
828 2993 893 3047 ad
938 2992 1119 3048 cmios.
1150 2992 1303 3049 Sedit
1347 2994 1415 3048 ad
1452 2994 1726 3049 dexteram
1758 2995 1853 3050 Dei

252 3082 429 3139 Patris
459 3085 861 3154 omnipotentis.
896 3084 1022 3141 inde
1048 3092 1306 3141 venturus
1333 3085 1576 3157 judicare
1622 3086 1770 3141 vivos
1798 3093 1853 3139 et

256 3174 518 3231 mortu'os.
550 3174 722 3231 Credo
766 3177 818 3230 in
863 3188 1107 3231 sanctum
1146 3175 1432 3245 Spiritum;
1466 3185 1706 3232 sanctam
1745 3178 1850 3235 Ec-

255 3362 631 3417 remissionem
666 3368 999 3433 peccatorum
1020 3382 1034 3430 ;
1058 3367 1233 3419 carnis
1259 3365 1740 3434 resurrectionem;
1773 3366 1853 3421 vi-

260 3462 370 3509 tam
400 3464 677 3510 mternam.
706 3458 897 3512 Amen.

331 3526 683 3599 Symbolum,
714 3527 908 3583 fratres
944 3528 1240 3597 carissimi,
1272 3536 1378 3584 non
1416 3529 1469 3584 in
1502 3528 1694 3585 tabulis
1722 3528 1858 3585 scri-

257 3618 428 3681 bitur,
460 3619 552 3673 sed
585 3621 636 3674 in
678 3618 841 3676 corde
862 3624 1168 3692 susceptum
1216 3620 1528 3677 memoriter
1567 3622 1856 3677 retinetur.

246 3711 326 3766 Et
356 3711 481 3768 ideo
505 3714 653 3784 juvat
681 3713 900 3782 iterare,
929 3714 1069 3786 quod
1102 3716 1392 3784 numquam
1421 3716 1673 3770 convenit
1716 3714 1851 3770 obii.

262 3805 425 3861 vitici.

331 3901 496 3956 Credo
539 3903 594 3956 in
640 3902 806 3958 Deum
836 3901 1046 3958 Patrem
1088 3903 1504 3974 omnipotentem.
1555 3898 1706 3958 Sicut
1754 3916 1852 3968 op-

256 3995 393 4050 time
438 3995 584 4050 novit
623 3995 817 4051 caritas
856 4002 1051 4060 vestra,
1095 3994 1386 4060 carissimi,
1440 3992 1571 4050 iides
1616 3995 1852 4049 omnium

254 4089 684 4145 Christianorum
733 4093 787 4145 in
828 4088 1091 4144 Trinitate
1132 4089 1409 4155 consistit;
1442 4094 1497 4143 et
1536 4086 1656 4143 ideo
1694 4088 1853 4142 etiam

258 4182 473 4235 tertium
504 4181 654 4236 vobis
675 4190 875 4235 textum
905 4177 1145 4251 Symboli
1177 4180 1492 4249 repetimus,
1522 4185 1579 4233 ut
1610 4180 1725 4247 ipse
1758 4178 1856 4231 titt-

256 4285 442 4329 merus
490 4273 853 4339 repetitionis,
903 4273 957 4328 in
1014 4272 1163 4343 signo
1217 4270 1507 4326 conveniat
1553 4269 1853 4324 Trinitatis.

257 4365 424 4423 Credo
468 4367 521 4421 in
574 4367 737 4423 Deum
782 4366 989 4422 Patrem
1031 4365 1443 4436 omnipotentem.
1494 4360 1848 4434 Symbolum,

255 4459 457 4517 fratres
486 4460 782 4529 carissimi,
815 4460 959 4531 quod
989 4457 1237 4525 audistis,
1273 4464 1441 4512 totum
1473 4468 1568 4510 vos
1607 4453 1661 4508 in
1710 4454 1855 4508 auris

256 4551 499 4607 auditum
536 4551 861 4618 convertite,
908 4558 965 4604 ut
1008 4558 1190 4604 semen
1237 4545 1387 4602 verbi
1429 4552 1645 4615 paratos
1674 4545 1855 4598 sulcos

260 4642 527 4706 inveniat,
559 4642 751 4713 quibus
794 4640 1081 4697 salubriter
1128 4639 1384 4704 insidens,
1412 4647 1468 4693 et
1502 4637 1712 4735 radices
1733 4635 1853 4735 ‘for-
1878 4672 1931 4735 Β

258 4737 387 4790 titer
419 4738 597 4806 figere,
629 4743 683 4791 et
717 4743 955 4803 tempore
976 4732 1339 4789 retributionis
1385 4730 1581 4785 uberes
1616 4728 1839 4799 justitiae.

260 4828 465 4882 fruetus
495 4828 661 4896 possit
689 4826 900 4880 afferre.
930 4826 1019 4882 Sic
1041 4836 1171 4895 ergo
1201 4824 1362 4878 habet
1384 4821 1661 4877 etordiutn
1692 4821 1850 4891 Sym-

262 4917 410 4974 itoii:
442 4921 605 4975 Credo
650 4920 705 4972 in
753 4918 916 4972 Deum
967 4917 1175 4971 Patrem
1224 4916 1636 4984 omnipotentem.
1684 4912 1850 4967 Deum

263 5018 387 5069 cuin
434 5015 617 5081 audis,
668 5014 1021 5069 substantiam
1070 5011 1309 5080 iittetllge
1355 5011 1471 5063 sine
1516 5008 1688 5070 initio,
1735 5008 1853 5062 sine

248 5108 392 5164 'iine;
419 5107 628 5162 Patrem
658 5120 781 5162 cum
827 5107 1007 5171 audis,
1038 5105 1159 5161 Filii
1200 5094 1435 5174 inteliige
1472 5103 1706 5160 Patrem.
1740 5101 1851 5158 Hec

232 5212 391 5273 ergo
434 5203 551 5271 ipso
579 5201 797 5257 nomine
826 5200 962 5270 quod
998 5199 1138 5253 Deus
1170 5198 1327 5253 Pater
1368 5197 1685 5266 appellatur,
1727 5209 1849 5251 cum

260 5293 423 5349 Patre
454 5294 652 5362 pariter
695 5291 987 5347 subsistere
1016 5293 1178 5345 etiam
1227 5289 1392 5344 Filius
1432 5290 1849 5344 demonstratur.

260 5387 539 5455 Quomodo
568 5402 699 5441 sane
731 5386 871 5441 Deus
904 5383 1061 5439 Pater
1090 5384 1337 5454 genuerit
1363 5368 1583 5448 Filium,
1617 5383 1741 5437 nolo
1769 5382 1852 5435 di-

259 5479 483 5535 scutias.
515 5478 828 5535 Credettdus
871 5485 956 5531 est
992 5482 1123 5548 ergo
1168 5476 1306 5529 Dens
1352 5488 1469 5528 esse
1512 5475 1667 5529 Pater
1709 5472 1851 5528 unici

259 5570 379 5630 Filii
423 5574 504 5628 sui
561 5559 773 5627 Domini
828 5571 1032 5634 nostri;
1083 5584 1188 5624 non
1234 5568 1618 5623 discutiendus.
1668 5566 1854 5637 Neque

257 5668 402 5726 enim
436 5666 517 5723 ftis
557 5676 640 5722 est
679 5670 835 5722 servo
877 5666 945 5721 de
987 5662 1254 5720 natalibus
1300 5660 1512 5718 Domini
1558 5661 1853 5729 disputare.

259 5761 603 5821 Contesutus
634 5770 717 5818 est
745 5761 906 5817 Patet-
932 5760 999 5816 de
1022 5759 1172 5816 caelis
1199 5757 1382 5815 dicens
1408 5774 1425 5813 :
1454 5757 1551 5814 Hie
1580 5764 1662 5814 est
1688 5754 1856 5812 Filius

1954 1994 2184 2065 Spiritus
2218 2012 2434 2054 sanctus
2475 2001 2661 2055 venire
2705 1999 2900 2056 dicitur
2949 2019 3110 2074 super
3144 2002 3452 2073 Virginem;
3493 2010 3551 2060 et

1960 2091 2127 2145 virtus
2159 2092 2416 2147 Altissimi
2452 2103 2501 2162 ι,
2537 2094 2635 2148 nisi
2680 2094 2795 2163 ipse
2835 2093 2994 2169 341
3026 2078 3295 2164 Christus,
3336 2097 3426 2169 qui
3466 2105 3553 2152 est

1956 2180 2051 2239 Dei
2086 2182 2264 2238 Virtus
2287 2194 2340 2237 et
2360 2182 2464 2239 'Dei
2494 2184 2801 2254 Sapientia?
2828 2185 2942 2241 Jan:
2975 2188 3082 2254 jam
3116 2187 3159 2241 si
3184 2187 3401 2256 jubetis,
3436 2188 3553 2245 haec

1954 2290 2074 2346 qua:
2100 2274 2239 2329 dicta
2266 2285 2421 2342 sunt,
2449 2276 2656 2331 caritati
2681 2268 2875 2331 vestra:
2898 2277 3198 2341 sufficiunt;
3230 2287 3283 2332 et
3310 2277 3398 2333 die
3428 2294 3551 2332 cra-

1956 2366 2116 2432 stina,
2138 2364 2430 2421 secundum
2454 2347 2692 2422 sarit-tam
2711 2369 3150 2424 consuetudinem
3176 2379 3431 2437 vestram,
3456 2384 3553 2441 per

1958 2457 2312 2514 ministerium
2357 2456 2576 2515 fratrum
2620 2472 2925 2516 nostrorum
2955 2478 3015 2515 ca
3048 2476 3167 2533 quae
3199 2471 3405 2516 restant
3433 2476 3551 2521 ma-

1961 2552 2129 2608 turius
2156 2550 2404 2611 audietis.
2429 2553 2579 2623 Quod
2614 2554 2737 2625 ipsi.

2029 2668 2201 2724 Natus
2223 2709 2238 2735 ,
2270 2669 2469 2741 inquit,
2500 2672 2563 2726 de
2604 2669 2774 2727 Maria
2812 2671 3041 2743 uirgine;
3073 2683 3342 2739 conceptus
3382 2684 3454 2729 est
3483 2673 3548 2729 de

1960 2761 2160 2834 Spiritu
2211 2771 2421 2830 sancto;
2450 2780 2631 2832 passus
2678 2766 2771 2819 sub
2809 2764 3004 2819 Pontio
3050 2762 3244 2820 Pilato.
3287 2763 3549 2836 Requira-

1971 2873 2124 2924 mns,
2158 2859 2492 2915 dilectissimi
2513 2898 2530 2926 ,
2564 2874 2659 2915 cur
2691 2858 2932 2929 Symboli
2956 2858 3263 2915 conditores
3306 2872 3553 2915 necessa-

1963 2949 2105 3007 rium
2125 2950 2458 3019 iudicarunt,
2486 2961 2541 3006 ut
2571 2949 2736 3020 ipsius
2761 2952 2921 3005 etiam
2952 2950 3105 3007 Pilati
3129 2965 3322 3005 nomen
3354 2948 3553 3009 insere-

1966 3052 2103 3097 rent.
2138 3043 2262 3097 Ideo
2290 3046 2497 3112 utique,
2524 3045 2644 3114 quia
2676 3044 2989 3099 Antichristi
3013 3044 3165 3099 multi
3193 3044 3351 3100 futuri
3376 3054 3550 3112 erant,

1964 3143 2020 3187 ιιι
2067 3134 2211 3187 nulla
2261 3136 2480 3189 haeresis
2509 3135 2777 3190 Christum
2812 3135 2973 3191 alium
3005 3150 3127 3189 esse
3171 3136 3396 3200 diceret,
3430 3150 3552 3190 cum

1963 3423 2074 3482 tus,
2104 3415 2255 3469 tertia
2277 3415 2360 3469 die
2384 3414 2681 3469 resurrexit.
2710 3414 2785 3469 De
2815 3413 3093 3471 manifesta
3117 3427 3170 3470 et
3201 3415 3484 3484 reprobata
3516 3432 3549 3472 a

1965 3506 2146 3563 multis
2163 3506 2375 3565 Domini
2398 3507 2789 3563 resurrectione
2809 3508 2931 3562 licet
2952 3507 3354 3563 evidentissima
3373 3507 3551 3563 Evan-

1959 3599 2103 3669 gelia
2139 3608 2329 3652 testata
2362 3597 2499 3664 sint,
2533 3607 2706 3651 tamen
2736 3598 2894 3652 etiam
2925 3597 3211 3668 Apostolus
3241 3597 3551 3667 praedicavit

1962 3691 2152 3747 dicens
2184 3688 2546 3749 resurrexisse
2570 3689 2638 3743 ah
2666 3686 2851 3747 inferis
2879 3690 3211 3747 Saivatorem
3250 3690 3338 3746 die
3368 3692 3546 3747 tertia.

1957 3782 2038 3854 (Si
2079 3798 2143 3839 ea
2183 3783 2269 3837 die
2311 3798 2413 3853 qua
2463 3792 2703 3837 mortuus
2729 3793 2845 3849 est,
2875 3784 2954 3837 vel
2999 3796 3156 3839 nocte
3194 3801 3312 3851 qua:
3364 3794 3549 3840 secuta

1956 3885 2061 3943 est,
2094 3876 2276 3930 statim
2311 3874 2727 3941 resurrexisset,
2759 3874 2845 3929 vix
2880 3889 3001 3931 eum
3051 3875 3211 3945 aliqui
3260 3875 3540 3930 crederent

1955 3982 2083 4024 vere
2112 3965 2279 4023 fuisse
2306 3966 2636 4022 defunctum.
2663 3965 3327 4037 Videsquiafconiirmatio
3350 3969 3539 4023 mortis

1955 4070 2039 4118 est
2060 4061 2246 4116 dilatio
2271 4062 2713 4125 resurrectionis;
2743 4070 2798 4117 et
2824 4075 2857 4116 e
2883 4062 3153 4116 COntrario
3175 4063 3364 4117 mortis
3390 4064 3538 4117 veri-

1958 4166 2038 4209 tas
2059 4154 2281 4210 rationis
2302 4155 2591 4210 auctoritas
2612 4163 2715 4210 est.
2735 4154 2844 4210 Nisi
2872 4156 3015 4209 enim
3040 4168 3362 4225 quemquam
3391 4155 3539 4226 prius

1955 4248 2255 4304 ostenderis
2281 4249 2614 4315 inclinatum,
2647 4264 2752 4303 non
2784 4248 3062 4309 convincis
3109 4258 3387 4315 erectum;
3417 4258 3473 4304 et
3504 4260 3537 4306 ο

1954 4351 2139 4397 contra
2159 4340 2314 4397 facile
2335 4341 2582 4409 probabis
2604 4345 2655 4399 in
2678 4352 2870 4396 somno
2896 4340 3063 4396 fuisse
3080 4342 3403 4409 resolutum,
3424 4348 3547 4397 cum

1955 4435 2203 4491 docueris
2230 4435 2592 4504 suscitatum.)
2621 4435 2686 4489 Et
2716 4434 2838 4503 quia
2871 4435 3019 4489 visus
3044 4445 3127 4489 est
3150 4433 3313 4495 Celse.
3346 4443 3399 4488 et
3426 4442 3551 4505 post

1956 4528 2073 4584 haec
2106 4529 2213 4583 illis
2254 4524 2523 4594 undecim,
2554 4523 2751 4581 deinde
2781 4526 2929 4579 visus
2958 4534 3040 4578 est
3072 4524 3351 4595 plusquam
3396 4527 3551 4595 quin-

1957 4622 2132 4692 gentis
2160 4621 2408 4675 fratribus
2428 4618 2608 4674 simui.
2639 4617 2684 4672 Ο
2710 4616 3138 4671 miram-Domini
3167 4625 3220 4671 et
3252 4617 3547 4672 inaestima-

1957 4716 2115 4772 bilem
2141 4714 2422 4784 pietatem!
2450 4712 2643 4767 Parum
2662 4711 2726 4766 ad
2753 4708 3177 4765 conﬁrmandum
3202 4706 3457 4764 Ecclesiae
3486 4711 3545 4764 ti-

1954 4809 2075 4863 dem
2088 4808 2432 4869 existimavit,
2448 4803 2589 4872 quod
2610 4817 2731 4857 eum
2747 4809 2869 4871 post
2890 4801 3337 4856 resurrectionem
3351 4815 3539 4857 omnes

1955 4900 2179 4972 apostoli
2206 4899 2484 4963 viderant,
2518 4897 2619 4950 nisi
2648 4894 2931 4951 videndum
2960 4910 3018 4950 se
3048 4894 3209 4950 etiam
3244 4895 3415 4951 turbis
3445 4892 3539 4950 ad-

1951 4994 2217 5050 stantibus
2239 4992 2575 5063 prtebuisset.
2602 4990 2857 5069 Sequitur
2886 4999 3063 5045 autem
3094 4989 3145 5043 in
3171 4988 3465 5061 Symbolo:

2026 5090 2266 5145 Ascendit
2309 5088 2377 5141 ad
2409 5089 2591 5152 emtas;
2638 5086 2768 5141 sedit
2817 5086 2885 5139 ad
2930 5085 3194 5141 dexteram
3236 5082 3337 5139 Dei
3374 5082 3551 5138 Patris

1956 5180 2334 5252 omnipotentis.
2361 5179 2475 5235 Non
2506 5178 2860 5250 corporaliter
2879 5178 2967 5235 hic
2990 5178 3083 5234 Dei
3105 5174 3325 5233 dextera
3350 5184 3534 5229 osten-

1957 5277 2120 5341 ditur,
2149 5272 2504 5338 dilectissimi,
2536 5273 2659 5343 quia
2685 5270 2862 5326 divina
2902 5273 3150 5340 Maiestas
3189 5282 3293 5324 non
3337 5279 3536 5323 secun-

1959 5373 2084 5428 dum
2116 5371 2401 5426 humanam
2448 5371 2686 5439 speciem
2729 5369 3039 5437 designatur
3068 5367 3278 5422 sedere.
3307 5365 3431 5420 Ideo
3473 5365 3542 5420 ad

1957 5468 2233 5523 desteram
2266 5464 2438 5518 Patris
2460 5462 2629 5519 Filius
2655 5462 2873 5524 dicitur,
2906 5462 3025 5531 quia
3055 5462 3106 5514 in
3140 5474 3205 5514 eo
3234 5459 3373 5513 nulla
3408 5454 3540 5514 sini-

1956 5560 2175 5616 steritas
2222 5558 2511 5613 invenitur.
2562 5556 2694 5610 Cum
2752 5555 2892 5608 enim
2944 5555 2994 5607 in
3038 5550 3333 5624 Scripturis
3374 5553 3543 5607 sacris

1938 5666 2172 5722 semper
2190 5653 2331 5722 quod
2354 5650 2633 5711 dexterum
2651 5653 2735 5701 est
2751 5646 2815 5699 ad
2841 5645 3082 5715 meliora,
3100 5647 3241 5717 quod
3262 5647 3539 5701 sinistrum

1957 5747 2022 5801 ad
2046 5746 2312 5801 deteriora
2339 5741 2627 5815 pertineat,
2651 5736 2852 5795 idcirco
2882 5732 2934 5797 itt
2960 5732 3071 5795 Deo
3100 5737 3343 5817 dextera,
3372 5735 3426 5793 id
3448 5744 3534 5795 est

336 5926 364 5957 ⁸
393 5914 613 5993 Suppie,
635 5914 957 5975 obumbrttbit
982 5913 1095 5974 tibi.
1121 5913 1251 5987 Qua
1271 5921 1350 5974 eu
1374 5912 1539 5975 rem
1562 5910 1848 5985 Altissimi,
1884 5911 2019 5983 ἀεί.
2046 5916 2155 5972 ato.
