  <div class='ocr_page' id='page_1' title='image "/cluster/home/n/w/nwhite01/storage/ocr_20150623/72/hvd.32044015469364/183.png"; bbox 0 0 4048 6350; ppageno 0'>
   <div class='ocr_carea' id='block_1_1' title="bbox 491 263 590 324">
    <p class='ocr_par' dir='ltr' id='par_1_1' title="bbox 491 263 590 324">
     <span class='ocr_line' id='line_1_1' title="bbox 491 263 590 324; baseline -0.04 0"><span class='ocrx_word' id='word_1_1' title='bbox 491 263 590 324; x_wconf 72' lang='grc'><strong>551</strong></span> 
     </span>
    </p>
   </div>
   <div class='ocr_carea' id='block_1_2' title="bbox 1134 243 3019 316">
    <p class='ocr_par' dir='ltr' id='par_1_2' title="bbox 1134 243 3019 316">
     <span class='ocr_line' id='line_1_2' title="bbox 1134 243 3019 316; baseline -0.007 0"><span class='ocrx_word' id='word_1_2' title='bbox 1134 253 1487 316; x_wconf 73' lang='lat' dir='ltr'><strong>APPENDIX</strong></span> <span class='ocrx_word' id='word_1_3' title='bbox 1527 252 1619 310; x_wconf 81' lang='lat' dir='ltr'><strong>AD</strong></span> <span class='ocrx_word' id='word_1_4' title='bbox 1654 249 1890 308; x_wconf 77' lang='lat' dir='ltr'><strong>OPERA</strong></span> <span class='ocrx_word' id='word_1_5' title='bbox 1930 246 2180 308; x_wconf 78' lang='lat' dir='ltr'><strong>SANCTI</strong></span> <span class='ocrx_word' id='word_1_6' title='bbox 2217 245 2528 306; x_wconf 71' lang='lat' dir='ltr'><strong>GERMANI</strong></span> <span class='ocrx_word' id='word_1_7' title='bbox 2569 243 3019 303; x_wconf 78' lang='lat' dir='ltr'><strong>PARISIENSIS.</strong></span> 
     </span>
    </p>
   </div>
   <div class='ocr_carea' id='block_1_3' title="bbox 3688 238 3814 295">
    <p class='ocr_par' dir='ltr' id='par_1_3' title="bbox 3688 238 3814 295">
     <span class='ocr_line' id='line_1_3' title="bbox 3688 238 3814 295; baseline 0 -4"><span class='ocrx_word' id='word_1_8' title='bbox 3688 238 3814 295; x_wconf 66' lang='lat'><strong>35-2</strong></span> 
     </span>
    </p>
   </div>
   <div class='ocr_carea' id='block_1_4' title="bbox 495 357 3807 443">
    <p class='ocr_par' dir='ltr' id='par_1_4' title="bbox 495 357 3807 443">
     <span class='ocr_line' id='line_1_4' title="bbox 495 357 3807 443; baseline -0.008 -8"><span class='ocrx_word' id='word_1_9' title='bbox 495 380 635 434; x_wconf 87' lang='lat' dir='ltr'><strong>bona</strong></span> <span class='ocrx_word' id='word_1_10' title='bbox 661 382 815 443; x_wconf 89' lang='lat' dir='ltr'><strong>sunt;</strong></span> <span class='ocrx_word' id='word_1_11' title='bbox 839 372 930 432; x_wconf 88' lang='lat' dir='ltr'><strong>ubi</strong></span> <span class='ocrx_word' id='word_1_12' title='bbox 950 372 1192 439; x_wconf 87' lang='lat' dir='ltr'><strong>sinistra,</strong></span> <span class='ocrx_word' id='word_1_13' title='bbox 1219 372 1274 428; x_wconf 99' lang='lat' dir='ltr'><strong>id</strong></span> <span class='ocrx_word' id='word_1_14' title='bbox 1303 378 1388 429; x_wconf 87' lang='lat' dir='ltr'><strong>est</strong></span> <span class='ocrx_word' id='word_1_15' title='bbox 1416 369 1553 427; x_wconf 92' lang='lat' dir='ltr'><strong>mala</strong></span> <span class='ocrx_word' id='word_1_16' title='bbox 1585 381 1871 440; x_wconf 89' lang='lat' dir='ltr'><strong>possumus</strong></span> <span class='ocrx_word' id='word_1_17' title='bbox 1891 366 2071 437; x_wconf 88' lang='lat' dir='ltr'><strong>suspi-</strong></span> <span class='ocrx_word' id='word_1_18' title='bbox 2103 369 2156 430; x_wconf 77' lang='grc' dir='ltr'>Α</span> <span class='ocrx_word' id='word_1_19' title='bbox 2181 361 2365 419; x_wconf 88' lang='lat' dir='ltr'><strong>nistris</strong></span> <span class='ocrx_word' id='word_1_20' title='bbox 2394 363 2556 418; x_wconf 91' lang='lat' dir='ltr'><strong>illius.</strong></span> <span class='ocrx_word' id='word_1_21' title='bbox 2588 361 2672 417; x_wconf 79' lang='lat' dir='ltr'><strong>liii</strong></span> <span class='ocrx_word' id='word_1_22' title='bbox 2694 370 2924 431; x_wconf 87' lang='lat' dir='ltr'><strong>quatuor</strong></span> <span class='ocrx_word' id='word_1_23' title='bbox 2945 359 3042 417; x_wconf 88' lang='lat' dir='ltr'><strong>has</strong></span> <span class='ocrx_word' id='word_1_24' title='bbox 3071 358 3265 429; x_wconf 88' lang='lat' dir='ltr'><strong>ﬁguras</strong></span> <span class='ocrx_word' id='word_1_25' title='bbox 3294 357 3580 422; x_wconf 76' lang='lat' dir='ltr'><strong>habentes,</strong></span> <span class='ocrx_word' id='word_1_26' title='bbox 3607 374 3807 412; x_wconf 73' lang='lat' dir='ltr'><strong>evan—</strong></span> 
     </span>
    </p>
   </div>
   <div class='ocr_carea' id='block_1_5' title="bbox 493 487 642 528">
    <p class='ocr_par' dir='ltr' id='par_1_5' title="bbox 493 487 642 528">
     <span class='ocr_line' id='line_1_5' title="bbox 493 487 642 528; baseline 0 0"><span class='ocrx_word' id='word_1_27' title='bbox 493 487 555 528; x_wconf 69' lang='lat' dir='ltr'><strong>CG</strong></span> <span class='ocrx_word' id='word_1_28' title='bbox 562 488 642 528; x_wconf 91' lang='lat' dir='ltr'><strong>re.</strong></span> 
     </span>
    </p>
   </div>
   <div class='ocr_carea' id='block_1_6' title="bbox 567 557 1984 632">
    <p class='ocr_par' dir='ltr' id='par_1_6' title="bbox 567 557 1984 632">
     <span class='ocr_line' id='line_1_6' title="bbox 567 557 1984 632; baseline -0.006 -14"><span class='ocrx_word' id='word_1_29' title='bbox 567 563 718 626; x_wconf 81' lang='lat' dir='ltr'><strong>Inde,</strong></span> <span class='ocrx_word' id='word_1_30' title='bbox 745 561 938 632; x_wconf 91' lang='lat' dir='ltr'><strong>inquit,</strong></span> <span class='ocrx_word' id='word_1_31' title='bbox 968 569 1210 614; x_wconf 77' lang='lat' dir='ltr'><strong>venturus</strong></span> <span class='ocrx_word' id='word_1_32' title='bbox 1228 558 1472 630; x_wconf 75' lang='lat' dir='ltr'><strong>judicare</strong></span> <span class='ocrx_word' id='word_1_33' title='bbox 1497 557 1634 611; x_wconf 79' lang='lat' dir='ltr'><strong>vives</strong></span> <span class='ocrx_word' id='word_1_34' title='bbox 1655 565 1703 610; x_wconf 88' lang='lat' dir='ltr'><strong>et</strong></span> <span class='ocrx_word' id='word_1_35' title='bbox 1733 564 1984 610; x_wconf 85' lang='lat' dir='ltr'><strong>mortuos.</strong></span> 
     </span>
    </p>
   </div>
   <div class='ocr_carea' id='block_1_7' title="bbox 565 647 2080 723">
    <p class='ocr_par' dir='ltr' id='par_1_7' title="bbox 565 647 2080 723">
     <span class='ocr_line' id='line_1_7' title="bbox 565 647 2080 723; baseline -0.005 -12"><span class='ocrx_word' id='word_1_36' title='bbox 565 656 728 711; x_wconf 82' lang='lat' dir='ltr'><strong>Credo</strong></span> <span class='ocrx_word' id='word_1_37' title='bbox 751 657 803 709; x_wconf 87' lang='lat' dir='ltr'><strong>in</strong></span> <span class='ocrx_word' id='word_1_38' title='bbox 831 663 1065 710; x_wconf 87' lang='lat' dir='ltr'><strong>sanctum</strong></span> <span class='ocrx_word' id='word_1_39' title='bbox 1095 653 1364 723; x_wconf 73' lang='lat' dir='ltr'><strong>Spiritum.</strong></span> <span class='ocrx_word' id='word_1_40' title='bbox 1391 651 1471 707; x_wconf 75' lang='lat' dir='ltr'><strong>Ad</strong></span> <span class='ocrx_word' id='word_1_41' title='bbox 1501 651 1831 707; x_wconf 77' lang='lat' dir='ltr'><strong>excludenda</strong></span> <span class='ocrx_word' id='word_1_42' title='bbox 1863 647 2080 706; x_wconf 65' lang='lat' dir='ltr'><strong>haereti-</strong></span> 
     </span>
    </p>
   </div>
   <div class='ocr_carea' id='block_1_8' title="bbox 497 745 2072 810">
    <p class='ocr_par' dir='ltr' id='par_1_8' title="bbox 497 745 2072 810">
     <span class='ocr_line' id='line_1_8' title="bbox 497 745 2072 810; baseline -0.003 -6"><span class='ocrx_word' id='word_1_43' title='bbox 497 763 680 805; x_wconf 84' lang='lat' dir='ltr'><strong>corum</strong></span> <span class='ocrx_word' id='word_1_44' title='bbox 710 748 947 803; x_wconf 91' lang='lat' dir='ltr'><strong>omnium</strong></span> <span class='ocrx_word' id='word_1_45' title='bbox 978 747 1283 804; x_wconf 83' lang='lat' dir='ltr'><strong>calamitosa</strong></span> <span class='ocrx_word' id='word_1_46' title='bbox 1310 754 1618 802; x_wconf 88' lang='lat' dir='ltr'><strong>commenta</strong></span> <span class='ocrx_word' id='word_1_47' title='bbox 1638 785 1654 810; x_wconf 92' lang='lat'><strong>,</strong></span> <span class='ocrx_word' id='word_1_48' title='bbox 1680 745 1872 800; x_wconf 89' lang='lat' dir='ltr'><strong>eodem</strong></span> <span class='ocrx_word' id='word_1_49' title='bbox 1907 745 2072 799; x_wconf 88' lang='lat' dir='ltr'><strong>verbo</strong></span> 
     </span>
    </p>
   </div>
   <div class='ocr_carea' id='block_1_9' title="bbox 498 838 2076 912">
    <p class='ocr_par' dir='ltr' id='par_1_9' title="bbox 498 838 2076 912">
     <span class='ocr_line' id='line_1_9' title="bbox 498 838 2076 912; baseline -0.003 -14"><span class='ocrx_word' id='word_1_50' title='bbox 498 842 827 898; x_wconf 81' lang='lat' dir='ltr'><strong>credulitatis</strong></span> <span class='ocrx_word' id='word_1_51' title='bbox 857 857 961 912; x_wconf 90' lang='lat' dir='ltr'><strong>quo</strong></span> <span class='ocrx_word' id='word_1_52' title='bbox 992 843 1044 896; x_wconf 91' lang='lat' dir='ltr'><strong>in</strong></span> <span class='ocrx_word' id='word_1_53' title='bbox 1076 840 1335 911; x_wconf 89' lang='lat' dir='ltr'><strong>principio</strong></span> <span class='ocrx_word' id='word_1_54' title='bbox 1379 841 1458 896; x_wconf 88' lang='lat' dir='ltr'><strong>sui</strong></span> <span class='ocrx_word' id='word_1_55' title='bbox 1507 839 1820 911; x_wconf 88' lang='lat' dir='ltr'><strong>Symbolum</strong></span> <span class='ocrx_word' id='word_1_56' title='bbox 1863 838 2076 894; x_wconf 84' lang='lat' dir='ltr'><strong>Patrem</strong></span> 
     </span>
    </p>
   </div>
   <div class='ocr_carea' id='block_1_10' title="bbox 501 934 2079 1000">
    <p class='ocr_par' dir='ltr' id='par_1_10' title="bbox 501 934 2079 1000">
     <span class='ocr_line' id='line_1_10' title="bbox 501 934 2079 1000; baseline -0.001 -10"><span class='ocrx_word' id='word_1_57' title='bbox 501 936 782 992; x_wconf 82' lang='lat' dir='ltr'><strong>honoravit</strong></span> <span class='ocrx_word' id='word_1_58' title='bbox 806 945 861 992; x_wconf 91' lang='lat' dir='ltr'><strong>et</strong></span> <span class='ocrx_word' id='word_1_59' title='bbox 884 935 1075 990; x_wconf 83' lang='lat' dir='ltr'><strong>Filium</strong></span> <span class='ocrx_word' id='word_1_60' title='bbox 1097 977 1112 1000; x_wconf 90' lang='lat'><strong>,</strong></span> <span class='ocrx_word' id='word_1_61' title='bbox 1155 936 1207 990; x_wconf 92' lang='lat' dir='ltr'><strong>in</strong></span> <span class='ocrx_word' id='word_1_62' title='bbox 1238 934 1582 990; x_wconf 87' lang='lat' dir='ltr'><strong>conclusione</strong></span> <span class='ocrx_word' id='word_1_63' title='bbox 1621 943 1796 989; x_wconf 90' lang='lat' dir='ltr'><strong>textus</strong></span> <span class='ocrx_word' id='word_1_64' title='bbox 1822 935 1904 988; x_wconf 90' lang='lat' dir='ltr'><strong>sui</strong></span> <span class='ocrx_word' id='word_1_65' title='bbox 1939 947 2079 989; x_wconf 91' lang='lat' dir='ltr'><strong>nunc</strong></span> 
     </span>
    </p>
   </div>
   <div class='ocr_carea' id='block_1_11' title="bbox 500 1026 2076 1097">
    <p class='ocr_par' dir='ltr' id='par_1_11' title="bbox 500 1026 2076 1097">
     <span class='ocr_line' id='line_1_11' title="bbox 500 1026 2076 1097; baseline -0.001 -15"><span class='ocrx_word' id='word_1_66' title='bbox 500 1027 990 1097; x_wconf 87' lang='lat' dir='ltr'><strong>houoratSpiritum</strong></span> <span class='ocrx_word' id='word_1_67' title='bbox 1019 1037 1416 1096; x_wconf 90' lang='lat' dir='ltr'><strong>sanctum,cum</strong></span> <span class='ocrx_word' id='word_1_68' title='bbox 1441 1027 1514 1080; x_wconf 89' lang='lat' dir='ltr'><strong>ait</strong></span> <span class='ocrx_word' id='word_1_69' title='bbox 1541 1045 1551 1078; x_wconf 91' lang='lat'><strong>:</strong></span> <span class='ocrx_word' id='word_1_70' title='bbox 1586 1026 1746 1080; x_wconf 85' lang='lat' dir='ltr'><strong>Credo</strong></span> <span class='ocrx_word' id='word_1_71' title='bbox 1766 1027 1818 1079; x_wconf 88' lang='lat' dir='ltr'><strong>in</strong></span> <span class='ocrx_word' id='word_1_72' title='bbox 1843 1036 2076 1080; x_wconf 85' lang='lat' dir='ltr'><strong>sanctum</strong></span> 
     </span>
    </p>
   </div>
   <div class='ocr_carea' id='block_1_12' title="bbox 500 1118 2078 1191">
    <p class='ocr_par' dir='ltr' id='par_1_12' title="bbox 500 1118 2078 1191">
     <span class='ocr_line' id='line_1_12' title="bbox 500 1118 2078 1191; baseline -0.002 -15"><span class='ocrx_word' id='word_1_73' title='bbox 500 1120 773 1191; x_wconf 77' lang='lat' dir='ltr'><strong>Spiritum.</strong></span> <span class='ocrx_word' id='word_1_74' title='bbox 816 1119 894 1175; x_wconf 82' lang='lat' dir='ltr'><strong>Ne</strong></span> <span class='ocrx_word' id='word_1_75' title='bbox 937 1118 1207 1174; x_wconf 85' lang='lat' dir='ltr'><strong>inferioris</strong></span> <span class='ocrx_word' id='word_1_76' title='bbox 1251 1135 1378 1191; x_wconf 89' lang='lat' dir='ltr'><strong>ergo</strong></span> <span class='ocrx_word' id='word_1_77' title='bbox 1430 1119 1653 1174; x_wconf 78' lang='lat' dir='ltr'><strong>fortasse</strong></span> <span class='ocrx_word' id='word_1_78' title='bbox 1701 1119 2078 1174; x_wconf 88' lang='lat' dir='ltr'><strong>contumeliam</strong></span> 
     </span>
    </p>
   </div>
   <div class='ocr_carea' id='block_1_13' title="bbox 497 1209 2084 1283">
    <p class='ocr_par' dir='ltr' id='par_1_13' title="bbox 497 1209 2084 1283">
     <span class='ocr_line' id='line_1_13' title="bbox 497 1209 2084 1283; baseline 0.003 -21"><span class='ocrx_word' id='word_1_79' title='bbox 497 1211 658 1283; x_wconf 64' lang='grc'><strong>342</strong></span> <span class='ocrx_word' id='word_1_80' title='bbox 703 1219 991 1280; x_wconf 88' lang='lat' dir='ltr'><strong>pateretur,</strong></span> <span class='ocrx_word' id='word_1_81' title='bbox 1020 1211 1143 1279; x_wconf 87' lang='lat' dir='ltr'><strong>jure</strong></span> <span class='ocrx_word' id='word_1_82' title='bbox 1182 1225 1305 1266; x_wconf 91' lang='lat' dir='ltr'><strong>eum</strong></span> <span class='ocrx_word' id='word_1_83' title='bbox 1353 1209 1455 1265; x_wconf 84' lang='lat' dir='ltr'><strong>sibi</strong></span> <span class='ocrx_word' id='word_1_84' title='bbox 1495 1213 1772 1280; x_wconf 67' lang='lat' dir='ltr'><strong>aequaliter</strong></span> <span class='ocrx_word' id='word_1_85' title='bbox 1805 1211 2084 1267; x_wconf 88' lang='lat' dir='ltr'><strong>vindicare</strong></span> 
     </span>
    </p>
   </div>
   <div class='ocr_carea' id='block_1_14' title="bbox 498 1303 2078 1374">
    <p class='ocr_par' dir='ltr' id='par_1_14' title="bbox 498 1303 2078 1374">
     <span class='ocr_line' id='line_1_14' title="bbox 498 1303 2078 1374; baseline 0.001 -15"><span class='ocrx_word' id='word_1_86' title='bbox 498 1314 551 1360; x_wconf 91' lang='lat' dir='ltr'><strong>et</strong></span> <span class='ocrx_word' id='word_1_87' title='bbox 580 1305 798 1359; x_wconf 86' lang='lat' dir='ltr'><strong>Deitatis</strong></span> <span class='ocrx_word' id='word_1_88' title='bbox 843 1305 1078 1359; x_wconf 78' lang='lat' dir='ltr'><strong>ostendit</strong></span> <span class='ocrx_word' id='word_1_89' title='bbox 1126 1305 1540 1374; x_wconf 85' lang='lat' dir='ltr'><strong>plenitudinem,</strong></span> <span class='ocrx_word' id='word_1_90' title='bbox 1573 1315 1628 1360; x_wconf 91' lang='lat' dir='ltr'><strong>et</strong></span> <span class='ocrx_word' id='word_1_91' title='bbox 1656 1305 1826 1358; x_wconf 83' lang='lat' dir='ltr'><strong>Patris</strong></span> <span class='ocrx_word' id='word_1_92' title='bbox 1855 1320 1916 1359; x_wconf 89' lang='lat' dir='ltr'><strong>ac</strong></span> <span class='ocrx_word' id='word_1_93' title='bbox 1951 1303 2078 1360; x_wconf 85' lang='lat' dir='ltr'><strong>Filii</strong></span> 
     </span>
    </p>
   </div>
   <div class='ocr_carea' id='block_1_15' title="bbox 497 1394 2085 1466">
    <p class='ocr_par' dir='ltr' id='par_1_15' title="bbox 497 1394 2085 1466">
     <span class='ocr_line' id='line_1_15' title="bbox 497 1394 2085 1466; baseline -0.001 -16"><span class='ocrx_word' id='word_1_94' title='bbox 497 1395 837 1466; x_wconf 90' lang='lat' dir='ltr'><strong>dignitatem;</strong></span> <span class='ocrx_word' id='word_1_95' title='bbox 889 1397 1009 1465; x_wconf 89' lang='lat' dir='ltr'><strong>quia</strong></span> <span class='ocrx_word' id='word_1_96' title='bbox 1059 1395 1112 1448; x_wconf 92' lang='lat' dir='ltr'><strong>in</strong></span> <span class='ocrx_word' id='word_1_97' title='bbox 1161 1395 1425 1449; x_wconf 87' lang='lat' dir='ltr'><strong>Trinitate</strong></span> <span class='ocrx_word' id='word_1_98' title='bbox 1464 1394 1640 1449; x_wconf 84' lang='lat' dir='ltr'><strong>divina</strong></span> <span class='ocrx_word' id='word_1_99' title='bbox 1683 1410 1787 1448; x_wconf 92' lang='lat' dir='ltr'><strong>non</strong></span> <span class='ocrx_word' id='word_1_100' title='bbox 1834 1394 2085 1464; x_wconf 84' lang='lat' dir='ltr'><strong>estquod</strong></span> 
     </span>
    </p>
   </div>
   <div class='ocr_carea' id='block_1_16' title="bbox 498 1487 2078 1558">
    <p class='ocr_par' dir='ltr' id='par_1_16' title="bbox 498 1487 2078 1558">
     <span class='ocr_line' id='line_1_16' title="bbox 498 1487 2078 1558; baseline -0.001 -14"><span class='ocrx_word' id='word_1_101' title='bbox 498 1489 668 1557; x_wconf 85' lang='lat' dir='ltr'><strong>majus</strong></span> <span class='ocrx_word' id='word_1_102' title='bbox 716 1491 964 1544; x_wconf 87' lang='lat' dir='ltr'><strong>minusve</strong></span> <span class='ocrx_word' id='word_1_103' title='bbox 1009 1488 1306 1543; x_wconf 77' lang='lat' dir='ltr'><strong>credendus</strong></span> <span class='ocrx_word' id='word_1_104' title='bbox 1338 1488 1440 1556; x_wconf 90' lang='lat' dir='ltr'><strong>sit,</strong></span> <span class='ocrx_word' id='word_1_105' title='bbox 1493 1488 1756 1558; x_wconf 81' lang='lat' dir='ltr'><strong>siquidem</strong></span> <span class='ocrx_word' id='word_1_106' title='bbox 1807 1487 1892 1542; x_wconf 88' lang='lat' dir='ltr'><strong>ubi</strong></span> <span class='ocrx_word' id='word_1_107' title='bbox 1941 1503 2078 1542; x_wconf 91' lang='lat' dir='ltr'><strong>unus</strong></span> 
     </span>
    </p>
   </div>
   <div class='ocr_carea' id='block_1_17' title="bbox 498 1578 2085 1650">
    <p class='ocr_par' dir='ltr' id='par_1_17' title="bbox 498 1578 2085 1650">
     <span class='ocr_line' id='line_1_17' title="bbox 498 1578 2085 1650; baseline 0.001 -17"><span class='ocrx_word' id='word_1_108' title='bbox 498 1579 667 1648; x_wconf 89' lang='lat' dir='ltr'><strong>major</strong></span> <span class='ocrx_word' id='word_1_109' title='bbox 698 1578 911 1645; x_wconf 90' lang='lat' dir='ltr'><strong>dicitur,</strong></span> <span class='ocrx_word' id='word_1_110' title='bbox 944 1579 1133 1634; x_wconf 86' lang='lat' dir='ltr'><strong>deesse</strong></span> <span class='ocrx_word' id='word_1_111' title='bbox 1163 1578 1336 1633; x_wconf 92' lang='lat' dir='ltr'><strong>minor</strong></span> <span class='ocrx_word' id='word_1_112' title='bbox 1365 1579 1561 1650; x_wconf 80' lang='lat' dir='ltr'><strong>aliquis</strong></span> <span class='ocrx_word' id='word_1_113' title='bbox 1585 1579 1871 1634; x_wconf 82' lang='lat' dir='ltr'><strong>indicatur.</strong></span> <span class='ocrx_word' id='word_1_114' title='bbox 1903 1578 1958 1632; x_wconf 88' lang='lat' dir='ltr'><strong>In</strong></span> <span class='ocrx_word' id='word_1_115' title='bbox 1985 1579 2085 1635; x_wconf 87' lang='lat' dir='ltr'><strong>hac</strong></span> 
     </span>
    </p>
   </div>
   <div class='ocr_carea' id='block_1_18' title="bbox 497 1669 2074 1740">
    <p class='ocr_par' dir='ltr' id='par_1_18' title="bbox 497 1669 2074 1740">
     <span class='ocr_line' id='line_1_18' title="bbox 497 1669 2074 1740; baseline -0.001 -15"><span class='ocrx_word' id='word_1_116' title='bbox 497 1669 758 1740; x_wconf 88' lang='lat' dir='ltr'><strong>ergoipsa</strong></span> <span class='ocrx_word' id='word_1_117' title='bbox 785 1670 1089 1734; x_wconf 87' lang='lat' dir='ltr'><strong>Divinitate,</strong></span> <span class='ocrx_word' id='word_1_118' title='bbox 1115 1670 1158 1723; x_wconf 93' lang='lat' dir='ltr'><strong>si</strong></span> <span class='ocrx_word' id='word_1_119' title='bbox 1183 1669 1322 1723; x_wconf 81' lang='lat' dir='ltr'><strong>aliud</strong></span> <span class='ocrx_word' id='word_1_120' title='bbox 1353 1669 1524 1738; x_wconf 89' lang='lat' dir='ltr'><strong>majus</strong></span> <span class='ocrx_word' id='word_1_121' title='bbox 1553 1671 1691 1739; x_wconf 87' lang='lat' dir='ltr'><strong>quis,</strong></span> <span class='ocrx_word' id='word_1_122' title='bbox 1725 1669 1866 1723; x_wconf 87' lang='lat' dir='ltr'><strong>aliud</strong></span> <span class='ocrx_word' id='word_1_123' title='bbox 1895 1670 2074 1724; x_wconf 92' lang='lat' dir='ltr'><strong>minus</strong></span> 
     </span>
    </p>
   </div>
   <div class='ocr_carea' id='block_1_19' title="bbox 2183 452 3810 528">
    <p class='ocr_par' dir='ltr' id='par_1_19' title="bbox 2183 452 3810 528">
     <span class='ocr_line' id='line_1_19' title="bbox 2183 452 3810 528; baseline -0.007 -16"><span class='ocrx_word' id='word_1_124' title='bbox 2183 456 2401 528; x_wconf 87' lang='lat' dir='ltr'><strong>gelistas</strong></span> <span class='ocrx_word' id='word_1_125' title='bbox 2450 471 2572 512; x_wconf 90' lang='lat' dir='ltr'><strong>esse</strong></span> <span class='ocrx_word' id='word_1_126' title='bbox 2622 470 2727 511; x_wconf 93' lang='lat' dir='ltr'><strong>non</strong></span> <span class='ocrx_word' id='word_1_127' title='bbox 2776 453 2994 508; x_wconf 88' lang='lat' dir='ltr'><strong>dubium</strong></span> <span class='ocrx_word' id='word_1_128' title='bbox 3027 462 3143 518; x_wconf 89' lang='lat' dir='ltr'><strong>est;</strong></span> <span class='ocrx_word' id='word_1_129' title='bbox 3183 452 3277 508; x_wconf 87' lang='lat' dir='ltr'><strong>sed</strong></span> <span class='ocrx_word' id='word_1_130' title='bbox 3309 454 3528 506; x_wconf 88' lang='lat' dir='ltr'><strong>nomina</strong></span> <span class='ocrx_word' id='word_1_131' title='bbox 3562 467 3810 516; x_wconf 85' lang='lat' dir='ltr'><strong>eorum,</strong></span> 
     </span>
    </p>
   </div>
   <div class='ocr_carea' id='block_1_20' title="bbox 2183 543 3802 618">
    <p class='ocr_par' dir='ltr' id='par_1_20' title="bbox 2183 543 3802 618">
     <span class='ocr_line' id='line_1_20' title="bbox 2183 543 3802 618; baseline -0.004 -16"><span class='ocrx_word' id='word_1_132' title='bbox 2183 549 2273 618; x_wconf 92' lang='lat' dir='ltr'><strong>qui</strong></span> <span class='ocrx_word' id='word_1_133' title='bbox 2323 547 2608 618; x_wconf 82' lang='lat' dir='ltr'><strong>Evangelia</strong></span> <span class='ocrx_word' id='word_1_134' title='bbox 2659 548 3027 615; x_wconf 87' lang='lat' dir='ltr'><strong>scripserunt,</strong></span> <span class='ocrx_word' id='word_1_135' title='bbox 3079 545 3194 602; x_wconf 65' lang='lat' dir='ltr'><strong>haec</strong></span> <span class='ocrx_word' id='word_1_136' title='bbox 3237 554 3399 604; x_wconf 87' lang='lat' dir='ltr'><strong>sunt.</strong></span> <span class='ocrx_word' id='word_1_137' title='bbox 3450 543 3802 608; x_wconf 73' lang='lat' dir='ltr'><strong>Matthzcus,</strong></span> 
     </span>
    </p>
   </div>
   <div class='ocr_carea' id='block_1_21' title="bbox 2193 639 2971 707">
    <p class='ocr_par' dir='ltr' id='par_1_21' title="bbox 2193 639 2971 707">
     <span class='ocr_line' id='line_1_21' title="bbox 2193 639 2971 707; baseline -0.006 -11"><span class='ocrx_word' id='word_1_138' title='bbox 2193 642 2426 706; x_wconf 85' lang='lat' dir='ltr'><strong>Marcus,</strong></span> <span class='ocrx_word' id='word_1_139' title='bbox 2460 641 2654 707; x_wconf 88' lang='lat' dir='ltr'><strong>Lucas,</strong></span> <span class='ocrx_word' id='word_1_140' title='bbox 2677 639 2971 695; x_wconf 82' lang='lat' dir='ltr'><strong>Johannes.</strong></span> 
     </span>
    </p>
   </div>
   <div class='ocr_carea' id='block_1_22' title="bbox 2259 731 3812 806">
    <p class='ocr_par' dir='ltr' id='par_1_22' title="bbox 2259 731 3812 806">
     <span class='ocr_line' id='line_1_22' title="bbox 2259 731 3812 806; baseline -0.001 -19"><span class='ocrx_word' id='word_1_141' title='bbox 2259 732 2384 787; x_wconf 83' lang='lat' dir='ltr'><strong>Post</strong></span> <span class='ocrx_word' id='word_1_142' title='bbox 2415 735 2523 787; x_wconf 62' lang='lat' dir='ltr'><strong>hac</strong></span> <span class='ocrx_word' id='word_1_143' title='bbox 2553 735 2674 806; x_wconf 86' lang='lat' dir='ltr'><strong>legit</strong></span> <span class='ocrx_word' id='word_1_144' title='bbox 2703 734 2950 786; x_wconf 79' lang='lat' dir='ltr'><strong>diaconus</strong></span> <span class='ocrx_word' id='word_1_145' title='bbox 2976 732 3180 785; x_wconf 88' lang='lat' dir='ltr'><strong>initium</strong></span> <span class='ocrx_word' id='word_1_146' title='bbox 3209 731 3478 805; x_wconf 81' lang='lat' dir='ltr'><strong>Evangelii</strong></span> <span class='ocrx_word' id='word_1_147' title='bbox 3496 733 3812 787; x_wconf 60' lang='lat' dir='ltr'><strong>secundum</strong></span> 
     </span>
    </p>
   </div>
   <div class='ocr_carea' id='block_1_23' title="bbox 2189 825 3809 900">
    <p class='ocr_par' dir='ltr' id='par_1_23' title="bbox 2189 825 3809 900">
     <span class='ocr_line' id='line_1_23' title="bbox 2189 825 3809 900; baseline 0 -20"><span class='ocrx_word' id='word_1_148' title='bbox 2189 825 2511 883; x_wconf 71' lang='lat' dir='ltr'><strong>Matthwum.</strong></span> <span class='ocrx_word' id='word_1_149' title='bbox 2541 827 2609 881; x_wconf 88' lang='lat' dir='ltr'><strong>Et</strong></span> <span class='ocrx_word' id='word_1_150' title='bbox 2639 839 2912 899; x_wconf 82' lang='lat' dir='ltr'><strong>postquam</strong></span> <span class='ocrx_word' id='word_1_151' title='bbox 2942 827 3150 898; x_wconf 85' lang='lat' dir='ltr'><strong>legerit,</strong></span> <span class='ocrx_word' id='word_1_152' title='bbox 3174 836 3361 882; x_wconf 85' lang='lat' dir='ltr'><strong>tractat</strong></span> <span class='ocrx_word' id='word_1_153' title='bbox 3401 829 3680 900; x_wconf 71' lang='lat' dir='ltr'><strong>presbyter</strong></span> <span class='ocrx_word' id='word_1_154' title='bbox 3709 829 3809 880; x_wconf 80' lang='lat' dir='ltr'><strong>his</strong></span> 
     </span>
    </p>
   </div>
   <div class='ocr_carea' id='block_1_24' title="bbox 2185 919 2368 973">
    <p class='ocr_par' dir='ltr' id='par_1_24' title="bbox 2185 919 2368 973">
     <span class='ocr_line' id='line_1_24' title="bbox 2185 919 2368 973; baseline 0 0"><span class='ocrx_word' id='word_1_155' title='bbox 2185 919 2368 973; x_wconf 80' lang='lat' dir='ltr'><strong>verbis.</strong></span> 
     </span>
    </p>
   </div>
   <div class='ocr_carea' id='block_1_25' title="bbox 2260 1011 3806 1082">
    <p class='ocr_par' dir='ltr' id='par_1_25' title="bbox 2260 1011 3806 1082">
     <span class='ocr_line' id='line_1_25' title="bbox 2260 1011 3806 1082; baseline 0.001 -16"><span class='ocrx_word' id='word_1_156' title='bbox 2260 1013 2380 1067; x_wconf 85' lang='lat' dir='ltr'><strong>Filii</strong></span> <span class='ocrx_word' id='word_1_157' title='bbox 2409 1013 2699 1081; x_wconf 79' lang='lat' dir='ltr'><strong>carissimi,</strong></span> <span class='ocrx_word' id='word_1_158' title='bbox 2733 1027 2799 1066; x_wconf 93' lang='lat' dir='ltr'><strong>ne</strong></span> <span class='ocrx_word' id='word_1_159' title='bbox 2825 1011 3026 1066; x_wconf 84' lang='lat' dir='ltr'><strong>diutius</strong></span> <span class='ocrx_word' id='word_1_160' title='bbox 3055 1027 3183 1082; x_wconf 87' lang='lat' dir='ltr'><strong>ergo</strong></span> <span class='ocrx_word' id='word_1_161' title='bbox 3212 1027 3308 1067; x_wconf 90' lang='lat' dir='ltr'><strong>vos</strong></span> <span class='ocrx_word' id='word_1_162' title='bbox 3341 1022 3632 1068; x_wconf 86' lang='lat' dir='ltr'><strong>teneamus</strong></span> <span class='ocrx_word' id='word_1_163' title='bbox 3652 1053 3666 1072; x_wconf 88' lang='lat'><strong>,</strong></span> <span class='ocrx_word' id='word_1_164' title='bbox 3695 1028 3806 1068; x_wconf 60' lang='lat' dir='ltr'><strong>es-</strong></span> 
     </span>
    </p>
   </div>
   <div class='ocr_carea' id='block_1_26' title="bbox 2191 1107 3805 1176">
    <p class='ocr_par' dir='ltr' id='par_1_26' title="bbox 2191 1107 3805 1176">
     <span class='ocr_line' id='line_1_26' title="bbox 2191 1107 3805 1176; baseline 0.001 -15"><span class='ocrx_word' id='word_1_165' title='bbox 2191 1121 2454 1175; x_wconf 89' lang='lat' dir='ltr'><strong>ponamus</strong></span> <span class='ocrx_word' id='word_1_166' title='bbox 2503 1107 2653 1160; x_wconf 87' lang='lat' dir='ltr'><strong>vobis</strong></span> <span class='ocrx_word' id='word_1_167' title='bbox 2707 1121 2865 1176; x_wconf 83' lang='lat' dir='ltr'><strong>quam</strong></span> <span class='ocrx_word' id='word_1_168' title='bbox 2922 1107 3183 1161; x_wconf 86' lang='lat' dir='ltr'><strong>rationem</strong></span> <span class='ocrx_word' id='word_1_169' title='bbox 3231 1115 3284 1161; x_wconf 88' lang='lat' dir='ltr'><strong>et</strong></span> <span class='ocrx_word' id='word_1_170' title='bbox 3339 1122 3497 1176; x_wconf 89' lang='lat' dir='ltr'><strong>quam</strong></span> <span class='ocrx_word' id='word_1_171' title='bbox 3552 1108 3805 1176; x_wconf 78' lang='lat' dir='ltr'><strong>ﬁguram</strong></span> 
     </span>
    </p>
   </div>
   <div class='ocr_carea' id='block_1_27' title="bbox 2190 1200 3792 1276">
    <p class='ocr_par' dir='ltr' id='par_1_27' title="bbox 2190 1200 3792 1276">
     <span class='ocr_line' id='line_1_27' title="bbox 2190 1200 3792 1276; baseline -0.001 -22"><span class='ocrx_word' id='word_1_172' title='bbox 2190 1201 2552 1276; x_wconf 83' lang='lat' dir='ltr'><strong>unusquisque</strong></span> <span class='ocrx_word' id='word_1_173' title='bbox 2585 1201 2636 1252; x_wconf 92' lang='lat' dir='ltr'><strong>in</strong></span> <span class='ocrx_word' id='word_1_174' title='bbox 2674 1213 2733 1254; x_wconf 89' lang='lat' dir='ltr'><strong>se</strong></span> <span class='ocrx_word' id='word_1_175' title='bbox 2762 1200 3066 1263; x_wconf 85' lang='lat' dir='ltr'><strong>contineat;</strong></span> <span class='ocrx_word' id='word_1_176' title='bbox 3102 1209 3156 1252; x_wconf 85' lang='lat' dir='ltr'><strong>et</strong></span> <span class='ocrx_word' id='word_1_177' title='bbox 3194 1214 3357 1268; x_wconf 91' lang='lat' dir='ltr'><strong>quare</strong></span> <span class='ocrx_word' id='word_1_178' title='bbox 3403 1200 3699 1254; x_wconf 61' lang='lat' dir='ltr'><strong>Mattheus</strong></span> <span class='ocrx_word' id='word_1_179' title='bbox 3730 1201 3792 1253; x_wconf 87' lang='lat' dir='ltr'><strong>in</strong></span> 
     </span>
    </p>
   </div>
   <div class='ocr_carea' id='block_1_28' title="bbox 2192 1289 3808 1362">
    <p class='ocr_par' dir='ltr' id='par_1_28' title="bbox 2192 1289 3808 1362">
     <span class='ocr_line' id='line_1_28' title="bbox 2192 1289 3808 1362; baseline -0.001 -16"><span class='ocrx_word' id='word_1_180' title='bbox 2192 1307 2251 1348; x_wconf 90' lang='lat' dir='ltr'><strong>se</strong></span> <span class='ocrx_word' id='word_1_181' title='bbox 2282 1293 2504 1362; x_wconf 84' lang='lat' dir='ltr'><strong>ﬁguram</strong></span> <span class='ocrx_word' id='word_1_182' title='bbox 2533 1292 2766 1345; x_wconf 84' lang='lat' dir='ltr'><strong>hominis</strong></span> <span class='ocrx_word' id='word_1_183' title='bbox 2794 1291 3009 1355; x_wconf 86' lang='lat' dir='ltr'><strong>habeat,</strong></span> <span class='ocrx_word' id='word_1_184' title='bbox 3033 1291 3152 1361; x_wconf 87' lang='lat' dir='ltr'><strong>quia</strong></span> <span class='ocrx_word' id='word_1_185' title='bbox 3182 1289 3333 1344; x_wconf 88' lang='lat' dir='ltr'><strong>initio</strong></span> <span class='ocrx_word' id='word_1_186' title='bbox 3353 1306 3451 1344; x_wconf 90' lang='lat' dir='ltr'><strong>suo</strong></span> <span class='ocrx_word' id='word_1_187' title='bbox 3480 1291 3616 1344; x_wconf 86' lang='lat' dir='ltr'><strong>nihil</strong></span> <span class='ocrx_word' id='word_1_188' title='bbox 3645 1290 3808 1344; x_wconf 82' lang='lat' dir='ltr'><strong>aliud</strong></span> 
     </span>
    </p>
   </div>
   <div class='ocr_carea' id='block_1_29' title="bbox 2191 1381 3800 1453">
    <p class='ocr_par' dir='ltr' id='par_1_29' title="bbox 2191 1381 3800 1453">
     <span class='ocr_line' id='line_1_29' title="bbox 2191 1381 3800 1453; baseline -0.002 -14"><span class='ocrx_word' id='word_1_189' title='bbox 2191 1385 2319 1453; x_wconf 88' lang='lat' dir='ltr'><strong>agit,</strong></span> <span class='ocrx_word' id='word_1_190' title='bbox 2355 1384 2454 1438; x_wconf 87' lang='lat' dir='ltr'><strong>nisi</strong></span> <span class='ocrx_word' id='word_1_191' title='bbox 2490 1383 2818 1437; x_wconf 87' lang='lat' dir='ltr'><strong>nativitatem</strong></span> <span class='ocrx_word' id='word_1_192' title='bbox 2847 1383 3141 1438; x_wconf 84' lang='lat' dir='ltr'><strong>Salvatoris</strong></span> <span class='ocrx_word' id='word_1_193' title='bbox 3171 1381 3330 1451; x_wconf 91' lang='lat' dir='ltr'><strong>pleno</strong></span> <span class='ocrx_word' id='word_1_194' title='bbox 3371 1381 3560 1436; x_wconf 91' lang='lat' dir='ltr'><strong>ordine</strong></span> <span class='ocrx_word' id='word_1_195' title='bbox 3618 1397 3800 1449; x_wconf 82' lang='lat' dir='ltr'><strong>gene-</strong></span> 
     </span>
    </p>
   </div>
   <div class='ocr_carea' id='block_1_30' title="bbox 2195 1471 3807 1542">
    <p class='ocr_par' dir='ltr' id='par_1_30' title="bbox 2195 1471 3807 1542">
     <span class='ocr_line' id='line_1_30' title="bbox 2195 1471 3807 1542; baseline -0.002 -14"><span class='ocrx_word' id='word_1_196' title='bbox 2195 1475 2423 1528; x_wconf 88' lang='lat' dir='ltr'><strong>rationis</strong></span> <span class='ocrx_word' id='word_1_197' title='bbox 2453 1483 2686 1528; x_wconf 84' lang='lat' dir='ltr'><strong>enarrat.</strong></span> <span class='ocrx_word' id='word_1_198' title='bbox 2718 1473 2806 1529; x_wconf 92' lang='lat' dir='ltr'><strong>Sic</strong></span> <span class='ocrx_word' id='word_1_199' title='bbox 2837 1475 2978 1528; x_wconf 91' lang='lat' dir='ltr'><strong>enim</strong></span> <span class='ocrx_word' id='word_1_200' title='bbox 3007 1475 3173 1540; x_wconf 73' lang='lat' dir='ltr'><strong>cmpit</strong></span> <span class='ocrx_word' id='word_1_201' title='bbox 3201 1489 3216 1526; x_wconf 89' lang='lat'><strong>:</strong></span> <span class='ocrx_word' id='word_1_202' title='bbox 3252 1471 3399 1525; x_wconf 87' lang='lat' dir='ltr'><strong>Liber</strong></span> <span class='ocrx_word' id='word_1_203' title='bbox 3441 1473 3807 1542; x_wconf 79' lang='lat' dir='ltr'><strong>generationis</strong></span> 
     </span>
    </p>
   </div>
   <div class='ocr_carea' id='block_1_31' title="bbox 2189 1564 3804 1635">
    <p class='ocr_par' dir='ltr' id='par_1_31' title="bbox 2189 1564 3804 1635">
     <span class='ocr_line' id='line_1_31' title="bbox 2189 1564 3804 1635; baseline -0.001 -15"><span class='ocrx_word' id='word_1_204' title='bbox 2189 1565 2315 1620; x_wconf 82' lang='lat' dir='ltr'><strong>Jesu</strong></span> <span class='ocrx_word' id='word_1_205' title='bbox 2359 1565 2550 1620; x_wconf 80' lang='lat' dir='ltr'><strong>Christi</strong></span> <span class='ocrx_word' id='word_1_206' title='bbox 2581 1567 2679 1634; x_wconf 79' lang='lat' dir='ltr'><strong>ﬁlii</strong></span> <span class='ocrx_word' id='word_1_207' title='bbox 2725 1565 2924 1629; x_wconf 88' lang='lat' dir='ltr'><strong>David,</strong></span> <span class='ocrx_word' id='word_1_208' title='bbox 2958 1567 3055 1635; x_wconf 78' lang='lat' dir='ltr'><strong>ﬁlii</strong></span> <span class='ocrx_word' id='word_1_209' title='bbox 3102 1565 3378 1618; x_wconf 80' lang='lat' dir='ltr'><strong>Abraham.</strong></span> <span class='ocrx_word' id='word_1_210' title='bbox 3415 1564 3627 1619; x_wconf 80' lang='lat' dir='ltr'><strong>Videtis</strong></span> <span class='ocrx_word' id='word_1_211' title='bbox 3670 1565 3804 1634; x_wconf 74' lang='lat' dir='ltr'><strong>quia</strong></span> 
     </span>
    </p>
   </div>
   <div class='ocr_carea' id='block_1_32' title="bbox 2192 1659 3799 1729">
    <p class='ocr_par' dir='ltr' id='par_1_32' title="bbox 2192 1659 3799 1729">
     <span class='ocr_line' id='line_1_32' title="bbox 2192 1659 3799 1729; baseline -0.001 -15"><span class='ocrx_word' id='word_1_212' title='bbox 2192 1675 2295 1714; x_wconf 92' lang='lat' dir='ltr'><strong>non</strong></span> <span class='ocrx_word' id='word_1_213' title='bbox 2328 1660 2595 1714; x_wconf 90' lang='lat' dir='ltr'><strong>immerito</strong></span> <span class='ocrx_word' id='word_1_214' title='bbox 2626 1661 2748 1714; x_wconf 84' lang='lat' dir='ltr'><strong>huic</strong></span> <span class='ocrx_word' id='word_1_215' title='bbox 2781 1660 3014 1713; x_wconf 90' lang='lat' dir='ltr'><strong>hominis</strong></span> <span class='ocrx_word' id='word_1_216' title='bbox 3062 1659 3342 1729; x_wconf 81' lang='lat' dir='ltr'><strong>adsignata</strong></span> <span class='ocrx_word' id='word_1_217' title='bbox 3393 1672 3628 1724; x_wconf 85' lang='lat' dir='ltr'><strong>persona</strong></span> <span class='ocrx_word' id='word_1_218' title='bbox 3672 1669 3799 1727; x_wconf 85' lang='lat' dir='ltr'><strong>est,</strong></span> 
     </span>
    </p>
   </div>
   <div class='ocr_carea' id='block_1_33' title="bbox 498 1750 3802 1832">
    <p class='ocr_par' dir='ltr' id='par_1_33' title="bbox 498 1750 3802 1832">
     <span class='ocr_line' id='line_1_33' title="bbox 498 1750 3802 1832; baseline -0.004 -16"><span class='ocrx_word' id='word_1_219' title='bbox 498 1762 741 1827; x_wconf 85' lang='lat' dir='ltr'><strong>adserat,</strong></span> <span class='ocrx_word' id='word_1_220' title='bbox 774 1763 819 1817; x_wconf 90' lang='lat' dir='ltr'><strong>ei</strong></span> <span class='ocrx_word' id='word_1_221' title='bbox 854 1762 966 1829; x_wconf 88' lang='lat' dir='ltr'><strong>ipse</strong></span> <span class='ocrx_word' id='word_1_222' title='bbox 998 1761 1263 1830; x_wconf 88' lang='lat' dir='ltr'><strong>majestati</strong></span> <span class='ocrx_word' id='word_1_223' title='bbox 1302 1761 1680 1815; x_wconf 85' lang='lat' dir='ltr'><strong>contumeliam</strong></span> <span class='ocrx_word' id='word_1_224' title='bbox 1718 1759 1878 1827; x_wconf 81' lang='lat' dir='ltr'><strong>facit,</strong></span> <span class='ocrx_word' id='word_1_225' title='bbox 1913 1777 2074 1832; x_wconf 90' lang='lat' dir='ltr'><strong>quam</strong></span> <span class='ocrx_word' id='word_1_226' title='bbox 2119 1765 2163 1826; x_wconf 79' lang='grc' dir='ltr'><strong>Β</strong></span> <span class='ocrx_word' id='word_1_227' title='bbox 2191 1753 2404 1824; x_wconf 90' lang='lat' dir='ltr'><strong>quando</strong></span> <span class='ocrx_word' id='word_1_228' title='bbox 2431 1753 2496 1807; x_wconf 80' lang='lat' dir='ltr'><strong>ab</strong></span> <span class='ocrx_word' id='word_1_229' title='bbox 2529 1752 2762 1806; x_wconf 90' lang='lat' dir='ltr'><strong>hominis</strong></span> <span class='ocrx_word' id='word_1_230' title='bbox 2790 1754 3065 1806; x_wconf 90' lang='lat' dir='ltr'><strong>nativitate</strong></span> <span class='ocrx_word' id='word_1_231' title='bbox 3095 1751 3302 1804; x_wconf 90' lang='lat' dir='ltr'><strong>initium</strong></span> <span class='ocrx_word' id='word_1_232' title='bbox 3333 1750 3758 1819; x_wconf 85' lang='lat' dir='ltr'><strong>comprehendit</strong></span> <span class='ocrx_word' id='word_1_233' title='bbox 3782 1791 3802 1816; x_wconf 86' lang='lat'><strong>,</strong></span> 
     </span>
    </p>
   </div>
   <div class='ocr_carea' id='block_1_34' title="bbox 499 1853 2083 1924">
    <p class='ocr_par' dir='ltr' id='par_1_34' title="bbox 499 1853 2083 1924">
     <span class='ocr_line' id='line_1_34' title="bbox 499 1853 2083 1924; baseline 0.001 -17"><span class='ocrx_word' id='word_1_234' title='bbox 499 1854 756 1923; x_wconf 87' lang='lat' dir='ltr'><strong>majorem</strong></span> <span class='ocrx_word' id='word_1_235' title='bbox 789 1861 937 1922; x_wconf 86' lang='lat' dir='ltr'><strong>putat</strong></span> <span class='ocrx_word' id='word_1_236' title='bbox 963 1870 977 1907; x_wconf 92' lang='lat'><strong>:</strong></span> <span class='ocrx_word' id='word_1_237' title='bbox 1007 1854 1127 1924; x_wconf 91' lang='lat' dir='ltr'><strong>quia</strong></span> <span class='ocrx_word' id='word_1_238' title='bbox 1153 1869 1274 1908; x_wconf 91' lang='lat' dir='ltr'><strong>cum</strong></span> <span class='ocrx_word' id='word_1_239' title='bbox 1303 1854 1521 1922; x_wconf 72' lang='lat' dir='ltr'><strong>aequalis</strong></span> <span class='ocrx_word' id='word_1_240' title='bbox 1552 1863 1787 1923; x_wconf 87' lang='lat' dir='ltr'><strong>potestas</strong></span> <span class='ocrx_word' id='word_1_241' title='bbox 1819 1869 1879 1908; x_wconf 89' lang='lat' dir='ltr'><strong>ac</strong></span> <span class='ocrx_word' id='word_1_242' title='bbox 1906 1853 2083 1924; x_wconf 88' lang='lat' dir='ltr'><strong>digni-</strong></span> 
     </span>
    </p>
   </div>
   <div class='ocr_carea' id='block_1_35' title="bbox 500 1947 2078 2018">
    <p class='ocr_par' dir='ltr' id='par_1_35' title="bbox 500 1947 2078 2018">
     <span class='ocr_line' id='line_1_35' title="bbox 500 1947 2078 2018; baseline 0.001 -16"><span class='ocrx_word' id='word_1_243' title='bbox 500 1956 583 2002; x_wconf 91' lang='lat' dir='ltr'><strong>tas</strong></span> <span class='ocrx_word' id='word_1_244' title='bbox 626 1947 902 2002; x_wconf 87' lang='lat' dir='ltr'><strong>Trinitatis</strong></span> <span class='ocrx_word' id='word_1_245' title='bbox 940 1947 1040 2015; x_wconf 89' lang='lat' dir='ltr'><strong>sit,</strong></span> <span class='ocrx_word' id='word_1_246' title='bbox 1072 1947 1326 2018; x_wconf 92' lang='lat' dir='ltr'><strong>quidquid</strong></span> <span class='ocrx_word' id='word_1_247' title='bbox 1369 1947 1458 2001; x_wconf 91' lang='lat' dir='ltr'><strong>uni</strong></span> <span class='ocrx_word' id='word_1_248' title='bbox 1510 1947 1830 2012; x_wconf 89' lang='lat' dir='ltr'><strong>detrahitur,</strong></span> <span class='ocrx_word' id='word_1_249' title='bbox 1869 1958 2078 2004; x_wconf 67' lang='lat' dir='ltr'><strong>cunctae</strong></span> 
     </span>
    </p>
   </div>
   <div class='ocr_carea' id='block_1_36' title="bbox 502 2039 1711 2110">
    <p class='ocr_par' dir='ltr' id='par_1_36' title="bbox 502 2039 1711 2110">
     <span class='ocr_line' id='line_1_36' title="bbox 502 2039 1711 2110; baseline 0.003 -17"><span class='ocrx_word' id='word_1_250' title='bbox 502 2039 851 2110; x_wconf 90' lang='lat' dir='ltr'><strong>proculdubio</strong></span> <span class='ocrx_word' id='word_1_251' title='bbox 876 2041 1068 2095; x_wconf 89' lang='lat' dir='ltr'><strong>Deitati</strong></span> <span class='ocrx_word' id='word_1_252' title='bbox 1094 2042 1370 2110; x_wconf 73' lang='lat' dir='ltr'><strong>aequaliter</strong></span> <span class='ocrx_word' id='word_1_253' title='bbox 1407 2041 1711 2110; x_wconf 80' lang='lat' dir='ltr'><strong>derogatur.</strong></span> 
     </span>
    </p>
   </div>
   <div class='ocr_carea' id='block_1_37' title="bbox 569 2130 2085 2201">
    <p class='ocr_par' dir='ltr' id='par_1_37' title="bbox 569 2130 2085 2201">
     <span class='ocr_line' id='line_1_37' title="bbox 569 2130 2085 2201; baseline 0.001 -15"><span class='ocrx_word' id='word_1_254' title='bbox 569 2130 756 2197; x_wconf 84' lang='lat' dir='ltr'><strong>Credo,</strong></span> <span class='ocrx_word' id='word_1_255' title='bbox 786 2132 976 2201; x_wconf 85' lang='lat' dir='ltr'><strong>inquit,</strong></span> <span class='ocrx_word' id='word_1_256' title='bbox 1011 2143 1240 2186; x_wconf 90' lang='lat' dir='ltr'><strong>sanctam</strong></span> <span class='ocrx_word' id='word_1_257' title='bbox 1272 2131 1550 2186; x_wconf 84' lang='lat' dir='ltr'><strong>Ecclesiam</strong></span> <span class='ocrx_word' id='word_1_258' title='bbox 1571 2133 1897 2187; x_wconf 87' lang='lat' dir='ltr'><strong>catholicam.</strong></span> <span class='ocrx_word' id='word_1_259' title='bbox 1947 2132 2085 2188; x_wconf 88' lang='lat' dir='ltr'><strong>San-</strong></span> 
     </span>
    </p>
   </div>
   <div class='ocr_carea' id='block_1_38' title="bbox 500 2223 2090 2280">
    <p class='ocr_par' dir='ltr' id='par_1_38' title="bbox 500 2223 2090 2280">
     <span class='ocr_line' id='line_1_38' title="bbox 500 2223 2090 2280; baseline 0 -1"><span class='ocrx_word' id='word_1_260' title='bbox 500 2233 695 2279; x_wconf 82' lang='lat' dir='ltr'><strong>ctorum</strong></span> <span class='ocrx_word' id='word_1_261' title='bbox 732 2225 1156 2278; x_wconf 82' lang='lat' dir='ltr'><strong>communionem.</strong></span> <span class='ocrx_word' id='word_1_262' title='bbox 1198 2223 1382 2278; x_wconf 87' lang='lat' dir='ltr'><strong>Carnis</strong></span> <span class='ocrx_word' id='word_1_263' title='bbox 1421 2227 1867 2280; x_wconf 78' lang='lat' dir='ltr'><strong>resurrectionem.</strong></span> <span class='ocrx_word' id='word_1_264' title='bbox 1916 2225 2090 2279; x_wconf 82' lang='lat' dir='ltr'><strong>Vitam</strong></span> 
     </span>
    </p>
   </div>
   <div class='ocr_carea' id='block_1_39' title="bbox 499 2318 2086 2375">
    <p class='ocr_par' dir='ltr' id='par_1_39' title="bbox 499 2318 2086 2375">
     <span class='ocr_line' id='line_1_39' title="bbox 499 2318 2086 2375; baseline 0.001 -1"><span class='ocrx_word' id='word_1_265' title='bbox 499 2331 755 2374; x_wconf 71' lang='lat' dir='ltr'><strong>aeternam.</strong></span> <span class='ocrx_word' id='word_1_266' title='bbox 790 2319 971 2374; x_wconf 80' lang='lat' dir='ltr'><strong>Amen.</strong></span> <span class='ocrx_word' id='word_1_267' title='bbox 1006 2318 1288 2374; x_wconf 66' lang='lat' dir='ltr'><strong>IEternam</strong></span> <span class='ocrx_word' id='word_1_268' title='bbox 1313 2320 1475 2373; x_wconf 90' lang='lat' dir='ltr'><strong>vitam</strong></span> <span class='ocrx_word' id='word_1_269' title='bbox 1497 2319 1636 2374; x_wconf 88' lang='lat' dir='ltr'><strong>bene</strong></span> <span class='ocrx_word' id='word_1_270' title='bbox 1657 2318 1709 2373; x_wconf 90' lang='lat' dir='ltr'><strong>in</strong></span> <span class='ocrx_word' id='word_1_271' title='bbox 1733 2319 2086 2375; x_wconf 85' lang='lat' dir='ltr'><strong>conclusione</strong></span> 
     </span>
    </p>
   </div>
   <div class='ocr_carea' id='block_1_40' title="bbox 500 2411 2076 2483">
    <p class='ocr_par' dir='ltr' id='par_1_40' title="bbox 500 2411 2076 2483">
     <span class='ocr_line' id='line_1_40' title="bbox 500 2411 2076 2483; baseline 0 -15"><span class='ocrx_word' id='word_1_272' title='bbox 500 2412 737 2482; x_wconf 88' lang='lat' dir='ltr'><strong>Symboli</strong></span> <span class='ocrx_word' id='word_1_273' title='bbox 781 2413 1081 2482; x_wconf 88' lang='lat' dir='ltr'><strong>coaptavit,</strong></span> <span class='ocrx_word' id='word_1_274' title='bbox 1114 2414 1233 2482; x_wconf 91' lang='lat' dir='ltr'><strong>quia</strong></span> <span class='ocrx_word' id='word_1_275' title='bbox 1269 2411 1435 2481; x_wconf 81' lang='lat' dir='ltr'><strong>ipsius</strong></span> <span class='ocrx_word' id='word_1_276' title='bbox 1475 2411 1716 2482; x_wconf 85' lang='lat' dir='ltr'><strong>Symboli</strong></span> <span class='ocrx_word' id='word_1_277' title='bbox 1762 2412 1893 2468; x_wconf 83' lang='lat' dir='ltr'><strong>ﬁdes</strong></span> <span class='ocrx_word' id='word_1_278' title='bbox 1941 2429 2076 2483; x_wconf 68' lang='lat' dir='ltr'><strong>pras-</strong></span> 
     </span>
    </p>
   </div>
   <div class='ocr_carea' id='block_1_41' title="bbox 501 2505 2084 2577">
    <p class='ocr_par' dir='ltr' id='par_1_41' title="bbox 501 2505 2084 2577">
     <span class='ocr_line' id='line_1_41' title="bbox 501 2505 2084 2577; baseline -0.001 -17"><span class='ocrx_word' id='word_1_279' title='bbox 501 2506 662 2560; x_wconf 91' lang='lat' dir='ltr'><strong>mium</strong></span> <span class='ocrx_word' id='word_1_280' title='bbox 707 2513 788 2560; x_wconf 90' lang='lat' dir='ltr'><strong>est</strong></span> <span class='ocrx_word' id='word_1_281' title='bbox 825 2507 1164 2560; x_wconf 78' lang='lat' dir='ltr'><strong>aeternitatis.</strong></span> <span class='ocrx_word' id='word_1_282' title='bbox 1195 2506 1270 2560; x_wconf 86' lang='lat' dir='ltr'><strong>Ac</strong></span> <span class='ocrx_word' id='word_1_283' title='bbox 1304 2520 1396 2574; x_wconf 88' lang='lat' dir='ltr'><strong>per</strong></span> <span class='ocrx_word' id='word_1_284' title='bbox 1425 2506 1524 2559; x_wconf 86' lang='lat' dir='ltr'><strong>hoc</strong></span> <span class='ocrx_word' id='word_1_285' title='bbox 1558 2505 1692 2559; x_wconf 90' lang='lat' dir='ltr'><strong>ordo</strong></span> <span class='ocrx_word' id='word_1_286' title='bbox 1723 2505 1964 2577; x_wconf 88' lang='lat' dir='ltr'><strong>Symboli</strong></span> <span class='ocrx_word' id='word_1_287' title='bbox 1995 2523 2084 2560; x_wconf 86' lang='lat' dir='ltr'><strong>sa-</strong></span> 
     </span>
    </p>
   </div>
   <div class='ocr_carea' id='block_1_42' title="bbox 500 2597 2083 2668">
    <p class='ocr_par' dir='ltr' id='par_1_42' title="bbox 500 2597 2083 2668">
     <span class='ocr_line' id='line_1_42' title="bbox 500 2597 2083 2668; baseline 0.001 -16"><span class='ocrx_word' id='word_1_288' title='bbox 500 2598 624 2653; x_wconf 90' lang='lat' dir='ltr'><strong>lutis</strong></span> <span class='ocrx_word' id='word_1_289' title='bbox 671 2597 913 2651; x_wconf 87' lang='lat' dir='ltr'><strong>ascensio</strong></span> <span class='ocrx_word' id='word_1_290' title='bbox 941 2607 1052 2662; x_wconf 85' lang='lat' dir='ltr'><strong>est;</strong></span> <span class='ocrx_word' id='word_1_291' title='bbox 1086 2599 1207 2667; x_wconf 89' lang='lat' dir='ltr'><strong>quia</strong></span> <span class='ocrx_word' id='word_1_292' title='bbox 1237 2599 1279 2652; x_wconf 88' lang='lat' dir='ltr'><strong>si</strong></span> <span class='ocrx_word' id='word_1_293' title='bbox 1308 2597 1534 2653; x_wconf 86' lang='lat' dir='ltr'><strong>ﬁdeliter</strong></span> <span class='ocrx_word' id='word_1_294' title='bbox 1560 2597 1787 2668; x_wconf 90' lang='lat' dir='ltr'><strong>quisque</strong></span> <span class='ocrx_word' id='word_1_295' title='bbox 1826 2597 1892 2652; x_wconf 88' lang='lat' dir='ltr'><strong>ad</strong></span> <span class='ocrx_word' id='word_1_296' title='bbox 1936 2613 2083 2653; x_wconf 84' lang='lat' dir='ltr'><strong>sum-</strong></span> 
     </span>
    </p>
   </div>
   <div class='ocr_carea' id='block_1_43' title="bbox 499 2688 2083 2750">
    <p class='ocr_par' dir='ltr' id='par_1_43' title="bbox 499 2688 2083 2750">
     <span class='ocr_line' id='line_1_43' title="bbox 499 2688 2083 2750; baseline -0.001 -5"><span class='ocrx_word' id='word_1_297' title='bbox 499 2689 738 2745; x_wconf 87' lang='lat' dir='ltr'><strong>mitatem</strong></span> <span class='ocrx_word' id='word_1_298' title='bbox 793 2688 934 2743; x_wconf 90' lang='lat' dir='ltr'><strong>illius</strong></span> <span class='ocrx_word' id='word_1_299' title='bbox 983 2690 1228 2750; x_wconf 86' lang='lat' dir='ltr'><strong>venerit,</strong></span> <span class='ocrx_word' id='word_1_300' title='bbox 1278 2689 1580 2744; x_wconf 87' lang='lat' dir='ltr'><strong>certissime</strong></span> <span class='ocrx_word' id='word_1_301' title='bbox 1624 2689 1807 2743; x_wconf 89' lang='lat' dir='ltr'><strong>salutis</strong></span> <span class='ocrx_word' id='word_1_302' title='bbox 1866 2697 2083 2744; x_wconf 70' lang='lat' dir='ltr'><strong>aeternae</strong></span> 
     </span>
    </p>
   </div>
   <div class='ocr_carea' id='block_1_44' title="bbox 497 2779 2086 2851">
    <p class='ocr_par' dir='ltr' id='par_1_44' title="bbox 497 2779 2086 2851">
     <span class='ocr_line' id='line_1_44' title="bbox 497 2779 2086 2851; baseline -0.001 -14"><span class='ocrx_word' id='word_1_303' title='bbox 497 2781 769 2838; x_wconf 88' lang='lat' dir='ltr'><strong>cardinem</strong></span> <span class='ocrx_word' id='word_1_304' title='bbox 803 2781 1131 2850; x_wconf 89' lang='lat' dir='ltr'><strong>possidebit,</strong></span> <span class='ocrx_word' id='word_1_305' title='bbox 1179 2792 1435 2851; x_wconf 78' lang='lat' dir='ltr'><strong>regnante</strong></span> <span class='ocrx_word' id='word_1_306' title='bbox 1483 2780 1708 2834; x_wconf 93' lang='lat' dir='ltr'><strong>Domino</strong></span> <span class='ocrx_word' id='word_1_307' title='bbox 1749 2789 1932 2835; x_wconf 91' lang='lat' dir='ltr'><strong>nostro</strong></span> <span class='ocrx_word' id='word_1_308' title='bbox 1957 2779 2086 2836; x_wconf 82' lang='lat' dir='ltr'><strong>Jesu</strong></span> 
     </span>
    </p>
   </div>
   <div class='ocr_carea' id='block_1_45' title="bbox 497 2873 2076 2945">
    <p class='ocr_par' dir='ltr' id='par_1_45' title="bbox 497 2873 2076 2945">
     <span class='ocr_line' id='line_1_45' title="bbox 497 2873 2076 2945; baseline -0.001 -15"><span class='ocrx_word' id='word_1_309' title='bbox 497 2873 748 2943; x_wconf 84' lang='lat' dir='ltr'><strong>Christo,</strong></span> <span class='ocrx_word' id='word_1_310' title='bbox 798 2875 948 2945; x_wconf 91' lang='lat' dir='ltr'><strong>cujus</strong></span> <span class='ocrx_word' id='word_1_311' title='bbox 992 2883 1072 2929; x_wconf 89' lang='lat' dir='ltr'><strong>est</strong></span> <span class='ocrx_word' id='word_1_312' title='bbox 1111 2876 1282 2930; x_wconf 89' lang='lat' dir='ltr'><strong>honor</strong></span> <span class='ocrx_word' id='word_1_313' title='bbox 1331 2886 1387 2931; x_wconf 88' lang='lat' dir='ltr'><strong>et</strong></span> <span class='ocrx_word' id='word_1_314' title='bbox 1436 2873 1720 2944; x_wconf 87' lang='lat' dir='ltr'><strong>imperium</strong></span> <span class='ocrx_word' id='word_1_315' title='bbox 1765 2889 1860 2944; x_wconf 90' lang='lat' dir='ltr'><strong>per</strong></span> <span class='ocrx_word' id='word_1_316' title='bbox 1897 2874 2076 2928; x_wconf 84' lang='lat' dir='ltr'><strong>omnia</strong></span> 
     </span>
    </p>
   </div>
   <div class='ocr_carea' id='block_1_46' title="bbox 508 2968 1078 3025">
    <p class='ocr_par' dir='ltr' id='par_1_46' title="bbox 508 2968 1078 3025">
     <span class='ocr_line' id='line_1_46' title="bbox 508 2968 1078 3025; baseline -0.002 -3"><span class='ocrx_word' id='word_1_317' title='bbox 508 2969 704 3025; x_wconf 65' lang='lat' dir='ltr'><strong>saecula</strong></span> <span class='ocrx_word' id='word_1_318' title='bbox 735 2968 1078 3023; x_wconf 59' lang='lat' dir='ltr'><strong>seculorum.</strong></span> 
     </span>
    </p>
   </div>
   <div class='ocr_carea' id='block_1_47' title="bbox 1178 3061 1434 3113">
    <p class='ocr_par' dir='ltr' id='par_1_47' title="bbox 1178 3061 1434 3113">
     <span class='ocr_line' id='line_1_47' title="bbox 1178 3061 1434 3113; baseline -0.012 0"><span class='ocrx_word' id='word_1_319' title='bbox 1178 3061 1434 3113; x_wconf 81' lang='lat' dir='ltr'><strong>Collectlo.</strong></span> 
     </span>
    </p>
   </div>
   <div class='ocr_carea' id='block_1_48' title="bbox 2195 1839 3800 1916">
    <p class='ocr_par' dir='ltr' id='par_1_48' title="bbox 2195 1839 3800 1916">
     <span class='ocr_line' id='line_1_48' title="bbox 2195 1839 3800 1916; baseline -0.002 -17"><span class='ocrx_word' id='word_1_320' title='bbox 2195 1860 2292 1900; x_wconf 91' lang='lat' dir='ltr'><strong>nec</strong></span> <span class='ocrx_word' id='word_1_321' title='bbox 2323 1845 2590 1898; x_wconf 90' lang='lat' dir='ltr'><strong>immerito</strong></span> <span class='ocrx_word' id='word_1_322' title='bbox 2621 1843 2702 1916; x_wconf 90' lang='lat' dir='ltr'><strong>(ut</strong></span> <span class='ocrx_word' id='word_1_323' title='bbox 2734 1844 2989 1911; x_wconf 80' lang='lat' dir='ltr'><strong>diximus)</strong></span> <span class='ocrx_word' id='word_1_324' title='bbox 3023 1842 3144 1895; x_wconf 89' lang='lat' dir='ltr'><strong>huic</strong></span> <span class='ocrx_word' id='word_1_325' title='bbox 3192 1841 3450 1910; x_wconf 81' lang='lat' dir='ltr'><strong>mysterio</strong></span> <span class='ocrx_word' id='word_1_326' title='bbox 3499 1839 3800 1911; x_wconf 82' lang='lat' dir='ltr'><strong>adsignata</strong></span> 
     </span>
    </p>
   </div>
   <div class='ocr_carea' id='block_1_49' title="bbox 2190 1932 3618 2008">
    <p class='ocr_par' dir='ltr' id='par_1_49' title="bbox 2190 1932 3618 2008">
     <span class='ocr_line' id='line_1_49' title="bbox 2190 1932 3618 2008; baseline -0.002 -15"><span class='ocrx_word' id='word_1_327' title='bbox 2190 1947 2272 1994; x_wconf 85' lang='lat' dir='ltr'><strong>est</strong></span> <span class='ocrx_word' id='word_1_328' title='bbox 2302 1937 2533 1993; x_wconf 65' lang='lat' dir='ltr'><strong>Matthazi</strong></span> <span class='ocrx_word' id='word_1_329' title='bbox 2565 1951 2816 2008; x_wconf 89' lang='lat' dir='ltr'><strong>persona.</strong></span> <span class='ocrx_word' id='word_1_330' title='bbox 2857 1935 3092 2005; x_wconf 75' lang='lat' dir='ltr'><strong>Explecit</strong></span> <span class='ocrx_word' id='word_1_331' title='bbox 3121 1935 3402 1988; x_wconf 80' lang='lat' dir='ltr'><strong>secundum</strong></span> <span class='ocrx_word' id='word_1_332' title='bbox 3429 1932 3618 1990; x_wconf 76' lang='lat' dir='ltr'><strong>Matth.</strong></span> 
     </span>
    </p>
   </div>
   <div class='ocr_carea' id='block_1_50' title="bbox 2621 2026 3342 2090">
    <p class='ocr_par' dir='ltr' id='par_1_50' title="bbox 2621 2026 3342 2090">
     <span class='ocr_line' id='line_1_50' title="bbox 2621 2026 3342 2090; baseline -0.003 -14"><span class='ocrx_word' id='word_1_333' title='bbox 2621 2027 2796 2090; x_wconf 84' lang='lat' dir='ltr'><strong>Incipit</strong></span> <span class='ocrx_word' id='word_1_334' title='bbox 2815 2028 3086 2076; x_wconf 88' lang='lat' dir='ltr'><strong>secundum</strong></span> <span class='ocrx_word' id='word_1_335' title='bbox 3111 2026 3342 2076; x_wconf 75' lang='lat' dir='ltr'><strong>Marcum.</strong></span> 
     </span>
    </p>
   </div>
   <div class='ocr_carea' id='block_1_51' title="bbox 2268 2109 3800 2184">
    <p class='ocr_par' dir='ltr' id='par_1_51' title="bbox 2268 2109 3800 2184">
     <span class='ocr_line' id='line_1_51' title="bbox 2268 2109 3800 2184; baseline 0.001 -18"><span class='ocrx_word' id='word_1_336' title='bbox 2268 2112 2409 2182; x_wconf 87' lang='lat' dir='ltr'><strong>Legit</strong></span> <span class='ocrx_word' id='word_1_337' title='bbox 2431 2113 2676 2166; x_wconf 85' lang='lat' dir='ltr'><strong>diaconus</strong></span> <span class='ocrx_word' id='word_1_338' title='bbox 2703 2112 2908 2165; x_wconf 89' lang='lat' dir='ltr'><strong>initium</strong></span> <span class='ocrx_word' id='word_1_339' title='bbox 2929 2110 3196 2184; x_wconf 82' lang='lat' dir='ltr'><strong>Evangelii</strong></span> <span class='ocrx_word' id='word_1_340' title='bbox 3223 2112 3501 2165; x_wconf 87' lang='lat' dir='ltr'><strong>secundum</strong></span> <span class='ocrx_word' id='word_1_341' title='bbox 3526 2109 3800 2167; x_wconf 73' lang='lat' dir='ltr'><strong>Marcum.</strong></span> 
     </span>
    </p>
   </div>
   <div class='ocr_carea' id='block_1_52' title="bbox 2204 2205 2758 2275">
    <p class='ocr_par' dir='ltr' id='par_1_52' title="bbox 2204 2205 2758 2275">
     <span class='ocr_line' id='line_1_52' title="bbox 2204 2205 2758 2275; baseline -0.004 -16"><span class='ocrx_word' id='word_1_342' title='bbox 2204 2205 2437 2273; x_wconf 77' lang='lat' dir='ltr'><strong>Exponit</strong></span> <span class='ocrx_word' id='word_1_343' title='bbox 2462 2205 2718 2275; x_wconf 84' lang='lat' dir='ltr'><strong>presbyter</strong></span> <span class='ocrx_word' id='word_1_344' title='bbox 2742 2222 2758 2257; x_wconf 93' lang='lat'><em>:</em></span> 
     </span>
    </p>
   </div>
   <div class='ocr_carea' id='block_1_53' title="bbox 2269 2281 3828 2368">
    <p class='ocr_par' dir='ltr' id='par_1_53' title="bbox 2269 2281 3828 2368">
     <span class='ocr_line' id='line_1_53' title="bbox 2269 2281 3828 2368; baseline -0.001 -15"><span class='ocrx_word' id='word_1_345' title='bbox 2269 2299 2474 2354; x_wconf 82' lang='lat' dir='ltr'><strong>Marcus</strong></span> <span class='ocrx_word' id='word_1_346' title='bbox 2499 2298 2828 2368; x_wconf 82' lang='lat' dir='ltr'><strong>evangelista</strong></span> <span class='ocrx_word' id='word_1_347' title='bbox 2857 2295 3026 2352; x_wconf 88' lang='lat' dir='ltr'><strong>leonis</strong></span> <span class='ocrx_word' id='word_1_348' title='bbox 3048 2312 3241 2367; x_wconf 83' lang='lat' dir='ltr'><strong>gerens</strong></span> <span class='ocrx_word' id='word_1_349' title='bbox 3270 2298 3512 2366; x_wconf 87' lang='lat' dir='ltr'><strong>ﬁguram,</strong></span> <span class='ocrx_word' id='word_1_350' title='bbox 3544 2311 3574 2350; x_wconf 88' lang='lat' dir='ltr'><strong>a</strong></span> <span class='ocrx_word' id='word_1_351' title='bbox 3604 2281 3828 2351; x_wconf 53' lang='lat' dir='ltr'><strong>solitu:</strong></span> 
     </span>
    </p>
   </div>
   <div class='ocr_carea' id='block_1_54' title="bbox 2194 2390 3802 2463">
    <p class='ocr_par' dir='ltr' id='par_1_54' title="bbox 2194 2390 3802 2463">
     <span class='ocr_line' id='line_1_54' title="bbox 2194 2390 3802 2463; baseline -0.003 -14"><span class='ocrx_word' id='word_1_352' title='bbox 2194 2394 2316 2449; x_wconf 90' lang='lat' dir='ltr'><strong>dine</strong></span> <span class='ocrx_word' id='word_1_353' title='bbox 2343 2393 2528 2463; x_wconf 91' lang='lat' dir='ltr'><strong>incipit</strong></span> <span class='ocrx_word' id='word_1_354' title='bbox 2563 2393 2772 2448; x_wconf 89' lang='lat' dir='ltr'><strong>dicere:</strong></span> <span class='ocrx_word' id='word_1_355' title='bbox 2803 2393 2913 2446; x_wconf 85' lang='lat' dir='ltr'><strong>Vox</strong></span> <span class='ocrx_word' id='word_1_356' title='bbox 2938 2392 3218 2445; x_wconf 87' lang='lat' dir='ltr'><strong>clamantis</strong></span> <span class='ocrx_word' id='word_1_357' title='bbox 3242 2391 3293 2443; x_wconf 93' lang='lat' dir='ltr'><strong>in</strong></span> <span class='ocrx_word' id='word_1_358' title='bbox 3316 2391 3529 2445; x_wconf 90' lang='lat' dir='ltr'><strong>deserto</strong></span> <span class='ocrx_word' id='word_1_359' title='bbox 3555 2408 3568 2442; x_wconf 89' lang='lat'>:</span> <span class='ocrx_word' id='word_1_360' title='bbox 3597 2390 3802 2444; x_wconf 72' lang='lat' dir='ltr'><strong>Parata</strong></span> 
     </span>
    </p>
   </div>
   <div class='ocr_carea' id='block_1_55' title="bbox 2193 2484 3801 2556">
    <p class='ocr_par' dir='ltr' id='par_1_55' title="bbox 2193 2484 3801 2556">
     <span class='ocr_line' id='line_1_55' title="bbox 2193 2484 3801 2556; baseline -0.003 -12"><span class='ocrx_word' id='word_1_361' title='bbox 2193 2493 2331 2546; x_wconf 89' lang='lat' dir='ltr'><strong>viam</strong></span> <span class='ocrx_word' id='word_1_362' title='bbox 2380 2489 2622 2554; x_wconf 89' lang='lat' dir='ltr'><strong>Domini,</strong></span> <span class='ocrx_word' id='word_1_363' title='bbox 2672 2489 2882 2543; x_wconf 88' lang='lat' dir='ltr'><strong>scilicet</strong></span> <span class='ocrx_word' id='word_1_364' title='bbox 2933 2487 3054 2556; x_wconf 91' lang='lat' dir='ltr'><strong>quia</strong></span> <span class='ocrx_word' id='word_1_365' title='bbox 3104 2495 3288 2555; x_wconf 89' lang='lat' dir='ltr'><strong>regnat</strong></span> <span class='ocrx_word' id='word_1_366' title='bbox 3336 2486 3586 2539; x_wconf 85' lang='lat' dir='ltr'><strong>invictus.</strong></span> <span class='ocrx_word' id='word_1_367' title='bbox 3622 2484 3801 2552; x_wconf 81' lang='lat' dir='ltr'><strong>Hujus</strong></span> 
     </span>
    </p>
   </div>
   <div class='ocr_carea' id='block_1_56' title="bbox 2194 2577 3801 2646">
    <p class='ocr_par' dir='ltr' id='par_1_56' title="bbox 2194 2577 3801 2646">
     <span class='ocr_line' id='line_1_56' title="bbox 2194 2577 3801 2646; baseline -0.002 -10"><span class='ocrx_word' id='word_1_368' title='bbox 2194 2581 2364 2637; x_wconf 86' lang='lat' dir='ltr'><strong>leonis</strong></span> <span class='ocrx_word' id='word_1_369' title='bbox 2395 2579 2684 2635; x_wconf 74' lang='lat' dir='ltr'><strong>multifaria</strong></span> <span class='ocrx_word' id='word_1_370' title='bbox 2718 2579 3019 2633; x_wconf 84' lang='lat' dir='ltr'><strong>invenimus</strong></span> <span class='ocrx_word' id='word_1_371' title='bbox 3050 2577 3294 2646; x_wconf 87' lang='lat' dir='ltr'><strong>exempla</strong></span> <span class='ocrx_word' id='word_1_372' title='bbox 3319 2617 3336 2644; x_wconf 92' lang='lat'><strong>,</strong></span> <span class='ocrx_word' id='word_1_373' title='bbox 3371 2584 3427 2630; x_wconf 91' lang='lat' dir='ltr'><strong>ut</strong></span> <span class='ocrx_word' id='word_1_374' title='bbox 3472 2591 3583 2630; x_wconf 92' lang='lat' dir='ltr'><strong>non</strong></span> <span class='ocrx_word' id='word_1_375' title='bbox 3631 2586 3801 2632; x_wconf 83' lang='lat' dir='ltr'><strong>vacet</strong></span> 
     </span>
    </p>
   </div>
   <div class='ocr_carea' id='block_1_57' title="bbox 2192 2667 3799 2736">
    <p class='ocr_par' dir='ltr' id='par_1_57' title="bbox 2192 2667 3799 2736">
     <span class='ocr_line' id='line_1_57' title="bbox 2192 2667 3799 2736; baseline -0.003 -9"><span class='ocrx_word' id='word_1_376' title='bbox 2192 2673 2393 2727; x_wconf 91' lang='lat' dir='ltr'><strong>dictum</strong></span> <span class='ocrx_word' id='word_1_377' title='bbox 2426 2671 2542 2726; x_wconf 91' lang='lat' dir='ltr'><strong>illut</strong></span> <span class='ocrx_word' id='word_1_378' title='bbox 2573 2689 2585 2725; x_wconf 91' lang='lat'><strong>:</strong></span> <span class='ocrx_word' id='word_1_379' title='bbox 2619 2670 2753 2726; x_wconf 82' lang='lat' dir='ltr'><strong>.lutla</strong></span> <span class='ocrx_word' id='word_1_380' title='bbox 2802 2669 2941 2724; x_wconf 87' lang='lat' dir='ltr'><strong>ﬁlius</strong></span> <span class='ocrx_word' id='word_1_381' title='bbox 2985 2684 3166 2736; x_wconf 91' lang='lat' dir='ltr'><strong>meus,</strong></span> <span class='ocrx_word' id='word_1_382' title='bbox 3214 2669 3422 2722; x_wconf 89' lang='lat' dir='ltr'><strong>catulus</strong></span> <span class='ocrx_word' id='word_1_383' title='bbox 3463 2667 3674 2732; x_wconf 89' lang='lat' dir='ltr'><strong>leonis,</strong></span> <span class='ocrx_word' id='word_1_384' title='bbox 3724 2667 3799 2722; x_wconf 89' lang='lat' dir='ltr'><strong>de</strong></span> 
     </span>
    </p>
   </div>
   <div class='ocr_carea' id='block_1_58' title="bbox 2192 2759 3796 2832">
    <p class='ocr_par' dir='ltr' id='par_1_58' title="bbox 2192 2759 3796 2832">
     <span class='ocr_line' id='line_1_58' title="bbox 2192 2759 3796 2832; baseline -0.002 -14"><span class='ocrx_word' id='word_1_385' title='bbox 2192 2764 2432 2832; x_wconf 83' lang='lat' dir='ltr'><strong>germine</strong></span> <span class='ocrx_word' id='word_1_386' title='bbox 2480 2762 2607 2817; x_wconf 92' lang='lat' dir='ltr'><strong>mihi</strong></span> <span class='ocrx_word' id='word_1_387' title='bbox 2651 2762 2937 2816; x_wconf 83' lang='lat' dir='ltr'><strong>ascendisti</strong></span> <span class='ocrx_word' id='word_1_388' title='bbox 2973 2779 2983 2812; x_wconf 93' lang='lat'>:</span> <span class='ocrx_word' id='word_1_389' title='bbox 3015 2760 3274 2814; x_wconf 87' lang='lat' dir='ltr'><strong>recubans</strong></span> <span class='ocrx_word' id='word_1_390' title='bbox 3308 2759 3555 2816; x_wconf 88' lang='lat' dir='ltr'><strong>dormisti</strong></span> <span class='ocrx_word' id='word_1_391' title='bbox 3586 2769 3643 2813; x_wconf 92' lang='lat' dir='ltr'><strong>ut</strong></span> <span class='ocrx_word' id='word_1_392' title='bbox 3673 2760 3796 2827; x_wconf 86' lang='lat' dir='ltr'><strong>leo,</strong></span> 
     </span>
    </p>
   </div>
   <div class='ocr_carea' id='block_1_59' title="bbox 2191 2852 3479 2922">
    <p class='ocr_par' dir='ltr' id='par_1_59' title="bbox 2191 2852 3479 2922">
     <span class='ocr_line' id='line_1_59' title="bbox 2191 2852 3479 2922; baseline -0.006 -9"><span class='ocrx_word' id='word_1_393' title='bbox 2191 2864 2245 2913; x_wconf 86' lang='lat' dir='ltr'><strong>et</strong></span> <span class='ocrx_word' id='word_1_394' title='bbox 2273 2856 2409 2910; x_wconf 83' lang='lat' dir='ltr'><strong>sicut</strong></span> <span class='ocrx_word' id='word_1_395' title='bbox 2435 2854 2643 2910; x_wconf 89' lang='lat' dir='ltr'><strong>catulus</strong></span> <span class='ocrx_word' id='word_1_396' title='bbox 2667 2853 2873 2916; x_wconf 88' lang='lat' dir='ltr'><strong>leonis;</strong></span> <span class='ocrx_word' id='word_1_397' title='bbox 2900 2853 3018 2922; x_wconf 89' lang='lat' dir='ltr'><strong>quis</strong></span> <span class='ocrx_word' id='word_1_398' title='bbox 3040 2852 3296 2906; x_wconf 85' lang='lat' dir='ltr'><strong>excitabit</strong></span> <span class='ocrx_word' id='word_1_399' title='bbox 3323 2852 3479 2906; x_wconf 88' lang='lat' dir='ltr'><strong>eum?</strong></span> 
     </span>
    </p>
   </div>
   <div class='ocr_carea' id='block_1_60' title="bbox 2647 2941 3328 3005">
    <p class='ocr_par' dir='ltr' id='par_1_60' title="bbox 2647 2941 3328 3005">
     <span class='ocr_line' id='line_1_60' title="bbox 2647 2941 3328 3005; baseline -0.006 -12"><span class='ocrx_word' id='word_1_400' title='bbox 2647 2944 2819 3005; x_wconf 84' lang='lat' dir='ltr'><strong>incipit</strong></span> <span class='ocrx_word' id='word_1_401' title='bbox 2841 2943 3106 2993; x_wconf 87' lang='lat' dir='ltr'><strong>secundum</strong></span> <span class='ocrx_word' id='word_1_402' title='bbox 3134 2941 3328 2990; x_wconf 86' lang='lat' dir='ltr'><strong>Lucam.</strong></span> 
     </span>
    </p>
   </div>
   <div class='ocr_carea' id='block_1_61' title="bbox 2270 3027 3796 3102">
    <p class='ocr_par' dir='ltr' id='par_1_61' title="bbox 2270 3027 3796 3102">
     <span class='ocr_line' id='line_1_61' title="bbox 2270 3027 3796 3102; baseline -0.001 -18"><span class='ocrx_word' id='word_1_403' title='bbox 2270 3032 2418 3102; x_wconf 85' lang='lat' dir='ltr'><strong>Legit</strong></span> <span class='ocrx_word' id='word_1_404' title='bbox 2447 3031 2694 3085; x_wconf 88' lang='lat' dir='ltr'><strong>diaconus</strong></span> <span class='ocrx_word' id='word_1_405' title='bbox 2726 3030 2930 3084; x_wconf 86' lang='lat' dir='ltr'><strong>initium</strong></span> <span class='ocrx_word' id='word_1_406' title='bbox 2957 3027 3226 3098; x_wconf 81' lang='lat' dir='ltr'><strong>Evangelii</strong></span> <span class='ocrx_word' id='word_1_407' title='bbox 3256 3029 3535 3082; x_wconf 83' lang='lat' dir='ltr'><strong>secundum</strong></span> <span class='ocrx_word' id='word_1_408' title='bbox 3569 3027 3796 3083; x_wconf 82' lang='lat' dir='ltr'><strong>Lucam.</strong></span> 
     </span>
    </p>
   </div>
   <div class='ocr_carea' id='block_1_62' title="bbox 572 3124 2087 3228">
    <p class='ocr_par' dir='ltr' id='par_1_62' title="bbox 572 3143 2078 3217">
     <span class='ocr_line' id='line_1_62' title="bbox 572 3143 2078 3217; baseline -0.003 -15"><span class='ocrx_word' id='word_1_409' title='bbox 572 3148 798 3216; x_wconf 83' lang='lat' dir='ltr'><strong>Exaudi,</strong></span> <span class='ocrx_word' id='word_1_410' title='bbox 834 3149 1075 3213; x_wconf 86' lang='lat' dir='ltr'><strong>Domine,</strong></span> <span class='ocrx_word' id='word_1_411' title='bbox 1108 3147 1548 3217; x_wconf 88' lang='lat' dir='ltr'><strong>supplicationem</strong></span> <span class='ocrx_word' id='word_1_412' title='bbox 1579 3143 1795 3200; x_wconf 78' lang='lat' dir='ltr'><strong>familize</strong></span> <span class='ocrx_word' id='word_1_413' title='bbox 1829 3152 1958 3212; x_wconf 71' lang='lat' dir='ltr'><strong>ture,</strong></span> <span class='ocrx_word' id='word_1_414' title='bbox 1988 3144 2078 3214; x_wconf 90' lang='lat' dir='ltr'><strong>qui</strong></span> 
     </span>
    </p>
   </div>
   <div class='ocr_carea' id='block_1_63' title="bbox 2211 3124 2755 3228">
    <p class='ocr_par' dir='ltr' id='par_1_63' title="bbox 2211 3124 2755 3196">
     <span class='ocr_line' id='line_1_63' title="bbox 2211 3124 2755 3196; baseline -0.004 -16"><span class='ocrx_word' id='word_1_415' title='bbox 2211 3124 2418 3180; x_wconf 81' lang='lat' dir='ltr'><strong>Tractat</strong></span> <span class='ocrx_word' id='word_1_416' title='bbox 2448 3126 2709 3196; x_wconf 82' lang='lat' dir='ltr'><strong>presbyter</strong></span> <span class='ocrx_word' id='word_1_417' title='bbox 2737 3140 2755 3178; x_wconf 96' lang='lat'><strong><em>:</em></strong></span> 
     </span>
    </p>
   </div>
   <div class='ocr_carea' id='block_1_64' title="bbox 503 3239 2084 3307">
    <p class='ocr_par' dir='ltr' id='par_1_64' title="bbox 503 3239 2084 3307">
     <span class='ocr_line' id='line_1_64' title="bbox 503 3239 2084 3307; baseline 0.001 -12"><span class='ocrx_word' id='word_1_418' title='bbox 503 3239 736 3295; x_wconf 83' lang='lat' dir='ltr'><strong>ﬁdelium</strong></span> <span class='ocrx_word' id='word_1_419' title='bbox 768 3249 978 3295; x_wconf 91' lang='lat' dir='ltr'><strong>tuorum</strong></span> <span class='ocrx_word' id='word_1_420' title='bbox 1008 3241 1282 3295; x_wconf 90' lang='lat' dir='ltr'><strong>consortio</strong></span> <span class='ocrx_word' id='word_1_421' title='bbox 1310 3241 1619 3297; x_wconf 88' lang='lat' dir='ltr'><strong>desiderant</strong></span> <span class='ocrx_word' id='word_1_422' title='bbox 1647 3243 1836 3297; x_wconf 89' lang='lat' dir='ltr'><strong>sociari</strong></span> <span class='ocrx_word' id='word_1_423' title='bbox 1864 3283 1879 3307; x_wconf 91' lang='lat'><strong>,</strong></span> <span class='ocrx_word' id='word_1_424' title='bbox 1923 3253 1984 3297; x_wconf 92' lang='lat' dir='ltr'><strong>ut</strong></span> <span class='ocrx_word' id='word_1_425' title='bbox 2028 3242 2084 3298; x_wconf 91' lang='lat' dir='ltr'><strong>in</strong></span> 
     </span>
    </p>
   </div>
   <div class='ocr_carea' id='block_1_65' title="bbox 503 3333 2091 3398">
    <p class='ocr_par' dir='ltr' id='par_1_65' title="bbox 503 3333 2091 3398">
     <span class='ocr_line' id='line_1_65' title="bbox 503 3333 2091 3398; baseline -0.002 -9"><span class='ocrx_word' id='word_1_426' title='bbox 503 3334 592 3389; x_wconf 88' lang='lat' dir='ltr'><strong>die</strong></span> <span class='ocrx_word' id='word_1_427' title='bbox 620 3342 818 3387; x_wconf 68' lang='lat' dir='ltr'><strong>sanctae</strong></span> <span class='ocrx_word' id='word_1_428' title='bbox 848 3334 1262 3398; x_wconf 88' lang='lat' dir='ltr'><strong>sollemnitatis,</strong></span> <span class='ocrx_word' id='word_1_429' title='bbox 1294 3334 1575 3388; x_wconf 90' lang='lat' dir='ltr'><strong>clementia</strong></span> <span class='ocrx_word' id='word_1_430' title='bbox 1629 3342 1716 3387; x_wconf 90' lang='lat' dir='ltr'><strong>tua</strong></span> <span class='ocrx_word' id='word_1_431' title='bbox 1767 3333 1963 3388; x_wconf 88' lang='lat' dir='ltr'><strong>donum</strong></span> <span class='ocrx_word' id='word_1_432' title='bbox 1999 3333 2091 3388; x_wconf 91' lang='lat' dir='ltr'><strong>ba-</strong></span> 
     </span>
    </p>
   </div>
   <div class='ocr_carea' id='block_1_66' title="bbox 502 3423 2086 3497">
    <p class='ocr_par' dir='ltr' id='par_1_66' title="bbox 502 3423 2086 3497">
     <span class='ocr_line' id='line_1_66' title="bbox 502 3423 2086 3497; baseline -0.001 -17"><span class='ocrx_word' id='word_1_433' title='bbox 502 3428 768 3497; x_wconf 90' lang='lat' dir='ltr'><strong>ptismatis</strong></span> <span class='ocrx_word' id='word_1_434' title='bbox 796 3427 1069 3496; x_wconf 86' lang='lat' dir='ltr'><strong>percipere</strong></span> <span class='ocrx_word' id='word_1_435' title='bbox 1112 3433 1443 3480; x_wconf 90' lang='lat' dir='ltr'><strong>mereantur.</strong></span> <span class='ocrx_word' id='word_1_436' title='bbox 1492 3424 1595 3481; x_wconf 90' lang='lat' dir='ltr'><strong>Per</strong></span> <span class='ocrx_word' id='word_1_437' title='bbox 1644 3423 1800 3479; x_wconf 93' lang='lat' dir='ltr'><strong>Dom.</strong></span> <span class='ocrx_word' id='word_1_438' title='bbox 1846 3433 2086 3479; x_wconf 91' lang='lat' dir='ltr'><strong>nostrum</strong></span> 
     </span>
    </p>
   </div>
   <div class='ocr_carea' id='block_1_67' title="bbox 507 3516 1003 3574">
    <p class='ocr_par' dir='ltr' id='par_1_67' title="bbox 507 3516 1003 3574">
     <span class='ocr_line' id='line_1_67' title="bbox 507 3516 1003 3574; baseline -0.004 0"><span class='ocrx_word' id='word_1_439' title='bbox 507 3519 686 3574; x_wconf 83' lang='lat' dir='ltr'><strong>Jcsum</strong></span> <span class='ocrx_word' id='word_1_440' title='bbox 712 3516 1003 3572; x_wconf 89' lang='lat' dir='ltr'><strong>Christum.</strong></span> 
     </span>
    </p>
   </div>
   <div class='ocr_carea' id='block_1_68' title="bbox 503 3609 2086 3668">
    <p class='ocr_par' dir='ltr' id='par_1_68' title="bbox 503 3609 2086 3668">
     <span class='ocr_line' id='line_1_68' title="bbox 503 3609 2086 3668; baseline 0 -2"><span class='ocrx_word' id='word_1_441' title='bbox 503 3609 612 3666; x_wconf 80' lang='lat' dir='ltr'><strong>XII.</strong></span> <span class='ocrx_word' id='word_1_442' title='bbox 657 3626 934 3666; x_wconf 79' lang='lat' dir='ltr'><strong>EXPOSITIO</strong></span> <span class='ocrx_word' id='word_1_443' title='bbox 986 3625 1392 3668; x_wconf 68' lang='lat' dir='ltr'><strong>EVANGELIORUM</strong></span> <span class='ocrx_word' id='word_1_444' title='bbox 1444 3626 1497 3666; x_wconf 76' lang='lat' dir='ltr'><strong>IN</strong></span> <span class='ocrx_word' id='word_1_445' title='bbox 1546 3625 1748 3667; x_wconf 67' lang='lat' dir='ltr'><strong>AUBIUI</strong></span> <span class='ocrx_word' id='word_1_446' title='bbox 1789 3625 2086 3666; x_wconf 73' lang='lat' dir='ltr'><strong>APER&#39;I‘IONE</strong></span> 
     </span>
    </p>
   </div>
   <div class='ocr_carea' id='block_1_69' title="bbox 1119 3697 1482 3738">
    <p class='ocr_par' dir='ltr' id='par_1_69' title="bbox 1119 3697 1482 3738">
     <span class='ocr_line' id='line_1_69' title="bbox 1119 3697 1482 3738; baseline -0.006 0"><span class='ocrx_word' id='word_1_447' title='bbox 1119 3702 1149 3738; x_wconf 84' lang='grc' dir='ltr'><strong>Α</strong></span> <span class='ocrx_word' id='word_1_448' title='bbox 1158 3700 1186 3738; x_wconf 84' lang='grc' dir='ltr'><strong>ι)</strong></span> <span class='ocrx_word' id='word_1_449' title='bbox 1226 3697 1482 3738; x_wconf 80' lang='lat' dir='ltr'><strong>ELECTOS.</strong></span> 
     </span>
    </p>
   </div>
   <div class='ocr_carea' id='block_1_70' title="bbox 575 3775 2094 3846">
    <p class='ocr_par' dir='ltr' id='par_1_70' title="bbox 575 3775 2094 3846">
     <span class='ocr_line' id='line_1_70' title="bbox 575 3775 2094 3846; baseline 0 -15"><span class='ocrx_word' id='word_1_450' title='bbox 575 3777 824 3844; x_wconf 81' lang='lat' dir='ltr'><strong>Aperturi</strong></span> <span class='ocrx_word' id='word_1_451' title='bbox 856 3785 881 3813; x_wconf 75' lang='grc' dir='ltr'>ι</span> <span class='ocrx_word' id='word_1_452' title='bbox 907 3777 1088 3842; x_wconf 88' lang='lat' dir='ltr'><strong>vobis,</strong></span> <span class='ocrx_word' id='word_1_453' title='bbox 1122 3777 1212 3831; x_wconf 88' lang='lat' dir='ltr'><strong>lilii</strong></span> <span class='ocrx_word' id='word_1_454' title='bbox 1242 3775 1531 3840; x_wconf 87' lang='lat' dir='ltr'><strong>carissimi,</strong></span> <span class='ocrx_word' id='word_1_455' title='bbox 1572 3775 1888 3846; x_wconf 84' lang='lat' dir='ltr'><strong>Evangelia,</strong></span> <span class='ocrx_word' id='word_1_456' title='bbox 1921 3776 1972 3831; x_wconf 91' lang='lat' dir='ltr'><strong>id</strong></span> <span class='ocrx_word' id='word_1_457' title='bbox 2010 3786 2094 3833; x_wconf 88' lang='lat' dir='ltr'><strong>est</strong></span> 
     </span>
    </p>
   </div>
   <div class='ocr_carea' id='block_1_71' title="bbox 507 3868 2092 3939">
    <p class='ocr_par' dir='ltr' id='par_1_71' title="bbox 507 3868 2092 3939">
     <span class='ocr_line' id='line_1_71' title="bbox 507 3868 2092 3939; baseline 0.003 -19"><span class='ocrx_word' id='word_1_458' title='bbox 507 3869 696 3938; x_wconf 81' lang='lat' dir='ltr'><strong>gaudia</strong></span> <span class='ocrx_word' id='word_1_459' title='bbox 726 3869 933 3934; x_wconf 91' lang='lat' dir='ltr'><strong>divina,</strong></span> <span class='ocrx_word' id='word_1_460' title='bbox 971 3869 1118 3938; x_wconf 89' lang='lat' dir='ltr'><strong>prius</strong></span> <span class='ocrx_word' id='word_1_461' title='bbox 1147 3868 1335 3923; x_wconf 85' lang='lat' dir='ltr'><strong>ordine</strong></span> <span class='ocrx_word' id='word_1_462' title='bbox 1365 3869 1635 3924; x_wconf 84' lang='lat' dir='ltr'><strong>insinuare</strong></span> <span class='ocrx_word' id='word_1_463' title='bbox 1664 3869 1938 3924; x_wconf 89' lang='lat' dir='ltr'><strong>debemus</strong></span> <span class='ocrx_word' id='word_1_464' title='bbox 1964 3869 2092 3939; x_wconf 90' lang='lat' dir='ltr'><strong>quid</strong></span> 
     </span>
    </p>
   </div>
   <div class='ocr_carea' id='block_1_72' title="bbox 506 3959 2093 4032">
    <p class='ocr_par' dir='ltr' id='par_1_72' title="bbox 506 3959 2093 4032">
     <span class='ocr_line' id='line_1_72' title="bbox 506 3959 2093 4032; baseline 0.002 -16"><span class='ocrx_word' id='word_1_465' title='bbox 506 3959 874 4029; x_wconf 83' lang='lat' dir='ltr'><strong>Evangelium,</strong></span> <span class='ocrx_word' id='word_1_466' title='bbox 905 3972 959 4016; x_wconf 90' lang='lat' dir='ltr'><strong>et</strong></span> <span class='ocrx_word' id='word_1_467' title='bbox 991 3961 1130 4015; x_wconf 90' lang='lat' dir='ltr'><strong>unde</strong></span> <span class='ocrx_word' id='word_1_468' title='bbox 1160 3961 1477 4026; x_wconf 88' lang='lat' dir='ltr'><strong>descendat,</strong></span> <span class='ocrx_word' id='word_1_469' title='bbox 1505 3970 1558 4017; x_wconf 90' lang='lat' dir='ltr'><strong>et</strong></span> <span class='ocrx_word' id='word_1_470' title='bbox 1580 3962 1733 4032; x_wconf 90' lang='lat' dir='ltr'><strong>cujus</strong></span> <span class='ocrx_word' id='word_1_471' title='bbox 1760 3963 1811 4017; x_wconf 93' lang='lat' dir='ltr'><strong>in</strong></span> <span class='ocrx_word' id='word_1_472' title='bbox 1836 3977 1902 4018; x_wconf 91' lang='lat' dir='ltr'><strong>eo</strong></span> <span class='ocrx_word' id='word_1_473' title='bbox 1924 3963 2093 4019; x_wconf 77' lang='lat' dir='ltr'><strong>verba</strong></span> 
     </span>
    </p>
   </div>
   <div class='ocr_carea' id='block_1_73' title="bbox 506 4055 2085 4125">
    <p class='ocr_par' dir='ltr' id='par_1_73' title="bbox 506 4055 2085 4125">
     <span class='ocr_line' id='line_1_73' title="bbox 506 4055 2085 4125; baseline 0.003 -19"><span class='ocrx_word' id='word_1_474' title='bbox 506 4061 794 4120; x_wconf 89' lang='lat' dir='ltr'><strong>ponantur,</strong></span> <span class='ocrx_word' id='word_1_475' title='bbox 822 4060 877 4108; x_wconf 90' lang='lat' dir='ltr'><strong>et</strong></span> <span class='ocrx_word' id='word_1_476' title='bbox 904 4067 1068 4123; x_wconf 82' lang='lat' dir='ltr'><strong>quare</strong></span> <span class='ocrx_word' id='word_1_477' title='bbox 1095 4065 1322 4123; x_wconf 91' lang='lat' dir='ltr'><strong>quatuor</strong></span> <span class='ocrx_word' id='word_1_478' title='bbox 1348 4055 1458 4108; x_wconf 90' lang='lat' dir='ltr'><strong>sint</strong></span> <span class='ocrx_word' id='word_1_479' title='bbox 1486 4055 1573 4124; x_wconf 93' lang='lat' dir='ltr'><strong>qui</strong></span> <span class='ocrx_word' id='word_1_480' title='bbox 1605 4059 1716 4110; x_wconf 59' lang='lat' dir='ltr'><strong>haec</strong></span> <span class='ocrx_word' id='word_1_481' title='bbox 1759 4065 1905 4125; x_wconf 85' lang='lat' dir='ltr'><strong>gesta</strong></span> <span class='ocrx_word' id='word_1_482' title='bbox 1939 4055 2085 4110; x_wconf 89' lang='lat' dir='ltr'><strong>scri-</strong></span> 
     </span>
    </p>
   </div>
   <div class='ocr_carea' id='block_1_74' title="bbox 508 4146 2089 4220">
    <p class='ocr_par' dir='ltr' id='par_1_74' title="bbox 508 4146 2089 4220">
     <span class='ocr_line' id='line_1_74' title="bbox 508 4146 2089 4220; baseline 0.003 -20"><span class='ocrx_word' id='word_1_483' title='bbox 508 4156 760 4214; x_wconf 88' lang='lat' dir='ltr'><strong>pserunt;</strong></span> <span class='ocrx_word' id='word_1_484' title='bbox 811 4146 894 4201; x_wconf 87' lang='lat' dir='ltr'><strong>vel</strong></span> <span class='ocrx_word' id='word_1_485' title='bbox 944 4146 1034 4216; x_wconf 90' lang='lat' dir='ltr'><strong>qui</strong></span> <span class='ocrx_word' id='word_1_486' title='bbox 1081 4155 1205 4202; x_wconf 90' lang='lat' dir='ltr'><strong>sunt</strong></span> <span class='ocrx_word' id='word_1_487' title='bbox 1252 4148 1350 4217; x_wconf 89' lang='lat' dir='ltr'><strong>ipsi</strong></span> <span class='ocrx_word' id='word_1_488' title='bbox 1402 4148 1473 4203; x_wconf 92' lang='lat' dir='ltr'><strong>hii</strong></span> <span class='ocrx_word' id='word_1_489' title='bbox 1518 4159 1744 4219; x_wconf 89' lang='lat' dir='ltr'><strong>quatuor</strong></span> <span class='ocrx_word' id='word_1_490' title='bbox 1784 4151 1872 4220; x_wconf 91' lang='lat' dir='ltr'><strong>qui</strong></span> <span class='ocrx_word' id='word_1_491' title='bbox 1902 4151 2089 4205; x_wconf 90' lang='lat' dir='ltr'><strong>divino</strong></span> 
     </span>
    </p>
   </div>
   <div class='ocr_carea' id='block_1_75' title="bbox 507 4232 2097 4312">
    <p class='ocr_par' dir='ltr' id='par_1_75' title="bbox 507 4232 2097 4312">
     <span class='ocr_line' id='line_1_75' title="bbox 507 4232 2097 4312; baseline 0.002 -17"><span class='ocrx_word' id='word_1_492' title='bbox 507 4232 731 4308; x_wconf 85' lang='lat' dir='ltr'><strong>Spiritu,</strong></span> <span class='ocrx_word' id='word_1_493' title='bbox 759 4239 1114 4294; x_wconf 84' lang='lat' dir='ltr'><strong>adnunciante</strong></span> <span class='ocrx_word' id='word_1_494' title='bbox 1146 4241 1424 4310; x_wconf 88' lang='lat' dir='ltr'><strong>propheta,</strong></span> <span class='ocrx_word' id='word_1_495' title='bbox 1449 4251 1571 4297; x_wconf 89' lang='lat' dir='ltr'><strong>ante</strong></span> <span class='ocrx_word' id='word_1_496' title='bbox 1601 4242 1795 4312; x_wconf 88' lang='lat' dir='ltr'><strong>signati</strong></span> <span class='ocrx_word' id='word_1_497' title='bbox 1826 4253 1982 4308; x_wconf 90' lang='lat' dir='ltr'><strong>sunt,</strong></span> <span class='ocrx_word' id='word_1_498' title='bbox 2029 4257 2097 4298; x_wconf 90' lang='lat' dir='ltr'><strong>ne</strong></span> 
     </span>
    </p>
   </div>
   <div class='ocr_carea' id='block_1_76' title="bbox 509 4331 2090 4407">
    <p class='ocr_par' dir='ltr' id='par_1_76' title="bbox 509 4331 2090 4407">
     <span class='ocr_line' id='line_1_76' title="bbox 509 4331 2090 4407; baseline 0.003 -20"><span class='ocrx_word' id='word_1_499' title='bbox 509 4331 649 4388; x_wconf 80' lang='lat' dir='ltr'><strong>forte</strong></span> <span class='ocrx_word' id='word_1_500' title='bbox 693 4334 810 4388; x_wconf 88' lang='lat' dir='ltr'><strong>sine</strong></span> <span class='ocrx_word' id='word_1_501' title='bbox 852 4332 952 4388; x_wconf 90' lang='lat' dir='ltr'><strong>hac</strong></span> <span class='ocrx_word' id='word_1_502' title='bbox 1001 4334 1205 4388; x_wconf 89' lang='lat' dir='ltr'><strong>ordinis</strong></span> <span class='ocrx_word' id='word_1_503' title='bbox 1253 4335 1459 4391; x_wconf 89' lang='lat' dir='ltr'><strong>ratione</strong></span> <span class='ocrx_word' id='word_1_504' title='bbox 1489 4337 1575 4391; x_wconf 91' lang='lat' dir='ltr'><strong>vel</strong></span> <span class='ocrx_word' id='word_1_505' title='bbox 1621 4351 1780 4392; x_wconf 89' lang='lat' dir='ltr'><strong>causa</strong></span> <span class='ocrx_word' id='word_1_506' title='bbox 1810 4348 2090 4407; x_wconf 89' lang='lat' dir='ltr'><strong>stuporem</strong></span> 
     </span>
    </p>
   </div>
   <div class='ocr_carea' id='block_1_77' title="bbox 510 4426 2096 4499">
    <p class='ocr_par' dir='ltr' id='par_1_77' title="bbox 510 4426 2096 4499">
     <span class='ocr_line' id='line_1_77' title="bbox 510 4426 2096 4499; baseline 0.006 -20"><span class='ocrx_word' id='word_1_507' title='bbox 510 4426 784 4480; x_wconf 85' lang='lat' dir='ltr'><strong>vobiscum</strong></span> <span class='ocrx_word' id='word_1_508' title='bbox 834 4426 886 4479; x_wconf 92' lang='lat' dir='ltr'><strong>in</strong></span> <span class='ocrx_word' id='word_1_509' title='bbox 933 4427 1202 4481; x_wconf 89' lang='lat' dir='ltr'><strong>mentibus</strong></span> <span class='ocrx_word' id='word_1_510' title='bbox 1231 4428 1620 4498; x_wconf 88' lang='lat' dir='ltr'><strong>relinquamus.</strong></span> <span class='ocrx_word' id='word_1_511' title='bbox 1648 4427 1715 4484; x_wconf 90' lang='lat' dir='ltr'><strong>Et</strong></span> <span class='ocrx_word' id='word_1_512' title='bbox 1742 4430 1862 4499; x_wconf 91' lang='lat' dir='ltr'><strong>quia</strong></span> <span class='ocrx_word' id='word_1_513' title='bbox 1895 4429 1961 4484; x_wconf 85' lang='lat' dir='ltr'><strong>ad</strong></span> <span class='ocrx_word' id='word_1_514' title='bbox 1993 4431 2096 4488; x_wconf 90' lang='lat' dir='ltr'><strong>hoc</strong></span> 
     </span>
    </p>
   </div>
   <div class='ocr_carea' id='block_1_78' title="bbox 2277 3217 3798 3288">
    <p class='ocr_par' dir='ltr' id='par_1_78' title="bbox 2277 3217 3798 3288">
     <span class='ocr_line' id='line_1_78' title="bbox 2277 3217 3798 3288; baseline 0 -16"><span class='ocrx_word' id='word_1_515' title='bbox 2277 3217 2449 3273; x_wconf 86' lang='lat' dir='ltr'><strong>Lucas</strong></span> <span class='ocrx_word' id='word_1_516' title='bbox 2478 3217 2806 3287; x_wconf 87' lang='lat' dir='ltr'><strong>evangelista</strong></span> <span class='ocrx_word' id='word_1_517' title='bbox 2837 3217 3070 3286; x_wconf 85' lang='lat' dir='ltr'><strong>speciem</strong></span> <span class='ocrx_word' id='word_1_518' title='bbox 3107 3217 3259 3271; x_wconf 90' lang='lat' dir='ltr'><strong>vituli</strong></span> <span class='ocrx_word' id='word_1_519' title='bbox 3289 3225 3495 3288; x_wconf 83' lang='lat' dir='ltr'><strong>gestat,</strong></span> <span class='ocrx_word' id='word_1_520' title='bbox 3531 3217 3600 3272; x_wconf 91' lang='lat' dir='ltr'><strong>ad</strong></span> <span class='ocrx_word' id='word_1_521' title='bbox 3643 3218 3798 3287; x_wconf 88' lang='lat' dir='ltr'><strong>cujus</strong></span> 
     </span>
    </p>
   </div>
   <div class='ocr_carea' id='block_1_79' title="bbox 2198 3312 3796 3369">
    <p class='ocr_par' dir='ltr' id='par_1_79' title="bbox 2198 3312 3796 3369">
     <span class='ocr_line' id='line_1_79' title="bbox 2198 3312 3796 3369; baseline 0 -2"><span class='ocrx_word' id='word_1_522' title='bbox 2198 3315 2369 3369; x_wconf 90' lang='lat' dir='ltr'><strong>instar</strong></span> <span class='ocrx_word' id='word_1_523' title='bbox 2388 3314 2635 3369; x_wconf 90' lang='lat' dir='ltr'><strong>Salvator</strong></span> <span class='ocrx_word' id='word_1_524' title='bbox 2651 3324 2834 3367; x_wconf 91' lang='lat' dir='ltr'><strong>noster</strong></span> <span class='ocrx_word' id='word_1_525' title='bbox 2853 3323 2935 3367; x_wconf 88' lang='lat' dir='ltr'><strong>est</strong></span> <span class='ocrx_word' id='word_1_526' title='bbox 2959 3313 3281 3367; x_wconf 90' lang='lat' dir='ltr'><strong>immolatus.</strong></span> <span class='ocrx_word' id='word_1_527' title='bbox 3303 3312 3401 3367; x_wconf 87' lang='lat' dir='ltr'><strong>Hic</strong></span> <span class='ocrx_word' id='word_1_528' title='bbox 3423 3312 3569 3367; x_wconf 90' lang='lat' dir='ltr'><strong>enim</strong></span> <span class='ocrx_word' id='word_1_529' title='bbox 3589 3312 3796 3368; x_wconf 89' lang='lat' dir='ltr'><strong>Christi</strong></span> 
     </span>
    </p>
   </div>
   <div class='ocr_carea' id='block_1_80' title="bbox 2199 3405 3800 3477">
    <p class='ocr_par' dir='ltr' id='par_1_80' title="bbox 2199 3405 3800 3477">
     <span class='ocr_line' id='line_1_80' title="bbox 2199 3405 3800 3477; baseline -0.001 -15"><span class='ocrx_word' id='word_1_530' title='bbox 2199 3407 2556 3477; x_wconf 86' lang='lat' dir='ltr'><strong>Evangelium</strong></span> <span class='ocrx_word' id='word_1_531' title='bbox 2603 3406 2921 3473; x_wconf 91' lang='lat' dir='ltr'><strong>locuturus,</strong></span> <span class='ocrx_word' id='word_1_532' title='bbox 2972 3406 3050 3459; x_wconf 83' lang='lat' dir='ltr'><strong>sic</strong></span> <span class='ocrx_word' id='word_1_533' title='bbox 3098 3406 3265 3474; x_wconf 68' lang='lat' dir='ltr'><strong>coepit</strong></span> <span class='ocrx_word' id='word_1_534' title='bbox 3311 3405 3377 3460; x_wconf 86' lang='lat' dir='ltr'><strong>de</strong></span> <span class='ocrx_word' id='word_1_535' title='bbox 3419 3405 3711 3460; x_wconf 83' lang='lat' dir='ltr'><strong>Zaccharia</strong></span> <span class='ocrx_word' id='word_1_536' title='bbox 3741 3413 3800 3460; x_wconf 87' lang='lat' dir='ltr'><strong>et</strong></span> 
     </span>
    </p>
   </div>
   <div class='ocr_carea' id='block_1_81' title="bbox 2208 3496 3796 3568">
    <p class='ocr_par' dir='ltr' id='par_1_81' title="bbox 2208 3496 3796 3568">
     <span class='ocr_line' id='line_1_81' title="bbox 2208 3496 3796 3568; baseline 0 -16"><span class='ocrx_word' id='word_1_537' title='bbox 2208 3498 2512 3559; x_wconf 86' lang='lat' dir='ltr'><strong>llelisabet,</strong></span> <span class='ocrx_word' id='word_1_538' title='bbox 2541 3498 2608 3552; x_wconf 92' lang='lat' dir='ltr'><strong>de</strong></span> <span class='ocrx_word' id='word_1_539' title='bbox 2645 3497 2838 3568; x_wconf 89' lang='lat' dir='ltr'><strong>quibus</strong></span> <span class='ocrx_word' id='word_1_540' title='bbox 2884 3496 3156 3552; x_wconf 82' lang='lat' dir='ltr'><strong>Johannes</strong></span> <span class='ocrx_word' id='word_1_541' title='bbox 3194 3499 3428 3567; x_wconf 84' lang='lat' dir='ltr'><strong>Baptista</strong></span> <span class='ocrx_word' id='word_1_542' title='bbox 3483 3499 3538 3552; x_wconf 90' lang='lat' dir='ltr'><strong>in</strong></span> <span class='ocrx_word' id='word_1_543' title='bbox 3582 3511 3796 3553; x_wconf 75' lang='lat' dir='ltr'><strong>summa</strong></span> 
     </span>
    </p>
   </div>
   <div class='ocr_carea' id='block_1_82' title="bbox 2209 3578 3792 3657">
    <p class='ocr_par' dir='ltr' id='par_1_82' title="bbox 2209 3578 3792 3657">
     <span class='ocr_line' id='line_1_82' title="bbox 2209 3578 3792 3657; baseline -0.001 -14"><span class='ocrx_word' id='word_1_544' title='bbox 2209 3598 2367 3644; x_wconf 89' lang='lat' dir='ltr'><strong>natus</strong></span> <span class='ocrx_word' id='word_1_545' title='bbox 2396 3599 2480 3643; x_wconf 89' lang='lat' dir='ltr'><strong>est</strong></span> <span class='ocrx_word' id='word_1_546' title='bbox 2510 3598 2804 3644; x_wconf 88' lang='lat' dir='ltr'><strong>senectute.</strong></span> <span class='ocrx_word' id='word_1_547' title='bbox 2840 3590 2906 3644; x_wconf 89' lang='lat' dir='ltr'><strong>Et</strong></span> <span class='ocrx_word' id='word_1_548' title='bbox 2930 3578 3066 3644; x_wconf 48' lang='lat' dir='ltr'><strong>&#39;ideo</strong></span> <span class='ocrx_word' id='word_1_549' title='bbox 3096 3589 3266 3644; x_wconf 86' lang='lat' dir='ltr'><strong>Lucas</strong></span> <span class='ocrx_word' id='word_1_550' title='bbox 3290 3591 3456 3644; x_wconf 90' lang='lat' dir='ltr'><strong>vitulo</strong></span> <span class='ocrx_word' id='word_1_551' title='bbox 3501 3604 3792 3657; x_wconf 87' lang='lat' dir='ltr'><strong>compara-</strong></span> 
     </span>
    </p>
   </div>
   <div class='ocr_carea' id='block_1_83' title="bbox 2199 3681 3795 3751">
    <p class='ocr_par' dir='ltr' id='par_1_83' title="bbox 2199 3681 3795 3751">
     <span class='ocr_line' id='line_1_83' title="bbox 2199 3681 3795 3751; baseline 0.001 -15"><span class='ocrx_word' id='word_1_552' title='bbox 2199 3689 2307 3751; x_wconf 89' lang='lat' dir='ltr'><strong>tur,</strong></span> <span class='ocrx_word' id='word_1_553' title='bbox 2344 3682 2469 3751; x_wconf 88' lang='lat' dir='ltr'><strong>quia</strong></span> <span class='ocrx_word' id='word_1_554' title='bbox 2498 3682 2604 3735; x_wconf 92' lang='lat' dir='ltr'><strong>duo</strong></span> <span class='ocrx_word' id='word_1_555' title='bbox 2633 3695 2832 3736; x_wconf 87' lang='lat' dir='ltr'><strong>cornua</strong></span> <span class='ocrx_word' id='word_1_556' title='bbox 2863 3723 2877 3747; x_wconf 94' lang='lat'><strong>,</strong></span> <span class='ocrx_word' id='word_1_557' title='bbox 2911 3681 3021 3736; x_wconf 90' lang='lat' dir='ltr'><strong>duo</strong></span> <span class='ocrx_word' id='word_1_558' title='bbox 3044 3681 3421 3746; x_wconf 87' lang='lat' dir='ltr'><strong>Testamenta;</strong></span> <span class='ocrx_word' id='word_1_559' title='bbox 3463 3693 3516 3736; x_wconf 91' lang='lat' dir='ltr'><strong>et</strong></span> <span class='ocrx_word' id='word_1_560' title='bbox 3565 3693 3795 3751; x_wconf 79' lang='lat' dir='ltr'><strong>quatuor</strong></span> 
     </span>
    </p>
   </div>
   <div class='ocr_carea' id='block_1_84' title="bbox 2197 3773 3793 3844">
    <p class='ocr_par' dir='ltr' id='par_1_84' title="bbox 2197 3773 3793 3844">
     <span class='ocr_line' id='line_1_84' title="bbox 2197 3773 3793 3844; baseline -0.002 -15"><span class='ocrx_word' id='word_1_561' title='bbox 2197 3775 2391 3844; x_wconf 89' lang='lat' dir='ltr'><strong>pedum</strong></span> <span class='ocrx_word' id='word_1_562' title='bbox 2420 3777 2640 3842; x_wconf 83' lang='lat' dir='ltr'><strong>angulas</strong></span> <span class='ocrx_word' id='word_1_563' title='bbox 2665 3815 2680 3839; x_wconf 90' lang='lat'><strong>,</strong></span> <span class='ocrx_word' id='word_1_564' title='bbox 2713 3783 2767 3828; x_wconf 91' lang='lat' dir='ltr'><strong>ct</strong></span> <span class='ocrx_word' id='word_1_565' title='bbox 2796 3782 3024 3843; x_wconf 88' lang='lat' dir='ltr'><strong>quatuor</strong></span> <span class='ocrx_word' id='word_1_566' title='bbox 3068 3773 3352 3844; x_wconf 75' lang='lat' dir='ltr'><strong>Evangelia</strong></span> <span class='ocrx_word' id='word_1_567' title='bbox 3400 3774 3552 3843; x_wconf 89' lang='lat' dir='ltr'><strong>quasi</strong></span> <span class='ocrx_word' id='word_1_568' title='bbox 3608 3785 3793 3828; x_wconf 86' lang='lat' dir='ltr'><strong>tenera</strong></span> 
     </span>
    </p>
   </div>
   <div class='ocr_carea' id='block_1_85' title="bbox 2200 3868 3700 3936">
    <p class='ocr_par' dir='ltr' id='par_1_85' title="bbox 2200 3868 3700 3936">
     <span class='ocr_line' id='line_1_85' title="bbox 2200 3868 3700 3936; baseline -0.001 -13"><span class='ocrx_word' id='word_1_569' title='bbox 2200 3868 2512 3924; x_wconf 89' lang='lat' dir='ltr'><strong>inﬁrmitate</strong></span> <span class='ocrx_word' id='word_1_570' title='bbox 2538 3868 2834 3930; x_wconf 88' lang='lat' dir='ltr'><strong>nascentia,</strong></span> <span class='ocrx_word' id='word_1_571' title='bbox 2867 3869 2918 3922; x_wconf 93' lang='lat' dir='ltr'><strong>in</strong></span> <span class='ocrx_word' id='word_1_572' title='bbox 2949 3883 3007 3922; x_wconf 91' lang='lat' dir='ltr'><strong>se</strong></span> <span class='ocrx_word' id='word_1_573' title='bbox 3034 3869 3340 3936; x_wconf 85' lang='lat' dir='ltr'><strong>plenissime</strong></span> <span class='ocrx_word' id='word_1_574' title='bbox 3368 3869 3700 3923; x_wconf 85' lang='lat' dir='ltr'><strong>continebat.</strong></span> 
     </span>
    </p>
   </div>
   <div class='ocr_carea' id='block_1_86' title="bbox 2268 3962 3792 4032">
    <p class='ocr_par' dir='ltr' id='par_1_86' title="bbox 2268 3962 3792 4032">
     <span class='ocr_line' id='line_1_86' title="bbox 2268 3962 3792 4032; baseline 0.001 -16"><span class='ocrx_word' id='word_1_575' title='bbox 2268 3962 2402 4017; x_wconf 82' lang='lat' dir='ltr'><strong>Item</strong></span> <span class='ocrx_word' id='word_1_576' title='bbox 2452 3963 2573 4032; x_wconf 86' lang='lat' dir='ltr'><strong>legit</strong></span> <span class='ocrx_word' id='word_1_577' title='bbox 2621 3964 2868 4017; x_wconf 87' lang='lat' dir='ltr'><strong>diaconus</strong></span> <span class='ocrx_word' id='word_1_578' title='bbox 2916 3963 3120 4016; x_wconf 88' lang='lat' dir='ltr'><strong>initium</strong></span> <span class='ocrx_word' id='word_1_579' title='bbox 3180 3962 3444 4030; x_wconf 73' lang='lat' dir='ltr'><strong>Evangelii</strong></span> <span class='ocrx_word' id='word_1_580' title='bbox 3510 3965 3792 4018; x_wconf 79' lang='lat' dir='ltr'><strong>secundum</strong></span> 
     </span>
    </p>
   </div>
   <div class='ocr_carea' id='block_1_87' title="bbox 2203 4054 3372 4126">
    <p class='ocr_par' dir='ltr' id='par_1_87' title="bbox 2203 4054 3372 4126">
     <span class='ocr_line' id='line_1_87' title="bbox 2203 4054 3372 4126; baseline -0.003 -15"><span class='ocrx_word' id='word_1_581' title='bbox 2203 4054 2513 4111; x_wconf 66' lang='lat' dir='ltr'><strong>Iohannem.</strong></span> <span class='ocrx_word' id='word_1_582' title='bbox 2543 4055 2749 4109; x_wconf 87' lang='lat' dir='ltr'><strong>Tractat</strong></span> <span class='ocrx_word' id='word_1_583' title='bbox 2780 4057 3039 4126; x_wconf 84' lang='lat' dir='ltr'><strong>presbyter</strong></span> <span class='ocrx_word' id='word_1_584' title='bbox 3061 4057 3139 4109; x_wconf 87' lang='lat' dir='ltr'><strong>his</strong></span> <span class='ocrx_word' id='word_1_585' title='bbox 3168 4057 3330 4108; x_wconf 85' lang='lat' dir='ltr'><strong>verbis</strong></span> <span class='ocrx_word' id='word_1_586' title='bbox 3355 4070 3372 4109; x_wconf 89' lang='lat'><strong><em>:</em></strong></span> 
     </span>
    </p>
   </div>
   <div class='ocr_carea' id='block_1_88' title="bbox 2269 4148 3794 4219">
    <p class='ocr_par' dir='ltr' id='par_1_88' title="bbox 2269 4148 3794 4219">
     <span class='ocr_line' id='line_1_88' title="bbox 2269 4148 3794 4219; baseline 0.001 -14"><span class='ocrx_word' id='word_1_587' title='bbox 2269 4149 2548 4205; x_wconf 87' lang='lat' dir='ltr'><strong>Johannes</strong></span> <span class='ocrx_word' id='word_1_588' title='bbox 2573 4148 2733 4203; x_wconf 87' lang='lat' dir='ltr'><strong>habet</strong></span> <span class='ocrx_word' id='word_1_589' title='bbox 2755 4148 3163 4204; x_wconf 89' lang='lat' dir='ltr'><strong>similitudinem</strong></span> <span class='ocrx_word' id='word_1_590' title='bbox 3202 4148 3393 4219; x_wconf 84' lang='lat' dir='ltr'><strong>aquilae</strong></span> <span class='ocrx_word' id='word_1_591' title='bbox 3417 4190 3433 4217; x_wconf 94' lang='lat'><strong>,</strong></span> <span class='ocrx_word' id='word_1_592' title='bbox 3463 4150 3607 4218; x_wconf 91' lang='lat' dir='ltr'><strong>quod</strong></span> <span class='ocrx_word' id='word_1_593' title='bbox 3639 4151 3794 4206; x_wconf 88' lang='lat' dir='ltr'><strong>nimis</strong></span> 
     </span>
    </p>
   </div>
   <div class='ocr_carea' id='block_1_89' title="bbox 2201 4239 3793 4312">
    <p class='ocr_par' dir='ltr' id='par_1_89' title="bbox 2201 4239 3793 4312">
     <span class='ocr_line' id='line_1_89' title="bbox 2201 4239 3793 4312; baseline 0.001 -16"><span class='ocrx_word' id='word_1_594' title='bbox 2201 4241 2312 4296; x_wconf 89' lang='lat' dir='ltr'><strong>alta</strong></span> <span class='ocrx_word' id='word_1_595' title='bbox 2340 4241 2574 4310; x_wconf 90' lang='lat' dir='ltr'><strong>petierit.</strong></span> <span class='ocrx_word' id='word_1_596' title='bbox 2607 4242 2696 4295; x_wconf 80' lang='lat' dir='ltr'><strong>Ait</strong></span> <span class='ocrx_word' id='word_1_597' title='bbox 2724 4241 2866 4296; x_wconf 89' lang='lat' dir='ltr'><strong>enim</strong></span> <span class='ocrx_word' id='word_1_598' title='bbox 2895 4258 2908 4294; x_wconf 86' lang='lat'><strong>:</strong></span> <span class='ocrx_word' id='word_1_599' title='bbox 2940 4239 3007 4294; x_wconf 89' lang='lat' dir='ltr'><strong>In</strong></span> <span class='ocrx_word' id='word_1_600' title='bbox 3038 4242 3292 4312; x_wconf 87' lang='lat' dir='ltr'><strong>principio</strong></span> <span class='ocrx_word' id='word_1_601' title='bbox 3324 4252 3431 4295; x_wconf 89' lang='lat' dir='ltr'><strong>erat</strong></span> <span class='ocrx_word' id='word_1_602' title='bbox 3473 4239 3729 4308; x_wconf 83' lang='lat' dir='ltr'><strong>Verbum;</strong></span> <span class='ocrx_word' id='word_1_603' title='bbox 3750 4252 3793 4297; x_wconf 85' lang='lat' dir='ltr'><strong>et</strong></span> 
     </span>
    </p>
   </div>
   <div class='ocr_carea' id='block_1_90' title="bbox 2209 4331 3793 4404">
    <p class='ocr_par' dir='ltr' id='par_1_90' title="bbox 2209 4331 3793 4404">
     <span class='ocr_line' id='line_1_90' title="bbox 2209 4331 3793 4404; baseline 0.003 -20"><span class='ocrx_word' id='word_1_604' title='bbox 2209 4331 2433 4386; x_wconf 88' lang='lat' dir='ltr'><strong>Verbum</strong></span> <span class='ocrx_word' id='word_1_605' title='bbox 2461 4343 2568 4386; x_wconf 87' lang='lat' dir='ltr'><strong>erat</strong></span> <span class='ocrx_word' id='word_1_606' title='bbox 2593 4333 2732 4404; x_wconf 85' lang='lat' dir='ltr'><strong>apud</strong></span> <span class='ocrx_word' id='word_1_607' title='bbox 2760 4331 2946 4399; x_wconf 90' lang='lat' dir='ltr'><strong>Deum,</strong></span> <span class='ocrx_word' id='word_1_608' title='bbox 2979 4341 3025 4386; x_wconf 85' lang='lat' dir='ltr'><strong>et</strong></span> <span class='ocrx_word' id='word_1_609' title='bbox 3056 4332 3192 4387; x_wconf 84' lang='lat' dir='ltr'><strong>Deus</strong></span> <span class='ocrx_word' id='word_1_610' title='bbox 3235 4342 3344 4386; x_wconf 88' lang='lat' dir='ltr'><strong>erat</strong></span> <span class='ocrx_word' id='word_1_611' title='bbox 3391 4333 3631 4390; x_wconf 87' lang='lat' dir='ltr'><strong>Verbum.</strong></span> <span class='ocrx_word' id='word_1_612' title='bbox 3682 4334 3793 4389; x_wconf 81' lang='lat' dir='ltr'><strong>Hoc</strong></span> 
     </span>
    </p>
   </div>
   <div class='ocr_carea' id='block_1_91' title="bbox 2203 4425 3792 4499">
    <p class='ocr_par' dir='ltr' id='par_1_91' title="bbox 2203 4425 3792 4499">
     <span class='ocr_line' id='line_1_91' title="bbox 2203 4425 3792 4499; baseline 0.001 -19"><span class='ocrx_word' id='word_1_613' title='bbox 2203 4435 2312 4480; x_wconf 87' lang='lat' dir='ltr'><strong>erat</strong></span> <span class='ocrx_word' id='word_1_614' title='bbox 2341 4428 2390 4480; x_wconf 88' lang='lat' dir='ltr'><strong>in</strong></span> <span class='ocrx_word' id='word_1_615' title='bbox 2422 4427 2676 4498; x_wconf 84' lang='lat' dir='ltr'><strong>principio</strong></span> <span class='ocrx_word' id='word_1_616' title='bbox 2725 4427 2864 4497; x_wconf 89' lang='lat' dir='ltr'><strong>apud</strong></span> <span class='ocrx_word' id='word_1_617' title='bbox 2904 4425 3092 4481; x_wconf 88' lang='lat' dir='ltr'><strong>Deum.</strong></span> <span class='ocrx_word' id='word_1_618' title='bbox 3138 4427 3205 4482; x_wconf 86' lang='lat' dir='ltr'><strong>Et</strong></span> <span class='ocrx_word' id='word_1_619' title='bbox 3240 4427 3409 4482; x_wconf 80' lang='lat' dir='ltr'><strong>David</strong></span> <span class='ocrx_word' id='word_1_620' title='bbox 3451 4442 3518 4482; x_wconf 82' lang='lat' dir='ltr'><strong>ex</strong></span> <span class='ocrx_word' id='word_1_621' title='bbox 3569 4443 3792 4499; x_wconf 84' lang='lat' dir='ltr'><strong>persona</strong></span> 
     </span>
    </p>
   </div>
   <div class='ocr_carea' id='block_1_92' title="bbox 512 4515 3791 4622">
    <p class='ocr_par' dir='ltr' id='par_1_92' title="bbox 512 4515 3791 4622">
     <span class='ocr_line' id='line_1_92' title="bbox 512 4515 3791 4622; baseline 0.001 -51"><span class='ocrx_word' id='word_1_622' title='bbox 512 4518 737 4574; x_wconf 88' lang='lat' dir='ltr'><strong>venistis</strong></span> <span class='ocrx_word' id='word_1_623' title='bbox 764 4527 822 4573; x_wconf 90' lang='lat' dir='ltr'><strong>ut</strong></span> <span class='ocrx_word' id='word_1_624' title='bbox 849 4532 1005 4574; x_wconf 86' lang='lat' dir='ltr'><strong>aures</strong></span> <span class='ocrx_word' id='word_1_625' title='bbox 1035 4519 1184 4574; x_wconf 88' lang='lat' dir='ltr'><strong>vobis</strong></span> <span class='ocrx_word' id='word_1_626' title='bbox 1210 4521 1543 4590; x_wconf 87' lang='lat' dir='ltr'><strong>aperiantur,</strong></span> <span class='ocrx_word' id='word_1_627' title='bbox 1568 4537 1637 4578; x_wconf 87' lang='lat' dir='ltr'><strong>ne</strong></span> <span class='ocrx_word' id='word_1_628' title='bbox 1659 4521 1883 4592; x_wconf 90' lang='lat' dir='ltr'><strong>incipiat</strong></span> <span class='ocrx_word' id='word_1_629' title='bbox 1904 4538 2098 4580; x_wconf 88' lang='lat' dir='ltr'><strong>sensus</strong></span> <span class='ocrx_word' id='word_1_630' title='bbox 2131 4559 2184 4622; x_wconf 67' lang='grc' dir='ltr'><strong>Β</strong></span> <span class='ocrx_word' id='word_1_631' title='bbox 2207 4515 2406 4574; x_wconf 81' lang='lat' dir='ltr'><strong>ChriSti</strong></span> <span class='ocrx_word' id='word_1_632' title='bbox 2430 4519 2557 4573; x_wconf 91' lang='lat' dir='ltr'><strong>dicit</strong></span> <span class='ocrx_word' id='word_1_633' title='bbox 2585 4535 2598 4572; x_wconf 88' lang='lat'><strong>:</strong></span> <span class='ocrx_word' id='word_1_634' title='bbox 2631 4519 2991 4574; x_wconf 79' lang='lat' dir='ltr'><strong>Renovabitur</strong></span> <span class='ocrx_word' id='word_1_635' title='bbox 3012 4518 3151 4574; x_wconf 91' lang='lat' dir='ltr'><strong>sicut</strong></span> <span class='ocrx_word' id='word_1_636' title='bbox 3175 4519 3368 4590; x_wconf 70' lang='lat' dir='ltr'><strong>aquilae</strong></span> <span class='ocrx_word' id='word_1_637' title='bbox 3388 4519 3652 4589; x_wconf 86' lang='lat' dir='ltr'><strong>juventus</strong></span> <span class='ocrx_word' id='word_1_638' title='bbox 3682 4528 3791 4585; x_wconf 87' lang='lat' dir='ltr'><strong>tua,</strong></span> 
     </span>
    </p>
   </div>
   <div class='ocr_carea' id='block_1_93' title="bbox 517 4614 2097 4687">
    <p class='ocr_par' dir='ltr' id='par_1_93' title="bbox 517 4614 2097 4687">
     <span class='ocr_line' id='line_1_93' title="bbox 517 4614 2097 4687; baseline 0.004 -21"><span class='ocrx_word' id='word_1_639' title='bbox 517 4624 695 4669; x_wconf 88' lang='lat' dir='ltr'><strong>vester</strong></span> <span class='ocrx_word' id='word_1_640' title='bbox 721 4614 960 4684; x_wconf 87' lang='lat' dir='ltr'><strong>obtundi,</strong></span> <span class='ocrx_word' id='word_1_641' title='bbox 997 4615 1343 4687; x_wconf 88' lang='lat' dir='ltr'><strong>Evangelium</strong></span> <span class='ocrx_word' id='word_1_642' title='bbox 1373 4616 1566 4672; x_wconf 90' lang='lat' dir='ltr'><strong>dicitur</strong></span> <span class='ocrx_word' id='word_1_643' title='bbox 1598 4616 1808 4687; x_wconf 82' lang='lat' dir='ltr'><strong>praprie</strong></span> <span class='ocrx_word' id='word_1_644' title='bbox 1833 4617 1973 4672; x_wconf 89' lang='lat' dir='ltr'><strong>bona</strong></span> <span class='ocrx_word' id='word_1_645' title='bbox 1999 4619 2097 4673; x_wconf 88' lang='lat' dir='ltr'><strong>ad-</strong></span> 
     </span>
    </p>
   </div>
   <div class='ocr_carea' id='block_1_94' title="bbox 512 4707 2089 4777">
    <p class='ocr_par' dir='ltr' id='par_1_94' title="bbox 512 4707 2089 4777">
     <span class='ocr_line' id='line_1_94' title="bbox 512 4707 2089 4777; baseline 0.001 -17"><span class='ocrx_word' id='word_1_646' title='bbox 512 4707 799 4762; x_wconf 90' lang='lat' dir='ltr'><strong>nunciatio.</strong></span> <span class='ocrx_word' id='word_1_647' title='bbox 831 4707 963 4774; x_wconf 64' lang='lat' dir='ltr'><strong>Quae</strong></span> <span class='ocrx_word' id='word_1_648' title='bbox 994 4708 1173 4777; x_wconf 89' lang='lat' dir='ltr'><strong>utiqtie</strong></span> <span class='ocrx_word' id='word_1_649' title='bbox 1202 4708 1545 4763; x_wconf 86' lang='lat' dir='ltr'><strong>adnunciatio</strong></span> <span class='ocrx_word' id='word_1_650' title='bbox 1590 4717 1674 4763; x_wconf 90' lang='lat' dir='ltr'><strong>est</strong></span> <span class='ocrx_word' id='word_1_651' title='bbox 1711 4707 1837 4762; x_wconf 85' lang='lat' dir='ltr'><strong>Jesu</strong></span> <span class='ocrx_word' id='word_1_652' title='bbox 1887 4707 2089 4763; x_wconf 81' lang='lat' dir='ltr'><strong>Christi</strong></span> 
     </span>
    </p>
   </div>
   <div class='ocr_carea' id='block_1_95' title="bbox 511 4798 2097 4873">
    <p class='ocr_par' dir='ltr' id='par_1_95' title="bbox 511 4798 2097 4873">
     <span class='ocr_line' id='line_1_95' title="bbox 511 4798 2097 4873; baseline 0.003 -20"><span class='ocrx_word' id='word_1_653' title='bbox 511 4798 722 4855; x_wconf 92' lang='lat' dir='ltr'><strong>Domini</strong></span> <span class='ocrx_word' id='word_1_654' title='bbox 747 4799 842 4856; x_wconf 92' lang='lat' dir='ltr'><strong>Dei</strong></span> <span class='ocrx_word' id='word_1_655' title='bbox 888 4802 1075 4856; x_wconf 88' lang='lat' dir='ltr'><strong>nostri.</strong></span> <span class='ocrx_word' id='word_1_656' title='bbox 1110 4801 1396 4857; x_wconf 87' lang='lat' dir='ltr'><strong>Descendit</strong></span> <span class='ocrx_word' id='word_1_657' title='bbox 1434 4812 1611 4858; x_wconf 89' lang='lat' dir='ltr'><strong>autem</strong></span> <span class='ocrx_word' id='word_1_658' title='bbox 1648 4801 1998 4873; x_wconf 83' lang='lat' dir='ltr'><strong>Evangelium</strong></span> <span class='ocrx_word' id='word_1_659' title='bbox 2029 4804 2097 4858; x_wconf 89' lang='lat' dir='ltr'><strong>ab</strong></span> 
     </span>
    </p>
   </div>
   <div class='ocr_carea' id='block_1_96' title="bbox 515 4892 2094 4966">
    <p class='ocr_par' dir='ltr' id='par_1_96' title="bbox 515 4892 2094 4966">
     <span class='ocr_line' id='line_1_96' title="bbox 515 4892 2094 4966; baseline 0.003 -20"><span class='ocrx_word' id='word_1_660' title='bbox 515 4906 582 4946; x_wconf 90' lang='lat' dir='ltr'><strong>eo</strong></span> <span class='ocrx_word' id='word_1_661' title='bbox 600 4892 742 4962; x_wconf 90' lang='lat' dir='ltr'><strong>quod</strong></span> <span class='ocrx_word' id='word_1_662' title='bbox 774 4894 1060 4949; x_wconf 89' lang='lat' dir='ltr'><strong>adnunciet</strong></span> <span class='ocrx_word' id='word_1_663' title='bbox 1087 4902 1142 4948; x_wconf 91' lang='lat' dir='ltr'><strong>et</strong></span> <span class='ocrx_word' id='word_1_664' title='bbox 1166 4895 1436 4961; x_wconf 80' lang='lat' dir='ltr'><strong>ostendat,</strong></span> <span class='ocrx_word' id='word_1_665' title='bbox 1465 4895 1604 4966; x_wconf 89' lang='lat' dir='ltr'><strong>quod</strong></span> <span class='ocrx_word' id='word_1_666' title='bbox 1641 4895 1688 4950; x_wconf 89' lang='lat' dir='ltr'><strong>is</strong></span> <span class='ocrx_word' id='word_1_667' title='bbox 1717 4895 1808 4966; x_wconf 92' lang='lat' dir='ltr'><strong>qui</strong></span> <span class='ocrx_word' id='word_1_668' title='bbox 1843 4910 1938 4965; x_wconf 86' lang='lat' dir='ltr'><strong>per</strong></span> <span class='ocrx_word' id='word_1_669' title='bbox 1967 4910 2094 4965; x_wconf 86' lang='lat' dir='ltr'><strong>pro-</strong></span> 
     </span>
    </p>
   </div>
   <div class='ocr_carea' id='block_1_97' title="bbox 513 4986 2093 5059">
    <p class='ocr_par' dir='ltr' id='par_1_97' title="bbox 513 4986 2093 5059">
     <span class='ocr_line' id='line_1_97' title="bbox 513 4986 2093 5059; baseline 0.003 -19"><span class='ocrx_word' id='word_1_670' title='bbox 513 4986 704 5055; x_wconf 89' lang='lat' dir='ltr'><strong>phetas</strong></span> <span class='ocrx_word' id='word_1_671' title='bbox 719 5001 845 5042; x_wconf 90' lang='lat' dir='ltr'><strong>suos</strong></span> <span class='ocrx_word' id='word_1_672' title='bbox 867 4988 1196 5058; x_wconf 90' lang='lat' dir='ltr'><strong>loquebatur,</strong></span> <span class='ocrx_word' id='word_1_673' title='bbox 1221 4989 1366 5044; x_wconf 90' lang='lat' dir='ltr'><strong>venit</strong></span> <span class='ocrx_word' id='word_1_674' title='bbox 1397 4989 1451 5043; x_wconf 92' lang='lat' dir='ltr'><strong>in</strong></span> <span class='ocrx_word' id='word_1_675' title='bbox 1479 5003 1660 5057; x_wconf 90' lang='lat' dir='ltr'><strong>carne,</strong></span> <span class='ocrx_word' id='word_1_676' title='bbox 1680 4988 2093 5059; x_wconf 91' lang='lat' dir='ltr'><strong>sicutscriptum</strong></span> 
     </span>
    </p>
   </div>
   <div class='ocr_carea' id='block_1_98' title="bbox 512 5078 2098 5151">
    <p class='ocr_par' dir='ltr' id='par_1_98' title="bbox 512 5078 2098 5151">
     <span class='ocr_line' id='line_1_98' title="bbox 512 5078 2098 5151; baseline 0.001 -19"><span class='ocrx_word' id='word_1_677' title='bbox 512 5085 639 5133; x_wconf 89' lang='lat' dir='ltr'><strong>est:</strong></span> <span class='ocrx_word' id='word_1_678' title='bbox 671 5078 772 5146; x_wconf 83' lang='lat' dir='ltr'><strong>Qui</strong></span> <span class='ocrx_word' id='word_1_679' title='bbox 812 5079 1084 5150; x_wconf 86' lang='lat' dir='ltr'><strong>loquebar,</strong></span> <span class='ocrx_word' id='word_1_680' title='bbox 1124 5094 1250 5136; x_wconf 88' lang='lat' dir='ltr'><strong>ecce</strong></span> <span class='ocrx_word' id='word_1_681' title='bbox 1296 5080 1508 5138; x_wconf 87' lang='lat' dir='ltr'><strong>adsum.</strong></span> <span class='ocrx_word' id='word_1_682' title='bbox 1563 5082 1907 5151; x_wconf 88' lang='lat' dir='ltr'><strong>Explicantes</strong></span> <span class='ocrx_word' id='word_1_683' title='bbox 1963 5092 2098 5148; x_wconf 90' lang='lat' dir='ltr'><strong>ergo</strong></span> 
     </span>
    </p>
   </div>
   <div class='ocr_carea' id='block_1_99' title="bbox 513 5171 2102 5245">
    <p class='ocr_par' dir='ltr' id='par_1_99' title="bbox 513 5171 2102 5245">
     <span class='ocr_line' id='line_1_99' title="bbox 513 5171 2102 5245; baseline 0 -19"><span class='ocrx_word' id='word_1_684' title='bbox 513 5171 749 5227; x_wconf 88' lang='lat' dir='ltr'><strong>breviter</strong></span> <span class='ocrx_word' id='word_1_685' title='bbox 776 5173 898 5242; x_wconf 91' lang='lat' dir='ltr'><strong>quid</strong></span> <span class='ocrx_word' id='word_1_686' title='bbox 929 5173 998 5228; x_wconf 89' lang='lat' dir='ltr'><strong>sit</strong></span> <span class='ocrx_word' id='word_1_687' title='bbox 1028 5174 1397 5245; x_wconf 89' lang='lat' dir='ltr'><strong>Evangelium,</strong></span> <span class='ocrx_word' id='word_1_688' title='bbox 1429 5176 1512 5230; x_wconf 91' lang='lat' dir='ltr'><strong>vel</strong></span> <span class='ocrx_word' id='word_1_689' title='bbox 1540 5175 1628 5245; x_wconf 91' lang='lat' dir='ltr'><strong>qui</strong></span> <span class='ocrx_word' id='word_1_690' title='bbox 1673 5185 1799 5229; x_wconf 90' lang='lat' dir='ltr'><strong>sunt</strong></span> <span class='ocrx_word' id='word_1_691' title='bbox 1844 5173 1918 5228; x_wconf 90' lang='lat' dir='ltr'><strong>hii</strong></span> <span class='ocrx_word' id='word_1_692' title='bbox 1968 5187 2102 5243; x_wconf 88' lang='lat' dir='ltr'><strong>qua-</strong></span> 
     </span>
    </p>
   </div>
   <div class='ocr_carea' id='block_1_100' title="bbox 515 5266 2102 5337">
    <p class='ocr_par' dir='ltr' id='par_1_100' title="bbox 515 5266 2102 5337">
     <span class='ocr_line' id='line_1_100' title="bbox 515 5266 2102 5337; baseline -0.001 -20"><span class='ocrx_word' id='word_1_693' title='bbox 515 5272 663 5331; x_wconf 88' lang='lat' dir='ltr'><strong>tuor,</strong></span> <span class='ocrx_word' id='word_1_694' title='bbox 693 5266 781 5334; x_wconf 92' lang='lat' dir='ltr'><strong>qui</strong></span> <span class='ocrx_word' id='word_1_695' title='bbox 807 5281 902 5336; x_wconf 87' lang='lat' dir='ltr'><strong>per</strong></span> <span class='ocrx_word' id='word_1_696' title='bbox 932 5267 1248 5337; x_wconf 87' lang='lat' dir='ltr'><strong>prophetam</strong></span> <span class='ocrx_word' id='word_1_697' title='bbox 1279 5278 1403 5323; x_wconf 90' lang='lat' dir='ltr'><strong>ante</strong></span> <span class='ocrx_word' id='word_1_698' title='bbox 1449 5266 1731 5321; x_wconf 87' lang='lat' dir='ltr'><strong>monstrati</strong></span> <span class='ocrx_word' id='word_1_699' title='bbox 1761 5273 1928 5331; x_wconf 90' lang='lat' dir='ltr'><strong>sunt,</strong></span> <span class='ocrx_word' id='word_1_700' title='bbox 1962 5277 2102 5317; x_wconf 90' lang='lat' dir='ltr'><strong>nunc</strong></span> 
     </span>
    </p>
   </div>
   <div class='ocr_carea' id='block_1_101' title="bbox 518 5356 2099 5432">
    <p class='ocr_par' dir='ltr' id='par_1_101' title="bbox 518 5356 2099 5432">
     <span class='ocr_line' id='line_1_101' title="bbox 518 5356 2099 5432; baseline 0.002 -19"><span class='ocrx_word' id='word_1_701' title='bbox 518 5356 720 5429; x_wconf 87' lang='lat' dir='ltr'><strong>ﬁguras</strong></span> <span class='ocrx_word' id='word_1_702' title='bbox 754 5360 926 5431; x_wconf 85' lang='lat' dir='ltr'><strong>adque</strong></span> <span class='ocrx_word' id='word_1_703' title='bbox 956 5363 1168 5416; x_wconf 90' lang='lat' dir='ltr'><strong>nomina</strong></span> <span class='ocrx_word' id='word_1_704' title='bbox 1213 5362 1435 5432; x_wconf 90' lang='lat' dir='ltr'><strong>singulis</strong></span> <span class='ocrx_word' id='word_1_705' title='bbox 1478 5363 1821 5431; x_wconf 87' lang='lat' dir='ltr'><strong>adsignemus</strong></span> <span class='ocrx_word' id='word_1_706' title='bbox 1870 5361 2099 5416; x_wconf 90' lang='lat' dir='ltr'><strong>indiciis.</strong></span> 
     </span>
    </p>
   </div>
   <div class='ocr_carea' id='block_1_102' title="bbox 518 5451 2102 5524">
    <p class='ocr_par' dir='ltr' id='par_1_102' title="bbox 518 5451 2102 5524">
     <span class='ocr_line' id='line_1_102' title="bbox 518 5451 2102 5524; baseline 0.001 -16"><span class='ocrx_word' id='word_1_707' title='bbox 518 5451 612 5508; x_wconf 81' lang='lat' dir='ltr'><strong>Ait</strong></span> <span class='ocrx_word' id='word_1_708' title='bbox 652 5451 793 5507; x_wconf 90' lang='lat' dir='ltr'><strong>enim</strong></span> <span class='ocrx_word' id='word_1_709' title='bbox 847 5454 1102 5524; x_wconf 86' lang='lat' dir='ltr'><strong>propheta</strong></span> <span class='ocrx_word' id='word_1_710' title='bbox 1149 5455 1453 5510; x_wconf 83' lang='lat' dir='ltr'><strong>Hezechiel.</strong></span> <span class='ocrx_word' id='word_1_711' title='bbox 1487 5454 1555 5508; x_wconf 88' lang='lat' dir='ltr'><strong>Et</strong></span> <span class='ocrx_word' id='word_1_712' title='bbox 1597 5452 1891 5509; x_wconf 90' lang='lat' dir='ltr'><strong>similitudo</strong></span> <span class='ocrx_word' id='word_1_713' title='bbox 1928 5454 2102 5509; x_wconf 85' lang='lat' dir='ltr'><strong>vultus</strong></span> 
     </span>
    </p>
   </div>
   <div class='ocr_carea' id='block_1_103' title="bbox 515 5544 2102 5619">
    <p class='ocr_par' dir='ltr' id='par_1_103' title="bbox 515 5544 2102 5619">
     <span class='ocr_line' id='line_1_103' title="bbox 515 5544 2102 5619; baseline 0.001 -19"><span class='ocrx_word' id='word_1_714' title='bbox 515 5558 705 5600; x_wconf 84' lang='lat' dir='ltr'><strong>eorum</strong></span> <span class='ocrx_word' id='word_1_715' title='bbox 753 5553 812 5600; x_wconf 92' lang='lat' dir='ltr'><strong>ut</strong></span> <span class='ocrx_word' id='word_1_716' title='bbox 857 5544 1023 5601; x_wconf 84' lang='lat' dir='ltr'><strong>facies</strong></span> <span class='ocrx_word' id='word_1_717' title='bbox 1072 5545 1333 5614; x_wconf 91' lang='lat' dir='ltr'><strong>hominis,</strong></span> <span class='ocrx_word' id='word_1_718' title='bbox 1376 5554 1437 5600; x_wconf 90' lang='lat' dir='ltr'><strong>ut</strong></span> <span class='ocrx_word' id='word_1_719' title='bbox 1480 5546 1643 5601; x_wconf 81' lang='lat' dir='ltr'><strong>iacies</strong></span> <span class='ocrx_word' id='word_1_720' title='bbox 1685 5545 1852 5601; x_wconf 89' lang='lat' dir='ltr'><strong>leonis</strong></span> <span class='ocrx_word' id='word_1_721' title='bbox 1881 5545 2042 5619; x_wconf 60' lang='lat'><strong>3&amp;3</strong></span> <span class='ocrx_word' id='word_1_722' title='bbox 2071 5562 2102 5602; x_wconf 91' lang='lat' dir='ltr'><strong>a</strong></span> 
     </span>
    </p>
   </div>
   <div class='ocr_carea' id='block_1_104' title="bbox 513 5635 2098 5710">
    <p class='ocr_par' dir='ltr' id='par_1_104' title="bbox 513 5635 2098 5710">
     <span class='ocr_line' id='line_1_104' title="bbox 513 5635 2098 5710; baseline 0.002 -18"><span class='ocrx_word' id='word_1_723' title='bbox 513 5636 720 5694; x_wconf 88' lang='lat' dir='ltr'><strong>dextris</strong></span> <span class='ocrx_word' id='word_1_724' title='bbox 755 5637 930 5706; x_wconf 87' lang='lat' dir='ltr'><strong>illius;</strong></span> <span class='ocrx_word' id='word_1_725' title='bbox 960 5645 1017 5694; x_wconf 85' lang='lat' dir='ltr'><strong>et</strong></span> <span class='ocrx_word' id='word_1_726' title='bbox 1047 5635 1216 5694; x_wconf 79' lang='lat' dir='ltr'><strong>iacies</strong></span> <span class='ocrx_word' id='word_1_727' title='bbox 1244 5637 1432 5708; x_wconf 82' lang='lat' dir='ltr'><strong>vituli,</strong></span> <span class='ocrx_word' id='word_1_728' title='bbox 1459 5646 1516 5695; x_wconf 89' lang='lat' dir='ltr'><strong>et</strong></span> <span class='ocrx_word' id='word_1_729' title='bbox 1543 5637 1709 5695; x_wconf 83' lang='lat' dir='ltr'><strong>facies</strong></span> <span class='ocrx_word' id='word_1_730' title='bbox 1746 5638 1940 5710; x_wconf 67' lang='lat' dir='ltr'><strong>aquilae</strong></span> <span class='ocrx_word' id='word_1_731' title='bbox 1964 5653 1995 5694; x_wconf 86' lang='lat' dir='ltr'><strong>a</strong></span> <span class='ocrx_word' id='word_1_732' title='bbox 2023 5639 2098 5695; x_wconf 89' lang='lat' dir='ltr'><strong>si-</strong></span> 
     </span>
    </p>
   </div>
   <div class='ocr_carea' id='block_1_105' title="bbox 2211 4610 3792 4682">
    <p class='ocr_par' dir='ltr' id='par_1_105' title="bbox 2211 4610 3792 4682">
     <span class='ocr_line' id='line_1_105' title="bbox 2211 4610 3792 4682; baseline 0 -16"><span class='ocrx_word' id='word_1_733' title='bbox 2211 4611 2263 4666; x_wconf 92' lang='lat' dir='ltr'><strong>id</strong></span> <span class='ocrx_word' id='word_1_734' title='bbox 2310 4620 2395 4666; x_wconf 91' lang='lat' dir='ltr'><strong>est</strong></span> <span class='ocrx_word' id='word_1_735' title='bbox 2436 4611 2561 4667; x_wconf 87' lang='lat' dir='ltr'><strong>Jesu</strong></span> <span class='ocrx_word' id='word_1_736' title='bbox 2607 4610 2809 4667; x_wconf 87' lang='lat' dir='ltr'><strong>Christi</strong></span> <span class='ocrx_word' id='word_1_737' title='bbox 2845 4610 3056 4666; x_wconf 91' lang='lat' dir='ltr'><strong>Domini</strong></span> <span class='ocrx_word' id='word_1_738' title='bbox 3098 4611 3301 4678; x_wconf 86' lang='lat' dir='ltr'><strong>nostri,</strong></span> <span class='ocrx_word' id='word_1_739' title='bbox 3334 4615 3423 4682; x_wconf 88' lang='lat' dir='ltr'><strong>qui</strong></span> <span class='ocrx_word' id='word_1_740' title='bbox 3446 4626 3740 4682; x_wconf 85' lang='lat' dir='ltr'><strong>resurgens</strong></span> <span class='ocrx_word' id='word_1_741' title='bbox 3767 4629 3792 4666; x_wconf 90' lang='lat' dir='ltr'><strong>a</strong></span> 
     </span>
    </p>
   </div>
   <div class='ocr_carea' id='block_1_106' title="bbox 2207 4704 3792 4778">
    <p class='ocr_par' dir='ltr' id='par_1_106' title="bbox 2207 4704 3792 4778">
     <span class='ocr_line' id='line_1_106' title="bbox 2207 4704 3792 4778; baseline 0.001 -18"><span class='ocrx_word' id='word_1_742' title='bbox 2207 4705 2452 4771; x_wconf 82' lang='lat' dir='ltr'><strong>mortuis,</strong></span> <span class='ocrx_word' id='word_1_743' title='bbox 2483 4704 2721 4760; x_wconf 84' lang='lat' dir='ltr'><strong>ascendit</strong></span> <span class='ocrx_word' id='word_1_744' title='bbox 2744 4705 2796 4760; x_wconf 92' lang='lat' dir='ltr'><strong>in</strong></span> <span class='ocrx_word' id='word_1_745' title='bbox 2823 4705 3024 4772; x_wconf 82' lang='lat' dir='ltr'><strong>caelos;</strong></span> <span class='ocrx_word' id='word_1_746' title='bbox 3048 4705 3190 4761; x_wconf 89' lang='lat' dir='ltr'><strong>unde</strong></span> <span class='ocrx_word' id='word_1_747' title='bbox 3206 4705 3315 4774; x_wconf 90' lang='lat' dir='ltr'><strong>jam</strong></span> <span class='ocrx_word' id='word_1_748' title='bbox 3342 4706 3495 4761; x_wconf 89' lang='lat' dir='ltr'><strong>vobis</strong></span> <span class='ocrx_word' id='word_1_749' title='bbox 3518 4708 3792 4778; x_wconf 89' lang='lat' dir='ltr'><strong>conceptis</strong></span> 
     </span>
    </p>
   </div>
   <div class='ocr_carea' id='block_1_107' title="bbox 2207 4798 3792 4871">
    <p class='ocr_par' dir='ltr' id='par_1_107' title="bbox 2207 4798 3792 4871">
     <span class='ocr_line' id='line_1_107' title="bbox 2207 4798 3792 4871; baseline 0.003 -18"><span class='ocrx_word' id='word_1_750' title='bbox 2207 4813 2437 4867; x_wconf 84' lang='lat' dir='ltr'><strong>regnans</strong></span> <span class='ocrx_word' id='word_1_751' title='bbox 2479 4799 2738 4868; x_wconf 90' lang='lat' dir='ltr'><strong>gloriatur</strong></span> <span class='ocrx_word' id='word_1_752' title='bbox 2785 4798 3058 4864; x_wconf 87' lang='lat' dir='ltr'><strong>Ecclesia,</strong></span> <span class='ocrx_word' id='word_1_753' title='bbox 3111 4799 3275 4871; x_wconf 63' lang='lat' dir='ltr'><strong>3M</strong></span> <span class='ocrx_word' id='word_1_754' title='bbox 3320 4802 3465 4855; x_wconf 90' lang='lat' dir='ltr'><strong>omni</strong></span> <span class='ocrx_word' id='word_1_755' title='bbox 3513 4801 3792 4858; x_wconf 77' lang='lat' dir='ltr'><strong>festivitate</strong></span> 
     </span>
    </p>
   </div>
   <div class='ocr_carea' id='block_1_108' title="bbox 2208 4892 3792 4966">
    <p class='ocr_par' dir='ltr' id='par_1_108' title="bbox 2208 4892 3792 4966">
     <span class='ocr_line' id='line_1_108' title="bbox 2208 4892 3792 4966; baseline 0.004 -19"><span class='ocrx_word' id='word_1_756' title='bbox 2208 4904 2454 4948; x_wconf 90' lang='lat' dir='ltr'><strong>votorum</strong></span> <span class='ocrx_word' id='word_1_757' title='bbox 2486 4893 2552 4948; x_wconf 87' lang='lat' dir='ltr'><strong>ad</strong></span> <span class='ocrx_word' id='word_1_758' title='bbox 2581 4909 2719 4948; x_wconf 89' lang='lat' dir='ltr'><strong>nova</strong></span> <span class='ocrx_word' id='word_1_759' title='bbox 2752 4894 2970 4950; x_wconf 89' lang='lat' dir='ltr'><strong>tendere</strong></span> <span class='ocrx_word' id='word_1_760' title='bbox 3007 4892 3329 4951; x_wconf 72' lang='lat' dir='ltr'><strong>Christiana:</strong></span> <span class='ocrx_word' id='word_1_761' title='bbox 3371 4895 3504 4966; x_wconf 88' lang='lat' dir='ltr'><strong>legis</strong></span> <span class='ocrx_word' id='word_1_762' title='bbox 3544 4898 3792 4963; x_wconf 85' lang='lat' dir='ltr'><strong>exordia;</strong></span> 
     </span>
    </p>
   </div>
   <div class='ocr_carea' id='block_1_109' title="bbox 2210 4987 3794 5056">
    <p class='ocr_par' dir='ltr' id='par_1_109' title="bbox 2210 4987 3794 5056">
     <span class='ocr_line' id='line_1_109' title="bbox 2210 4987 3794 5056; baseline 0.005 -15"><span class='ocrx_word' id='word_1_763' title='bbox 2210 4995 2270 5042; x_wconf 90' lang='lat' dir='ltr'><strong>ut</strong></span> <span class='ocrx_word' id='word_1_764' title='bbox 2318 4987 2638 5043; x_wconf 90' lang='lat' dir='ltr'><strong>adveniente</strong></span> <span class='ocrx_word' id='word_1_765' title='bbox 2669 4987 2758 5044; x_wconf 89' lang='lat' dir='ltr'><strong>die</strong></span> <span class='ocrx_word' id='word_1_766' title='bbox 2788 4988 3111 5044; x_wconf 85' lang='lat' dir='ltr'><strong>venerabilis</strong></span> <span class='ocrx_word' id='word_1_767' title='bbox 3139 4990 3356 5046; x_wconf 71' lang='lat' dir='ltr'><strong>Pascha:</strong></span> <span class='ocrx_word' id='word_1_768' title='bbox 3384 5032 3399 5056; x_wconf 93' lang='lat'><strong>,</strong></span> <span class='ocrx_word' id='word_1_769' title='bbox 3443 4991 3662 5048; x_wconf 87' lang='lat' dir='ltr'><strong>lavacro</strong></span> <span class='ocrx_word' id='word_1_770' title='bbox 3703 4993 3794 5048; x_wconf 84' lang='lat' dir='ltr'><strong>ba-</strong></span> 
     </span>
    </p>
   </div>
   <div class='ocr_carea' id='block_1_110' title="bbox 2211 5083 3794 5154">
    <p class='ocr_par' dir='ltr' id='par_1_110' title="bbox 2211 5083 3794 5154">
     <span class='ocr_line' id='line_1_110' title="bbox 2211 5083 3794 5154; baseline 0.003 -17"><span class='ocrx_word' id='word_1_771' title='bbox 2211 5083 2481 5154; x_wconf 89' lang='lat' dir='ltr'><strong>ptismatis</strong></span> <span class='ocrx_word' id='word_1_772' title='bbox 2510 5094 2889 5150; x_wconf 85' lang='lat' dir='ltr'><strong>renascentes,</strong></span> <span class='ocrx_word' id='word_1_773' title='bbox 2912 5083 3054 5138; x_wconf 91' lang='lat' dir='ltr'><strong>sicut</strong></span> <span class='ocrx_word' id='word_1_774' title='bbox 3076 5085 3246 5140; x_wconf 89' lang='lat' dir='ltr'><strong>sancti</strong></span> <span class='ocrx_word' id='word_1_775' title='bbox 3273 5100 3459 5141; x_wconf 89' lang='lat' dir='ltr'><strong>omnes</strong></span> <span class='ocrx_word' id='word_1_776' title='bbox 3493 5101 3794 5142; x_wconf 89' lang='lat' dir='ltr'><strong>mereamur</strong></span> 
     </span>
    </p>
   </div>
   <div class='ocr_carea' id='block_1_111' title="bbox 2208 5174 3794 5236">
    <p class='ocr_par' dir='ltr' id='par_1_111' title="bbox 2208 5174 3794 5236">
     <span class='ocr_line' id='line_1_111' title="bbox 2208 5174 3794 5236; baseline 0.004 -7"><span class='ocrx_word' id='word_1_777' title='bbox 2208 5174 2365 5231; x_wconf 90' lang='lat' dir='ltr'><strong>ﬁdele</strong></span> <span class='ocrx_word' id='word_1_778' title='bbox 2393 5191 2586 5229; x_wconf 89' lang='lat' dir='ltr'><strong>munus</strong></span> <span class='ocrx_word' id='word_1_779' title='bbox 2613 5175 2853 5230; x_wconf 79' lang='lat' dir='ltr'><strong>infantiae</strong></span> <span class='ocrx_word' id='word_1_780' title='bbox 2884 5191 2911 5229; x_wconf 89' lang='lat' dir='ltr'><strong>a</strong></span> <span class='ocrx_word' id='word_1_781' title='bbox 2945 5176 3157 5231; x_wconf 88' lang='lat' dir='ltr'><strong>Christo</strong></span> <span class='ocrx_word' id='word_1_782' title='bbox 3183 5177 3311 5232; x_wconf 82' lang='lat' dir='ltr'><strong>Jesu</strong></span> <span class='ocrx_word' id='word_1_783' title='bbox 3350 5178 3580 5234; x_wconf 92' lang='lat' dir='ltr'><strong>Domino</strong></span> <span class='ocrx_word' id='word_1_784' title='bbox 3613 5189 3794 5236; x_wconf 86' lang='lat' dir='ltr'><strong>nostro</strong></span> 
     </span>
    </p>
   </div>
   <div class='ocr_carea' id='block_1_112' title="bbox 2209 5269 3273 5342">
    <p class='ocr_par' dir='ltr' id='par_1_112' title="bbox 2209 5269 3273 5342">
     <span class='ocr_line' id='line_1_112' title="bbox 2209 5269 3273 5342; baseline 0.003 -18"><span class='ocrx_word' id='word_1_785' title='bbox 2209 5270 2504 5340; x_wconf 88' lang='lat' dir='ltr'><strong>percipere.</strong></span> <span class='ocrx_word' id='word_1_786' title='bbox 2531 5269 2630 5338; x_wconf 88' lang='lat' dir='ltr'><strong>Qui</strong></span> <span class='ocrx_word' id='word_1_787' title='bbox 2655 5271 2784 5325; x_wconf 90' lang='lat' dir='ltr'><strong>vivit</strong></span> <span class='ocrx_word' id='word_1_788' title='bbox 2807 5280 2862 5325; x_wconf 91' lang='lat' dir='ltr'><strong>et</strong></span> <span class='ocrx_word' id='word_1_789' title='bbox 2891 5279 3080 5342; x_wconf 84' lang='lat' dir='ltr'><strong>regnat</strong></span> <span class='ocrx_word' id='word_1_790' title='bbox 3110 5271 3273 5328; x_wconf 85' lang='lat' dir='ltr'><strong>Deus.</strong></span> 
     </span>
    </p>
   </div>
   <div class='ocr_carea' id='block_1_113' title="bbox 2473 5364 3518 5422">
    <p class='ocr_par' dir='ltr' id='par_1_113' title="bbox 2473 5364 3518 5422">
     <span class='ocr_line' id='line_1_113' title="bbox 2473 5364 3518 5422; baseline 0.002 -3"><span class='ocrx_word' id='word_1_791' title='bbox 2473 5364 2612 5421; x_wconf 85' lang='lat' dir='ltr'><strong>Xlll.</strong></span> <span class='ocrx_word' id='word_1_792' title='bbox 2652 5379 3036 5421; x_wconf 58' lang='lat' dir='ltr'><strong>rnamssmues</strong></span> <span class='ocrx_word' id='word_1_793' title='bbox 3074 5382 3142 5420; x_wconf 74' lang='lat' dir='ltr'><strong>AD</strong></span> <span class='ocrx_word' id='word_1_794' title='bbox 3180 5381 3518 5422; x_wconf 65' lang='lat' dir='ltr'><strong>scaurum.</strong></span> 
     </span>
    </p>
   </div>
   <div class='ocr_carea' id='block_1_114' title="bbox 2282 5454 3794 5524">
    <p class='ocr_par' dir='ltr' id='par_1_114' title="bbox 2282 5454 3794 5524">
     <span class='ocr_line' id='line_1_114' title="bbox 2282 5454 3794 5524; baseline 0.001 -15"><span class='ocrx_word' id='word_1_795' title='bbox 2282 5455 2383 5520; x_wconf 89' lang='lat' dir='ltr'><strong>Te,</strong></span> <span class='ocrx_word' id='word_1_796' title='bbox 2418 5454 2667 5521; x_wconf 78' lang='lat' dir='ltr'><strong>Domine,</strong></span> <span class='ocrx_word' id='word_1_797' title='bbox 2701 5454 3053 5524; x_wconf 89' lang='lat' dir='ltr'><strong>deprecamur</strong></span> <span class='ocrx_word' id='word_1_798' title='bbox 3078 5463 3130 5510; x_wconf 89' lang='lat' dir='ltr'><strong>et</strong></span> <span class='ocrx_word' id='word_1_799' title='bbox 3163 5456 3468 5524; x_wconf 88' lang='lat' dir='ltr'><strong>poscimus,</strong></span> <span class='ocrx_word' id='word_1_800' title='bbox 3511 5466 3564 5512; x_wconf 91' lang='lat' dir='ltr'><strong>ut</strong></span> <span class='ocrx_word' id='word_1_801' title='bbox 3599 5455 3700 5512; x_wconf 90' lang='lat' dir='ltr'><strong>hos</strong></span> <span class='ocrx_word' id='word_1_802' title='bbox 3727 5457 3794 5511; x_wconf 78' lang='lat' dir='ltr'><strong>la-</strong></span> 
     </span>
    </p>
   </div>
   <div class='ocr_carea' id='block_1_115' title="bbox 2211 5546 3792 5620">
    <p class='ocr_par' dir='ltr' id='par_1_115' title="bbox 2211 5546 3792 5620">
     <span class='ocr_line' id='line_1_115' title="bbox 2211 5546 3792 5620; baseline 0.002 -18"><span class='ocrx_word' id='word_1_803' title='bbox 2211 5547 2386 5603; x_wconf 91' lang='lat' dir='ltr'><strong>mulos</strong></span> <span class='ocrx_word' id='word_1_804' title='bbox 2430 5556 2551 5602; x_wconf 91' lang='lat' dir='ltr'><strong>tuos</strong></span> <span class='ocrx_word' id='word_1_805' title='bbox 2578 5546 2806 5602; x_wconf 87' lang='lat' dir='ltr'><strong>ﬁrmiter</strong></span> <span class='ocrx_word' id='word_1_806' title='bbox 2833 5547 3073 5602; x_wconf 88' lang='lat' dir='ltr'><strong>stabilire</strong></span> <span class='ocrx_word' id='word_1_807' title='bbox 3090 5547 3350 5618; x_wconf 88' lang='lat' dir='ltr'><strong>digneris.</strong></span> <span class='ocrx_word' id='word_1_808' title='bbox 3370 5547 3533 5620; x_wconf 85' lang='lat' dir='ltr'><strong>Aperi</strong></span> <span class='ocrx_word' id='word_1_809' title='bbox 3549 5549 3630 5605; x_wconf 85' lang='lat' dir='ltr'><strong>eis</strong></span> <span class='ocrx_word' id='word_1_810' title='bbox 3659 5558 3792 5605; x_wconf 84' lang='lat' dir='ltr'><strong>totos</strong></span> 
     </span>
    </p>
   </div>
   <div class='ocr_carea' id='block_1_116' title="bbox 2209 5638 3790 5712">
    <p class='ocr_par' dir='ltr' id='par_1_116' title="bbox 2209 5638 3790 5712">
     <span class='ocr_line' id='line_1_116' title="bbox 2209 5638 3790 5712; baseline 0.002 -17"><span class='ocrx_word' id='word_1_811' title='bbox 2209 5638 2387 5696; x_wconf 87' lang='lat' dir='ltr'><strong>aditus</strong></span> <span class='ocrx_word' id='word_1_812' title='bbox 2409 5638 2556 5704; x_wconf 88' lang='lat' dir='ltr'><strong>ﬁdei,</strong></span> <span class='ocrx_word' id='word_1_813' title='bbox 2586 5647 2642 5694; x_wconf 93' lang='lat' dir='ltr'><strong>ut</strong></span> <span class='ocrx_word' id='word_1_814' title='bbox 2675 5638 3013 5696; x_wconf 81' lang='lat' dir='ltr'><strong>credulitatis</strong></span> <span class='ocrx_word' id='word_1_815' title='bbox 3044 5643 3248 5712; x_wconf 87' lang='lat' dir='ltr'><strong>possint</strong></span> <span class='ocrx_word' id='word_1_816' title='bbox 3277 5642 3445 5698; x_wconf 90' lang='lat' dir='ltr'><strong>muris</strong></span> <span class='ocrx_word' id='word_1_817' title='bbox 3470 5640 3670 5699; x_wconf 91' lang='lat' dir='ltr'><strong>includi</strong></span> <span class='ocrx_word' id='word_1_818' title='bbox 3695 5659 3713 5711; x_wconf 89' lang='lat'><strong>;</strong></span> <span class='ocrx_word' id='word_1_819' title='bbox 3741 5649 3790 5698; x_wconf 82' lang='lat' dir='ltr'><strong>et</strong></span> 
     </span>
    </p>
   </div>
   <div class='ocr_carea' id='block_1_117' title="bbox 588 5821 2805 5897">
    <p class='ocr_par' dir='ltr' id='par_1_117' title="bbox 588 5821 2805 5897">
     <span class='ocr_line' id='line_1_117' title="bbox 588 5821 2805 5897; baseline -0.003 -15"><span class='ocrx_word' id='word_1_820' title='bbox 588 5839 614 5865; x_wconf 75' lang='grc' dir='ltr'>ι</span> <span class='ocrx_word' id='word_1_821' title='bbox 647 5825 833 5883; x_wconf 82' lang='lat' dir='ltr'><strong>Exstat</strong></span> <span class='ocrx_word' id='word_1_822' title='bbox 853 5824 907 5881; x_wconf 91' lang='lat' dir='ltr'><strong>in</strong></span> <span class='ocrx_word' id='word_1_823' title='bbox 931 5822 1133 5882; x_wconf 76' lang='lat' dir='ltr'><strong>Ordine</strong></span> <span class='ocrx_word' id='word_1_824' title='bbox 1151 5823 1417 5895; x_wconf 77' lang='lat' dir='ltr'><strong>Romano,</strong></span> <span class='ocrx_word' id='word_1_825' title='bbox 1441 5833 1496 5884; x_wconf 89' lang='lat' dir='ltr'><strong>et</strong></span> <span class='ocrx_word' id='word_1_826' title='bbox 1520 5840 1641 5897; x_wconf 75' lang='lat' dir='ltr'><strong>qua:</strong></span> <span class='ocrx_word' id='word_1_827' title='bbox 1667 5833 1985 5896; x_wconf 87' lang='lat' dir='ltr'><strong>sequuntur,</strong></span> <span class='ocrx_word' id='word_1_828' title='bbox 2010 5837 2180 5895; x_wconf 84' lang='lat' dir='ltr'><strong>usque</strong></span> <span class='ocrx_word' id='word_1_829' title='bbox 2205 5821 2272 5879; x_wconf 86' lang='lat' dir='ltr'><strong>ad</strong></span> <span class='ocrx_word' id='word_1_830' title='bbox 2297 5836 2448 5878; x_wconf 91' lang='lat' dir='ltr'><strong>num.</strong></span> <span class='ocrx_word' id='word_1_831' title='bbox 2471 5830 2805 5891; x_wconf 87' lang='lat' dir='ltr'><strong>sequentem.</strong></span> 
     </span>
    </p>
   </div>
  </div>
