4048 6350
261 363 389 420 353

1271 367 1359 423 DE
1399 365 1729 426 LITURGIA
1768 366 2160 426 GALLICANA
2199 367 2404 427 LIBER
2445 372 2534 428 III.

3433 389 3544 447 354

265 478 422 532 viam
450 476 690 532 veritatis
733 475 812 532 eis
855 476 1070 548 plenius
1115 480 1356 536 revelare
1404 482 1645 553 dignare,
1680 491 1738 537 ut
1769 497 1854 536 ne-
1890 483 1940 540 A
2042 483 2233 538 Panem
2284 496 2514 541 nostrum
2559 474 2928 559 quotidiana?
2955 492 3024 548 da
3061 495 3202 551 nobis
3241 499 3413 557 hodie.
3443 502 3542 561 ilic

263 576 453 630 sciant
495 590 591 645 per
619 575 840 630 semitas
871 575 1114 632 falsitatis
1158 593 1363 634 errare.
1396 580 1703 649 Agnoscant
1741 592 1860 647 qua:

263 675 407 721 sunt
452 664 742 730 salutaria,
785 674 843 720 ut
879 667 1086 735 possint
1112 667 1285 725 vitare
1316 669 1621 735 mortifera;
1652 679 1706 723 et
1744 668 1861 723 the-

269 771 474 810 sauros
524 756 816 826 intelligant
848 757 998 824 vitae,
1028 768 1084 813 ut
1127 759 1375 814 noverint
1412 759 1604 814 mortis
1649 758 1856 814 foveam

274 847 517 913 evitare;
543 856 598 903 et
621 846 891 902 residuum
925 848 1067 917 quod
1098 863 1218 905 cum
1258 850 1484 920 caligine
1510 851 1737 918 habent,
1761 851 1857 907 de-

268 949 506 1008 ponant,
541 949 597 996 ut
627 941 1053 998 inlustrationem
1084 944 1248 999 totius
1268 944 1483 999 luminis
1505 952 1744 1011 sumant;
1778 945 1858 999 ni-

267 1030 352 1084 hil
381 1032 520 1088 intra
549 1032 670 1088 illos
693 1042 863 1089 restet
891 1034 1225 1090 saecularium
1252 1037 1603 1103 macularum,
1629 1046 1686 1092 ut
1711 1036 1858 1105 digni

266 1122 702 1180 sanctificatione
741 1124 1080 1196 baptismatis
1128 1141 1518 1199 praaparentur.
1557 1129 1659 1185 Per
1700 1129 1854 1184 Dom.

266 1224 547 1270 DOSU'UI'D.

806 1287 1038 1339 Collectio
1061 1291 1310 1351 sequitur.

345 1369 559 1425 Christe
599 1368 759 1439 Jesu,
802 1371 892 1440 qui
923 1373 1130 1428 cunctis
1173 1383 1357 1443 portas
1387 1373 1594 1444 aperis,
1631 1385 1686 1430 et
1714 1375 1856 1431 viam

264 1460 466 1516 salutis
494 1462 731 1517 ostendis
753 1503 766 1526 ,
795 1463 1073 1520 venientes
1109 1463 1338 1521 famulos
1367 1476 1486 1523 tuos
1513 1469 1577 1521 ad
1611 1469 1854 1524 notitiam

267 1553 516 1609 nominis
549 1555 623 1609 tui
654 1555 881 1611 libenter
921 1557 1276 1626 amplectere;
1309 1567 1367 1614 ut
1399 1560 1469 1614 hii
1501 1561 1694 1616 divinae
1725 1562 1859 1632 legis

282 1646 458 1701 initiis
485 1646 766 1715 auspicati,
792 1655 846 1703 te
874 1647 1181 1704 desiderent
1210 1650 1456 1704 sensibus
1485 1653 1669 1722 sequi,
1700 1666 1860 1722 quem

275 1747 557 1807 cmperunt
577 1739 914 1795 sermonibus
938 1740 1181 1797 confiteri
1206 1759 1220 1807 ;
1243 1751 1296 1798 et
1317 1743 1384 1797 ab
1407 1743 1490 1799 his
1514 1745 1861 1814 plasmatibus

279 1830 390 1883 tuis
413 1829 611 1899 repelle
639 1829 836 1886 diaboli
867 1831 1204 1888 incursantes
1230 1835 1452 1891 insidias
1471 1879 1485 1901 ,
1519 1845 1578 1892 ut
1605 1838 1672 1893 ab
1710 1840 1854 1893 omni
1884 1869 1934 1932 Β

268 1921 420 1988 loco,
436 1924 503 1978 ab
517 1924 661 1978 omni
679 1922 868 1981 fraude
883 1925 1146 1995 dejectus,
1160 1942 1257 1983 nec
1270 1929 1461 1983 animae
1474 1945 1721 2001 umquam
1745 1947 1861 2002 pos.

266 2016 346 2070 sit
367 2031 581 2083 nocere,
602 2033 702 2073 nec
714 2020 958 2087 corpori;
983 2029 1041 2075 ut
1071 2022 1317 2078 inimicus
1339 2024 1530 2079 divina;
1553 2026 1856 2096 inscriptio-

266 2106 359 2160 nis
387 2107 666 2164 character
692 2125 1008 2181 agnoscens,
1039 2114 1178 2182 quod
1205 2129 1324 2170 esse
1346 2115 1454 2186 jam
1485 2119 1646 2187 coepit
1677 2129 1854 2189 tuum,

267 2213 300 2254 a
330 2215 392 2256 se
420 2200 649 2257 fateatur
675 2203 908 2258 alienum
937 2220 1031 2272 per
1057 2207 1264 2277 signum
1296 2210 1476 2265 crucis
1495 2252 1508 2276 ,
1539 2212 1676 2280 quod
1705 2228 1858 2267 num-

266 2307 429 2363 quam
454 2293 654 2349 delebit
682 2296 1000 2366 impressum
1020 2299 1280 2354 in-saecula
1303 2303 1642 2359 saeculorum.
1659 2306 1852 2361 Amen.

398 2388 536 2443 XIV.
577 2405 769 2446 mcmr
809 2408 1084 2449 PREFA'I'IO
1122 2410 1399 2451 ORATIONIS
1439 2412 1724 2454 DOIINICE.

347 2481 600 2538 Dominus
630 2494 652 2519 ει
682 2493 739 2540 et
759 2484 1007 2541 Salvator
1051 2498 1234 2544 noster
1282 2489 1556 2559 discipulis
1605 2492 1722 2574 suis
1761 2508 1854 2563 pe-

268 2577 508 2633 tentibus
535 2580 982 2646 quemadmodum
1017 2597 1169 2638 orare
1209 2583 1501 2650 deberent,
1538 2600 1644 2639 non
1676 2585 1849 2640 solum

266 2670 496 2726 formam
523 2673 782 2728 orationis
809 2677 1095 2740 concessit,
1121 2690 1306 2730 verum
1337 2676 1499 2731 etiam
1529 2693 1632 2745 qua
1673 2687 1851 2734 mente

267 2772 326 2816 et
354 2763 580 2831 puritate
605 2775 949 2834 precarentur
966 2766 1218 2836 ostendit,
1253 2777 1309 2822 ut
1337 2767 1391 2822 in
1424 2768 1673 2838 presenti
1698 2783 1850 2824 sacra

266 2858 385 2916 haec
415 2861 570 2916 lectio
600 2861 1022 2919 demonstravit:
1047 2863 1124 2918 Tu
1156 2874 1330 2918 autem
1362 2879 1483 2918 cum
1523 2865 1734 2931 orabis,
1767 2866 1850 2920 in-

265 2960 348 3006 tra
380 2953 432 3006 in
461 2954 764 3009 cubiculum
797 2965 974 3022 tuum;
1003 2965 1058 3009 et
1081 2955 1262 3010 clauso
1291 2956 1464 3021 ostio,
1498 2971 1590 3011 ora
1633 2956 1848 3012 Patrem

269 3053 440 3100 tuum.
470 3045 786 3100 Cubiculum
817 3047 958 3116 quod
1002 3047 1269 3112 nominat,
1312 3062 1417 3101 non
1455 3049 1720 3104 occultam
1753 3049 1851 3103 do-

264 3152 411 3191 mum
442 3137 696 3204 ostendit,
725 3137 818 3193 sed
846 3139 1024 3194 cordis
1055 3139 1224 3194 nostri
1255 3150 1522 3194 secretum
1553 3157 1564 3192 :
1595 3140 1648 3193 id
1678 3149 1761 3194 est
1790 3149 1849 3195 ut

264 3227 419 3281 mala:
447 3227 749 3297 cogitationi
781 3237 965 3297 pectus
997 3239 1237 3285 nostrum
1284 3232 1507 3300 mystica
1546 3230 1667 3286 ﬁdei
1697 3231 1849 3287 clave

262 3319 606 3387 claudamus;
632 3337 694 3376 ac
721 3321 874 3378 labiis
902 3323 1097 3378 clausis
1121 3364 1136 3389 ,
1167 3324 1473 3394 incorrupta
1514 3334 1694 3380 mente
1725 3328 1834 3382 Deo

265 3409 573 3478 loquamur.
601 3413 742 3468 Deus
771 3416 915 3469 enim
944 3425 1126 3472 noster
1150 3417 1308 3483 fidei,
1333 3433 1436 3472 non
1468 3419 1617 3474 vocis
1645 3419 1856 3476 auditor

265 3511 374 3558 est.
399 3504 537 3574 Ergo
563 3505 702 3559 unde
732 3520 912 3562 sermo
935 3517 1020 3562 est
1047 3549 1060 3574 ,
1089 3508 1141 3562 id
1173 3520 1254 3563 est
1287 3509 1576 3576 sapientia,
1608 3510 1856 3565 Christus

266 3595 530 3652 Dominus
575 3607 760 3654 noster
795 3597 933 3654 hanc
980 3602 1277 3656 orationem
1315 3615 1412 3657 nos
1453 3601 1665 3671 docuit,
1695 3611 1754 3658 ut
1782 3603 1856 3658 ita

265 3703 483 3745 oremus
507 3705 523 3744 ζ

336 3784 496 3858 345
526 3784 684 3841 Pater
714 3797 901 3854 noster,
936 3789 1024 3857 qui
1052 3806 1103 3843 es
1157 3789 1210 3842 in
1241 3788 1398 3844 cazlis.
1441 3788 1564 3844 Haec
1593 3788 1854 3845 libertatis

267 3891 373 3931 vox
404 3885 514 3942 est,
543 3887 597 3933 et
626 3879 782 3949 plena
827 3880 1042 3935 fiducia.
1075 3881 1215 3951 Ergo
1265 3881 1345 3936 his
1390 3881 1627 3937 moribus
1654 3892 1736 3938 est
1774 3881 1850 3937 vi-

265 3970 519 4038 vendum,
549 3981 607 4026 ut
633 3981 686 4027 et
719 3972 811 4027 filii
844 3972 936 4027 Dei
962 4015 975 4039 ,
1009 3983 1062 4028 et
1091 3973 1282 4028 fratres
1308 3972 1506 4028 Christi
1528 3989 1647 4030 esse
1677 3975 1851 4044 possi-

266 4078 408 4119 mus.
431 4062 564 4118 Nam
593 4063 805 4120 Patrem
837 4081 990 4120 suum
1017 4066 1181 4122 Deum
1207 4082 1309 4137 qua
1341 4067 1644 4123 temeritate
1671 4069 1853 4124 dicere

266 4157 560 4225 praesumit,
592 4156 682 4227 qui
711 4157 779 4213 ab
799 4157 916 4227 ejus
938 4159 1208 4215 voluntate
1235 4160 1561 4230 degenerat?
1587 4161 1728 4216 unde
1758 4175 1852 4218 vos

264 4247 454 4319 dignos
488 4249 736 4305 exhibete
763 4251 1047 4321 adoptione
1077 4253 1277 4321 divina,
1307 4254 1563 4322 quoniam
1594 4255 1851 4322 scriptum

264 4351 381 4397 est:
412 4343 682 4414 Quotquot
709 4345 1052 4402 crediderunt
1083 4347 1135 4401 in
1163 4362 1308 4416 eum,
1331 4347 1480 4403 dedit
1503 4346 1582 4403 eis
1607 4356 1849 4418 potesta-

277 4441 382 4488 tem
411 4434 553 4490 filios
579 4435 675 4490 Dei
704 4436 840 4492 fieri.

337 4525 703 4596 Sanctiﬁcetur
730 4545 914 4584 nomen
946 4539 1106 4585 tuum.
1137 4532 1254 4587 Non
1285 4531 1426 4602 quod
1465 4532 1604 4588 Deus
1649 4532 1849 4588 nostris

1962 578 2254 649 spiritalem
2285 584 2460 640 cibum
2493 586 2789 656 intelligere
2817 587 3095 643 debemus.
3124 590 3368 649 Christus
3392 594 3535 650 enim

1962 672 2116 740 panis
2160 683 2243 729 est
2290 685 2493 743 noster,
2522 678 2610 749 qui
2643 677 2813 734 dixit:
2849 679 2962 750 Ego
2992 696 3109 736 sum
3160 685 3313 753 panis
3339 685 3496 742 vivus
3519 730 3536 756 ,

1959 762 2049 831 qui
2086 762 2153 818 de
2193 765 2324 821 caelo
2354 766 2629 826 descendi.
2653 769 2822 838 Quem
2865 771 3186 827 cotidianum
3215 774 3399 831 dicens
3422 819 3436 841 ,
3468 777 3542 832 ita

1961 868 2060 910 nos
2089 871 2301 925 semper
2331 860 2595 916 immunes
2617 862 2872 932 praecepit
2897 877 3018 919 esse
3047 865 3285 935 peccati,
3316 877 3370 922 ut
3391 868 3543 940 digni

1961 948 2132 1004 simus
2164 951 2466 1009 caelestibus
2492 955 2783 1011 alimentis.

2033 1045 2098 1099 Et
2123 1047 2321 1102 dimitte
2349 1049 2492 1104 nobis
2519 1050 2689 1104 debita
2716 1060 2924 1120 nostra,
2957 1053 3088 1108 sicut
3117 1062 3164 1109 et
3199 1071 3292 1109 nos
3332 1055 3547 1112 dimitti-

1965 1154 2079 1192 mus
2110 1139 2423 1196 debitoribus
2451 1144 2660 1200 nostris.
2693 1143 2806 1200 Hoc
2837 1155 3044 1215 pactum
3077 1156 3181 1212 est,
3214 1147 3545 1217 signiﬁcans,

1974 1243 2081 1284 non
2111 1245 2210 1285 nos
2239 1231 2400 1287 aliter
2429 1244 2769 1302 peccatorum
2805 1251 2965 1305 posse
2987 1238 3199 1292 veniam
3227 1243 3544 1308 promereri,

1961 1323 2065 1378 nisi
2112 1325 2256 1393 prius
2303 1340 2398 1381 nos
2428 1326 2480 1382 in
2510 1329 2662 1383 nobis
2707 1330 3142 1401 delinquentibus
3181 1334 3301 1389 aliis
3331 1335 3545 1394 veniam

1961 1415 2281 1482 relaxemus,
2304 1417 2440 1472 sicut
2465 1418 2517 1472 in
2545 1420 2832 1492 Evangelia
2857 1424 3114 1479 Dominus
3155 1435 3338 1482 noster
3367 1427 3538 1483 dicit:

1961 1506 2073 1562 Nisi
2103 1507 2416 1564 dimiseritis
2447 1519 2662 1580 peccata
2701 1512 3006 1570 hominibus
3031 1558 3046 1584 ,
3073 1530 3173 1571 nec
3195 1517 3348 1572 vobis
3385 1517 3543 1573 Pater

1963 1613 2145 1660 vester
2169 1605 2404 1661 dimittet
2433 1617 2670 1676 peccata.

2035 1696 2101 1752 Et
2126 1714 2185 1751 ne
2213 1714 2304 1753 nos
2333 1699 2546 1753 inducas
2571 1701 2624 1752 in
2658 1702 3006 1756 tentationem.
3035 1701 3092 1757 Id
3120 1711 3202 1757 est
3227 1719 3294 1758 ne
3318 1718 3416 1759 nos
3446 1719 3540 1774 pa-

1965 1790 2112 1846 tiaris
2145 1790 2319 1844 induci
2369 1791 2437 1847 ab
2484 1806 2550 1846 eo
2590 1793 2680 1861 qui
2730 1802 2928 1859 tentat,
2982 1795 3257 1862 pravitatis
3301 1805 3544 1852 auctare.

1960 1882 2092 1937 Nam
2125 1883 2585 1953 dicitScriptura:
2620 1883 2759 1941 Deus
2806 1890 2946 1942 enim
2979 1887 3266 1942 intentator
3307 1898 3391 1944 est
3435 1904 3549 1944 ma-

1961 1972 2157 2028 lorum.
2188 1973 2440 2028 Diabolus
2463 1988 2590 2028 vero
2614 1984 2845 2030 tentator
2872 1984 2975 2033 est.
2999 1977 3081 2033 Ad
3112 1993 3269 2048 quem
3298 1981 3547 2034 evincen-

1959 2063 2085 2118 dum
2119 2065 2372 2119 Dominus
2400 2065 2577 2122 dixit:
2609 2067 2833 2139 Vigilate
2853 2080 2909 2125 et
2934 2078 3120 2138 orate,
3156 2086 3223 2128 ne
3250 2071 3460 2128 intretis
3492 2075 3547 2129 in

1961 2157 2333 2213 tentationem.

2030 2250 2136 2304 Sed
2180 2252 2338 2304 libera
2383 2268 2476 2307 nos
2521 2269 2554 2305 a
2600 2251 2757 2306 malo.
2791 2252 2903 2307 Hoc
2929 2252 3052 2310 ideo
3078 2254 3186 2322 ait,
3239 2256 3361 2324 quia
3409 2257 3548 2313 dixit

1957 2335 2245 2411 Apostolus
2274 2361 2288 2396 :
2320 2343 2546 2400 Nescitis
2572 2344 2696 2413 quid
2729 2344 2884 2400 vobis
2906 2355 3156 2416 oporteat
3182 2362 3356 2403 orare.
3391 2348 3547 2406 Unde

1956 2433 2095 2489 Deus
2116 2435 2450 2503 omnipotens
2475 2437 2544 2491 ita
2572 2453 2602 2491 a
2634 2437 2788 2493 nobis
2811 2438 3050 2493 orandus
3073 2448 3173 2506 cst,
3201 2448 3260 2494 ut
3282 2440 3546 2510 quidquid

1959 2527 2192 2583 humana
2222 2529 2486 2597 fragilitas
2508 2543 2706 2584 cavere
2734 2537 2794 2586 et
2825 2530 2994 2585 vitare
3016 2546 3121 2585 non
3147 2532 3417 2600 praevalet,
3443 2533 3546 2588 hoc

1954 2620 2044 2676 ille
2073 2622 2333 2692 propitius
2361 2622 2518 2678 nobis
2544 2623 2796 2678 conferre
2825 2622 3073 2694 dignetur
3108 2623 3264 2679 Jesus
3302 2624 3549 2683 Christus

1955 2713 2210 2770 Dominus
2258 2726 2459 2783 noster,
2486 2715 2577 2785 qui
2605 2715 2732 2770 vivit
2759 2723 2814 2771 et
2840 2726 3026 2784 regnat
3067 2731 3188 2770 cum
3235 2716 3344 2771 Deo
3388 2717 3547 2772 Patre

1954 2810 2319 2877 omnipotente
2346 2817 2400 2864 et
2426 2807 2627 2879 Spiritu
2655 2817 2843 2864 sancto
2871 2823 2968 2879 per
2995 2808 3172 2864 omnia
3205 2808 3398 2864 smcula
3433 2822 3539 2863 εω-

1954 2900 2222 2955 culorum.

2024 2989 2187 3063 346
2214 2990 2538 3047 Patefactum
2567 2990 2740 3055 vobis,
2772 2990 3101 3046 dilectissimi
3130 2990 3307 3055 nobis,
3330 2991 3540 3046 Oratio-

1954 3097 2075 3136 nem
2107 3093 2160 3136 et
2190 3082 2504 3152 Symbolum
2526 3082 2803 3138 catholicae
2836 3082 2957 3136 fidei
3004 3083 3365 3153 cognovistis:
3399 3098 3541 3138 nunc

1955 3184 2136 3230 autem
2163 3175 2368 3229 habetis
2405 3176 2690 3246 magistros
2738 3176 2885 3229 illum
2910 3173 3336 3260 ‘Primicerium,
3361 3189 3417 3232 et
3455 3176 3546 3232 Se-

1881 3272 1929 3338 C
1958 3269 2186 3324 cundum
2235 3267 2351 3338 ejus
2399 3268 2578 3332 illum,
2607 3269 2698 3337 qui
2728 3283 2823 3323 vos
2860 3268 3121 3324 edoceant
3161 3269 3307 3322 nullo
3337 3278 3544 3325 mutato

1956 3375 2226 3426 sermone,
2256 3360 2350 3414 sed
2382 3366 2440 3413 ut
2466 3360 2685 3415 audistis
2712 3359 2764 3414 in
2796 3361 3066 3428 praesenti.
3098 3361 3292 3416 Potens
3312 3372 3394 3416 est
3431 3361 3539 3416 Do-

1955 3453 2132 3508 minus
2160 3460 2363 3521 noster,
2389 3460 2447 3506 ut
2470 3467 2566 3507 vos
2591 3454 2682 3522 qui
2711 3452 2779 3506 ad
2810 3451 2969 3508 fidem
3010 3454 3223 3508 curritis
3244 3497 3258 3518 ,
3292 3455 3356 3508 ad
3385 3454 3535 3509 lava-

1954 3560 2104 3601 crum
2136 3559 2286 3615 aquae
2317 3545 2740 3616 regenerationis
2769 3549 3053 3616 perducat;
3086 3556 3247 3601 etnos
3268 3548 3357 3618 qui
3389 3549 3542 3604 vobis

1956 3637 2267 3709 mysterium
2316 3638 2439 3693 fidei
2468 3638 2744 3694 catholicae
2788 3655 2892 3695 una
2937 3639 3228 3707 tradimus,
3265 3642 3540 3698 vobiscum

1956 3730 2021 3784 ad
2051 3730 2281 3785 caelestia
2310 3746 2466 3799 regna
2493 3730 2650 3785 faciat
2678 3732 2978 3799 pervenire,
3003 3741 3291 3803 praestante
3312 3733 3539 3789 Domino

1955 3831 2140 3878 nostro
2179 3822 2307 3877 Jesu
2345 3821 2594 3890 Christo,
2637 3824 2724 3878 cui
2754 3835 2837 3881 est
2880 3826 3049 3882 honor
3079 3837 3135 3884 et
3167 3827 3448 3899 imperium
3478 3828 3533 3884 in

1955 3914 2154 3969 smcula
2177 3916 2518 3970 saeculorum.
2547 3917 2739 3971 Amen.

2194 4007 2310 4062 XV.
2350 4025 2496 4064 mssa
2537 4025 2588 4064 IN
2628 4025 2850 4065 svnaou
2879 4009 2905 4050 ι)
2940 4002 3287 4068 rnsntrtons.

2023 4105 2080 4161 In
2111 4106 2352 4176 geminas
2381 4115 2558 4175 partes
2587 4106 2728 4162 diem
2755 4107 2897 4162 hunc
2926 4110 3277 4164 excolendum
3305 4111 3541 4180 comple-

1955 4201 2134 4265 ctitur,
2164 4201 2388 4256 Domine
2414 4243 2428 4266 ,
2460 4211 2658 4256 nostrae
2686 4202 2958 4257 servitutis
2993 4201 3306 4270 famulatio,
3336 4205 3417 4259 vel
3447 4203 3538 4260 die

1956 4295 2139 4364 jejunii
2169 4297 2312 4350 cultu
2346 4304 2581 4358 sacrato,
2614 4296 2699 4350 vel
2727 4295 2795 4351 de
2822 4298 3119 4368 insignibus
3148 4298 3252 4354 tuis
3285 4313 3403 4367 qua:
3432 4299 3535 4354 ho-

1955 4387 2042 4441 die
2071 4387 2333 4442 fulserunt
2363 4386 2700 4442 mirabilibus
2742 4404 2757 4442 :
2805 4403 2909 4457 qua
2961 4388 3222 4443 Lazarum
3271 4388 3532 4444 reduxisti

1954 4487 2074 4547 post
2103 4477 2342 4543 Tartara,
2369 4493 2489 4533 cum
2521 4477 2586 4532 ad
2618 4492 2802 4533 vocem
2835 4479 3167 4533 intonantem
3199 4478 3464 4545 exsilivit;
3487 4487 3543 4534 et

1954 4569 2294 4639 quatridnani
2323 4571 2432 4641 jam
2462 4570 2694 4626 fatentis
2725 4571 2883 4626 funus
2932 4572 3205 4626 vivificans
3251 4572 3536 4637 animasti;

265 4619 624 4734 “trama,”
649 4623 998 4730 orationibus’
1020 4627 1344 4734 animi)“
1364 4637 1448 4731 Ῡδι
1468 4637 1683 4734 “fictus
1749 4627 1843 4732 sed,
1873 4659 1926 4720 D
1954 4619 2692 4721 isis-iiii;
2710 4619 3079 4734 obstupefacta
3102 4664 3360 4734 plaudens
3385 4619 3540 4720 turba

267 4713 494 4782 petimus
516 4723 574 4771 ut
604 4731 801 4773 nomen
828 4720 945 4788 ejus
973 4718 1337 4775 sanctificetur
1366 4720 1419 4776 in
1453 4721 1637 4787 nobis;
1670 4731 1728 4776 ut
1755 4721 1844 4790 qni

268 4804 324 4860 in
357 4805 673 4878 baptismate
715 4809 831 4879 ejus
880 4812 1294 4878 sanctificamur,
1348 4813 1399 4868 in
1441 4813 1492 4868 id
1539 4815 1678 4884 quod
1729 4829 1849 4871 esse

265 4899 522 4968 coepimus
550 4917 986 4971 perseveremus.

335 4988 580 5046 Adveniat
596 5010 807 5065 regnum
823 5002 989 5049 tuum.
1009 4995 1151 5052 Deus
1175 5010 1407 5068 namque
1426 5006 1611 5054 noster
1632 4998 1847 5068 quando

265 5094 369 5135 non
409 5093 629 5154 regnat,
673 5085 902 5143 maxime
930 5087 1082 5158 cujus
1109 5104 1332 5160 regnum
1371 5099 1456 5146 est
1503 5092 1841 5147 immortale?

264 5172 368 5230 Sed
396 5189 516 5229 cum
542 5175 766 5233 dicimus
792 5195 806 5231 :
837 5177 1020 5234 Veniat
1050 5197 1260 5251 regnum
1288 5190 1458 5249 tuum,
1484 5192 1727 5238 nostrum
1754 5197 1846 5238 re-

265 5288 424 5343 gnum
471 5275 699 5345 petimus
743 5276 998 5332 advenire
1023 5318 1039 5345 ,
1081 5293 1112 5332 a
1161 5278 1270 5334 Deo
1302 5280 1456 5337 nobis
1485 5281 1845 5351 promissum,

264 5368 462 5425 Christi
491 5371 750 5440 sanguine
773 5379 829 5427 et
856 5371 1111 5441 passione
1132 5374 1434 5442 quaesitum.

337 5458 458 5516 Fiat
479 5461 716 5520 voluntas
745 5471 852 5529 tua,
878 5464 1008 5518 sicut
1038 5463 1092 5518 in
1113 5463 1238 5519 ctelo
1264 5475 1310 5519 et
1333 5465 1385 5518 in
1407 5474 1566 5519 terra.
1601 5465 1658 5520 ld
1682 5474 1767 5521 est
1791 5465 1846 5521 in

265 5567 327 5607 eo
357 5554 449 5609 fiat
474 5554 722 5612 voluntas
748 5564 835 5610 tua
862 5565 919 5611 ut
944 5557 1085 5628 quod
1128 5567 1182 5613 tu
1215 5557 1295 5612 vis
1332 5558 1384 5612 in
1411 5557 1545 5612 caelo
1568 5597 1584 5624 ,
1620 5559 1720 5614 hoc
1746 5571 1843 5614 nos
1866 5550 1888 5581 '

271 5647 322 5702 in
351 5656 493 5705 terra
523 5649 684 5719 positi
711 5650 1260 5721 inreprehensibiliter
1289 5650 1570 5708 faciamus.

343 5794 368 5823 α
399 5785 473 5840 Ita
496 5786 548 5841 in
570 5786 768 5843 Ordine
797 5785 1063 5844 Romano.

343 5854 367 5894 δ
395 5856 451 5911 Id
494 5865 577 5914 est
627 5859 677 5913 in
721 5859 990 5914 Dominica
1039 5859 1372 5929 Palmarum,
1417 5871 1473 5920 ut
1500 5861 1744 5919 videmus
1790 5861 1842 5917 in

274 5927 358 5984 lib.
389 5943 445 5993 It,
466 5939 519 5985 et
543 5931 592 5986 in
623 5929 819 5987 Missali
844 5930 1089 5987 Gothic‘o.

1953 4759 2191 4814 Bettania
2251 4758 2481 4814 occurrit
2534 4772 2656 4812 cum
2719 4757 2908 4824 palmis
2973 4755 3067 4810 tibi
3121 4754 3334 4810 obviam
3383 4755 3537 4824 Regi.

1954 4850 2162 4906 Exaudi
2195 4865 2290 4905 nos
2321 4851 2372 4904 in
2412 4848 2515 4904 hoc
2541 4846 2813 4918 geminato
2859 4846 3136 4902 servitutis
3195 4854 3394 4901 nostra:
3442 4845 3539 4900 ob-

1956 4944 2183 5013 sequio,
2231 4953 2283 4998 et
2331 4950 2520 5009 [testa
2572 4938 2889 5009 propitiatus
2937 4950 3097 5010 atque
3151 4937 3418 5008 placatus,
3483 4945 3542 4992 ut

1958 5035 2150 5089 animae
2176 5042 2401 5098 nostrai,
2433 5048 2553 5101 quae
2595 5031 2800 5088 tumulo
2845 5042 2971 5088 sunt
3022 5039 3357 5102 peccatorum
3409 5044 3539 5085 con-

1959 5125 2141 5195 clusae,
2179 5133 2233 5180 et
2258 5125 2568 5180 cicatricum
2615 5122 2913 5181 morbidata
2946 5130 3167 5196 corrupt
3192 5132 3240 5178 α.
3282 5161 3298 5178 .
3343 5162 3358 5176 .
3403 5161 3418 5177 .
3465 5161 3478 5176 .
3526 5162 3540 5177 .

2031 5215 2229 5273 Desunt
2252 5217 2334 5272 hic
2361 5219 2545 5272 multa.

1956 5405 2114 5462 Pater
2136 5420 2201 5460 ex
2231 5404 2342 5459 alto
2371 5403 2659 5470 clarificat;
2694 5403 2762 5460 ad
2799 5419 3087 5461 commune
3127 5402 3378 5473 gaudium
3408 5418 3540 5458 con-

1955 5501 2152 5555 cutitnr
2191 5497 2342 5567 plebs
2385 5495 2689 5562 hominum;
2737 5504 2986 5551 movetur
3040 5503 3094 5550 et
3136 5494 3348 5549 caelum.
3402 5495 3540 5550 Ante

1955 5592 2104 5662 cujus
2127 5599 2475 5661 conspectum
2515 5589 2731 5645 adstant
2769 5591 2942 5661 angeli
2969 5631 2984 5656 ,
3014 5588 3402 5661 ctarchangeli
3431 5604 3539 5644 non

1954 5693 2167 5741 cessant
2192 5685 2453 5753 clamare,
2484 5682 2722 5740 dicentes
2750 5700 2763 5737 :
2796 5684 3044 5740 Sanctus.

2033 5830 2055 5856 ε
2082 5819 2210 5886 Quae
2236 5819 2573 5899 liicjlesunt,
2605 5825 2788 5899 repete
2816 5832 2884 5899 es
2924 5818 3120 5874 blissali
3153 5812 3536 5884 Getbicogalli-

1955 5905 2089 5946 cano
2118 5907 2266 5947 num.
2294 5891 2390 5958 ‘27,
2415 5890 2510 5946 ubi
2539 5888 2728 5947 eadem
2752 5889 2944 5944 oratio.
