4048 6350
513 334 625 401 εει

1120 446 1252 503 'Post
1273 460 1484 504 secreta.

582 533 778 605 ASpice
802 542 828 572 ε
851 533 1061 590 sincero
1083 535 1251 599 vultu,
1280 538 1362 604 pie
1387 539 1690 605 ntisemtor,
1714 538 1830 599 inec
1853 556 2097 607 munera.

508 629 597 703 qui
640 645 854 701 semper
882 644 942 685 es
983 645 1284 700 propensus
1310 631 1377 685 ad
1408 631 1575 698 dona;
1602 642 1660 689 ιιι
1688 634 1802 704 ipsa
1854 645 2097 692 contem-

508 722 746 793 platione
788 721 966 777 oblata
1015 722 1317 777 sanctiiices
1364 725 1589 781 naturali
1634 728 1955 797 majestate,
2006 730 2098 803 qui

509 822 767 885 perpetue
793 821 1009 868 sanctus
1027 829 1105 879 es,
1134 823 1186 869 et
1215 824 1398 869 sancta
1424 817 1649 885 largiris.
1684 820 1789 876 Per
1815 821 2096 881 Dominum

514 918 758 963 nostrum
788 904 974 963 Jesum
1006 905 1275 962 Christum
1306 906 1496 963 Filium
1532 921 1700 966 tuum.

958 998 1189 1049 Coileetio
1214 1006 1326 1049 ante
1346 1004 1633 1052 orationem.

582 1080 991 1136 Venerabilibus
1014 1078 1281 1136 informati
1316 1087 1616 1157 praaceptis,
1650 1084 2093 1149 incitatimunere

503 1171 738 1245 pietatis,
767 1175 856 1243 qui
886 1173 1064 1230 Maria:
1094 1174 1271 1231 ﬂentis
1302 1177 1563 1251 Iacrymas
1594 1196 1698 1257 non
1729 1183 1961 1253 spernis,
1994 1184 2096 1239 La-

501 1280 627 1323 zaro
655 1266 933 1333 dignanter
962 1281 1377 1339 cognomentum
1405 1268 1587 1332 fratris
1614 1270 1869 1344 imponis,
1894 1275 2089 1349 Ecclus

503 1350 596 1443 site
612 1358 824 1415 soboles
851 1362 1089 1444 appellas
1115 1377 1207 1415 ore
1236 1364 1420 1433 gratia:
1442 1364 1761 1433 coheredes,
1778 1368 1869 1423 tibi
1890 1372 2094 1444 suppli-

499 1442 591 1507 ces
616 1442 911 1507 clamamus
942 1461 994 1507 et
1019 1452 1248 1509 dicimus
1275 1472 1285 1507 :
1314 1454 1473 1510 Pater
1504 1469 1706 1514 noster.

891 1545 1007 1596 Post
1028 1549 1303 1597 orationem
1330 1547 1647 1601 Dominicam.

572 1627 816 1691 Exerce,
848 1626 1125 1696 liberator,
1160 1630 1213 1683 in
1256 1632 1408 1685 nobis
1440 1630 1579 1700 juris
1622 1634 1825 1705 preprii
1874 1632 2093 1697 faculta-

501 1726 632 1785 tem,
664 1719 755 1790 qui
781 1718 1045 1775 Lazarum
1077 1722 1293 1785 virtute,
1318 1722 1534 1778 Mariam
1564 1726 1795 1795 pietate,
1827 1728 2085 1785 Martiram

1168 322 1519 393 APPENDiX
1554 332 1653 394 AD
1691 332 1924 413 OPERA
1960 333 2207 397 SANG'l'i
2245 334 2560 396 GERMANI
2601 328 3040 405 PARISIENSIS.

2124 458 2395 524 Aﬁducia
2443 457 2775 530 resurgendi.
2824 456 2993 527 Digne
3032 463 3160 522 ergo
3205 443 3534 511 adtentiores
3580 448 3642 496 et
3689 438 3822 530 ἴτε-ς

3692 308 3824 375 556

2202 554 2509 624 quentiores
2544 527 2640 624 pro
2670 552 2878 609 ratione
2920 544 3176 618 temporis
3214 535 3705 638 ipsiuAs,-pur.iores
3731 527 3826 638 ad

2201 645 2525 703 audiendum
2572 644 2887 715 Symbolum
2947 636 3267 715 convenitis.
3332 626 3597 728 Quicquid
3653 626 3820 728 enim

2202 741 2597 811 pmiormatum
2626 749 2706 794 est
2752 738 2803 792 in
2836 732 3177 807 patriarchis,
3204 724 3455 823 quicquid
3495 724 3821 823 denunt-ia-

2202 842 2311 888 tum
2357 844 2442 889 est
2486 832 2539 887 in
2573 829 2887 899 Scripturis,
2917 823 3165 899 quicquid
3214 820 3558 894 praedicatum
3606 823 3701 872 est
3748 820 3815 867 in

2198 925 2495 995 praphetis,
2526 924 2607 979 vel
2640 923 2709 978 de
2740 922 2851 979 Deo
2878 919 3147 991 ingenito,
3178 914 3263 991 vel
3293 928 3364 983 ex
3395 912 3504 979 Deo
3536 909 3587 965 in
3624 908 3820 962 Deum

2200 1025 2345 1081 nato,
2377 1015 2459 1069 vel
2490 1014 2557 1070 de
2580 1014 2782 1085 Spiritu
2828 1022 3017 1067 sancto
3047 1007 3312 1079 (quamvis
3349 1005 3575 1067 latenter
3606 1008 3821 1081 osten-

2199 1120 2316 1161 sum
2345 1106 2436 1172 sit)
2463 1104 2546 1158 vel
2578 1104 2646 1159 de
2682 1100 3007 1172 suscipiendi
3038 1096 3272 1154 hominis
3307 1101 3681 1169 sacramento,
3717 1088 3813 1151 vel

2196 1198 2265 1253 de
2291 1209 2463 1253 morte
2486 1196 2720 1260 Domini,
2769 1191 3285 1261 resurrectionisque
3311 1187 3474 1259 3&8
3503 1183 3812 1263 mysterio.

2199 1301 2364 1347 totum
2402 1292 2501 1345 hoc
2526 1290 2687 1345 breve
2738 1296 2944 1343 tantum
2983 1286 3141 1357 juxta
3183 1284 3457 1340 oraculum
3509 1280 3815 1351 propheti-

2195 1397 2315 1439 cum
2339 1383 2626 1454 Symholus
2649 1383 2704 1436 in
2735 1395 2795 1436 se
2822 1379 3082 1445 continet,
3118 1375 3440 1433 continendo
3466 1384 3521 1429 et
3550 1372 3811 1429 salutem

2195 1485 2456 1539 nostram,
2497 1475 2856 1529 conlationem
2908 1470 3055 1537 ﬁdei,
3096 1478 3152 1526 et
3196 1468 3447 1539 gratiam,
3497 1465 3813 1537 professio-

2195 1581 2318 1624 nem
2374 1565 2613 1638 mysterii
2653 1563 2926 1622 memoria
2967 1564 3238 1621 instruens
3278 1558 3807 1617 commendandam.

2194 1660 2300 1715 Sed
2329 1660 2439 1729 jam
2464 1659 2532 1713 ad
2552 1658 2708 1714 istius
2730 1654 3048 1712 sacramenti
3068 1650 3451 1725 plenitudinem
3475 1660 3811 1721 textumque

2194 1749 2494 1816 veniamus,
2525 1749 2668 1819 quod
2697 1750 2749 1804 in
2784 1748 2887 1804 hoc
2924 1746 3086 1803 modo
3113 1745 3323 1816 incipit.

500 1809 685 1866 labore
724 1826 1073 1880 remuneras;
1106 1813 1341 1869 favorem
1374 1816 1542 1884 plebis
1588 1821 1823 1890 excipis,
1855 1830 1909 1877 et
1942 1810 2088 1895 pacis
2119 1852 2171 1924 Β
2264 1843 2438 1900 Credo
2478 1809 2732 1898 ίηύοιηιι
2758 1841 2970 1897 parum
3002 1809 3449 1912 omnipotentem,
3476 1836 3805 1894 Creatorem

494 1918 630 1960 voce
657 1905 883 1960 concina
916 1905 1183 1977 gloriaris.
1218 1909 1322 1964 Per
1358 1908 1510 1966 Dom.
1538 1923 1804 1970 nostrum.

1052 1998 1342 2051 Benedictio
1366 2002 1547 2065 pepuli.

563 2076 725 2151 347
753 2080 1064 2137 Perseveret
1117 2082 1170 2137 in
1218 2082 1321 2150 his,
1353 2084 1575 2144 Domine
1599 2129 1613 2154 ,
1665 2089 1879 2148 easieste
1914 2093 2093 2164 signa-

491 2172 701 2237 culum,
734 2170 876 2242 quod
909 2173 961 2226 in
1005 2174 1084 2228 eis
1122 2176 1369 2232 conferre
1400 2179 1648 2249 dignatus
1690 2196 1747 2238 es
1775 2182 1837 2254 1*;
1872 2194 1928 2239 ut
1956 2200 2086 2256 pro-

490 2263 615 2319 tecti
656 2262 858 2332 Spiritu
904 2273 1127 2331 sancto,
1206 2267 1599 2326 incrementum
1652 2269 1773 2328 ﬁdei
1801 2317 1816 2341 ,
1865 2276 2087 2332 tutelam

489 2353 785 2422 mentium,
837 2355 1119 2412 sanitatem
1175 2373 1465 2430 corporum
1521 2362 1779 2433 consequi
1844 2382 2087 2423 merean-

496 2450 581 2500 tur
600 2444 661 2512 τ.

555 2536 807 2592 Concede
851 2538 906 2591 in
953 2536 1037 2593 his
1075 2538 1434 2597 immaculata
1476 2543 1600 2599 vitae
1646 2545 1889 2613 divitias,
1926 2548 2087 2607 ﬁdem

488 2636 715 2691 rectam,
731 2640 914 2698 pacem
942 2628 1230 2695 sinceram,
1253 2632 1562 2701 patientiam
1585 2646 1848 2705 sanctam,
1867 2639 2087 2696 humili-

489 2728 652 2776 tatem
684 2721 1013 2791 religiosam,
1044 2730 1095 2777 et
1126 2725 1512 2780 conscientiam
1544 2742 1730 2797 puram
1759 2729 1823 2801 τ.
1856 2731 2089 2802 Prospe-

491 2822 576 2872 ret
604 2816 687 2870 eis
726 2815 974 2871 sanitatis
1005 2817 1223 2881 latitia,
1258 2819 1414 2887 plena
1460 2820 1841 2879 incolumitatis
1868 2824 2082 2896 gaudia,

491 2916 549 2963 et
584 2907 993 2963 iniuminatione
1027 2920 1225 2965 aeterna
1252 2912 1325 2980 1-;
1376 2920 1433 2966 ut
1480 2923 1666 2970 sancte
1707 2917 1965 2983 viventes,
2018 2918 2087 2975 de

491 2999 593 3055 hac
640 2999 824 3054 humili
871 3010 1193 3070 terrenaque
1214 3003 1461 3073 prosapia
1497 3005 1724 3062 heredes
1751 3006 1992 3066 caelestes
2028 3011 2083 3066 in

488 3090 584 3148 illo
627 3092 799 3149 beata:
836 3094 1019 3164 gloriae
1064 3108 1231 3165 regno
1270 3110 1391 3150 cum
1434 3096 1620 3155 eiectis
1657 3100 1863 3172 angelis
1905 3110 1957 3158 te
1984 3101 2085 3171 hy-

488 3200 619 3244 mno
643 3186 995 3245 confessionis
1020 3174 1138 3246 sine
1164 3190 1269 3246 iine
1297 3190 1642 3249 conlaudent.
1671 3178 2079 3253 Per'Dominum

490 3290 760 3337 nostrum.

905 3352 1133 3405 Praefatio
1166 3362 1273 3416 post
1302 3353 1679 3409 Eucharistiam.

560 3453 842 3525 Acceptis,
898 3456 1091 3512 fratres
1134 3458 1433 3526 carissimi,
1462 3462 1793 3531 spiritalibus
1832 3464 1997 3533 cibis,
2027 3474 2083 3523 et

484 3546 681 3603 Ghristi
730 3561 924 3605 cruore
971 3559 1204 3618 gustato,
1262 3560 1509 3622 petamus
1557 3562 1618 3609 ut
1666 3556 1942 3623 possideat
1983 3573 2080 3629 pe-

482 3650 652 3708 ctora,
692 3641 783 3710 qui
822 3650 1004 3697 nostra
1050 3658 1147 3697 ora
1185 3644 1438 3714 dignatus
1480 3654 1563 3700 est
1602 3650 1941 3705 sanctiticare
1982 3664 2080 3718 per

484 3745 706 3787 munera
759 3748 774 3785 :
827 3733 943 3802 ipse
987 3735 1229 3803 corporis
1277 3738 1447 3791 nostri
1509 3748 1695 3809 purget
1754 3740 2077 3810 hospitium;

482 3829 703 3893 totoque
732 3823 1013 3881 intrisecus
1036 3826 1253 3883 homine
1281 3828 1517 3900 deterso,
1544 3834 1887 3891 sanctiﬁcatls
1918 3853 2080 3894 mem-

484 3910 597 3967 bris
626 3911 846 3969 innuvet
874 3916 1120 3984 Spiritum
1150 3919 1492 3975 sanctiorem.

1152 4006 1409 4059 Cciiectio.

554 4084 717 4143 Panis
747 4086 872 4144 vitae
900 4097 1102 4145 nostras
1131 4090 1333 4159 aspice,
1367 4091 1510 4149 Deus
1538 4111 1551 4148 :
1579 4097 1653 4152 sis
1681 4100 1921 4156 custodia
1957 4115 2077 4158 cor-

480 4191 697 4248 porum,
726 4180 802 4249 sis
830 4180 1151 4238 saiviiicator
1189 4184 1511 4253 animarum,
1542 4197 1600 4243 ut
1626 4200 1845 4259 pectora
1886 4203 2071 4251 nostra

484 4280 633 4327 tanto
675 4272 868 4341 poculo
910 4273 1133 4342 ciboque
1175 4275 1416 4348 ﬁrmata,
1450 4279 1660 4337 inimica
1690 4284 1903 4340 subdoii
1954 4301 2075 4343 ser-

484 4362 661 4431 pentis
686 4362 1051 4427 blandimenta
1081 4381 1187 4423 non
1218 4369 1479 4438 quatiant.
1512 4371 1612 4428 Per
1647 4374 1800 4432 Dem.
1821 4390 2061 4435 nostrum

509 4454 697 4519 desum
724 4455 994 4515 Christum
1027 4459 1244 4517 Filium.

754 4568 892 4625 XVI.
931 4571 970 4642 1'
1008 4587 1201 4630 lNGlPl’l‘
1241 4590 1521 4638 exposmo
1555 4597 1799 4645 svnou.

554 4677 768 4737 Fratres
790 4682 1147 4752 dilectissimi,
1178 4687 1347 4745 virtus
1399 4701 1483 4749 est
1512 4699 1830 4753 sacramenti
1862 4700 2075 4757 ἰηιηωί-

482 4771 628 4827 natio
654 4773 875 4842 animai;
911 4777 1185 4845 plenitudo
1221 4792 1304 4838 est
1342 4786 1596 4844 credendi
1637 4791 1687 4845 in
1740 4808 1825 4859 eo,
1858 4795 1945 4865 qui
1977 4795 2073 4852 do-

482 4880 655 4938 cetur,
685 4888 749 4929 ac
778 4870 1031 4945 discitur;
1064 4884 1117 4934 et
1151 4880 1333 4939 linitas
1363 4893 1446 4940 est
1476 4885 1776 4959 Trinitatis,
1810 4903 1861 4946 et
1894 4893 2069 4948 Trini-

482 4971 561 5019 tas
632 4960 879 5023 distincta
952 4970 1229 5043 personis,
1274 4984 1330 5030 et
1372 4979 1643 5049 opulentia
1674 4982 1964 5054 Creatoris,
2014 4997 2070 5043 et

480 5056 773 5126 redemptio
804 5052 1083 5141 passiOnis.
1118 5063 1230 5120 Hoc
1274 5083 1448 5124 nexus
1477 5071 1803 5130 inﬁdelitatis
1833 5052 2065 5134 absolvi-

480 5153 586 5211 tur,
616 5147 718 5204 hoc
744 5150 867 5204 vitae
893 5149 1052 5221 janua
1082 5155 1348 5225 panditur,
1383 5158 1485 5216 hoc
1509 5163 1680 5235 gloria
1707 5167 2068 5228 confessionis

478 5241 799 5300 ostenditur.
828 5244 1134 5317 Symboius,
1156 5250 1517 5323 dilectissimi,
1551 5256 1728 5313 brevis
1755 5269 1838 5315 est
1864 5260 2065 5330 verbis,

476 5335 572 5389 s'ed
601 5343 824 5408 magnus
852 5342 932 5393 est
972 5344 1357 5414 Sacramentis;
1398 5348 1586 5417 parum
1632 5350 1923 5409 ostendens
1965 5353 2068 5409 im-

479 5423 774 5481 minutione
816 5426 1129 5502 latitudinis,
1162 5436 1256 5491 sed
1290 5443 1460 5517 totum
1498 5440 1780 5498 continens
1809 5456 2066 5517 compen-

478 5512 569 5569 dio
610 5514 916 5590 brevitatis;
965 5526 1187 5599 exiguus
1235 5536 1294 5585 ut
1336 5514 1648 5588 memoriam
1699 5552 1804 5589 non
1848 5512 2057 5605 obruat,
2152 5548 2167 5577 ’κ

478 5606 703 5665 diﬁusus
744 5618 801 5668 ut
847 5614 1249 5691 intelligentiam
1314 5627 1666 5696 supercedat;
1736 5629 2064 5688 conﬁrmans

479 5712 669 5759 omnes
717 5705 1037 5774 perfectione
1084 5713 1367 5784 credendi,
1416 5716 1684 5777 desiderio
1732 5722 2058 5795 conﬁtendi,

552 5865 577 5896 ι
605 5854 731 5919 llaec
753 5869 809 5919 et
831 5863 951 5923 duae
971 5878 1259 5939 sequentes
1278 5874 1557 5937 orationes
1574 5878 1796 5937 ibidem.

2194 1937 2312 1993 cali
2358 1945 2416 1991 et
2460 1945 2638 1991 terrm.
2683 1933 2752 1991 Et
2799 1937 2851 1991 in
2886 1933 3073 1991 .iesum
3110 1930 3386 1990 Christum
3432 1932 3623 1988 Filium
3670 1932 3807 2003 ejus

2196 2030 2432 2095 unicum,
2463 2028 2745 2083 Dominum
2794 2036 3057 2083 nostrum.
3108 2025 3211 2094 Qui
3259 2033 3552 2095 corteeptns
3596 2034 3691 2081 est
3731 2025 3807 2083 de

2193 2121 2395 2192 Spiritu
2426 2132 2644 2188 sancto;
2692 2130 2848 2179 natus
2878 2135 2945 2177 ex
2969 2120 3133 2177 laris
3169 2118 3419 2189 Virgine;
3462 2131 3653 2190 passus
3692 2118 3808 2173 sub

2194 2217 2383 2273 Pontio
2428 2216 2637 2285 Pilato;
2698 2216 3018 2281 cruciﬁxus,
3058 2221 3339 2282 mortuus,
3404 2222 3457 2269 et
3512 2214 3805 2284 sepultus;

2195 2310 2354 2365 tertia
2404 2309 2494 2366 die
2522 2309 2817 2366 resurrexit
2863 2323 2894 2364 a
2926 2308 3183 2375 mortuis;
3233 2307 3476 2365 ascendit
3502 2309 3676 2362 victor
3726 2305 3803 2363 ad

2191 2401 2389 2467 caelos;
2437 2401 2575 2458 sedit
2616 2401 2683 2455 ad
2715 2400 2994 2456 dexteram
3022 2399 3118 2456 Dei
3148 2399 3323 2455 Patris
3364 2401 3799 2470 omnipotentis;

2191 2490 2344 2575 inde.
2365 2504 2617 2549 venturus
2646 2493 2888 2563 judicare
2932 2494 3082 2547 vivos
3125 2499 3183 2548 et
3225 2501 3490 2549 mortuos.
3524 2492 3707 2548 Credo
3742 2494 3805 2549 in

2190 2599 2378 2640 sancto
2403 2585 2605 2655 Spiritu
2624 2626 2641 2653 ,
2672 2592 2858 2640 sancta
2885 2584 3125 2641 Ecclesia
3153 2586 3441 2650 catholica.
3476 2596 3798 2641 sanctorum

2190 2678 2646 2741 communionem,
2689 2692 2752 2735 ac
2788 2678 3158 2733 remissionem
3202 2688 3567 2746 peccatorum,
3598 2678 3797 2737 carnis

2192 2771 2658 2835 resurrectionem,
2694 2771 2858 2825 vitam
2885 2780 3167 2827 aeternam.

2260 2864 2570 2934 Symbolum
2599 2864 2763 2930 istud,
2796 2864 3155 2935 dilectissimi,
3199 2881 3306 2922 non
3348 2874 3652 2924 atramento
3679 2867 3787 2924 de-

2191 2959 2443 3029 pingitur,
2485 2958 2578 3013 sed
2630 2959 2876 3015 humanis
2903 2959 3156 3016 cordibus
3205 2959 3467 3016 insertum
3517 2961 3788 3018 inemori-

2190 3050 2471 3105 retinetur.
2518 3049 2558 3115 ἢ
2600 3049 2797 3105 Credo.

2260 3140 2454 3197 iterato
2485 3143 2637 3197 vobis
2684 3144 3000 3217 repetimus,
3028 3158 3137 3216 quo
3166 3145 3379 3203 facilius
3422 3160 3547 3202 eum
3594 3156 3793 3205 tenere

2108 3251 2157 3329 ρ
2189 3236 2426 3329 possitis.
2472 3236 2510 3301 ἡ
2548 3236 2744 3293 Credo.

2136 3318 2153 3333 ³
2260 3328 2428 3385 Credo
2456 3331 2511 3384 in
2536 3330 2701 3385 Deum
2719 3329 2951 3387 Patrem.
2984 3330 3053 3388 Et
3074 3332 3196 3404 quia
3225 3331 3313 3388 lex
3346 3342 3544 3390 nostra
3570 3333 3695 3391 ﬁdei
3728 3335 3790 3393 ita

2186 3420 2447 3478 Trinitate
2492 3424 2760 3492 consistit,
2808 3428 2968 3481 tertio
3004 3428 3314 3497 repetimus,
3349 3436 3408 3482 ut
3440 3428 3557 3499 ipse
3587 3443 3784 3486 nume-

2185 3527 2277 3569 rus
2325 3517 2663 3586 repetitionis
2709 3532 2833 3573 cum
2884 3521 3039 3591 signo
3069 3522 3247 3575 veniat
3276 3520 3572 3577 Trinitatis.
3607 3522 3781 3579 Credo

2182 3606 2237 3658 in
2265 3603 2426 3660 Deum
2449 3604 2679 3661 Patrem.
2734 3610 2876 3677 Ergo
2917 3610 2969 3664 in
3000 3610 3172 3679 primo
3196 3612 3357 3668 habet
3378 3611 3565 3669 Credo.
3618 3614 3785 3671 Vides

2185 3699 2326 3766 quod
2368 3700 2509 3756 Deus
2558 3710 2742 3757 noster
2786 3718 2890 3759 non
2936 3719 3031 3759 vos
3060 3705 3224 3775 ijubet
3272 3707 3539 3762 discutere
3581 3708 3784 3778 judicia

2181 3790 2382 3857 divina,
2434 3793 2529 3847 sed
2573 3794 2838 3861 credere;
2893 3811 2993 3853 nec
3035 3799 3294 3854 rationem
3341 3801 3641 3871 requirere,
3684 3804 3782 3860 sed

2181 3881 2342 3940 ﬁdem
2369 3885 2684 3955 simpliciter
2720 3897 2775 3943 et
2813 3889 3157 3946 immobiliter
3204 3890 3479 3948 adhibere.
3518 3894 3587 3947 In
3614 3894 3781 3949 Deum

2184 3975 2413 4031 Patrem.
2467 3979 2742 4037 Advortite
2786 3984 2928 4052 quod
2973 3983 3101 4039 dum
3134 3984 3227 4041 Dei
3258 3985 3430 4041 Patris
3483 4002 3682 4045 nomen
3723 3990 3774 4046 in

2179 4070 2521 4127 confessione
2565 4073 2861 4145 conjungit,
2900 4076 3137 4134 ostendit
3160 4080 3303 4149 quod
3333 4094 3441 4135 non
3477 4090 3603 4137 ante
3636 4082 3777 4138 Deus

2179 4178 2300 4220 esse
2325 4167 2569 4236 coeperit,
2600 4177 2653 4223 et
2682 4178 2865 4237 postea
2899 4170 3081 4237 Pater,
3128 4173 3219 4227 sed
3253 4173 3369 4227 sine
3400 4174 3511 4229 ullo
3540 4176 3695 4229 initio
3722 4181 3777 4232 et

2178 4254 2322 4312 Deus
2354 4271 2570 4329 semper
2597 4267 2652 4315 et
2678 4259 2855 4315 Pater.
2890 4261 3025 4328 Quia
3054 4276 3186 4331 ergo
3212 4279 3425 4333 semper
3456 4261 3559 4320 fuit
3590 4267 3769 4333 Pater,

2177 4364 2391 4420 semper
2418 4352 2602 4408 habuit
2630 4353 2820 4409 Filium
2852 4354 3005 4425 cujus
3032 4355 3191 4413 Pater
3217 4367 3321 4415 est.
3357 4358 3775 4429 Omnipotentent

2176 4457 2307 4499 vero
2338 4444 2458 4500 ideo
2485 4444 2636 4511 dixit,
2665 4448 2785 4515 quia
2816 4448 2993 4502 omnia
3026 4458 3239 4518 potest;
3283 4452 3480 4522 cuique
3510 4453 3647 4509 nihil
3673 4454 3772 4510 im-

2177 4536 2436 4605 possibile
2460 4548 2542 4593 est
2568 4554 2582 4591 :
2625 4539 2749 4610 quia
2780 4539 2991 4606 caelum,
3020 4548 3245 4609 terram,
3279 4556 3449 4613 mare,
3495 4541 3764 4615 homines,

2098 4628 2352 4700 Dadque
2392 4633 2569 4686 omnia
2619 4632 2889 4699 animalia,
2925 4648 3030 4691 non
3073 4636 3255 4707 aliquo
3297 4640 3479 4708 operis
3529 4648 3653 4696 actu
3681 4648 3773 4698 aut

2176 4722 2424 4791 artiﬁcio,
2454 4725 2549 4780 sed
2578 4726 2696 4781 solo
2720 4729 2923 4783 creavit
2951 4728 3203 4799 imperio.
3236 4730 3303 4784 Et
3330 4732 3450 4787 ideo
3479 4749 3589 4788 non
3619 4735 3769 4790 venit

2175 4814 2228 4869 in
2263 4816 2609 4885 cogitatione,
2642 4820 2910 4888 quomodo
2942 4821 3046 4875 hoc
3073 4831 3165 4876 aut
3194 4821 3322 4876 illud
3357 4826 3589 4892 potuerit
3619 4825 3760 4894 ﬁeri,

2172 4906 2261 4974 qui
2309 4908 2737 4979 OmnipOtentem
2794 4927 3075 4982 precamur
3128 4914 3394 4971 conﬁteri.
3470 4915 3767 4974 Creatorem

2170 5000 2287 5054 cwli
2331 5010 2380 5056 et
2420 5012 2589 5058 teme.
2638 5004 2750 5061 Hoc
2799 5006 2906 5072 sit,
2956 5007 3097 5077 quod
3143 5010 3391 5079 superius
3436 5012 3593 5081 dixit,
3640 5017 3766 5085 quia

2179 5097 2355 5151 omnia
2380 5097 2492 5152 sola
2519 5097 2669 5153 verbi
2704 5107 2962 5168 praestate
2987 5103 3211 5171 perﬁcit.

2248 5186 2414 5244 Credo
2455 5190 2510 5245 in
2530 5187 2730 5246 Filium
2774 5196 2906 5263 ejus.
2949 5195 3224 5253 Advortite
3272 5199 3540 5269 quomodo
3585 5201 3639 5257 in
3664 5202 3764 5259 Pa-

2178 5290 2334 5344 trem.
2368 5284 2446 5337 sic
2491 5290 2548 5339 et
2595 5286 2647 5339 in
2676 5284 2868 5342 Filium
2917 5289 2986 5344 sit
3028 5290 3396 5349 credendum:
3436 5296 3607 5367 etqni
3636 5311 3759 5353 cum

2176 5370 3763 5446 Patre........................

2243 5558 2439 5616 Desunt
2465 5562 2620 5617 etiam
2650 5563 2734 5618 hic
2756 5564 2906 5632 folia.

2481 5654 2646 5712 XVII.
2688 5673 2845 5714 νειιι
2883 5673 2915 5714 v
2953 5675 3009 5715 ut
3044 5674 3206 5720 cuna
3242 5676 3448 5722 eoum.
