  <div class='ocr_page' id='page_1' title='image "/cluster/home/n/w/nwhite01/storage/ocr_20150623/72/hvd.32044015469364/186.png"; bbox 0 0 4048 6350; ppageno 0'>
   <div class='ocr_carea' id='block_1_1' title="bbox 203 344 327 413">
    <p class='ocr_par' dir='ltr' id='par_1_1' title="bbox 203 344 327 413">
     <span class='ocr_line' id='line_1_1' title="bbox 203 344 327 413; baseline -0.008 -9"><span class='ocrx_word' id='word_1_1' title='bbox 203 344 327 413; x_wconf 66' lang='grc' dir='ltr'><strong>ὅῖἶῚ</strong></span> 
     </span>
    </p>
   </div>
   <div class='ocr_carea' id='block_1_2' title="bbox 1245 340 2513 406">
    <p class='ocr_par' dir='ltr' id='par_1_2' title="bbox 1245 340 2513 406">
     <span class='ocr_line' id='line_1_2' title="bbox 1245 340 2513 406; baseline 0.001 -3"><span class='ocrx_word' id='word_1_2' title='bbox 1245 344 1333 404; x_wconf 86' lang='lat' dir='ltr'><strong>DE</strong></span> <span class='ocrx_word' id='word_1_3' title='bbox 1373 344 1697 406; x_wconf 81' lang='lat' dir='ltr'><strong>LITURGIA</strong></span> <span class='ocrx_word' id='word_1_4' title='bbox 1738 341 2134 405; x_wconf 82' lang='lat' dir='ltr'><strong>GALLICANA</strong></span> <span class='ocrx_word' id='word_1_5' title='bbox 2172 344 2384 406; x_wconf 77' lang='lat' dir='ltr'><strong>LIBER</strong></span> <span class='ocrx_word' id='word_1_6' title='bbox 2421 340 2513 404; x_wconf 83' lang='lat' dir='ltr'><strong>lii.</strong></span> 
     </span>
    </p>
   </div>
   <div class='ocr_carea' id='block_1_3' title="bbox 3401 345 3513 423">
    <p class='ocr_par' dir='ltr' id='par_1_3' title="bbox 3401 345 3513 423">
     <span class='ocr_line' id='line_1_3' title="bbox 3401 345 3513 423; baseline 0 0"><span class='ocrx_word' id='word_1_7' title='bbox 3401 345 3513 423; x_wconf 68' lang='grc'><strong>³⁸8</strong></span> 
     </span>
    </p>
   </div>
   <div class='ocr_carea' id='block_1_4' title="bbox 205 460 3505 549">
    <p class='ocr_par' dir='ltr' id='par_1_4' title="bbox 205 460 3505 549">
     <span class='ocr_line' id='line_1_4' title="bbox 205 460 3505 549; baseline 0.001 -32"><span class='ocrx_word' id='word_1_8' title='bbox 205 462 402 538; x_wconf 58' lang='grc' dir='ltr'>θεοῖ</span> <span class='ocrx_word' id='word_1_9' title='bbox 438 461 662 535; x_wconf 79' lang='lat' dir='ltr'><strong>gratiam</strong></span> <span class='ocrx_word' id='word_1_10' title='bbox 725 460 966 545; x_wconf 61' lang='lat' dir='ltr'><strong>utilitatis</strong></span> <span class='ocrx_word' id='word_1_11' title='bbox 1016 462 1271 531; x_wconf 81' lang='lat' dir='ltr'><strong>indulsit;</strong></span> <span class='ocrx_word' id='word_1_12' title='bbox 1316 473 1370 521; x_wconf 92' lang='lat' dir='ltr'><strong>et</strong></span> <span class='ocrx_word' id='word_1_13' title='bbox 1428 465 1810 534; x_wconf 73' lang='lat' dir='ltr'><strong>plenitudinem</strong></span> <span class='ocrx_word' id='word_1_14' title='bbox 1839 467 1889 523; x_wconf 84' lang='lat' dir='ltr'><strong>A</strong></span> <span class='ocrx_word' id='word_1_15' title='bbox 1917 478 2107 519; x_wconf 86' lang='lat' dir='ltr'><strong>cruore</strong></span> <span class='ocrx_word' id='word_1_16' title='bbox 2154 474 2389 549; x_wconf 82' lang='lat' dir='ltr'><strong>gustato,</strong></span> <span class='ocrx_word' id='word_1_17' title='bbox 2436 474 2679 534; x_wconf 88' lang='lat' dir='ltr'><strong>petamus</strong></span> <span class='ocrx_word' id='word_1_18' title='bbox 2726 468 2787 519; x_wconf 92' lang='lat' dir='ltr'><strong>ut</strong></span> <span class='ocrx_word' id='word_1_19' title='bbox 2821 461 3093 535; x_wconf 74' lang='lat' dir='ltr'><strong>possideat</strong></span> <span class='ocrx_word' id='word_1_20' title='bbox 3136 468 3380 534; x_wconf 85' lang='lat' dir='ltr'><strong>pectora,</strong></span> <span class='ocrx_word' id='word_1_21' title='bbox 3412 465 3505 535; x_wconf 87' lang='lat' dir='ltr'><strong>qui</strong></span> 
     </span>
    </p>
   </div>
   <div class='ocr_carea' id='block_1_5' title="bbox 208 552 1812 629">
    <p class='ocr_par' dir='ltr' id='par_1_5' title="bbox 208 552 1812 629">
     <span class='ocr_line' id='line_1_5' title="bbox 208 552 1812 629; baseline 0.002 -20"><span class='ocrx_word' id='word_1_22' title='bbox 208 563 326 610; x_wconf 84' lang='lat' dir='ltr'><strong>tuae</strong></span> <span class='ocrx_word' id='word_1_23' title='bbox 358 554 743 613; x_wconf 80' lang='lat' dir='ltr'><strong>benedictionis</strong></span> <span class='ocrx_word' id='word_1_24' title='bbox 774 554 983 629; x_wconf 87' lang='lat' dir='ltr'><strong>adjecit.</strong></span> <span class='ocrx_word' id='word_1_25' title='bbox 1010 552 1112 612; x_wconf 83' lang='lat' dir='ltr'><strong>Per</strong></span> <span class='ocrx_word' id='word_1_26' title='bbox 1136 554 1277 612; x_wconf 84' lang='lat' dir='ltr'><strong>hunc</strong></span> <span class='ocrx_word' id='word_1_27' title='bbox 1302 573 1429 627; x_wconf 91' lang='lat' dir='ltr'><strong>ergo</strong></span> <span class='ocrx_word' id='word_1_28' title='bbox 1462 567 1534 623; x_wconf 88' lang='lat' dir='ltr'><strong>te,</strong></span> <span class='ocrx_word' id='word_1_29' title='bbox 1566 557 1812 625; x_wconf 82' lang='lat' dir='ltr'><strong>Domine,</strong></span> 
     </span>
    </p>
   </div>
   <div class='ocr_carea' id='block_1_6' title="bbox 212 646 1815 720">
    <p class='ocr_par' dir='ltr' id='par_1_6' title="bbox 212 646 1815 720">
     <span class='ocr_line' id='line_1_6' title="bbox 212 646 1815 720; baseline 0.004 -19"><span class='ocrx_word' id='word_1_30' title='bbox 212 663 315 720; x_wconf 89' lang='lat' dir='ltr'><strong>per</strong></span> <span class='ocrx_word' id='word_1_31' title='bbox 346 664 502 718; x_wconf 89' lang='lat' dir='ltr'><strong>quem</strong></span> <span class='ocrx_word' id='word_1_32' title='bbox 527 662 737 714; x_wconf 89' lang='lat' dir='ltr'><strong>omnes,</strong></span> <span class='ocrx_word' id='word_1_33' title='bbox 770 646 893 704; x_wconf 78' lang='lat' dir='ltr'><strong>licet</strong></span> <span class='ocrx_word' id='word_1_34' title='bbox 939 648 1298 720; x_wconf 87' lang='lat' dir='ltr'><strong>indignorum,</strong></span> <span class='ocrx_word' id='word_1_35' title='bbox 1326 656 1561 707; x_wconf 80' lang='lat' dir='ltr'><strong>attamen</strong></span> <span class='ocrx_word' id='word_1_36' title='bbox 1590 652 1815 708; x_wconf 89' lang='lat' dir='ltr'><strong>creden-</strong></span> 
     </span>
    </p>
   </div>
   <div class='ocr_carea' id='block_1_7' title="bbox 212 741 1815 821">
    <p class='ocr_par' dir='ltr' id='par_1_7' title="bbox 212 741 1815 821">
     <span class='ocr_line' id='line_1_7' title="bbox 212 741 1815 821; baseline 0.004 -24"><span class='ocrx_word' id='word_1_37' title='bbox 212 743 351 797; x_wconf 89' lang='lat' dir='ltr'><strong>tium</strong></span> <span class='ocrx_word' id='word_1_38' title='bbox 390 755 574 810; x_wconf 86' lang='lat' dir='ltr'><strong>preces</strong></span> <span class='ocrx_word' id='word_1_39' title='bbox 612 741 859 819; x_wconf 85' lang='lat' dir='ltr'><strong>placabili</strong></span> <span class='ocrx_word' id='word_1_40' title='bbox 908 757 1038 798; x_wconf 91' lang='lat' dir='ltr'><strong>aure</strong></span> <span class='ocrx_word' id='word_1_41' title='bbox 1063 744 1317 821; x_wconf 58' lang='lat' dir='ltr'><strong>exaudis,</strong></span> <span class='ocrx_word' id='word_1_42' title='bbox 1341 745 1653 821; x_wconf 89' lang='lat' dir='ltr'><strong>suppliciter</strong></span> <span class='ocrx_word' id='word_1_43' title='bbox 1692 762 1815 803; x_wconf 86' lang='lat' dir='ltr'><strong>ora-</strong></span> 
     </span>
    </p>
   </div>
   <div class='ocr_carea' id='block_1_8' title="bbox 212 818 1803 913">
    <p class='ocr_par' dir='ltr' id='par_1_8' title="bbox 212 818 1803 913">
     <span class='ocr_line' id='line_1_8' title="bbox 212 818 1803 913; baseline 0.004 -26"><span class='ocrx_word' id='word_1_44' title='bbox 212 847 370 897; x_wconf 87' lang='lat' dir='ltr'><strong>mus,</strong></span> <span class='ocrx_word' id='word_1_45' title='bbox 415 842 473 887; x_wconf 91' lang='lat' dir='ltr'><strong>ut</strong></span> <span class='ocrx_word' id='word_1_46' title='bbox 497 818 643 901; x_wconf 73' lang='lat' dir='ltr'><strong>huic,</strong></span> <span class='ocrx_word' id='word_1_47' title='bbox 684 832 828 904; x_wconf 87' lang='lat' dir='ltr'><strong>quod</strong></span> <span class='ocrx_word' id='word_1_48' title='bbox 866 818 1163 913; x_wconf 67' lang='lat' dir='ltr'><strong>offerimus,</strong></span> <span class='ocrx_word' id='word_1_49' title='bbox 1195 818 1467 907; x_wconf 79' lang='lat' dir='ltr'><strong>unguento</strong></span> <span class='ocrx_word' id='word_1_50' title='bbox 1495 853 1561 894; x_wconf 80' lang='lat' dir='ltr'><strong>ex</strong></span> <span class='ocrx_word' id='word_1_51' title='bbox 1589 854 1803 894; x_wconf 87' lang='lat' dir='ltr'><strong>aroma-</strong></span> 
     </span>
    </p>
   </div>
   <div class='ocr_carea' id='block_1_9' title="bbox 214 916 1813 1007">
    <p class='ocr_par' dir='ltr' id='par_1_9' title="bbox 214 916 1813 1007">
     <span class='ocr_line' id='line_1_9' title="bbox 214 916 1813 1007; baseline 0.006 -29"><span class='ocrx_word' id='word_1_52' title='bbox 214 925 363 979; x_wconf 88' lang='lat' dir='ltr'><strong>tibus</strong></span> <span class='ocrx_word' id='word_1_53' title='bbox 394 924 533 981; x_wconf 90' lang='lat' dir='ltr'><strong>horti</strong></span> <span class='ocrx_word' id='word_1_54' title='bbox 574 926 646 981; x_wconf 92' lang='lat' dir='ltr'><strong>tui</strong></span> <span class='ocrx_word' id='word_1_55' title='bbox 694 936 747 983; x_wconf 91' lang='lat' dir='ltr'><strong>et</strong></span> <span class='ocrx_word' id='word_1_56' title='bbox 776 924 1005 999; x_wconf 85' lang='lat' dir='ltr'><strong>paradisi</strong></span> <span class='ocrx_word' id='word_1_57' title='bbox 1036 926 1109 983; x_wconf 91' lang='lat' dir='ltr'><strong>tui</strong></span> <span class='ocrx_word' id='word_1_58' title='bbox 1135 916 1265 985; x_wconf 82' lang='lat' dir='ltr'><strong>ﬂore</strong></span> <span class='ocrx_word' id='word_1_59' title='bbox 1293 939 1551 1003; x_wconf 78' lang='lat' dir='ltr'><strong>perpetuo</strong></span> <span class='ocrx_word' id='word_1_60' title='bbox 1583 930 1813 1007; x_wconf 89' lang='lat' dir='ltr'><strong>odorem</strong></span> 
     </span>
    </p>
   </div>
   <div class='ocr_carea' id='block_1_10' title="bbox 209 1010 1814 1101">
    <p class='ocr_par' dir='ltr' id='par_1_10' title="bbox 209 1010 1814 1101">
     <span class='ocr_line' id='line_1_10' title="bbox 209 1010 1814 1101; baseline 0.005 -31"><span class='ocrx_word' id='word_1_61' title='bbox 209 1018 499 1101; x_wconf 82' lang='lat' dir='ltr'><strong>suavitatis</strong></span> <span class='ocrx_word' id='word_1_62' title='bbox 531 1017 739 1090; x_wconf 80' lang='lat' dir='ltr'><strong>injicias</strong></span> <span class='ocrx_word' id='word_1_63' title='bbox 759 1010 787 1087; x_wconf 76' lang='grc'><strong>;’</strong></span> <span class='ocrx_word' id='word_1_64' title='bbox 814 1020 1120 1101; x_wconf 84' lang='lat' dir='ltr'><strong>accumules</strong></span> <span class='ocrx_word' id='word_1_65' title='bbox 1168 1010 1389 1093; x_wconf 80' lang='lat' dir='ltr'><strong>insuper</strong></span> <span class='ocrx_word' id='word_1_66' title='bbox 1417 1039 1535 1079; x_wconf 88' lang='lat' dir='ltr'><strong>eam</strong></span> <span class='ocrx_word' id='word_1_67' title='bbox 1562 1025 1814 1093; x_wconf 80' lang='lat' dir='ltr'><strong>gratiam,</strong></span> 
     </span>
    </p>
   </div>
   <div class='ocr_carea' id='block_1_11' title="bbox 208 1094 1814 1191">
    <p class='ocr_par' dir='ltr' id='par_1_11' title="bbox 208 1094 1814 1191">
     <span class='ocr_line' id='line_1_11' title="bbox 208 1094 1814 1191; baseline 0.003 -29"><span class='ocrx_word' id='word_1_68' title='bbox 208 1094 449 1178; x_wconf 82' lang='lat' dir='ltr'><strong>eamque</strong></span> <span class='ocrx_word' id='word_1_69' title='bbox 468 1100 749 1178; x_wconf 87' lang='lat' dir='ltr'><strong>virtutem,</strong></span> <span class='ocrx_word' id='word_1_70' title='bbox 798 1127 900 1189; x_wconf 86' lang='lat' dir='ltr'><strong>qua</strong></span> <span class='ocrx_word' id='word_1_71' title='bbox 949 1094 1216 1183; x_wconf 84' lang='lat' dir='ltr'><strong>quondam</strong></span> <span class='ocrx_word' id='word_1_72' title='bbox 1260 1110 1435 1191; x_wconf 83' lang='lat' dir='ltr'><strong>reges,</strong></span> <span class='ocrx_word' id='word_1_73' title='bbox 1468 1102 1814 1191; x_wconf 78' lang='lat' dir='ltr'><strong>sacerdmes,</strong></span> 
     </span>
    </p>
   </div>
   <div class='ocr_carea' id='block_1_12' title="bbox 210 1188 1818 1275">
    <p class='ocr_par' dir='ltr' id='par_1_12' title="bbox 210 1188 1818 1275">
     <span class='ocr_line' id='line_1_12' title="bbox 210 1188 1818 1275; baseline 0.004 -21"><span class='ocrx_word' id='word_1_74' title='bbox 210 1199 530 1269; x_wconf 78' lang='lat' dir='ltr'><strong>praphetas,</strong></span> <span class='ocrx_word' id='word_1_75' title='bbox 568 1214 736 1256; x_wconf 84' lang='lat' dir='ltr'><strong>cornu</strong></span> <span class='ocrx_word' id='word_1_76' title='bbox 772 1216 803 1257; x_wconf 85' lang='lat' dir='ltr'><strong>a</strong></span> <span class='ocrx_word' id='word_1_77' title='bbox 838 1188 1126 1273; x_wconf 78' lang='lat' dir='ltr'><strong>dilectione</strong></span> <span class='ocrx_word' id='word_1_78' title='bbox 1168 1188 1601 1275; x_wconf 27' lang='lat' dir='ltr'><strong>tua-exundante</strong></span> <span class='ocrx_word' id='word_1_79' title='bbox 1640 1188 1818 1275; x_wconf 44' lang='lat' dir='ltr'><strong>perfu;</strong></span> 
     </span>
    </p>
   </div>
   <div class='ocr_carea' id='block_1_13' title="bbox 211 1282 1816 1368">
    <p class='ocr_par' dir='ltr' id='par_1_13' title="bbox 211 1282 1816 1368">
     <span class='ocr_line' id='line_1_13' title="bbox 211 1282 1816 1368; baseline 0.006 -21"><span class='ocrx_word' id='word_1_80' title='bbox 211 1306 332 1363; x_wconf 86' lang='lat' dir='ltr'><strong>sos,</strong></span> <span class='ocrx_word' id='word_1_81' title='bbox 363 1294 556 1362; x_wconf 91' lang='lat' dir='ltr'><strong>plenus</strong></span> <span class='ocrx_word' id='word_1_82' title='bbox 584 1293 885 1351; x_wconf 90' lang='lat' dir='ltr'><strong>ofﬁciorum</strong></span> <span class='ocrx_word' id='word_1_83' title='bbox 925 1286 1145 1351; x_wconf 88' lang='lat' dir='ltr'><strong>suorum</strong></span> <span class='ocrx_word' id='word_1_84' title='bbox 1182 1282 1535 1368; x_wconf 75' lang='lat' dir='ltr'><strong>dignitatibus</strong></span> <span class='ocrx_word' id='word_1_85' title='bbox 1566 1298 1816 1365; x_wconf 83' lang='lat' dir='ltr'><strong>induisti;</strong></span> 
     </span>
    </p>
   </div>
   <div class='ocr_carea' id='block_1_14' title="bbox 214 1368 1813 1465">
    <p class='ocr_par' dir='ltr' id='par_1_14' title="bbox 214 1368 1813 1465">
     <span class='ocr_line' id='line_1_14' title="bbox 214 1368 1813 1465; baseline 0.004 -28"><span class='ocrx_word' id='word_1_86' title='bbox 214 1389 277 1437; x_wconf 91' lang='lat' dir='ltr'><strong>ut</strong></span> <span class='ocrx_word' id='word_1_87' title='bbox 319 1368 445 1439; x_wconf 82' lang='lat' dir='ltr'><strong>cum</strong></span> <span class='ocrx_word' id='word_1_88' title='bbox 499 1385 695 1445; x_wconf 80' lang='lat' dir='ltr'><strong>exinde</strong></span> <span class='ocrx_word' id='word_1_89' title='bbox 743 1402 932 1465; x_wconf 81' lang='lat' dir='ltr'><strong>novam</strong></span> <span class='ocrx_word' id='word_1_90' title='bbox 983 1388 1081 1444; x_wconf 90' lang='lat' dir='ltr'><strong>tibi</strong></span> <span class='ocrx_word' id='word_1_91' title='bbox 1146 1386 1397 1444; x_wconf 81' lang='lat' dir='ltr'><strong>familiam</strong></span> <span class='ocrx_word' id='word_1_92' title='bbox 1465 1374 1813 1456; x_wconf 85' lang='lat' dir='ltr'><strong>unxerimus,</strong></span> 
     </span>
    </p>
   </div>
   <div class='ocr_carea' id='block_1_15' title="bbox 214 1466 1819 1555">
    <p class='ocr_par' dir='ltr' id='par_1_15' title="bbox 214 1466 1819 1555">
     <span class='ocr_line' id='line_1_15' title="bbox 214 1466 1819 1555; baseline 0.004 -24"><span class='ocrx_word' id='word_1_93' title='bbox 214 1477 609 1555; x_wconf 79' lang='lat' dir='ltr'><strong>superveniens</strong></span> <span class='ocrx_word' id='word_1_94' title='bbox 658 1478 709 1533; x_wconf 93' lang='lat' dir='ltr'><strong>in</strong></span> <span class='ocrx_word' id='word_1_95' title='bbox 758 1494 872 1544; x_wconf 90' lang='lat' dir='ltr'><strong>eos,</strong></span> <span class='ocrx_word' id='word_1_96' title='bbox 906 1480 1282 1550; x_wconf 89' lang='lat' dir='ltr'><strong>cooperatione</strong></span> <span class='ocrx_word' id='word_1_97' title='bbox 1306 1466 1542 1551; x_wconf 86' lang='lat' dir='ltr'><strong>Spiritus</strong></span> <span class='ocrx_word' id='word_1_98' title='bbox 1568 1466 1664 1539; x_wconf 50' lang='grc' dir='ltr'>ἰιιί</span> <span class='ocrx_word' id='word_1_99' title='bbox 1694 1498 1819 1538; x_wconf 90' lang='lat' dir='ltr'><strong>sau-</strong></span> 
     </span>
    </p>
   </div>
   <div class='ocr_carea' id='block_1_16' title="bbox 220 1566 1820 1649">
    <p class='ocr_par' dir='ltr' id='par_1_16' title="bbox 220 1566 1820 1649">
     <span class='ocr_line' id='line_1_16' title="bbox 220 1566 1820 1649; baseline 0.006 -27"><span class='ocrx_word' id='word_1_100' title='bbox 220 1570 331 1636; x_wconf 89' lang='lat' dir='ltr'><strong>cti,</strong></span> <span class='ocrx_word' id='word_1_101' title='bbox 373 1585 499 1625; x_wconf 86' lang='lat' dir='ltr'><strong>aura</strong></span> <span class='ocrx_word' id='word_1_102' title='bbox 543 1572 727 1642; x_wconf 69' lang='lat' dir='ltr'><strong>gratia:</strong></span> <span class='ocrx_word' id='word_1_103' title='bbox 776 1566 1007 1628; x_wconf 71' lang='lat' dir='ltr'><strong>caelestis</strong></span> <span class='ocrx_word' id='word_1_104' title='bbox 1052 1574 1323 1645; x_wconf 87' lang='lat' dir='ltr'><strong>adspiret;</strong></span> <span class='ocrx_word' id='word_1_105' title='bbox 1373 1584 1432 1645; x_wconf 90' lang='lat' dir='ltr'><strong>ut</strong></span> <span class='ocrx_word' id='word_1_106' title='bbox 1479 1576 1561 1632; x_wconf 89' lang='lat' dir='ltr'><strong>his</strong></span> <span class='ocrx_word' id='word_1_107' title='bbox 1606 1592 1820 1649; x_wconf 91' lang='lat' dir='ltr'><strong>quoque</strong></span> 
     </span>
    </p>
   </div>
   <div class='ocr_carea' id='block_1_17' title="bbox 217 1661 1820 1745">
    <p class='ocr_par' dir='ltr' id='par_1_17' title="bbox 217 1661 1820 1745">
     <span class='ocr_line' id='line_1_17' title="bbox 217 1661 1820 1745; baseline 0.006 -28"><span class='ocrx_word' id='word_1_108' title='bbox 217 1676 355 1718; x_wconf 83' lang='lat' dir='ltr'><strong>vere</strong></span> <span class='ocrx_word' id='word_1_109' title='bbox 377 1661 574 1720; x_wconf 85' lang='lat' dir='ltr'><strong>Christi</strong></span> <span class='ocrx_word' id='word_1_110' title='bbox 622 1666 696 1721; x_wconf 90' lang='lat' dir='ltr'><strong>tui</strong></span> <span class='ocrx_word' id='word_1_111' title='bbox 742 1674 798 1722; x_wconf 86' lang='lat' dir='ltr'><strong>et</strong></span> <span class='ocrx_word' id='word_1_112' title='bbox 824 1665 946 1722; x_wconf 87' lang='lat' dir='ltr'><strong>Filii</strong></span> <span class='ocrx_word' id='word_1_113' title='bbox 990 1668 1090 1734; x_wconf 86' lang='lat' dir='ltr'><strong>tui,</strong></span> <span class='ocrx_word' id='word_1_114' title='bbox 1136 1669 1305 1745; x_wconf 73' lang='lat' dir='ltr'><strong>sancti</strong></span> <span class='ocrx_word' id='word_1_115' title='bbox 1337 1664 1565 1738; x_wconf 88' lang='lat' dir='ltr'><strong>Spiritus</strong></span> <span class='ocrx_word' id='word_1_116' title='bbox 1611 1670 1820 1740; x_wconf 86' lang='lat' dir='ltr'><strong>inlapsa</strong></span> 
     </span>
    </p>
   </div>
   <div class='ocr_carea' id='block_1_18' title="bbox 219 1754 1814 1841">
    <p class='ocr_par' dir='ltr' id='par_1_18' title="bbox 219 1754 1814 1841">
     <span class='ocr_line' id='line_1_18' title="bbox 219 1754 1814 1841; baseline 0.008 -34"><span class='ocrx_word' id='word_1_117' title='bbox 219 1754 445 1841; x_wconf 76' lang='lat' dir='ltr'><strong>virtute,</strong></span> <span class='ocrx_word' id='word_1_118' title='bbox 473 1755 773 1841; x_wconf 70' lang='lat' dir='ltr'><strong>efficiantur</strong></span> <span class='ocrx_word' id='word_1_119' title='bbox 802 1757 959 1830; x_wconf 85' lang='lat' dir='ltr'><strong>huj&#39;us</strong></span> <span class='ocrx_word' id='word_1_120' title='bbox 989 1775 1201 1831; x_wconf 90' lang='lat' dir='ltr'><strong>semper</strong></span> <span class='ocrx_word' id='word_1_121' title='bbox 1228 1761 1462 1837; x_wconf 80' lang='lat' dir='ltr'><strong>nominis</strong></span> <span class='ocrx_word' id='word_1_122' title='bbox 1488 1760 1814 1839; x_wconf 86' lang='lat' dir='ltr'><strong>coheredes.</strong></span> 
     </span>
    </p>
   </div>
   <div class='ocr_carea' id='block_1_19' title="bbox 219 1846 1162 1923">
    <p class='ocr_par' dir='ltr' id='par_1_19' title="bbox 219 1846 1162 1923">
     <span class='ocr_line' id='line_1_19' title="bbox 219 1846 1162 1923; baseline 0.004 -20"><span class='ocrx_word' id='word_1_123' title='bbox 219 1846 328 1904; x_wconf 88' lang='lat' dir='ltr'><strong>Per</strong></span> <span class='ocrx_word' id='word_1_124' title='bbox 358 1848 641 1909; x_wconf 88' lang='lat' dir='ltr'><strong>Dominum</strong></span> <span class='ocrx_word' id='word_1_125' title='bbox 686 1859 925 1919; x_wconf 82' lang='lat' dir='ltr'><strong>nostrum</strong></span> <span class='ocrx_word' id='word_1_126' title='bbox 958 1851 1162 1923; x_wconf 77' lang='lat' dir='ltr'><strong>Jesum.</strong></span> 
     </span>
    </p>
   </div>
   <div class='ocr_carea' id='block_1_20' title="bbox 590 1936 1355 2007">
    <p class='ocr_par' dir='ltr' id='par_1_20' title="bbox 590 1936 1355 2007">
     <span class='ocr_line' id='line_1_20' title="bbox 590 1936 1355 2007; baseline 0.004 -16"><span class='ocrx_word' id='word_1_127' title='bbox 590 1936 593 1939; x_wconf 80' lang='grc'><em>’</em></span> <span class='ocrx_word' id='word_1_128' title='bbox 705 1941 827 2003; x_wconf 84' lang='lat' dir='ltr'><strong>Post</strong></span> <span class='ocrx_word' id='word_1_129' title='bbox 850 1944 1072 2005; x_wconf 82' lang='lat' dir='ltr'><strong>Sanctus,</strong></span> <span class='ocrx_word' id='word_1_130' title='bbox 1101 1943 1167 1993; x_wconf 84' lang='lat' dir='ltr'><strong>Te</strong></span> <span class='ocrx_word' id='word_1_131' title='bbox 1188 1940 1355 2007; x_wconf 78' lang='lat' dir='ltr'><strong>igitur.</strong></span> 
     </span>
    </p>
   </div>
   <div class='ocr_carea' id='block_1_21' title="bbox 292 2008 1819 2090">
    <p class='ocr_par' dir='ltr' id='par_1_21' title="bbox 292 2008 1819 2090">
     <span class='ocr_line' id='line_1_21' title="bbox 292 2008 1819 2090; baseline 0.004 -15"><span class='ocrx_word' id='word_1_132' title='bbox 292 2020 795 2090; x_wconf 88' lang='lat' dir='ltr'><strong>Communicantes,</strong></span> <span class='ocrx_word' id='word_1_133' title='bbox 832 2035 884 2079; x_wconf 91' lang='lat' dir='ltr'><strong>et</strong></span> <span class='ocrx_word' id='word_1_134' title='bbox 912 2010 1055 2079; x_wconf 84' lang='lat' dir='ltr'><strong>diem</strong></span> <span class='ocrx_word' id='word_1_135' title='bbox 1085 2008 1507 2081; x_wconf 87' lang='lat' dir='ltr'><strong>sacratissimum</strong></span> <span class='ocrx_word' id='word_1_136' title='bbox 1538 2024 1819 2081; x_wconf 88' lang='lat' dir='ltr'><strong>celebran-</strong></span> 
     </span>
    </p>
   </div>
   <div class='ocr_carea' id='block_1_22' title="bbox 220 2116 1817 2189">
    <p class='ocr_par' dir='ltr' id='par_1_22' title="bbox 220 2116 1817 2189">
     <span class='ocr_line' id='line_1_22' title="bbox 220 2116 1817 2189; baseline 0.003 -21"><span class='ocrx_word' id='word_1_137' title='bbox 220 2122 331 2183; x_wconf 89' lang='lat' dir='ltr'><strong>tes,</strong></span> <span class='ocrx_word' id='word_1_138' title='bbox 360 2129 469 2185; x_wconf 87' lang='lat' dir='ltr'><strong>quo</strong></span> <span class='ocrx_word' id='word_1_139' title='bbox 498 2117 723 2187; x_wconf 77' lang='lat' dir='ltr'><strong>traditus</strong></span> <span class='ocrx_word' id='word_1_140' title='bbox 753 2127 835 2170; x_wconf 93' lang='lat' dir='ltr'><strong>est</strong></span> <span class='ocrx_word' id='word_1_141' title='bbox 868 2116 1125 2172; x_wconf 90' lang='lat' dir='ltr'><strong>Dominus</strong></span> <span class='ocrx_word' id='word_1_142' title='bbox 1154 2126 1337 2172; x_wconf 88' lang='lat' dir='ltr'><strong>noster</strong></span> <span class='ocrx_word' id='word_1_143' title='bbox 1359 2116 1513 2189; x_wconf 72' lang='lat' dir='ltr'><strong>Iesus</strong></span> <span class='ocrx_word' id='word_1_144' title='bbox 1541 2116 1817 2186; x_wconf 85' lang='lat' dir='ltr'><strong>Christus;</strong></span> 
     </span>
    </p>
   </div>
   <div class='ocr_carea' id='block_1_23' title="bbox 220 2192 1483 2285">
    <p class='ocr_par' dir='ltr' id='par_1_23' title="bbox 220 2192 1483 2285">
     <span class='ocr_line' id='line_1_23' title="bbox 220 2192 1483 2285; baseline 0.004 -24"><span class='ocrx_word' id='word_1_145' title='bbox 220 2206 319 2261; x_wconf 83' lang='lat' dir='ltr'><strong>sed</strong></span> <span class='ocrx_word' id='word_1_146' title='bbox 351 2217 405 2261; x_wconf 90' lang='lat' dir='ltr'><strong>et</strong></span> <span class='ocrx_word' id='word_1_147' title='bbox 434 2192 749 2263; x_wconf 87' lang='lat' dir='ltr'><strong>memoriam</strong></span> <span class='ocrx_word' id='word_1_148' title='bbox 777 2216 1121 2285; x_wconf 74' lang='lat' dir='ltr'><strong>venerantes.</strong></span> <span class='ocrx_word' id='word_1_149' title='bbox 1478 2192 1483 2201; x_wconf 58' lang='grc'><em>’</em></span> 
     </span>
    </p>
   </div>
   <div class='ocr_carea' id='block_1_24' title="bbox 298 2301 1823 2379">
    <p class='ocr_par' dir='ltr' id='par_1_24' title="bbox 298 2301 1823 2379">
     <span class='ocr_line' id='line_1_24' title="bbox 298 2301 1823 2379; baseline 0.002 -23"><span class='ocrx_word' id='word_1_150' title='bbox 298 2301 447 2356; x_wconf 79' lang='lat' dir='ltr'><strong>Hanc</strong></span> <span class='ocrx_word' id='word_1_151' title='bbox 493 2302 650 2373; x_wconf 90' lang='lat' dir='ltr'><strong>igitur</strong></span> <span class='ocrx_word' id='word_1_152' title='bbox 692 2303 1037 2370; x_wconf 82' lang='lat' dir='ltr'><strong>oblationem,</strong></span> <span class='ocrx_word' id='word_1_153' title='bbox 1088 2318 1246 2375; x_wconf 87' lang='lat' dir='ltr'><strong>quam</strong></span> <span class='ocrx_word' id='word_1_154' title='bbox 1297 2303 1389 2375; x_wconf 86' lang='lat' dir='ltr'><strong>tibi</strong></span> <span class='ocrx_word' id='word_1_155' title='bbox 1439 2302 1714 2379; x_wconf 75' lang='lat' dir='ltr'><strong>oﬁ&#39;erimus</strong></span> <span class='ocrx_word' id='word_1_156' title='bbox 1751 2304 1823 2361; x_wconf 93' lang='lat' dir='ltr'><strong>ob</strong></span> 
     </span>
    </p>
   </div>
   <div class='ocr_carea' id='block_1_25' title="bbox 222 2393 1819 2481">
    <p class='ocr_par' dir='ltr' id='par_1_25' title="bbox 222 2393 1819 2481">
     <span class='ocr_line' id='line_1_25' title="bbox 222 2393 1819 2481; baseline 0 -31"><span class='ocrx_word' id='word_1_157' title='bbox 222 2393 370 2450; x_wconf 86' lang='lat' dir='ltr'><strong>diem</strong></span> <span class='ocrx_word' id='word_1_158' title='bbox 401 2394 592 2465; x_wconf 77' lang='lat' dir='ltr'><strong>iejunii</strong></span> <span class='ocrx_word' id='word_1_159' title='bbox 625 2395 803 2451; x_wconf 67' lang='lat' dir='ltr'><strong>Cinnae</strong></span> <span class='ocrx_word' id='word_1_160' title='bbox 838 2395 1151 2473; x_wconf 73' lang='lat' dir='ltr'><strong>Dominicae,</strong></span> <span class='ocrx_word' id='word_1_161' title='bbox 1197 2397 1247 2449; x_wconf 91' lang='lat' dir='ltr'><strong>in</strong></span> <span class='ocrx_word' id='word_1_162' title='bbox 1276 2410 1378 2481; x_wconf 80' lang='lat' dir='ltr'><strong>qua</strong></span> <span class='ocrx_word' id='word_1_163' title='bbox 1412 2395 1670 2449; x_wconf 89' lang='lat' dir='ltr'><strong>Dominus</strong></span> <span class='ocrx_word' id='word_1_164' title='bbox 1721 2411 1819 2450; x_wconf 83' lang='lat' dir='ltr'><strong>no—</strong></span> 
     </span>
    </p>
   </div>
   <div class='ocr_carea' id='block_1_26' title="bbox 223 2484 1824 2541">
    <p class='ocr_par' dir='ltr' id='par_1_26' title="bbox 223 2484 1824 2541">
     <span class='ocr_line' id='line_1_26' title="bbox 223 2484 1824 2541; baseline -0.001 -1"><span class='ocrx_word' id='word_1_165' title='bbox 223 2494 339 2541; x_wconf 78' lang='lat' dir='ltr'><strong>ater</strong></span> <span class='ocrx_word' id='word_1_166' title='bbox 361 2485 516 2541; x_wconf 78' lang='lat' dir='ltr'><strong>Jesus</strong></span> <span class='ocrx_word' id='word_1_167' title='bbox 546 2484 793 2541; x_wconf 81' lang='lat' dir='ltr'><strong>Christus</strong></span> <span class='ocrx_word' id='word_1_168' title='bbox 817 2484 979 2541; x_wconf 89' lang='lat' dir='ltr'><strong>Filius</strong></span> <span class='ocrx_word' id='word_1_169' title='bbox 1028 2494 1149 2541; x_wconf 87' lang='lat' dir='ltr'><strong>tuus</strong></span> <span class='ocrx_word' id='word_1_170' title='bbox 1190 2486 1243 2541; x_wconf 90' lang='lat' dir='ltr'><strong>in</strong></span> <span class='ocrx_word' id='word_1_171' title='bbox 1294 2500 1436 2540; x_wconf 82' lang='lat' dir='ltr'><strong>novo</strong></span> <span class='ocrx_word' id='word_1_172' title='bbox 1478 2484 1824 2540; x_wconf 84' lang='lat' dir='ltr'><strong>Testamento</strong></span> 
     </span>
    </p>
   </div>
   <div class='ocr_carea' id='block_1_27' title="bbox 225 2562 1824 2653">
    <p class='ocr_par' dir='ltr' id='par_1_27' title="bbox 225 2562 1824 2653">
     <span class='ocr_line' id='line_1_27' title="bbox 225 2562 1824 2653; baseline -0.001 -22"><span class='ocrx_word' id='word_1_173' title='bbox 225 2576 567 2653; x_wconf 77' lang='lat' dir='ltr'><strong>sacriﬁcandi</strong></span> <span class='ocrx_word' id='word_1_174' title='bbox 610 2575 769 2631; x_wconf 90' lang='lat' dir='ltr'><strong>ritum</strong></span> <span class='ocrx_word' id='word_1_175' title='bbox 819 2575 1071 2640; x_wconf 88' lang='lat' dir='ltr'><strong>instituit,</strong></span> <span class='ocrx_word' id='word_1_176' title='bbox 1122 2562 1246 2630; x_wconf 90' lang='lat' dir='ltr'><strong>dum</strong></span> <span class='ocrx_word' id='word_1_177' title='bbox 1292 2589 1485 2645; x_wconf 86' lang='lat' dir='ltr'><strong>panem</strong></span> <span class='ocrx_word' id='word_1_178' title='bbox 1534 2588 1596 2629; x_wconf 90' lang='lat' dir='ltr'><strong>ac</strong></span> <span class='ocrx_word' id='word_1_179' title='bbox 1642 2568 1824 2629; x_wconf 88' lang='lat' dir='ltr'><strong>vinum</strong></span> 
     </span>
    </p>
   </div>
   <div class='ocr_carea' id='block_1_28' title="bbox 228 2656 1824 2738">
    <p class='ocr_par' dir='ltr' id='par_1_28' title="bbox 228 2656 1824 2738">
     <span class='ocr_line' id='line_1_28' title="bbox 228 2656 1824 2738; baseline 0 -18"><span class='ocrx_word' id='word_1_180' title='bbox 228 2670 374 2738; x_wconf 70' lang='lat' dir='ltr'><strong>(qua:</strong></span> <span class='ocrx_word' id='word_1_181' title='bbox 401 2656 790 2722; x_wconf 85' lang='lat' dir='ltr'><strong>Melchisedech</strong></span> <span class='ocrx_word' id='word_1_182' title='bbox 822 2669 873 2721; x_wconf 91' lang='lat' dir='ltr'><strong>in</strong></span> <span class='ocrx_word' id='word_1_183' title='bbox 903 2666 1335 2738; x_wconf 67' lang='lat' dir='ltr'><strong>prmﬁguratione</strong></span> <span class='ocrx_word' id='word_1_184' title='bbox 1378 2666 1538 2721; x_wconf 90' lang='lat' dir='ltr'><strong>futuri</strong></span> <span class='ocrx_word' id='word_1_185' title='bbox 1585 2665 1824 2737; x_wconf 84' lang='lat' dir='ltr'><strong>mysterii</strong></span> 
     </span>
    </p>
   </div>
   <div class='ocr_carea' id='block_1_29' title="bbox 230 2756 1825 2831">
    <p class='ocr_par' dir='ltr' id='par_1_29' title="bbox 230 2756 1825 2831">
     <span class='ocr_line' id='line_1_29' title="bbox 230 2756 1825 2831; baseline -0.001 -17"><span class='ocrx_word' id='word_1_186' title='bbox 230 2759 495 2815; x_wconf 86' lang='lat' dir='ltr'><strong>sacerdos</strong></span> <span class='ocrx_word' id='word_1_187' title='bbox 522 2758 810 2828; x_wconf 85' lang='lat' dir='ltr'><strong>obtulerat)</strong></span> <span class='ocrx_word' id='word_1_188' title='bbox 854 2760 905 2813; x_wconf 93' lang='lat' dir='ltr'><strong>in</strong></span> <span class='ocrx_word' id='word_1_189' title='bbox 952 2766 1293 2821; x_wconf 87' lang='lat' dir='ltr'><strong>sacramento</strong></span> <span class='ocrx_word' id='word_1_190' title='bbox 1337 2756 1484 2831; x_wconf 83' lang='lat' dir='ltr'><strong>[Leg.</strong></span> <span class='ocrx_word' id='word_1_191' title='bbox 1514 2773 1825 2814; x_wconf 87' lang='lat' dir='ltr'><strong>sacramen-</strong></span> 
     </span>
    </p>
   </div>
   <div class='ocr_carea' id='block_1_30' title="bbox 231 2839 1826 2921">
    <p class='ocr_par' dir='ltr' id='par_1_30' title="bbox 231 2839 1826 2921">
     <span class='ocr_line' id='line_1_30' title="bbox 231 2839 1826 2921; baseline -0.002 -15"><span class='ocrx_word' id='word_1_192' title='bbox 231 2848 372 2921; x_wconf 84' lang='lat' dir='ltr'><strong>tum]</strong></span> <span class='ocrx_word' id='word_1_193' title='bbox 416 2849 496 2905; x_wconf 90' lang='lat' dir='ltr'><strong>sui</strong></span> <span class='ocrx_word' id='word_1_194' title='bbox 525 2850 768 2920; x_wconf 89' lang='lat' dir='ltr'><strong>corporis</strong></span> <span class='ocrx_word' id='word_1_195' title='bbox 811 2858 867 2905; x_wconf 89' lang='lat' dir='ltr'><strong>et</strong></span> <span class='ocrx_word' id='word_1_196' title='bbox 896 2850 1169 2920; x_wconf 89' lang='lat' dir='ltr'><strong>sanguinis</strong></span> <span class='ocrx_word' id='word_1_197' title='bbox 1218 2839 1640 2916; x_wconf 72' lang='lat' dir='ltr'><strong>traquormavit,</strong></span> <span class='ocrx_word' id='word_1_198' title='bbox 1674 2863 1826 2921; x_wconf 67' lang='lat' dir='ltr'><strong>quae-</strong></span> 
     </span>
    </p>
   </div>
   <div class='ocr_carea' id='block_1_31' title="bbox 230 2941 1830 3013">
    <p class='ocr_par' dir='ltr' id='par_1_31' title="bbox 230 2941 1830 3013">
     <span class='ocr_line' id='line_1_31' title="bbox 230 2941 1830 3013; baseline -0.001 -14"><span class='ocrx_word' id='word_1_199' title='bbox 230 2957 440 3010; x_wconf 87' lang='lat' dir='ltr'><strong>sumus,</strong></span> <span class='ocrx_word' id='word_1_200' title='bbox 471 2941 718 3008; x_wconf 89' lang='lat' dir='ltr'><strong>Domine,</strong></span> <span class='ocrx_word' id='word_1_201' title='bbox 762 2950 816 2996; x_wconf 86' lang='lat' dir='ltr'><strong>nt</strong></span> <span class='ocrx_word' id='word_1_202' title='bbox 861 2941 1098 3012; x_wconf 78' lang='lat' dir='ltr'><strong>placatus</strong></span> <span class='ocrx_word' id='word_1_203' title='bbox 1140 2942 1402 3013; x_wconf 89' lang='lat' dir='ltr'><strong>accipias,</strong></span> <span class='ocrx_word' id='word_1_204' title='bbox 1453 2941 1675 3012; x_wconf 86' lang='lat' dir='ltr'><strong>diesque</strong></span> <span class='ocrx_word' id='word_1_205' title='bbox 1733 2955 1830 2999; x_wconf 92' lang='lat' dir='ltr'><strong>no-</strong></span> 
     </span>
    </p>
   </div>
   <div class='ocr_carea' id='block_1_32' title="bbox 231 3039 397 3083">
    <p class='ocr_par' dir='ltr' id='par_1_32' title="bbox 231 3039 397 3083">
     <span class='ocr_line' id='line_1_32' title="bbox 231 3039 397 3083; baseline -0.012 0"><span class='ocrx_word' id='word_1_206' title='bbox 231 3039 397 3083; x_wconf 78' lang='lat' dir='ltr'><strong>Situs.</strong></span> 
     </span>
    </p>
   </div>
   <div class='ocr_carea' id='block_1_33' title="bbox 306 3120 1828 3195">
    <p class='ocr_par' dir='ltr' id='par_1_33' title="bbox 306 3120 1828 3195">
     <span class='ocr_line' id='line_1_33' title="bbox 306 3120 1828 3195; baseline 0.005 -24"><span class='ocrx_word' id='word_1_207' title='bbox 306 3120 406 3186; x_wconf 78' lang='lat' dir='ltr'><strong>Qui</strong></span> <span class='ocrx_word' id='word_1_208' title='bbox 456 3121 624 3189; x_wconf 75' lang='lat' dir='ltr'><strong>pridie</strong></span> <span class='ocrx_word' id='word_1_209' title='bbox 669 3137 825 3191; x_wconf 88' lang='lat' dir='ltr'><strong>quam</strong></span> <span class='ocrx_word' id='word_1_210' title='bbox 879 3138 976 3193; x_wconf 89' lang='lat' dir='ltr'><strong>pro</strong></span> <span class='ocrx_word' id='word_1_211' title='bbox 1019 3123 1258 3179; x_wconf 89' lang='lat' dir='ltr'><strong>omnium</strong></span> <span class='ocrx_word' id='word_1_212' title='bbox 1310 3125 1484 3181; x_wconf 88' lang='lat' dir='ltr'><strong>salute</strong></span> <span class='ocrx_word' id='word_1_213' title='bbox 1532 3132 1828 3195; x_wconf 90' lang='lat' dir='ltr'><strong>pateretur,</strong></span> 
     </span>
    </p>
   </div>
   <div class='ocr_carea' id='block_1_34' title="bbox 1917 548 3511 628">
    <p class='ocr_par' dir='ltr' id='par_1_34' title="bbox 1917 548 3511 628">
     <span class='ocr_line' id='line_1_34' title="bbox 1917 548 3511 628; baseline -0.001 -15"><span class='ocrx_word' id='word_1_214' title='bbox 1917 568 2097 613; x_wconf 87' lang='lat' dir='ltr'><strong>nostra</strong></span> <span class='ocrx_word' id='word_1_215' title='bbox 2142 573 2237 613; x_wconf 91' lang='lat' dir='ltr'><strong>ora</strong></span> <span class='ocrx_word' id='word_1_216' title='bbox 2283 558 2528 628; x_wconf 90' lang='lat' dir='ltr'><strong>dignatus</strong></span> <span class='ocrx_word' id='word_1_217' title='bbox 2573 565 2685 619; x_wconf 88' lang='lat' dir='ltr'><strong>est;</strong></span> <span class='ocrx_word' id='word_1_218' title='bbox 2714 548 3087 627; x_wconf 49' lang='lat' dir='ltr'><strong>ipse‘corporis</strong></span> <span class='ocrx_word' id='word_1_219' title='bbox 3119 556 3285 611; x_wconf 89' lang='lat' dir='ltr'><strong>nostri</strong></span> <span class='ocrx_word' id='word_1_220' title='bbox 3320 564 3511 628; x_wconf 86' lang='lat' dir='ltr'><strong>purget</strong></span> 
     </span>
    </p>
   </div>
   <div class='ocr_carea' id='block_1_35' title="bbox 1915 645 3504 722">
    <p class='ocr_par' dir='ltr' id='par_1_35' title="bbox 1915 645 3504 722">
     <span class='ocr_line' id='line_1_35' title="bbox 1915 645 3504 722; baseline -0.001 -17"><span class='ocrx_word' id='word_1_221' title='bbox 1915 648 2146 718; x_wconf 88' lang='lat' dir='ltr'><strong>ostium;</strong></span> <span class='ocrx_word' id='word_1_222' title='bbox 2190 660 2408 722; x_wconf 87' lang='lat' dir='ltr'><strong>totoque</strong></span> <span class='ocrx_word' id='word_1_223' title='bbox 2439 650 2762 705; x_wconf 89' lang='lat' dir='ltr'><strong>intrinsecus</strong></span> <span class='ocrx_word' id='word_1_224' title='bbox 2788 648 3006 705; x_wconf 87' lang='lat' dir='ltr'><strong>homine</strong></span> <span class='ocrx_word' id='word_1_225' title='bbox 3034 645 3270 718; x_wconf 87' lang='lat' dir='ltr'><strong>deterso,</strong></span> <span class='ocrx_word' id='word_1_226' title='bbox 3301 652 3504 704; x_wconf 83' lang='lat' dir='ltr'><strong>sancti-</strong></span> 
     </span>
    </p>
   </div>
   <div class='ocr_carea' id='block_1_36' title="bbox 1916 742 3434 823">
    <p class='ocr_par' dir='ltr' id='par_1_36' title="bbox 1916 742 3434 823">
     <span class='ocr_line' id='line_1_36' title="bbox 1916 742 3434 823; baseline -0.001 -26"><span class='ocrx_word' id='word_1_227' title='bbox 1916 742 2089 799; x_wconf 87' lang='lat' dir='ltr'><strong>ﬁcatis</strong></span> <span class='ocrx_word' id='word_1_228' title='bbox 2114 742 2372 799; x_wconf 87' lang='lat' dir='ltr'><strong>membris</strong></span> <span class='ocrx_word' id='word_1_229' title='bbox 2403 744 2619 799; x_wconf 90' lang='lat' dir='ltr'><strong>innovet</strong></span> <span class='ocrx_word' id='word_1_230' title='bbox 2651 742 2897 814; x_wconf 92' lang='lat' dir='ltr'><strong>spiritum</strong></span> <span class='ocrx_word' id='word_1_231' title='bbox 2929 743 3278 799; x_wconf 84' lang='lat' dir='ltr'><strong>sanctiorem.</strong></span> <span class='ocrx_word' id='word_1_232' title='bbox 3312 742 3434 823; x_wconf 83' lang='lat' dir='ltr'><strong>Per.</strong></span> 
     </span>
    </p>
   </div>
   <div class='ocr_carea' id='block_1_37' title="bbox 2341 829 2963 896">
    <p class='ocr_par' dir='ltr' id='par_1_37' title="bbox 2341 829 2963 896">
     <span class='ocr_line' id='line_1_37' title="bbox 2341 829 2963 896; baseline -0.005 -12"><span class='ocrx_word' id='word_1_233' title='bbox 2341 829 2361 845; x_wconf 83' lang='lat'>&#39;</span> <span class='ocrx_word' id='word_1_234' title='bbox 2464 832 2700 883; x_wconf 69' lang='lat' dir='ltr'><strong>Oiilectio</strong></span> <span class='ocrx_word' id='word_1_235' title='bbox 2721 834 2963 896; x_wconf 88' lang='lat' dir='ltr'><strong>sequitur.</strong></span> 
     </span>
    </p>
   </div>
   <div class='ocr_carea' id='block_1_38' title="bbox 1990 916 3514 991">
    <p class='ocr_par' dir='ltr' id='par_1_38' title="bbox 1990 916 3514 991">
     <span class='ocr_line' id='line_1_38' title="bbox 1990 916 3514 991; baseline -0.004 -14"><span class='ocrx_word' id='word_1_236' title='bbox 1990 921 2149 978; x_wconf 83' lang='lat' dir='ltr'><strong>Panis</strong></span> <span class='ocrx_word' id='word_1_237' title='bbox 2178 923 2300 978; x_wconf 64' lang='lat' dir='ltr'><strong>vitae</strong></span> <span class='ocrx_word' id='word_1_238' title='bbox 2346 930 2540 977; x_wconf 72' lang='lat' dir='ltr'><strong>nostrae</strong></span> <span class='ocrx_word' id='word_1_239' title='bbox 2569 918 2772 990; x_wconf 83' lang='lat' dir='ltr'><strong>aspice,</strong></span> <span class='ocrx_word' id='word_1_240' title='bbox 2803 916 2942 975; x_wconf 87' lang='lat' dir='ltr'><strong>Deus</strong></span> <span class='ocrx_word' id='word_1_241' title='bbox 2965 935 2980 972; x_wconf 92' lang='lat'><strong>:</strong></span> <span class='ocrx_word' id='word_1_242' title='bbox 3004 918 3092 991; x_wconf 18' lang='lat' dir='ltr'><strong>,sis</strong></span> <span class='ocrx_word' id='word_1_243' title='bbox 3118 916 3360 974; x_wconf 88' lang='lat' dir='ltr'><strong>custodia</strong></span> <span class='ocrx_word' id='word_1_244' title='bbox 3391 931 3514 974; x_wconf 77' lang='lat' dir='ltr'><strong>cor-</strong></span> 
     </span>
    </p>
   </div>
   <div class='ocr_carea' id='block_1_39' title="bbox 1919 1013 3515 1087">
    <p class='ocr_par' dir='ltr' id='par_1_39' title="bbox 1919 1013 3515 1087">
     <span class='ocr_line' id='line_1_39' title="bbox 1919 1013 3515 1087; baseline -0.003 -16"><span class='ocrx_word' id='word_1_245' title='bbox 1919 1031 2133 1087; x_wconf 90' lang='lat' dir='ltr'><strong>porum,</strong></span> <span class='ocrx_word' id='word_1_246' title='bbox 2166 1014 2241 1071; x_wconf 88' lang='lat' dir='ltr'><strong>sis</strong></span> <span class='ocrx_word' id='word_1_247' title='bbox 2269 1014 2593 1071; x_wconf 89' lang='lat' dir='ltr'><strong>salviﬁcator</strong></span> <span class='ocrx_word' id='word_1_248' title='bbox 2622 1013 2959 1079; x_wconf 83' lang='lat' dir='ltr'><strong>animarum;</strong></span> <span class='ocrx_word' id='word_1_249' title='bbox 3003 1023 3060 1067; x_wconf 92' lang='lat' dir='ltr'><strong>ut</strong></span> <span class='ocrx_word' id='word_1_250' title='bbox 3090 1022 3306 1079; x_wconf 84' lang='lat' dir='ltr'><strong>pectora</strong></span> <span class='ocrx_word' id='word_1_251' title='bbox 3332 1018 3515 1066; x_wconf 87' lang='lat' dir='ltr'><strong>nostra</strong></span> 
     </span>
    </p>
   </div>
   <div class='ocr_carea' id='block_1_40' title="bbox 1918 1104 3515 1180">
    <p class='ocr_par' dir='ltr' id='par_1_40' title="bbox 1918 1104 3515 1180">
     <span class='ocr_line' id='line_1_40' title="bbox 1918 1104 3515 1180; baseline -0.004 -14"><span class='ocrx_word' id='word_1_252' title='bbox 1918 1118 2067 1166; x_wconf 89' lang='lat' dir='ltr'><strong>tanto</strong></span> <span class='ocrx_word' id='word_1_253' title='bbox 2098 1108 2289 1180; x_wconf 88' lang='lat' dir='ltr'><strong>poculo</strong></span> <span class='ocrx_word' id='word_1_254' title='bbox 2340 1108 2566 1178; x_wconf 90' lang='lat' dir='ltr'><strong>ciboque</strong></span> <span class='ocrx_word' id='word_1_255' title='bbox 2597 1107 2826 1173; x_wconf 91' lang='lat' dir='ltr'><strong>ﬁrmata,</strong></span> <span class='ocrx_word' id='word_1_256' title='bbox 2876 1105 3088 1162; x_wconf 86' lang='lat' dir='ltr'><strong>inimica</strong></span> <span class='ocrx_word' id='word_1_257' title='bbox 3137 1104 3347 1162; x_wconf 90' lang='lat' dir='ltr'><strong>subdoli</strong></span> <span class='ocrx_word' id='word_1_258' title='bbox 3395 1116 3515 1160; x_wconf 81' lang='lat' dir='ltr'><strong>ser-</strong></span> 
     </span>
    </p>
   </div>
   <div class='ocr_carea' id='block_1_41' title="bbox 1919 1195 3401 1272">
    <p class='ocr_par' dir='ltr' id='par_1_41' title="bbox 1919 1195 3401 1272">
     <span class='ocr_line' id='line_1_41' title="bbox 1919 1195 3401 1272; baseline -0.003 -16"><span class='ocrx_word' id='word_1_259' title='bbox 1919 1199 2095 1272; x_wconf 89' lang='lat' dir='ltr'><strong>pentis</strong></span> <span class='ocrx_word' id='word_1_260' title='bbox 2131 1198 2496 1257; x_wconf 87' lang='lat' dir='ltr'><strong>blandimenta</strong></span> <span class='ocrx_word' id='word_1_261' title='bbox 2525 1214 2630 1254; x_wconf 92' lang='lat' dir='ltr'><strong>non</strong></span> <span class='ocrx_word' id='word_1_262' title='bbox 2662 1199 2924 1268; x_wconf 85' lang='lat' dir='ltr'><strong>quatiant.</strong></span> <span class='ocrx_word' id='word_1_263' title='bbox 2960 1197 3063 1253; x_wconf 85' lang='lat' dir='ltr'><strong>Per</strong></span> <span class='ocrx_word' id='word_1_264' title='bbox 3092 1195 3401 1252; x_wconf 90' lang='lat' dir='ltr'><strong>Dominum.</strong></span> 
     </span>
    </p>
   </div>
   <div class='ocr_carea' id='block_1_42' title="bbox 2200 1286 3255 1347">
    <p class='ocr_par' dir='ltr' id='par_1_42' title="bbox 2200 1286 3255 1347">
     <span class='ocr_line' id='line_1_42' title="bbox 2200 1286 3255 1347; baseline -0.002 0"><span class='ocrx_word' id='word_1_265' title='bbox 2200 1290 2384 1347; x_wconf 69' lang='lat' dir='ltr'><strong>XVIII.</strong></span> <span class='ocrx_word' id='word_1_266' title='bbox 2428 1304 2621 1346; x_wconf 73' lang='lat' dir='ltr'><strong>iNCIPi&#39;l&#39;</strong></span> <span class='ocrx_word' id='word_1_267' title='bbox 2661 1286 2858 1346; x_wconf 80' lang='lat' dir='ltr'><strong>ottmo</strong></span> <span class='ocrx_word' id='word_1_268' title='bbox 2895 1302 2947 1345; x_wconf 71' lang='lat' dir='ltr'><strong>tu</strong></span> <span class='ocrx_word' id='word_1_269' title='bbox 2984 1302 3036 1344; x_wconf 75' lang='lat' dir='ltr'><strong>Vl</strong></span> <span class='ocrx_word' id='word_1_270' title='bbox 3073 1298 3255 1345; x_wconf 65' lang='lat' dir='ltr'><strong>riuis.</strong></span> 
     </span>
    </p>
   </div>
   <div class='ocr_carea' id='block_1_43' title="bbox 1925 1378 3519 1453">
    <p class='ocr_par' dir='ltr' id='par_1_43' title="bbox 1925 1378 3519 1453">
     <span class='ocr_line' id='line_1_43' title="bbox 1925 1378 3519 1453; baseline -0.005 -12"><span class='ocrx_word' id='word_1_271' title='bbox 1925 1385 2120 1441; x_wconf 81' lang='lat' dir='ltr'><strong>Eadem</strong></span> <span class='ocrx_word' id='word_1_272' title='bbox 2142 1401 2262 1440; x_wconf 76' lang='lat' dir='ltr'><strong>vero</strong></span> <span class='ocrx_word' id='word_1_273' title='bbox 2288 1384 2374 1439; x_wconf 86' lang='lat' dir='ltr'><strong>die</strong></span> <span class='ocrx_word' id='word_1_274' title='bbox 2400 1400 2503 1438; x_wconf 81' lang='lat' dir='ltr'><strong>non</strong></span> <span class='ocrx_word' id='word_1_275' title='bbox 2532 1382 2745 1447; x_wconf 82' lang='lat' dir='ltr'><strong>salutat,</strong></span> <span class='ocrx_word' id='word_1_276' title='bbox 2769 1399 2870 1453; x_wconf 76' lang='grc' dir='ltr'><strong>ηοῃ</strong></span> <span class='ocrx_word' id='word_1_277' title='bbox 2893 1382 3084 1451; x_wconf 82' lang='lat' dir='ltr'><strong>psallit.</strong></span> <span class='ocrx_word' id='word_1_278' title='bbox 3113 1381 3321 1452; x_wconf 79' lang='lat' dir='ltr'><strong>Legitur</strong></span> <span class='ocrx_word' id='word_1_279' title='bbox 3343 1378 3519 1434; x_wconf 77' lang='lat' dir='ltr'><strong>Lectio</strong></span> 
     </span>
    </p>
   </div>
   <div class='ocr_carea' id='block_1_44' title="bbox 1996 1470 3521 1553">
    <p class='ocr_par' dir='ltr' id='par_1_44' title="bbox 1996 1470 3521 1553">
     <span class='ocr_line' id='line_1_44' title="bbox 1996 1470 3521 1553; baseline -0.004 -21"><span class='ocrx_word' id='word_1_280' title='bbox 1996 1478 2144 1532; x_wconf 74' lang='lat' dir='ltr'><strong>Osee.</strong></span> <span class='ocrx_word' id='word_1_281' title='bbox 2174 1474 2333 1548; x_wconf 84' lang='lat' dir='ltr'><strong>Resp.</strong></span> <span class='ocrx_word' id='word_1_282' title='bbox 2368 1474 2592 1551; x_wconf 83' lang='lat' dir='ltr'><strong>Domine</strong></span> <span class='ocrx_word' id='word_1_283' title='bbox 2623 1473 2819 1533; x_wconf 84' lang='lat' dir='ltr'><strong>audivi.</strong></span> <span class='ocrx_word' id='word_1_284' title='bbox 2851 1471 2984 1549; x_wconf 65' lang='lat' dir='ltr'><strong>item</strong></span> <span class='ocrx_word' id='word_1_285' title='bbox 3010 1471 3116 1526; x_wconf 86' lang='lat' dir='ltr'><strong>alia</strong></span> <span class='ocrx_word' id='word_1_286' title='bbox 3143 1487 3163 1553; x_wconf 64' lang='grc' dir='ltr'><em>ς</em></span> <span class='ocrx_word' id='word_1_287' title='bbox 3192 1472 3389 1553; x_wconf 79' lang='lat' dir='ltr'><strong>Mensis</strong></span> <span class='ocrx_word' id='word_1_288' title='bbox 3417 1470 3521 1551; x_wconf 75' lang='lat' dir='ltr'><strong>iste</strong></span> 
     </span>
    </p>
   </div>
   <div class='ocr_carea' id='block_1_45' title="bbox 2002 1552 3153 1639">
    <p class='ocr_par' dir='ltr' id='par_1_45' title="bbox 2002 1552 3153 1639">
     <span class='ocr_line' id='line_1_45' title="bbox 2002 1552 3153 1639; baseline -0.005 -15"><span class='ocrx_word' id='word_1_289' title='bbox 2002 1568 2340 1639; x_wconf 89' lang='lat' dir='ltr'><strong>principium.</strong></span> <span class='ocrx_word' id='word_1_290' title='bbox 2373 1564 2598 1624; x_wconf 85' lang='lat' dir='ltr'><strong>Cantat:</strong></span> <span class='ocrx_word' id='word_1_291' title='bbox 3150 1552 3153 1555; x_wconf 38' lang='grc'><strong>⁷</strong></span> 
     </span>
    </p>
   </div>
   <div class='ocr_carea' id='block_1_46' title="bbox 1998 1652 3517 1739">
    <p class='ocr_par' dir='ltr' id='par_1_46' title="bbox 1998 1652 3517 1739">
     <span class='ocr_line' id='line_1_46' title="bbox 1998 1652 3517 1739; baseline -0.006 -23"><span class='ocrx_word' id='word_1_292' title='bbox 1998 1660 2141 1716; x_wconf 89' lang='lat' dir='ltr'><strong>Deus</strong></span> <span class='ocrx_word' id='word_1_293' title='bbox 2171 1676 2200 1714; x_wconf 91' lang='lat' dir='ltr'><strong>a</strong></span> <span class='ocrx_word' id='word_1_294' title='bbox 2230 1674 2336 1728; x_wconf 90' lang='lat' dir='ltr'><strong>quo</strong></span> <span class='ocrx_word' id='word_1_295' title='bbox 2381 1666 2436 1713; x_wconf 86' lang='lat' dir='ltr'><strong>et</strong></span> <span class='ocrx_word' id='word_1_296' title='bbox 2472 1656 2641 1713; x_wconf 82' lang='lat' dir='ltr'><strong>Judas</strong></span> <span class='ocrx_word' id='word_1_297' title='bbox 2685 1663 2864 1712; x_wconf 87' lang='lat' dir='ltr'><strong>reatus</strong></span> <span class='ocrx_word' id='word_1_298' title='bbox 2901 1654 2985 1710; x_wconf 91' lang='lat' dir='ltr'><strong>sui</strong></span> <span class='ocrx_word' id='word_1_299' title='bbox 3017 1652 3254 1724; x_wconf 88' lang='lat' dir='ltr'><strong>proditor</strong></span> <span class='ocrx_word' id='word_1_300' title='bbox 3282 1666 3517 1739; x_wconf 73' lang='lat' dir='ltr'><strong>pmnam,</strong></span> 
     </span>
    </p>
   </div>
   <div class='ocr_carea' id='block_1_47' title="bbox 1923 1740 3524 1828">
    <p class='ocr_par' dir='ltr' id='par_1_47' title="bbox 1923 1740 3524 1828">
     <span class='ocr_line' id='line_1_47' title="bbox 1923 1740 3524 1828; baseline -0.006 -19"><span class='ocrx_word' id='word_1_301' title='bbox 1923 1760 1980 1809; x_wconf 88' lang='lat' dir='ltr'><strong>et</strong></span> <span class='ocrx_word' id='word_1_302' title='bbox 2008 1750 2362 1808; x_wconf 72' lang='lat' dir='ltr'><strong>confessionis</strong></span> <span class='ocrx_word' id='word_1_303' title='bbox 2387 1765 2497 1827; x_wconf 68' lang='lat' dir='ltr'><strong>suae</strong></span> <span class='ocrx_word' id='word_1_304' title='bbox 2525 1748 2663 1828; x_wconf 78' lang='lat' dir='ltr'><strong>latro</strong></span> <span class='ocrx_word' id='word_1_305' title='bbox 2696 1745 2972 1816; x_wconf 86' lang='lat' dir='ltr'><strong>praemium</strong></span> <span class='ocrx_word' id='word_1_306' title='bbox 3002 1744 3249 1814; x_wconf 84' lang='lat' dir='ltr'><strong>sumpsit,</strong></span> <span class='ocrx_word' id='word_1_307' title='bbox 3280 1740 3524 1799; x_wconf 83' lang='lat' dir='ltr'><strong>concede</strong></span> 
     </span>
    </p>
   </div>
   <div class='ocr_carea' id='block_1_48' title="bbox 1841 1826 3520 1913">
    <p class='ocr_par' dir='ltr' id='par_1_48' title="bbox 1841 1826 3520 1913">
     <span class='ocr_line' id='line_1_48' title="bbox 1841 1826 3520 1913; baseline -0.005 -11"><span class='ocrx_word' id='word_1_308' title='bbox 1841 1847 1893 1912; x_wconf 86' lang='lat' dir='ltr'><strong>B</strong></span> <span class='ocrx_word' id='word_1_309' title='bbox 1919 1845 2079 1902; x_wconf 88' lang='lat' dir='ltr'><strong>nobis</strong></span> <span class='ocrx_word' id='word_1_310' title='bbox 2130 1826 2229 1912; x_wconf 70' lang='lat' dir='ltr'><strong>pia:</strong></span> <span class='ocrx_word' id='word_1_311' title='bbox 2256 1842 2528 1913; x_wconf 90' lang='lat' dir='ltr'><strong>petitionis</strong></span> <span class='ocrx_word' id='word_1_312' title='bbox 2552 1826 2837 1906; x_wconf 70' lang='lat' dir='ltr'><strong>effectum;</strong></span> <span class='ocrx_word' id='word_1_313' title='bbox 2880 1847 2942 1894; x_wconf 94' lang='lat' dir='ltr'><strong>ut</strong></span> <span class='ocrx_word' id='word_1_314' title='bbox 2985 1826 3137 1894; x_wconf 82' lang='lat' dir='ltr'><strong>sicut</strong></span> <span class='ocrx_word' id='word_1_315' title='bbox 3169 1839 3221 1893; x_wconf 93' lang='lat' dir='ltr'><strong>in</strong></span> <span class='ocrx_word' id='word_1_316' title='bbox 3261 1834 3520 1893; x_wconf 84' lang='lat' dir='ltr'><strong>Passione</strong></span> 
     </span>
    </p>
   </div>
   <div class='ocr_carea' id='block_1_49' title="bbox 1932 1932 3526 2000">
    <p class='ocr_par' dir='ltr' id='par_1_49' title="bbox 1932 1932 3526 2000">
     <span class='ocr_line' id='line_1_49' title="bbox 1932 1932 3526 2000; baseline -0.003 -8"><span class='ocrx_word' id='word_1_317' title='bbox 1932 1952 2030 1993; x_wconf 85' lang='lat' dir='ltr'><strong>sua</strong></span> <span class='ocrx_word' id='word_1_318' title='bbox 2060 1938 2218 1993; x_wconf 88' lang='lat' dir='ltr'><strong>Jesus</strong></span> <span class='ocrx_word' id='word_1_319' title='bbox 2244 1935 2492 1991; x_wconf 84' lang='lat' dir='ltr'><strong>Christus</strong></span> <span class='ocrx_word' id='word_1_320' title='bbox 2526 1934 2783 1989; x_wconf 90' lang='lat' dir='ltr'><strong>Dominus</strong></span> <span class='ocrx_word' id='word_1_321' title='bbox 2813 1942 2998 1988; x_wconf 86' lang='lat' dir='ltr'><strong>noster</strong></span> <span class='ocrx_word' id='word_1_322' title='bbox 3026 1932 3236 1987; x_wconf 78' lang='lat' dir='ltr'><strong>diversa</strong></span> <span class='ocrx_word' id='word_1_323' title='bbox 3283 1932 3526 2000; x_wconf 82' lang='lat' dir='ltr'><strong>utrisque</strong></span> 
     </span>
    </p>
   </div>
   <div class='ocr_carea' id='block_1_50' title="bbox 1924 2018 3523 2097">
    <p class='ocr_par' dir='ltr' id='par_1_50' title="bbox 1924 2018 3523 2097">
     <span class='ocr_line' id='line_1_50' title="bbox 1924 2018 3523 2097; baseline -0.006 -14"><span class='ocrx_word' id='word_1_324' title='bbox 1924 2029 2105 2083; x_wconf 91' lang='lat' dir='ltr'><strong>intulit</strong></span> <span class='ocrx_word' id='word_1_325' title='bbox 2150 2025 2414 2097; x_wconf 80' lang='lat' dir='ltr'><strong>Stipendia</strong></span> <span class='ocrx_word' id='word_1_326' title='bbox 2460 2025 2800 2091; x_wconf 90' lang='lat' dir='ltr'><strong>meritorum,</strong></span> <span class='ocrx_word' id='word_1_327' title='bbox 2844 2024 2938 2089; x_wconf 92' lang='lat' dir='ltr'><strong>ita,</strong></span> <span class='ocrx_word' id='word_1_328' title='bbox 2970 2038 2998 2076; x_wconf 90' lang='lat' dir='ltr'><strong>a</strong></span> <span class='ocrx_word' id='word_1_329' title='bbox 3030 2018 3183 2077; x_wconf 88' lang='lat' dir='ltr'><strong>nobis</strong></span> <span class='ocrx_word' id='word_1_330' title='bbox 3211 2021 3393 2076; x_wconf 89' lang='lat' dir='ltr'><strong>ablato</strong></span> <span class='ocrx_word' id='word_1_331' title='bbox 3430 2034 3523 2075; x_wconf 88' lang='lat' dir='ltr'><strong>ve-</strong></span> 
     </span>
    </p>
   </div>
   <div class='ocr_carea' id='block_1_51' title="bbox 1923 2110 3522 2197">
    <p class='ocr_par' dir='ltr' id='par_1_51' title="bbox 1923 2110 3522 2197">
     <span class='ocr_line' id='line_1_51' title="bbox 1923 2110 3522 2197; baseline -0.003 -22"><span class='ocrx_word' id='word_1_332' title='bbox 1923 2118 2139 2175; x_wconf 79' lang='lat' dir='ltr'><strong>tustatis</strong></span> <span class='ocrx_word' id='word_1_333' title='bbox 2182 2134 2390 2187; x_wconf 84' lang='lat' dir='ltr'><strong>errore,</strong></span> <span class='ocrx_word' id='word_1_334' title='bbox 2434 2129 2488 2173; x_wconf 88' lang='lat' dir='ltr'><strong>et</strong></span> <span class='ocrx_word' id='word_1_335' title='bbox 2528 2114 2936 2173; x_wconf 88' lang='lat' dir='ltr'><strong>resurrectionis</strong></span> <span class='ocrx_word' id='word_1_336' title='bbox 2982 2130 3096 2197; x_wconf 80' lang='lat' dir='ltr'><strong>suae</strong></span> <span class='ocrx_word' id='word_1_337' title='bbox 3134 2114 3358 2186; x_wconf 90' lang='lat' dir='ltr'><strong>gratiam</strong></span> <span class='ocrx_word' id='word_1_338' title='bbox 3407 2110 3522 2171; x_wconf 84' lang='lat' dir='ltr'><strong>iar-</strong></span> 
     </span>
    </p>
   </div>
   <div class='ocr_carea' id='block_1_52' title="bbox 1924 2210 2300 2286">
    <p class='ocr_par' dir='ltr' id='par_1_52' title="bbox 1924 2210 2300 2286">
     <span class='ocr_line' id='line_1_52' title="bbox 1924 2210 2300 2286; baseline -0.008 -17"><span class='ocrx_word' id='word_1_339' title='bbox 1924 2210 2120 2286; x_wconf 88' lang='lat' dir='ltr'><strong>giatur.</strong></span> <span class='ocrx_word' id='word_1_340' title='bbox 2177 2212 2300 2267; x_wconf 86' lang='lat' dir='ltr'><strong>Per.</strong></span> 
     </span>
    </p>
   </div>
   <div class='ocr_carea' id='block_1_53' title="bbox 2019 2294 3420 2367">
    <p class='ocr_par' dir='ltr' id='par_1_53' title="bbox 2019 2294 3420 2367">
     <span class='ocr_line' id='line_1_53' title="bbox 2019 2294 3420 2367; baseline -0.006 -13"><span class='ocrx_word' id='word_1_341' title='bbox 2019 2302 2145 2356; x_wconf 83' lang='lat' dir='ltr'><strong>Item</strong></span> <span class='ocrx_word' id='word_1_342' title='bbox 2170 2310 2279 2367; x_wconf 88' lang='lat' dir='ltr'><strong>post</strong></span> <span class='ocrx_word' id='word_1_343' title='bbox 2300 2301 2568 2353; x_wconf 88' lang='lat' dir='ltr'><strong>lectionem</strong></span> <span class='ocrx_word' id='word_1_344' title='bbox 2590 2296 2844 2365; x_wconf 78' lang='lat' dir='ltr'><strong>Evangelii</strong></span> <span class='ocrx_word' id='word_1_345' title='bbox 2869 2296 3118 2349; x_wconf 83' lang='lat' dir='ltr'><strong>orationes</strong></span> <span class='ocrx_word' id='word_1_346' title='bbox 3137 2294 3420 2347; x_wconf 87' lang='lat' dir='ltr'><strong>sollemnes.</strong></span> 
     </span>
    </p>
   </div>
   <div class='ocr_carea' id='block_1_54' title="bbox 1997 2378 3520 2455">
    <p class='ocr_par' dir='ltr' id='par_1_54' title="bbox 1997 2378 3520 2455">
     <span class='ocr_line' id='line_1_54' title="bbox 1997 2378 3520 2455; baseline -0.005 -10"><span class='ocrx_word' id='word_1_347' title='bbox 1997 2389 2247 2455; x_wconf 88' lang='lat' dir='ltr'><strong>Oremus,</strong></span> <span class='ocrx_word' id='word_1_348' title='bbox 2274 2385 2614 2441; x_wconf 87' lang='lat' dir='ltr'><strong>dilectissimi</strong></span> <span class='ocrx_word' id='word_1_349' title='bbox 2644 2384 2819 2449; x_wconf 88' lang='lat' dir='ltr'><strong>nobis,</strong></span> <span class='ocrx_word' id='word_1_350' title='bbox 2854 2383 2905 2437; x_wconf 90' lang='lat' dir='ltr'><strong>in</strong></span> <span class='ocrx_word' id='word_1_351' title='bbox 2934 2378 3123 2452; x_wconf 88' lang='lat' dir='ltr'><strong>primis</strong></span> <span class='ocrx_word' id='word_1_352' title='bbox 3157 2395 3254 2451; x_wconf 84' lang='lat' dir='ltr'><strong>pro</strong></span> <span class='ocrx_word' id='word_1_353' title='bbox 3280 2379 3520 2437; x_wconf 84' lang='lat' dir='ltr'><strong>Ecclesia</strong></span> 
     </span>
    </p>
   </div>
   <div class='ocr_carea' id='block_1_55' title="bbox 1932 2470 3527 2546">
    <p class='ocr_par' dir='ltr' id='par_1_55' title="bbox 1932 2470 3527 2546">
     <span class='ocr_line' id='line_1_55' title="bbox 1932 2470 3527 2546; baseline -0.004 -11"><span class='ocrx_word' id='word_1_354' title='bbox 1932 2492 2114 2536; x_wconf 85' lang='lat' dir='ltr'><strong>sancta</strong></span> <span class='ocrx_word' id='word_1_355' title='bbox 2148 2480 2279 2546; x_wconf 89' lang='lat' dir='ltr'><strong>Dei;</strong></span> <span class='ocrx_word' id='word_1_356' title='bbox 2324 2488 2383 2533; x_wconf 92' lang='lat' dir='ltr'><strong>ut</strong></span> <span class='ocrx_word' id='word_1_357' title='bbox 2430 2493 2547 2533; x_wconf 89' lang='lat' dir='ltr'><strong>eam</strong></span> <span class='ocrx_word' id='word_1_358' title='bbox 2578 2476 2724 2532; x_wconf 90' lang='lat' dir='ltr'><strong>Deus</strong></span> <span class='ocrx_word' id='word_1_359' title='bbox 2776 2483 2833 2531; x_wconf 90' lang='lat' dir='ltr'><strong>et</strong></span> <span class='ocrx_word' id='word_1_360' title='bbox 2856 2475 3110 2529; x_wconf 90' lang='lat' dir='ltr'><strong>Dominus</strong></span> <span class='ocrx_word' id='word_1_361' title='bbox 3152 2481 3338 2528; x_wconf 88' lang='lat' dir='ltr'><strong>noster</strong></span> <span class='ocrx_word' id='word_1_362' title='bbox 3378 2470 3527 2543; x_wconf 74' lang='lat' dir='ltr'><strong>paci-</strong></span> 
     </span>
    </p>
   </div>
   <div class='ocr_carea' id='block_1_56' title="bbox 1932 2562 3524 2649">
    <p class='ocr_par' dir='ltr' id='par_1_56' title="bbox 1932 2562 3524 2649">
     <span class='ocr_line' id='line_1_56' title="bbox 1932 2562 3524 2649; baseline -0.005 -22"><span class='ocrx_word' id='word_1_363' title='bbox 1932 2573 2115 2637; x_wconf 85' lang='lat' dir='ltr'><strong>ﬁcare,</strong></span> <span class='ocrx_word' id='word_1_364' title='bbox 2166 2570 2519 2638; x_wconf 90' lang='lat' dir='ltr'><strong>multiplicare</strong></span> <span class='ocrx_word' id='word_1_365' title='bbox 2564 2580 2618 2649; x_wconf 82' lang='lat' dir='ltr'><strong>et</strong></span> <span class='ocrx_word' id='word_1_366' title='bbox 2665 2564 2934 2622; x_wconf 90' lang='lat' dir='ltr'><strong>custodire</strong></span> <span class='ocrx_word' id='word_1_367' title='bbox 2961 2564 3211 2636; x_wconf 87' lang='lat' dir='ltr'><strong>dignetur</strong></span> <span class='ocrx_word' id='word_1_368' title='bbox 3251 2571 3364 2619; x_wconf 92' lang='lat' dir='ltr'><strong>toto</strong></span> <span class='ocrx_word' id='word_1_369' title='bbox 3391 2562 3524 2619; x_wconf 84' lang='lat' dir='ltr'><strong>orbo</strong></span> 
     </span>
    </p>
   </div>
   <div class='ocr_carea' id='block_1_57' title="bbox 1932 2653 3522 2730">
    <p class='ocr_par' dir='ltr' id='par_1_57' title="bbox 1932 2653 3522 2730">
     <span class='ocr_line' id='line_1_57' title="bbox 1932 2653 3522 2730; baseline -0.005 -11"><span class='ocrx_word' id='word_1_370' title='bbox 1932 2674 2192 2720; x_wconf 88' lang='lat' dir='ltr'><strong>terrarum</strong></span> <span class='ocrx_word' id='word_1_371' title='bbox 2220 2705 2235 2730; x_wconf 92' lang='lat'><strong>,</strong></span> <span class='ocrx_word' id='word_1_372' title='bbox 2288 2653 2581 2730; x_wconf 86' lang='lat' dir='ltr'><strong>subjiciens</strong></span> <span class='ocrx_word' id='word_1_373' title='bbox 2624 2657 2675 2715; x_wconf 90' lang='lat' dir='ltr'><strong>ei</strong></span> <span class='ocrx_word' id='word_1_374' title='bbox 2728 2656 3052 2728; x_wconf 88' lang='lat' dir='ltr'><strong>principatus</strong></span> <span class='ocrx_word' id='word_1_375' title='bbox 3095 2663 3150 2712; x_wconf 85' lang='lat' dir='ltr'><strong>et</strong></span> <span class='ocrx_word' id='word_1_376' title='bbox 3194 2661 3522 2726; x_wconf 85' lang='lat' dir='ltr'><strong>potestates,</strong></span> 
     </span>
    </p>
   </div>
   <div class='ocr_carea' id='block_1_58' title="bbox 1928 2744 3532 2825">
    <p class='ocr_par' dir='ltr' id='par_1_58' title="bbox 1928 2744 3532 2825">
     <span class='ocr_line' id='line_1_58' title="bbox 1928 2744 3532 2825; baseline -0.006 -15"><span class='ocrx_word' id='word_1_377' title='bbox 1928 2753 2125 2825; x_wconf 86' lang='lat' dir='ltr'><strong>detque</strong></span> <span class='ocrx_word' id='word_1_378' title='bbox 2168 2751 2323 2808; x_wconf 90' lang='lat' dir='ltr'><strong>nobis</strong></span> <span class='ocrx_word' id='word_1_379' title='bbox 2357 2749 2695 2821; x_wconf 87' lang='lat' dir='ltr'><strong>tranquillam</strong></span> <span class='ocrx_word' id='word_1_380' title='bbox 2745 2756 2800 2802; x_wconf 92' lang='lat' dir='ltr'><strong>et</strong></span> <span class='ocrx_word' id='word_1_381' title='bbox 2829 2746 3061 2817; x_wconf 87' lang='lat' dir='ltr'><strong>quietam</strong></span> <span class='ocrx_word' id='word_1_382' title='bbox 3094 2745 3261 2800; x_wconf 87' lang='lat' dir='ltr'><strong>vitam</strong></span> <span class='ocrx_word' id='word_1_383' title='bbox 3288 2744 3532 2817; x_wconf 83' lang='lat' dir='ltr'><strong>degenti-</strong></span> 
     </span>
    </p>
   </div>
   <div class='ocr_carea' id='block_1_59' title="bbox 1931 2836 3416 2914">
    <p class='ocr_par' dir='ltr' id='par_1_59' title="bbox 1931 2836 3416 2914">
     <span class='ocr_line' id='line_1_59' title="bbox 1931 2836 3416 2914; baseline -0.007 -13"><span class='ocrx_word' id='word_1_384' title='bbox 1931 2844 2031 2901; x_wconf 89' lang='lat' dir='ltr'><strong>bus</strong></span> <span class='ocrx_word' id='word_1_385' title='bbox 2060 2843 2359 2914; x_wconf 83' lang='lat' dir='ltr'><strong>gioriﬁcare</strong></span> <span class='ocrx_word' id='word_1_386' title='bbox 2383 2840 2552 2899; x_wconf 87' lang='lat' dir='ltr'><strong>Deum</strong></span> <span class='ocrx_word' id='word_1_387' title='bbox 2581 2842 2793 2897; x_wconf 87' lang='lat' dir='ltr'><strong>Patrem</strong></span> <span class='ocrx_word' id='word_1_388' title='bbox 2819 2839 3263 2910; x_wconf 88' lang='lat' dir='ltr'><strong>omnipotentem.</strong></span> <span class='ocrx_word' id='word_1_389' title='bbox 3294 2836 3416 2894; x_wconf 83' lang='lat' dir='ltr'><strong>Per.</strong></span> 
     </span>
    </p>
   </div>
   <div class='ocr_carea' id='block_1_60' title="bbox 2070 2920 3319 2988">
    <p class='ocr_par' dir='ltr' id='par_1_60' title="bbox 2070 2920 3319 2988">
     <span class='ocr_line' id='line_1_60' title="bbox 2070 2920 3319 2988; baseline -0.001 -1"><span class='ocrx_word' id='word_1_390' title='bbox 2070 2934 2071 2937; x_wconf 66' lang='grc'><em>“</em></span> <span class='ocrx_word' id='word_1_391' title='bbox 2605 2932 2858 2988; x_wconf 83' lang='lat' dir='ltr'><strong>Oremus.</strong></span> <span class='ocrx_word' id='word_1_392' title='bbox 3316 2920 3319 2921; x_wconf 39' lang='grc'><strong><em>⁷</em></strong></span> 
     </span>
    </p>
   </div>
   <div class='ocr_carea' id='block_1_61' title="bbox 2003 3024 3533 3097">
    <p class='ocr_par' dir='ltr' id='par_1_61' title="bbox 2003 3024 3533 3097">
     <span class='ocr_line' id='line_1_61' title="bbox 2003 3024 3533 3097; baseline -0.001 -15"><span class='ocrx_word' id='word_1_393' title='bbox 2003 3028 2354 3097; x_wconf 89' lang='lat' dir='ltr'><strong>Omnipotens</strong></span> <span class='ocrx_word' id='word_1_394' title='bbox 2376 3026 2705 3095; x_wconf 83' lang='lat' dir='ltr'><strong>sempiterno</strong></span> <span class='ocrx_word' id='word_1_395' title='bbox 2738 3025 2921 3092; x_wconf 90' lang='lat' dir='ltr'><strong>Deus,</strong></span> <span class='ocrx_word' id='word_1_396' title='bbox 2971 3025 3060 3095; x_wconf 81' lang='lat' dir='ltr'><strong>qui</strong></span> <span class='ocrx_word' id='word_1_397' title='bbox 3107 3024 3333 3095; x_wconf 79' lang='lat' dir='ltr'><strong>gloriam</strong></span> <span class='ocrx_word' id='word_1_398' title='bbox 3381 3031 3533 3080; x_wconf 85' lang='lat' dir='ltr'><strong>tuam</strong></span> 
     </span>
    </p>
   </div>
   <div class='ocr_carea' id='block_1_62' title="bbox 1935 3119 3529 3193">
    <p class='ocr_par' dir='ltr' id='par_1_62' title="bbox 1935 3119 3529 3193">
     <span class='ocr_line' id='line_1_62' title="bbox 1935 3119 3529 3193; baseline -0.003 -12"><span class='ocrx_word' id='word_1_399' title='bbox 1935 3125 2187 3181; x_wconf 81' lang='lat' dir='ltr'><strong>omnibus</strong></span> <span class='ocrx_word' id='word_1_400' title='bbox 2218 3125 2271 3179; x_wconf 89' lang='lat' dir='ltr'><strong>in</strong></span> <span class='ocrx_word' id='word_1_401' title='bbox 2294 3123 2510 3177; x_wconf 85' lang='lat' dir='ltr'><strong>Christo</strong></span> <span class='ocrx_word' id='word_1_402' title='bbox 2533 3122 2781 3193; x_wconf 86' lang='lat' dir='ltr'><strong>gentibus</strong></span> <span class='ocrx_word' id='word_1_403' title='bbox 2823 3119 3095 3186; x_wconf 89' lang='lat' dir='ltr'><strong>revelasti,</strong></span> <span class='ocrx_word' id='word_1_404' title='bbox 3125 3119 3332 3175; x_wconf 91' lang='lat' dir='ltr'><strong>custodi</strong></span> <span class='ocrx_word' id='word_1_405' title='bbox 3362 3132 3529 3188; x_wconf 77' lang='lat' dir='ltr'><strong>opera</strong></span> 
     </span>
    </p>
   </div>
   <div class='ocr_carea' id='block_1_63' title="bbox 234 3194 3535 3291">
    <p class='ocr_par' dir='ltr' id='par_1_63' title="bbox 234 3194 3535 3291">
     <span class='ocr_line' id='line_1_63' title="bbox 234 3194 3535 3291; baseline 0 -27"><span class='ocrx_word' id='word_1_406' title='bbox 234 3208 491 3265; x_wconf 81' lang='lat' dir='ltr'><strong>hodierna</strong></span> <span class='ocrx_word' id='word_1_407' title='bbox 534 3212 622 3268; x_wconf 89' lang='lat' dir='ltr'><strong>die</strong></span> <span class='ocrx_word' id='word_1_408' title='bbox 659 3223 806 3269; x_wconf 90' lang='lat' dir='ltr'><strong>stans</strong></span> <span class='ocrx_word' id='word_1_409' title='bbox 852 3216 903 3270; x_wconf 92' lang='lat' dir='ltr'><strong>in</strong></span> <span class='ocrx_word' id='word_1_410' title='bbox 947 3215 1125 3271; x_wconf 89' lang='lat' dir='ltr'><strong>medio</strong></span> <span class='ocrx_word' id='word_1_411' title='bbox 1152 3194 1555 3288; x_wconf 6' lang='lat' dir='ltr'><strong>discipulorum,»</strong></span> <span class='ocrx_word' id='word_1_412' title='bbox 1581 3206 1835 3286; x_wconf 77' lang='lat' dir='ltr'><strong>suorum,</strong></span> <span class='ocrx_word' id='word_1_413' title='bbox 1855 3226 1905 3291; x_wconf 76' lang='grc' dir='ltr'>ο</span> <span class='ocrx_word' id='word_1_414' title='bbox 1937 3219 2322 3275; x_wconf 67' lang='lat' dir='ltr'><strong>misericordiae</strong></span> <span class='ocrx_word' id='word_1_415' title='bbox 2363 3228 2487 3283; x_wconf 71' lang='lat' dir='ltr'><strong>tuae,</strong></span> <span class='ocrx_word' id='word_1_416' title='bbox 2518 3226 2577 3269; x_wconf 91' lang='lat' dir='ltr'><strong>ut</strong></span> <span class='ocrx_word' id='word_1_417' title='bbox 2607 3214 2846 3270; x_wconf 85' lang='lat' dir='ltr'><strong>Ecclesia</strong></span> <span class='ocrx_word' id='word_1_418' title='bbox 2878 3220 2990 3269; x_wconf 91' lang='lat' dir='ltr'><strong>toto</strong></span> <span class='ocrx_word' id='word_1_419' title='bbox 3014 3212 3147 3269; x_wconf 86' lang='lat' dir='ltr'><strong>urbe</strong></span> <span class='ocrx_word' id='word_1_420' title='bbox 3175 3210 3388 3278; x_wconf 74' lang='lat' dir='ltr'><strong>diﬁusa,</strong></span> <span class='ocrx_word' id='word_1_421' title='bbox 3417 3194 3535 3265; x_wconf 10' lang='lat' dir='ltr'><strong>sta-&#39;7</strong></span> 
     </span>
    </p>
   </div>
   <div class='ocr_carea' id='block_1_64' title="bbox 232 3304 901 3375">
    <p class='ocr_par' dir='ltr' id='par_1_64' title="bbox 232 3304 901 3375">
     <span class='ocr_line' id='line_1_64' title="bbox 232 3304 901 3375; baseline 0 -16"><span class='ocrx_word' id='word_1_422' title='bbox 232 3306 443 3374; x_wconf 86' lang='lat' dir='ltr'><strong>accepit</strong></span> <span class='ocrx_word' id='word_1_423' title='bbox 470 3319 681 3373; x_wconf 86' lang='lat' dir='ltr'><strong>panem.</strong></span> <span class='ocrx_word' id='word_1_424' title='bbox 713 3304 782 3375; x_wconf 80' lang='lat' dir='ltr'><strong>Et</strong></span> <span class='ocrx_word' id='word_1_425' title='bbox 806 3308 901 3361; x_wconf 85' lang='lat' dir='ltr'><strong>ret.</strong></span> 
     </span>
    </p>
   </div>
   <div class='ocr_carea' id='block_1_65' title="bbox 533 3394 1541 3451">
    <p class='ocr_par' dir='ltr' id='par_1_65' title="bbox 533 3394 1541 3451">
     <span class='ocr_line' id='line_1_65' title="bbox 533 3394 1541 3451; baseline 0.004 -6"><span class='ocrx_word' id='word_1_426' title='bbox 533 3394 767 3445; x_wconf 85' lang='lat' dir='ltr'><strong>Collectio</strong></span> <span class='ocrx_word' id='word_1_427' title='bbox 788 3401 905 3445; x_wconf 88' lang='lat' dir='ltr'><strong>ante</strong></span> <span class='ocrx_word' id='word_1_428' title='bbox 929 3397 1198 3448; x_wconf 81' lang='lat' dir='ltr'><strong>orationem</strong></span> <span class='ocrx_word' id='word_1_429' title='bbox 1219 3394 1541 3451; x_wconf 87' lang='lat' dir='ltr'><strong>Dominicam.</strong></span> 
     </span>
    </p>
   </div>
   <div class='ocr_carea' id='block_1_66' title="bbox 313 3477 1833 3565">
    <p class='ocr_par' dir='ltr' id='par_1_66' title="bbox 313 3477 1833 3565">
     <span class='ocr_line' id='line_1_66' title="bbox 313 3477 1833 3565; baseline 0.004 -32"><span class='ocrx_word' id='word_1_430' title='bbox 313 3477 598 3533; x_wconf 83' lang='lat' dir='ltr'><strong>Precamur</strong></span> <span class='ocrx_word' id='word_1_431' title='bbox 646 3492 808 3547; x_wconf 89' lang='lat' dir='ltr'><strong>nunc,</strong></span> <span class='ocrx_word' id='word_1_432' title='bbox 846 3479 1068 3536; x_wconf 90' lang='lat' dir='ltr'><strong>Domine</strong></span> <span class='ocrx_word' id='word_1_433' title='bbox 1095 3478 1261 3565; x_wconf 73' lang='lat' dir='ltr'><strong>Deus,</strong></span> <span class='ocrx_word' id='word_1_434' title='bbox 1291 3491 1350 3536; x_wconf 92' lang='lat' dir='ltr'><strong>ut</strong></span> <span class='ocrx_word' id='word_1_435' title='bbox 1377 3482 1833 3559; x_wconf 33' lang='lat' dir='ltr'><strong>quemadmodum.</strong></span> 
     </span>
    </p>
   </div>
   <div class='ocr_carea' id='block_1_67' title="bbox 236 3568 1831 3644">
    <p class='ocr_par' dir='ltr' id='par_1_67' title="bbox 236 3568 1831 3644">
     <span class='ocr_line' id='line_1_67' title="bbox 236 3568 1831 3644; baseline 0.003 -18"><span class='ocrx_word' id='word_1_436' title='bbox 236 3568 409 3627; x_wconf 76' lang='lat' dir='ltr'><strong>Filius</strong></span> <span class='ocrx_word' id='word_1_437' title='bbox 438 3580 559 3626; x_wconf 84' lang='lat' dir='ltr'><strong>tuus</strong></span> <span class='ocrx_word' id='word_1_438' title='bbox 586 3571 843 3627; x_wconf 84' lang='lat' dir='ltr'><strong>Dominus</strong></span> <span class='ocrx_word' id='word_1_439' title='bbox 874 3582 1062 3628; x_wconf 82' lang='lat' dir='ltr'><strong>noster</strong></span> <span class='ocrx_word' id='word_1_440' title='bbox 1087 3576 1140 3628; x_wconf 88' lang='lat' dir='ltr'><strong>in</strong></span> <span class='ocrx_word' id='word_1_441' title='bbox 1170 3574 1255 3629; x_wconf 89' lang='lat' dir='ltr'><strong>illa</strong></span> <span class='ocrx_word' id='word_1_442' title='bbox 1284 3576 1576 3644; x_wconf 87' lang='lat' dir='ltr'><strong>gratiarum</strong></span> <span class='ocrx_word' id='word_1_443' title='bbox 1620 3576 1831 3631; x_wconf 88' lang='lat' dir='ltr'><strong>actione</strong></span> 
     </span>
    </p>
   </div>
   <div class='ocr_carea' id='block_1_68' title="bbox 237 3666 1834 3736">
    <p class='ocr_par' dir='ltr' id='par_1_68' title="bbox 237 3666 1834 3736">
     <span class='ocr_line' id='line_1_68' title="bbox 237 3666 1834 3736; baseline 0.003 -17"><span class='ocrx_word' id='word_1_444' title='bbox 237 3674 473 3719; x_wconf 73' lang='lat' dir='ltr'><strong>mortem</strong></span> <span class='ocrx_word' id='word_1_445' title='bbox 514 3672 753 3719; x_wconf 87' lang='lat' dir='ltr'><strong>nostram</strong></span> <span class='ocrx_word' id='word_1_446' title='bbox 799 3673 1144 3736; x_wconf 84' lang='lat' dir='ltr'><strong>suscepturus</strong></span> <span class='ocrx_word' id='word_1_447' title='bbox 1182 3666 1395 3723; x_wconf 89' lang='lat' dir='ltr'><strong>auditus</strong></span> <span class='ocrx_word' id='word_1_448' title='bbox 1438 3678 1542 3734; x_wconf 86' lang='lat' dir='ltr'><strong>est,</strong></span> <span class='ocrx_word' id='word_1_449' title='bbox 1591 3666 1661 3722; x_wconf 85' lang='lat' dir='ltr'><strong>ita</strong></span> <span class='ocrx_word' id='word_1_450' title='bbox 1694 3681 1834 3723; x_wconf 85' lang='lat' dir='ltr'><strong>nunc</strong></span> 
     </span>
    </p>
   </div>
   <div class='ocr_carea' id='block_1_69' title="bbox 238 3744 1837 3828">
    <p class='ocr_par' dir='ltr' id='par_1_69' title="bbox 238 3744 1837 3828">
     <span class='ocr_line' id='line_1_69' title="bbox 238 3744 1837 3828; baseline 0.002 -17"><span class='ocrx_word' id='word_1_451' title='bbox 238 3761 297 3811; x_wconf 83' lang='lat' dir='ltr'><strong>et</strong></span> <span class='ocrx_word' id='word_1_452' title='bbox 336 3768 434 3809; x_wconf 87' lang='lat' dir='ltr'><strong>nos</strong></span> <span class='ocrx_word' id='word_1_453' title='bbox 475 3755 567 3824; x_wconf 85' lang='lat' dir='ltr'><strong>qui</strong></span> <span class='ocrx_word' id='word_1_454' title='bbox 616 3755 790 3824; x_wconf 85' lang='lat' dir='ltr'><strong>ipsum</strong></span> <span class='ocrx_word' id='word_1_455' title='bbox 837 3765 890 3811; x_wconf 89' lang='lat' dir='ltr'><strong>et</strong></span> <span class='ocrx_word' id='word_1_456' title='bbox 940 3757 1099 3810; x_wconf 87' lang='lat' dir='ltr'><strong>vitam</strong></span> <span class='ocrx_word' id='word_1_457' title='bbox 1149 3744 1267 3827; x_wconf 81' lang='lat' dir='ltr'><strong>ejus</strong></span> <span class='ocrx_word' id='word_1_458' title='bbox 1312 3761 1627 3828; x_wconf 67' lang='lat' dir='ltr'><strong>qumrimus,</strong></span> <span class='ocrx_word' id='word_1_459' title='bbox 1655 3755 1837 3815; x_wconf 86' lang='lat' dir='ltr'><strong>audiri</strong></span> 
     </span>
    </p>
   </div>
   <div class='ocr_carea' id='block_1_70' title="bbox 242 3848 1837 3921">
    <p class='ocr_par' dir='ltr' id='par_1_70' title="bbox 242 3848 1837 3921">
     <span class='ocr_line' id='line_1_70' title="bbox 242 3848 1837 3921; baseline 0.003 -20"><span class='ocrx_word' id='word_1_460' title='bbox 242 3860 546 3902; x_wconf 69' lang='lat' dir='ltr'><strong>mereamur</strong></span> <span class='ocrx_word' id='word_1_461' title='bbox 591 3848 645 3902; x_wconf 89' lang='lat' dir='ltr'><strong>in</strong></span> <span class='ocrx_word' id='word_1_462' title='bbox 693 3848 962 3915; x_wconf 88' lang='lat' dir='ltr'><strong>oratione,</strong></span> <span class='ocrx_word' id='word_1_463' title='bbox 990 3863 1148 3919; x_wconf 90' lang='lat' dir='ltr'><strong>quam</strong></span> <span class='ocrx_word' id='word_1_464' title='bbox 1193 3865 1293 3906; x_wconf 90' lang='lat' dir='ltr'><strong>nos</strong></span> <span class='ocrx_word' id='word_1_465' title='bbox 1336 3860 1558 3920; x_wconf 88' lang='lat' dir='ltr'><strong>paterno</strong></span> <span class='ocrx_word' id='word_1_466' title='bbox 1599 3849 1837 3921; x_wconf 85' lang='lat' dir='ltr'><strong>alloquio</strong></span> 
     </span>
    </p>
   </div>
   <div class='ocr_carea' id='block_1_71' title="bbox 241 3936 1087 4006">
    <p class='ocr_par' dir='ltr' id='par_1_71' title="bbox 241 3936 1087 4006">
     <span class='ocr_line' id='line_1_71' title="bbox 241 3936 1087 4006; baseline 0.001 -12"><span class='ocrx_word' id='word_1_467' title='bbox 241 3952 401 3994; x_wconf 77' lang='lat' dir='ltr'><strong>orare</strong></span> <span class='ocrx_word' id='word_1_468' title='bbox 422 3936 627 4006; x_wconf 76' lang='lat' dir='ltr'><strong>docuit,</strong></span> <span class='ocrx_word' id='word_1_469' title='bbox 655 3937 877 3995; x_wconf 81' lang='lat' dir='ltr'><strong>dicens:</strong></span> <span class='ocrx_word' id='word_1_470' title='bbox 909 3938 1087 3995; x_wconf 76' lang='lat' dir='ltr'><strong>Pater.</strong></span> 
     </span>
    </p>
   </div>
   <div class='ocr_carea' id='block_1_72' title="bbox 823 4031 1257 4085">
    <p class='ocr_par' dir='ltr' id='par_1_72' title="bbox 823 4031 1257 4085">
     <span class='ocr_line' id='line_1_72' title="bbox 823 4031 1257 4085; baseline 0.005 -2"><span class='ocrx_word' id='word_1_471' title='bbox 823 4031 942 4083; x_wconf 81' lang='lat' dir='ltr'><strong>Post</strong></span> <span class='ocrx_word' id='word_1_472' title='bbox 963 4035 1257 4085; x_wconf 79' lang='lat' dir='ltr'><strong>orationem.</strong></span> 
     </span>
    </p>
   </div>
   <div class='ocr_carea' id='block_1_73' title="bbox 324 4114 1842 4191">
    <p class='ocr_par' dir='ltr' id='par_1_73' title="bbox 324 4114 1842 4191">
     <span class='ocr_line' id='line_1_73' title="bbox 324 4114 1842 4191; baseline 0.003 -21"><span class='ocrx_word' id='word_1_473' title='bbox 324 4114 549 4171; x_wconf 57' lang='lat' dir='ltr'><strong>Ducite</strong></span> <span class='ocrx_word' id='word_1_474' title='bbox 588 4115 731 4171; x_wconf 75' lang='lat' dir='ltr'><strong>Deus</strong></span> <span class='ocrx_word' id='word_1_475' title='bbox 777 4116 1150 4186; x_wconf 76' lang='lat' dir='ltr'><strong>omnipotens,</strong></span> <span class='ocrx_word' id='word_1_476' title='bbox 1205 4118 1373 4175; x_wconf 83' lang='lat' dir='ltr'><strong>libera</strong></span> <span class='ocrx_word' id='word_1_477' title='bbox 1426 4134 1529 4176; x_wconf 84' lang='lat' dir='ltr'><strong>nos</strong></span> <span class='ocrx_word' id='word_1_478' title='bbox 1573 4135 1606 4176; x_wconf 76' lang='grc' dir='ltr'><strong>ι</strong></span> <span class='ocrx_word' id='word_1_479' title='bbox 1658 4122 1842 4191; x_wconf 84' lang='lat' dir='ltr'><strong>malo,</strong></span> 
     </span>
    </p>
   </div>
   <div class='ocr_carea' id='block_1_74' title="bbox 246 4209 1845 4285">
    <p class='ocr_par' dir='ltr' id='par_1_74' title="bbox 246 4209 1845 4285">
     <span class='ocr_line' id='line_1_74' title="bbox 246 4209 1845 4285; baseline 0.008 -21"><span class='ocrx_word' id='word_1_480' title='bbox 246 4218 305 4265; x_wconf 75' lang='lat' dir='ltr'><strong>es</strong></span> <span class='ocrx_word' id='word_1_481' title='bbox 352 4209 411 4265; x_wconf 76' lang='lat' dir='ltr'><strong>iu</strong></span> <span class='ocrx_word' id='word_1_482' title='bbox 446 4219 695 4283; x_wconf 68' lang='lat' dir='ltr'><strong>tempore</strong></span> <span class='ocrx_word' id='word_1_483' title='bbox 735 4222 957 4283; x_wconf 74' lang='lat' dir='ltr'><strong>accepto</strong></span> <span class='ocrx_word' id='word_1_484' title='bbox 1000 4215 1150 4270; x_wconf 69' lang='lat' dir='ltr'><strong>eam</strong></span> <span class='ocrx_word' id='word_1_485' title='bbox 1190 4230 1327 4285; x_wconf 84' lang='lat' dir='ltr'><strong>nos;</strong></span> <span class='ocrx_word' id='word_1_486' title='bbox 1379 4225 1438 4273; x_wconf 91' lang='lat' dir='ltr'><strong>ut</strong></span> <span class='ocrx_word' id='word_1_487' title='bbox 1463 4218 1601 4275; x_wconf 87' lang='lat' dir='ltr'><strong>sicut</strong></span> <span class='ocrx_word' id='word_1_488' title='bbox 1638 4218 1692 4275; x_wconf 92' lang='lat' dir='ltr'><strong>in</strong></span> <span class='ocrx_word' id='word_1_489' title='bbox 1719 4235 1845 4276; x_wconf 81' lang='lat' dir='ltr'><strong>con-</strong></span> 
     </span>
    </p>
   </div>
   <div class='ocr_carea' id='block_1_75' title="bbox 248 4307 1841 4379">
    <p class='ocr_par' dir='ltr' id='par_1_75' title="bbox 248 4307 1841 4379">
     <span class='ocr_line' id='line_1_75' title="bbox 248 4307 1841 4379; baseline 0.006 -19"><span class='ocrx_word' id='word_1_490' title='bbox 248 4308 593 4365; x_wconf 80' lang='lat' dir='ltr'><strong>demnatioue</strong></span> <span class='ocrx_word' id='word_1_491' title='bbox 634 4307 706 4362; x_wconf 78' lang='lat' dir='ltr'><strong>tui</strong></span> <span class='ocrx_word' id='word_1_492' title='bbox 735 4307 1063 4376; x_wconf 78' lang='lat' dir='ltr'><strong>perﬁdorum</strong></span> <span class='ocrx_word' id='word_1_493' title='bbox 1093 4309 1359 4379; x_wconf 82' lang='lat' dir='ltr'><strong>piaculum</strong></span> <span class='ocrx_word' id='word_1_494' title='bbox 1405 4312 1552 4369; x_wconf 86' lang='lat' dir='ltr'><strong>salus</strong></span> <span class='ocrx_word' id='word_1_495' title='bbox 1599 4314 1841 4369; x_wconf 89' lang='lat' dir='ltr'><strong>omnium</strong></span> 
     </span>
    </p>
   </div>
   <div class='ocr_carea' id='block_1_76' title="bbox 246 4397 1842 4474">
    <p class='ocr_par' dir='ltr' id='par_1_76' title="bbox 246 4397 1842 4474">
     <span class='ocr_line' id='line_1_76' title="bbox 246 4397 1842 4474; baseline 0.005 -21"><span class='ocrx_word' id='word_1_496' title='bbox 246 4397 365 4464; x_wconf 67' lang='lat' dir='ltr'><strong>iuit,</strong></span> <span class='ocrx_word' id='word_1_497' title='bbox 387 4400 471 4453; x_wconf 87' lang='lat' dir='ltr'><strong>sic</strong></span> <span class='ocrx_word' id='word_1_498' title='bbox 494 4414 593 4469; x_wconf 89' lang='lat' dir='ltr'><strong>pro</strong></span> <span class='ocrx_word' id='word_1_499' title='bbox 620 4399 991 4455; x_wconf 77' lang='lat' dir='ltr'><strong>misericordia</strong></span> <span class='ocrx_word' id='word_1_500' title='bbox 1019 4402 1323 4458; x_wconf 80' lang='lat' dir='ltr'><strong>communis</strong></span> <span class='ocrx_word' id='word_1_501' title='bbox 1349 4402 1534 4474; x_wconf 65' lang='lat' dir='ltr'><strong>gratia:</strong></span> <span class='ocrx_word' id='word_1_502' title='bbox 1563 4404 1635 4460; x_wconf 87' lang='lat' dir='ltr'><strong>sit</strong></span> <span class='ocrx_word' id='word_1_503' title='bbox 1663 4405 1842 4461; x_wconf 88' lang='lat' dir='ltr'><strong>cultus</strong></span> 
     </span>
    </p>
   </div>
   <div class='ocr_carea' id='block_1_77' title="bbox 250 4492 1842 4565">
    <p class='ocr_par' dir='ltr' id='par_1_77' title="bbox 250 4492 1842 4565">
     <span class='ocr_line' id='line_1_77' title="bbox 250 4492 1842 4565; baseline 0.003 -18"><span class='ocrx_word' id='word_1_504' title='bbox 250 4492 357 4547; x_wconf 74' lang='lat' dir='ltr'><strong>iste</strong></span> <span class='ocrx_word' id='word_1_505' title='bbox 381 4493 743 4549; x_wconf 79' lang='lat' dir='ltr'><strong>credentibus.</strong></span> <span class='ocrx_word' id='word_1_506' title='bbox 798 4493 937 4561; x_wconf 68' lang='lat' dir='ltr'><strong>Qui:</strong></span> <span class='ocrx_word' id='word_1_507' title='bbox 962 4494 1057 4549; x_wconf 87' lang='lat' dir='ltr'><strong>tibi</strong></span> <span class='ocrx_word' id='word_1_508' title='bbox 1083 4504 1167 4550; x_wconf 87' lang='lat' dir='ltr'><strong>est</strong></span> <span class='ocrx_word' id='word_1_509' title='bbox 1197 4495 1369 4565; x_wconf 87' lang='lat' dir='ltr'><strong>gloria</strong></span> <span class='ocrx_word' id='word_1_510' title='bbox 1420 4504 1548 4565; x_wconf 84' lang='lat' dir='ltr'><strong>aput</strong></span> <span class='ocrx_word' id='word_1_511' title='bbox 1581 4505 1842 4552; x_wconf 64' lang='lat' dir='ltr'><strong>aeternum</strong></span> 
     </span>
    </p>
   </div>
   <div class='ocr_carea' id='block_1_78' title="bbox 249 4583 1197 4658">
    <p class='ocr_par' dir='ltr' id='par_1_78' title="bbox 249 4583 1197 4658">
     <span class='ocr_line' id='line_1_78' title="bbox 249 4583 1197 4658; baseline 0.002 -17"><span class='ocrx_word' id='word_1_512' title='bbox 249 4583 499 4654; x_wconf 78' lang='lat' dir='ltr'><strong>Patrem,</strong></span> <span class='ocrx_word' id='word_1_513' title='bbox 531 4601 652 4642; x_wconf 89' lang='lat' dir='ltr'><strong>cum</strong></span> <span class='ocrx_word' id='word_1_514' title='bbox 685 4602 793 4658; x_wconf 86' lang='lat' dir='ltr'><strong>quo</strong></span> <span class='ocrx_word' id='word_1_515' title='bbox 821 4586 1010 4642; x_wconf 86' lang='lat' dir='ltr'><strong>beatus</strong></span> <span class='ocrx_word' id='word_1_516' title='bbox 1036 4587 1197 4643; x_wconf 83' lang='lat' dir='ltr'><strong>vivis.</strong></span> 
     </span>
    </p>
   </div>
   <div class='ocr_carea' id='block_1_79' title="bbox 728 4679 1382 4743">
    <p class='ocr_par' dir='ltr' id='par_1_79' title="bbox 728 4679 1382 4743">
     <span class='ocr_line' id='line_1_79' title="bbox 728 4679 1382 4743; baseline 0.003 -16"><span class='ocrx_word' id='word_1_517' title='bbox 728 4679 1017 4730; x_wconf 82' lang='lat' dir='ltr'><strong>Benedictio</strong></span> <span class='ocrx_word' id='word_1_518' title='bbox 1045 4679 1110 4729; x_wconf 79' lang='lat' dir='ltr'><strong>ad</strong></span> <span class='ocrx_word' id='word_1_519' title='bbox 1133 4679 1382 4743; x_wconf 85' lang='lat' dir='ltr'><strong>populum.</strong></span> 
     </span>
    </p>
   </div>
   <div class='ocr_carea' id='block_1_80' title="bbox 323 4759 1839 4836">
    <p class='ocr_par' dir='ltr' id='par_1_80' title="bbox 323 4759 1839 4836">
     <span class='ocr_line' id='line_1_80' title="bbox 323 4759 1839 4836; baseline 0.005 -23"><span class='ocrx_word' id='word_1_520' title='bbox 323 4759 597 4827; x_wconf 87' lang='lat' dir='ltr'><strong>Benedic,</strong></span> <span class='ocrx_word' id='word_1_521' title='bbox 646 4761 907 4829; x_wconf 81' lang='lat' dir='ltr'><strong>Domine,</strong></span> <span class='ocrx_word' id='word_1_522' title='bbox 966 4762 1104 4821; x_wconf 75' lang='lat' dir='ltr'><strong>hanc</strong></span> <span class='ocrx_word' id='word_1_523' title='bbox 1156 4762 1408 4820; x_wconf 67' lang='lat' dir='ltr'><strong>hmiliam</strong></span> <span class='ocrx_word' id='word_1_524' title='bbox 1460 4772 1633 4828; x_wconf 91' lang='lat' dir='ltr'><strong>tuam,</strong></span> <span class='ocrx_word' id='word_1_525' title='bbox 1680 4778 1839 4836; x_wconf 89' lang='lat' dir='ltr'><strong>quam</strong></span> 
     </span>
    </p>
   </div>
   <div class='ocr_carea' id='block_1_81' title="bbox 252 4851 1840 4929">
    <p class='ocr_par' dir='ltr' id='par_1_81' title="bbox 252 4851 1840 4929">
     <span class='ocr_line' id='line_1_81' title="bbox 252 4851 1840 4929; baseline 0.004 -24"><span class='ocrx_word' id='word_1_526' title='bbox 252 4851 515 4921; x_wconf 85' lang='lat' dir='ltr'><strong>plasmare</strong></span> <span class='ocrx_word' id='word_1_527' title='bbox 544 4852 793 4924; x_wconf 87' lang='lat' dir='ltr'><strong>dignatus</strong></span> <span class='ocrx_word' id='word_1_528' title='bbox 819 4868 876 4911; x_wconf 87' lang='lat' dir='ltr'><strong>es</strong></span> <span class='ocrx_word' id='word_1_529' title='bbox 899 4868 964 4911; x_wconf 78' lang='lat' dir='ltr'><strong>ex</strong></span> <span class='ocrx_word' id='word_1_530' title='bbox 990 4868 1169 4922; x_wconf 80' lang='lat' dir='ltr'><strong>coeno,</strong></span> <span class='ocrx_word' id='word_1_531' title='bbox 1196 4863 1253 4917; x_wconf 88' lang='lat' dir='ltr'><strong>et</strong></span> <span class='ocrx_word' id='word_1_532' title='bbox 1279 4855 1530 4926; x_wconf 78' lang='lat' dir='ltr'><strong>deinceps</strong></span> <span class='ocrx_word' id='word_1_533' title='bbox 1554 4857 1719 4929; x_wconf 72' lang='lat'><strong>350</strong></span> <span class='ocrx_word' id='word_1_534' title='bbox 1755 4857 1840 4912; x_wconf 86' lang='lat' dir='ltr'><strong>vi-</strong></span> 
     </span>
    </p>
   </div>
   <div class='ocr_carea' id='block_1_82' title="bbox 255 4943 1843 5020">
    <p class='ocr_par' dir='ltr' id='par_1_82' title="bbox 255 4943 1843 5020">
     <span class='ocr_line' id='line_1_82' title="bbox 255 4943 1843 5020; baseline 0.005 -25"><span class='ocrx_word' id='word_1_535' title='bbox 255 4943 469 4999; x_wconf 81' lang='lat' dir='ltr'><strong>vilicare</strong></span> <span class='ocrx_word' id='word_1_536' title='bbox 494 4959 584 5012; x_wconf 89' lang='lat' dir='ltr'><strong>per</strong></span> <span class='ocrx_word' id='word_1_537' title='bbox 612 4943 883 5013; x_wconf 82' lang='lat' dir='ltr'><strong>lavacrum</strong></span> <span class='ocrx_word' id='word_1_538' title='bbox 912 4962 926 5001; x_wconf 88' lang='lat'><strong>:</strong></span> <span class='ocrx_word' id='word_1_539' title='bbox 961 4954 1179 5015; x_wconf 64' lang='lat' dir='ltr'><strong>praesta,</strong></span> <span class='ocrx_word' id='word_1_540' title='bbox 1213 4957 1271 5020; x_wconf 80' lang='lat' dir='ltr'><strong>ut</strong></span> <span class='ocrx_word' id='word_1_541' title='bbox 1313 4962 1451 5018; x_wconf 81' lang='lat' dir='ltr'><strong>quos</strong></span> <span class='ocrx_word' id='word_1_542' title='bbox 1474 4948 1707 5017; x_wconf 76' lang='lat' dir='ltr'><strong>perdidit</strong></span> <span class='ocrx_word' id='word_1_543' title='bbox 1733 4951 1843 5013; x_wconf 81' lang='lat' dir='ltr'><strong>vita</strong></span> 
     </span>
    </p>
   </div>
   <div class='ocr_carea' id='block_1_83' title="bbox 256 5036 1840 5117">
    <p class='ocr_par' dir='ltr' id='par_1_83' title="bbox 256 5036 1840 5117">
     <span class='ocr_line' id='line_1_83' title="bbox 256 5036 1840 5117; baseline 0.008 -31"><span class='ocrx_word' id='word_1_544' title='bbox 256 5050 351 5113; x_wconf 86' lang='lat' dir='ltr'><strong>per</strong></span> <span class='ocrx_word' id='word_1_545' title='bbox 396 5044 632 5105; x_wconf 76' lang='lat' dir='ltr'><strong>gustum,</strong></span> <span class='ocrx_word' id='word_1_546' title='bbox 676 5049 823 5099; x_wconf 84' lang='lat' dir='ltr'><strong>mors</strong></span> <span class='ocrx_word' id='word_1_547' title='bbox 860 5036 1094 5105; x_wconf 82' lang='lat' dir='ltr'><strong>reddidit</strong></span> <span class='ocrx_word' id='word_1_548' title='bbox 1141 5055 1234 5117; x_wconf 83' lang='lat' dir='ltr'><strong>per</strong></span> <span class='ocrx_word' id='word_1_549' title='bbox 1284 5039 1598 5110; x_wconf 79' lang='lat' dir='ltr'><strong>patibulum,</strong></span> <span class='ocrx_word' id='word_1_550' title='bbox 1650 5042 1840 5109; x_wconf 71' lang='lat' dir='ltr'><strong>merita</strong></span> 
     </span>
    </p>
   </div>
   <div class='ocr_carea' id='block_1_84' title="bbox 253 5124 1839 5203">
    <p class='ocr_par' dir='ltr' id='par_1_84' title="bbox 253 5124 1839 5203">
     <span class='ocr_line' id='line_1_84' title="bbox 253 5124 1839 5203; baseline 0.006 -22"><span class='ocrx_word' id='word_1_551' title='bbox 253 5124 554 5197; x_wconf 82' lang='lat' dir='ltr'><strong>gloriﬁcent</strong></span> <span class='ocrx_word' id='word_1_552' title='bbox 618 5143 712 5197; x_wconf 91' lang='lat' dir='ltr'><strong>per</strong></span> <span class='ocrx_word' id='word_1_553' title='bbox 756 5127 1041 5199; x_wconf 81' lang='lat' dir='ltr'><strong>adventum</strong></span> <span class='ocrx_word' id='word_1_554' title='bbox 1072 5129 1132 5203; x_wconf 67' lang='lat'><strong>1-.</strong></span> <span class='ocrx_word' id='word_1_555' title='bbox 1186 5130 1249 5187; x_wconf 86' lang='lat' dir='ltr'><strong>Ut</strong></span> <span class='ocrx_word' id='word_1_556' title='bbox 1289 5146 1395 5197; x_wconf 86' lang='lat' dir='ltr'><strong>non</strong></span> <span class='ocrx_word' id='word_1_557' title='bbox 1451 5131 1507 5191; x_wconf 81' lang='lat' dir='ltr'><strong>in</strong></span> <span class='ocrx_word' id='word_1_558' title='bbox 1563 5132 1645 5189; x_wconf 87' lang='lat' dir='ltr'><strong>eis</strong></span> <span class='ocrx_word' id='word_1_559' title='bbox 1687 5133 1839 5190; x_wconf 77' lang='lat' dir='ltr'><strong>inve-</strong></span> 
     </span>
    </p>
   </div>
   <div class='ocr_carea' id='block_1_85' title="bbox 257 5216 1845 5297">
    <p class='ocr_par' dir='ltr' id='par_1_85' title="bbox 257 5216 1845 5297">
     <span class='ocr_line' id='line_1_85' title="bbox 257 5216 1845 5297; baseline 0.007 -27"><span class='ocrx_word' id='word_1_560' title='bbox 257 5216 366 5297; x_wconf 81' lang='lat' dir='ltr'><strong>niat</strong></span> <span class='ocrx_word' id='word_1_561' title='bbox 402 5217 621 5275; x_wconf 87' lang='lat' dir='ltr'><strong>dolosus</strong></span> <span class='ocrx_word' id='word_1_562' title='bbox 652 5220 820 5291; x_wconf 82' lang='lat' dir='ltr'><strong>hostis</strong></span> <span class='ocrx_word' id='word_1_563' title='bbox 847 5234 940 5288; x_wconf 88' lang='lat' dir='ltr'><strong>per</strong></span> <span class='ocrx_word' id='word_1_564' title='bbox 979 5235 1073 5289; x_wconf 83' lang='lat' dir='ltr'><strong>eos</strong></span> <span class='ocrx_word' id='word_1_565' title='bbox 1110 5222 1251 5293; x_wconf 70' lang='lat' dir='ltr'><strong>quod</strong></span> <span class='ocrx_word' id='word_1_566' title='bbox 1279 5225 1489 5294; x_wconf 83' lang='lat' dir='ltr'><strong>capiat,</strong></span> <span class='ocrx_word' id='word_1_567' title='bbox 1517 5223 1697 5291; x_wconf 82' lang='lat' dir='ltr'><strong>divina</strong></span> <span class='ocrx_word' id='word_1_568' title='bbox 1730 5226 1845 5295; x_wconf 60' lang='lat' dir='ltr'><strong>pie»</strong></span> 
     </span>
    </p>
   </div>
   <div class='ocr_carea' id='block_1_86' title="bbox 255 5309 1843 5391">
    <p class='ocr_par' dir='ltr' id='par_1_86' title="bbox 255 5309 1843 5391">
     <span class='ocr_line' id='line_1_86' title="bbox 255 5309 1843 5391; baseline 0.009 -30"><span class='ocrx_word' id='word_1_569' title='bbox 255 5316 338 5364; x_wconf 91' lang='lat' dir='ltr'><strong>tas</strong></span> <span class='ocrx_word' id='word_1_570' title='bbox 363 5309 506 5379; x_wconf 90' lang='lat' dir='ltr'><strong>quod</strong></span> <span class='ocrx_word' id='word_1_571' title='bbox 539 5311 784 5380; x_wconf 86' lang='lat' dir='ltr'><strong>repellat,</strong></span> <span class='ocrx_word' id='word_1_572' title='bbox 812 5311 975 5368; x_wconf 79' lang='lat' dir='ltr'><strong>ultrix</strong></span> <span class='ocrx_word' id='word_1_573' title='bbox 1004 5312 1214 5376; x_wconf 78' lang='lat' dir='ltr'><strong>ﬂamma</strong></span> <span class='ocrx_word' id='word_1_574' title='bbox 1241 5316 1383 5387; x_wconf 85' lang='lat' dir='ltr'><strong>quod</strong></span> <span class='ocrx_word' id='word_1_575' title='bbox 1411 5318 1597 5374; x_wconf 70' lang='lat' dir='ltr'><strong>saeviat</strong></span> <span class='ocrx_word' id='word_1_576' title='bbox 1624 5318 1687 5391; x_wconf 58' lang='grc' dir='ltr'><strong>τ.</strong></span> <span class='ocrx_word' id='word_1_577' title='bbox 1733 5317 1843 5383; x_wconf 84' lang='lat' dir='ltr'><strong>Sed</strong></span> 
     </span>
    </p>
   </div>
   <div class='ocr_carea' id='block_1_87' title="bbox 256 5403 1840 5481">
    <p class='ocr_par' dir='ltr' id='par_1_87' title="bbox 256 5403 1840 5481">
     <span class='ocr_line' id='line_1_87' title="bbox 256 5403 1840 5481; baseline 0.009 -27"><span class='ocrx_word' id='word_1_578' title='bbox 256 5416 378 5472; x_wconf 83' lang='lat' dir='ltr'><strong>cum</strong></span> <span class='ocrx_word' id='word_1_579' title='bbox 425 5403 663 5459; x_wconf 87' lang='lat' dir='ltr'><strong>terribile</strong></span> <span class='ocrx_word' id='word_1_580' title='bbox 711 5403 843 5473; x_wconf 78' lang='lat' dir='ltr'><strong>illud</strong></span> <span class='ocrx_word' id='word_1_581' title='bbox 883 5403 1069 5476; x_wconf 72' lang='lat' dir='ltr'><strong>iudicii</strong></span> <span class='ocrx_word' id='word_1_582' title='bbox 1116 5415 1325 5477; x_wconf 75' lang='lat' dir='ltr'><strong>tempus</strong></span> <span class='ocrx_word' id='word_1_583' title='bbox 1366 5409 1666 5479; x_wconf 82' lang='lat' dir='ltr'><strong>advenerit,</strong></span> <span class='ocrx_word' id='word_1_584' title='bbox 1712 5412 1840 5481; x_wconf 70' lang='lat' dir='ltr'><strong>tuba</strong></span> 
     </span>
    </p>
   </div>
   <div class='ocr_carea' id='block_1_88' title="bbox 256 5498 1840 5579">
    <p class='ocr_par' dir='ltr' id='par_1_88' title="bbox 256 5498 1840 5579">
     <span class='ocr_line' id='line_1_88' title="bbox 256 5498 1840 5579; baseline 0.01 -27"><span class='ocrx_word' id='word_1_585' title='bbox 256 5506 549 5571; x_wconf 81' lang='lat' dir='ltr'><strong>evocentur</strong></span> <span class='ocrx_word' id='word_1_586' title='bbox 578 5499 642 5553; x_wconf 92' lang='lat' dir='ltr'><strong>ad</strong></span> <span class='ocrx_word' id='word_1_587' title='bbox 673 5498 885 5579; x_wconf 60' lang='lat' dir='ltr'><strong>gelum,</strong></span> <span class='ocrx_word' id='word_1_588' title='bbox 910 5498 1116 5577; x_wconf 73' lang='lat' dir='ltr'><strong>meritis</strong></span> <span class='ocrx_word' id='word_1_589' title='bbox 1156 5500 1423 5577; x_wconf 66' lang='lat' dir='ltr'><strong>ducantur</strong></span> <span class='ocrx_word' id='word_1_590' title='bbox 1448 5503 1515 5577; x_wconf 79' lang='lat' dir='ltr'><strong>ad</strong></span> <span class='ocrx_word' id='word_1_591' title='bbox 1538 5505 1840 5574; x_wconf 64' lang='lat' dir='ltr'><strong>precanum,</strong></span> 
     </span>
    </p>
   </div>
   <div class='ocr_carea' id='block_1_89' title="bbox 258 5580 1729 5671">
    <p class='ocr_par' dir='ltr' id='par_1_89' title="bbox 258 5580 1729 5671">
     <span class='ocr_line' id='line_1_89' title="bbox 258 5580 1729 5671; baseline 0.007 -28"><span class='ocrx_word' id='word_1_592' title='bbox 258 5590 489 5671; x_wconf 88' lang='lat' dir='ltr'><strong>palmam</strong></span> <span class='ocrx_word' id='word_1_593' title='bbox 519 5592 782 5663; x_wconf 85' lang='lat' dir='ltr'><strong>accipiant</strong></span> <span class='ocrx_word' id='word_1_594' title='bbox 808 5603 928 5665; x_wconf 83' lang='lat' dir='ltr'><strong>post</strong></span> <span class='ocrx_word' id='word_1_595' title='bbox 956 5580 1299 5667; x_wconf 73' lang='lat' dir='ltr'><strong>triumphum.</strong></span> <span class='ocrx_word' id='word_1_596' title='bbox 1354 5596 1509 5664; x_wconf 85' lang='lat' dir='ltr'><strong>Quod</strong></span> <span class='ocrx_word' id='word_1_597' title='bbox 1542 5606 1729 5667; x_wconf 65' lang='lat' dir='ltr'><strong>priest.</strong></span> 
     </span>
    </p>
   </div>
   <div class='ocr_carea' id='block_1_90' title="bbox 792 5684 1330 5755">
    <p class='ocr_par' dir='ltr' id='par_1_90' title="bbox 792 5684 1330 5755">
     <span class='ocr_line' id='line_1_90' title="bbox 792 5684 1330 5755; baseline 0.004 -19"><span class='ocrx_word' id='word_1_598' title='bbox 792 5684 909 5755; x_wconf 79' lang='lat' dir='ltr'><strong>Post</strong></span> <span class='ocrx_word' id='word_1_599' title='bbox 928 5688 1330 5747; x_wconf 80' lang='lat' dir='ltr'><strong>communionem.</strong></span> 
     </span>
    </p>
   </div>
   <div class='ocr_carea' id='block_1_91' title="bbox 333 5766 1850 5851">
    <p class='ocr_par' dir='ltr' id='par_1_91' title="bbox 333 5766 1850 5851">
     <span class='ocr_line' id='line_1_91' title="bbox 333 5766 1850 5851; baseline 0.003 -28"><span class='ocrx_word' id='word_1_600' title='bbox 333 5766 580 5851; x_wconf 81' lang='lat' dir='ltr'><strong>Acceptis</strong></span> <span class='ocrx_word' id='word_1_601' title='bbox 614 5778 662 5836; x_wconf 73' lang='grc' dir='ltr'>ι,</span> <span class='ocrx_word' id='word_1_602' title='bbox 689 5771 977 5837; x_wconf 90' lang='lat' dir='ltr'><strong>carissimi,</strong></span> <span class='ocrx_word' id='word_1_603' title='bbox 1023 5771 1355 5849; x_wconf 82' lang='lat' dir='ltr'><strong>spiritalibus</strong></span> <span class='ocrx_word' id='word_1_604' title='bbox 1382 5771 1536 5838; x_wconf 87' lang='lat' dir='ltr'><strong>cibis,</strong></span> <span class='ocrx_word' id='word_1_605' title='bbox 1568 5782 1622 5829; x_wconf 87' lang='lat' dir='ltr'><strong>et</strong></span> <span class='ocrx_word' id='word_1_606' title='bbox 1648 5772 1850 5845; x_wconf 69' lang='lat' dir='ltr'><strong>Christi</strong></span> 
     </span>
    </p>
   </div>
   <div class='ocr_carea' id='block_1_92' title="bbox 336 5876 1751 5951">
    <p class='ocr_par' dir='ltr' id='par_1_92' title="bbox 336 5876 1751 5951">
     <span class='ocr_line' id='line_1_92' title="bbox 336 5876 1751 5951; baseline 0.002 -18"><span class='ocrx_word' id='word_1_607' title='bbox 336 5886 363 5915; x_wconf 79' lang='grc' dir='ltr'><strong>ι</strong></span> <span class='ocrx_word' id='word_1_608' title='bbox 388 5876 512 5935; x_wconf 79' lang='lat' dir='ltr'><strong>Haec</strong></span> <span class='ocrx_word' id='word_1_609' title='bbox 539 5891 592 5935; x_wconf 90' lang='lat' dir='ltr'><strong>et</strong></span> <span class='ocrx_word' id='word_1_610' title='bbox 621 5895 849 5951; x_wconf 84' lang='lat' dir='ltr'><strong>sequens</strong></span> <span class='ocrx_word' id='word_1_611' title='bbox 878 5882 1049 5937; x_wconf 90' lang='lat' dir='ltr'><strong>oratio</strong></span> <span class='ocrx_word' id='word_1_612' title='bbox 1073 5889 1248 5937; x_wconf 80' lang='lat' dir='ltr'><strong>exstat</strong></span> <span class='ocrx_word' id='word_1_613' title='bbox 1274 5897 1456 5951; x_wconf 89' lang='lat' dir='ltr'><strong>supra,</strong></span> <span class='ocrx_word' id='word_1_614' title='bbox 1490 5896 1635 5935; x_wconf 89' lang='lat' dir='ltr'><strong>num.</strong></span> <span class='ocrx_word' id='word_1_615' title='bbox 1665 5881 1751 5936; x_wconf 75' lang='grc' dir='ltr'>ιι.</span> 
     </span>
    </p>
   </div>
   <div class='ocr_carea' id='block_1_93' title="bbox 1934 3303 3530 3373">
    <p class='ocr_par' dir='ltr' id='par_1_93' title="bbox 1934 3303 3530 3373">
     <span class='ocr_line' id='line_1_93' title="bbox 1934 3303 3530 3373; baseline -0.005 -8"><span class='ocrx_word' id='word_1_616' title='bbox 1934 3311 2022 3366; x_wconf 91' lang='lat' dir='ltr'><strong>bili</strong></span> <span class='ocrx_word' id='word_1_617' title='bbox 2078 3310 2183 3365; x_wconf 86' lang='lat' dir='ltr'><strong>fide</strong></span> <span class='ocrx_word' id='word_1_618' title='bbox 2253 3310 2304 3363; x_wconf 92' lang='lat' dir='ltr'><strong>in</strong></span> <span class='ocrx_word' id='word_1_619' title='bbox 2353 3305 2749 3362; x_wconf 78' lang='lat' dir='ltr'><strong>confessionem</strong></span> <span class='ocrx_word' id='word_1_620' title='bbox 2796 3306 2871 3360; x_wconf 91' lang='lat' dir='ltr'><strong>tui</strong></span> <span class='ocrx_word' id='word_1_621' title='bbox 2916 3303 3147 3360; x_wconf 88' lang='lat' dir='ltr'><strong>nominis</strong></span> <span class='ocrx_word' id='word_1_622' title='bbox 3196 3309 3530 3373; x_wconf 87' lang='lat' dir='ltr'><strong>perseveret.</strong></span> 
     </span>
    </p>
   </div>
   <div class='ocr_carea' id='block_1_94' title="bbox 1937 3401 2647 3459">
    <p class='ocr_par' dir='ltr' id='par_1_94' title="bbox 1937 3401 2647 3459">
     <span class='ocr_line' id='line_1_94' title="bbox 1937 3401 2647 3459; baseline -0.013 1"><span class='ocrx_word' id='word_1_623' title='bbox 1937 3402 2043 3459; x_wconf 84' lang='lat' dir='ltr'><strong>Per</strong></span> <span class='ocrx_word' id='word_1_624' title='bbox 2064 3401 2347 3457; x_wconf 90' lang='lat' dir='ltr'><strong>Dominum</strong></span> <span class='ocrx_word' id='word_1_625' title='bbox 2381 3405 2647 3453; x_wconf 84' lang='lat' dir='ltr'><strong>nostrum.</strong></span> 
     </span>
    </p>
   </div>
   <div class='ocr_carea' id='block_1_95' title="bbox 2008 3486 3533 3568">
    <p class='ocr_par' dir='ltr' id='par_1_95' title="bbox 2008 3486 3533 3568">
     <span class='ocr_line' id='line_1_95' title="bbox 2008 3486 3533 3568; baseline -0.005 -20"><span class='ocrx_word' id='word_1_626' title='bbox 2008 3496 2168 3568; x_wconf 73' lang='lat'><strong>351</strong></span> <span class='ocrx_word' id='word_1_627' title='bbox 2205 3494 2432 3548; x_wconf 88' lang='lat' dir='ltr'><strong>Oremus</strong></span> <span class='ocrx_word' id='word_1_628' title='bbox 2471 3501 2525 3547; x_wconf 91' lang='lat' dir='ltr'><strong>et</strong></span> <span class='ocrx_word' id='word_1_629' title='bbox 2566 3505 2662 3560; x_wconf 89' lang='lat' dir='ltr'><strong>pro</strong></span> <span class='ocrx_word' id='word_1_630' title='bbox 2698 3486 3007 3545; x_wconf 84' lang='lat' dir='ltr'><strong>beatissimo</strong></span> <span class='ocrx_word' id='word_1_631' title='bbox 3055 3501 3190 3557; x_wconf 87' lang='lat' dir='ltr'><strong>papa</strong></span> <span class='ocrx_word' id='word_1_632' title='bbox 3236 3493 3441 3551; x_wconf 90' lang='lat' dir='ltr'><strong>nostro,</strong></span> <span class='ocrx_word' id='word_1_633' title='bbox 3473 3490 3533 3541; x_wconf 89' lang='lat' dir='ltr'><strong>ut</strong></span> 
     </span>
    </p>
   </div>
   <div class='ocr_carea' id='block_1_96' title="bbox 1938 3578 3532 3654">
    <p class='ocr_par' dir='ltr' id='par_1_96' title="bbox 1938 3578 3532 3654">
     <span class='ocr_line' id='line_1_96' title="bbox 1938 3578 3532 3654; baseline -0.009 -8"><span class='ocrx_word' id='word_1_634' title='bbox 1938 3590 2079 3646; x_wconf 88' lang='lat' dir='ltr'><strong>Deus</strong></span> <span class='ocrx_word' id='word_1_635' title='bbox 2122 3586 2484 3654; x_wconf 84' lang='lat' dir='ltr'><strong>omnipotens,</strong></span> <span class='ocrx_word' id='word_1_636' title='bbox 2520 3583 2610 3653; x_wconf 89' lang='lat' dir='ltr'><strong>qui</strong></span> <span class='ocrx_word' id='word_1_637' title='bbox 2649 3581 2813 3652; x_wconf 85' lang='lat' dir='ltr'><strong>elegit</strong></span> <span class='ocrx_word' id='word_1_638' title='bbox 2847 3594 2968 3636; x_wconf 82' lang='lat' dir='ltr'><strong>eum</strong></span> <span class='ocrx_word' id='word_1_639' title='bbox 3010 3579 3066 3635; x_wconf 79' lang='lat' dir='ltr'><strong>in</strong></span> <span class='ocrx_word' id='word_1_640' title='bbox 3094 3579 3289 3635; x_wconf 84' lang='lat' dir='ltr'><strong>ordine</strong></span> <span class='ocrx_word' id='word_1_641' title='bbox 3321 3578 3532 3649; x_wconf 81' lang='lat' dir='ltr'><strong>episco-</strong></span> 
     </span>
    </p>
   </div>
   <div class='ocr_carea' id='block_1_97' title="bbox 1938 3672 3531 3753">
    <p class='ocr_par' dir='ltr' id='par_1_97' title="bbox 1938 3672 3531 3753">
     <span class='ocr_line' id='line_1_97' title="bbox 1938 3672 3531 3753; baseline -0.004 -17"><span class='ocrx_word' id='word_1_642' title='bbox 1938 3692 2113 3753; x_wconf 89' lang='lat' dir='ltr'><strong>patus,</strong></span> <span class='ocrx_word' id='word_1_643' title='bbox 2148 3681 2354 3734; x_wconf 84' lang='lat' dir='ltr'><strong>salvum</strong></span> <span class='ocrx_word' id='word_1_644' title='bbox 2399 3689 2452 3733; x_wconf 90' lang='lat' dir='ltr'><strong>et</strong></span> <span class='ocrx_word' id='word_1_645' title='bbox 2483 3676 2800 3732; x_wconf 84' lang='lat' dir='ltr'><strong>incolumem</strong></span> <span class='ocrx_word' id='word_1_646' title='bbox 2831 3675 3099 3731; x_wconf 77' lang='lat' dir='ltr'><strong>custodiat</strong></span> <span class='ocrx_word' id='word_1_647' title='bbox 3126 3672 3381 3730; x_wconf 73' lang='lat' dir='ltr'><strong>Ecclesia:</strong></span> <span class='ocrx_word' id='word_1_648' title='bbox 3408 3684 3531 3729; x_wconf 71' lang='grc' dir='ltr'><strong>ωι-</strong></span> 
     </span>
    </p>
   </div>
   <div class='ocr_carea' id='block_1_98' title="bbox 1939 3766 3158 3844">
    <p class='ocr_par' dir='ltr' id='par_1_98' title="bbox 1939 3766 3158 3844">
     <span class='ocr_line' id='line_1_98' title="bbox 1939 3766 3158 3844; baseline -0.009 -13"><span class='ocrx_word' id='word_1_649' title='bbox 1939 3784 2039 3831; x_wconf 67' lang='lat' dir='ltr'><strong>ctte</strong></span> <span class='ocrx_word' id='word_1_650' title='bbox 2070 3772 2138 3829; x_wconf 89' lang='lat' dir='ltr'><strong>ad</strong></span> <span class='ocrx_word' id='word_1_651' title='bbox 2167 3772 2459 3844; x_wconf 86' lang='lat' dir='ltr'><strong>regendum</strong></span> <span class='ocrx_word' id='word_1_652' title='bbox 2488 3769 2739 3841; x_wconf 88' lang='lat' dir='ltr'><strong>populum</strong></span> <span class='ocrx_word' id='word_1_653' title='bbox 2768 3777 3012 3824; x_wconf 88' lang='lat' dir='ltr'><strong>sanctum</strong></span> <span class='ocrx_word' id='word_1_654' title='bbox 3046 3766 3158 3823; x_wconf 90' lang='lat' dir='ltr'><strong>Dei.</strong></span> 
     </span>
    </p>
   </div>
   <div class='ocr_carea' id='block_1_99' title="bbox 2022 3850 2854 3917">
    <p class='ocr_par' dir='ltr' id='par_1_99' title="bbox 2022 3850 2854 3917">
     <span class='ocr_line' id='line_1_99' title="bbox 2022 3850 2854 3917; baseline -0.001 0"><span class='ocrx_word' id='word_1_655' title='bbox 2022 3850 2027 3855; x_wconf 60' lang='grc'>’</span> <span class='ocrx_word' id='word_1_656' title='bbox 2610 3862 2854 3917; x_wconf 70' lang='lat' dir='ltr'><strong>Oremus.</strong></span> 
     </span>
    </p>
   </div>
   <div class='ocr_carea' id='block_1_100' title="bbox 2010 3952 3534 4033">
    <p class='ocr_par' dir='ltr' id='par_1_100' title="bbox 2010 3952 3534 4033">
     <span class='ocr_line' id='line_1_100' title="bbox 2010 3952 3534 4033; baseline -0.004 -16"><span class='ocrx_word' id='word_1_657' title='bbox 2010 3961 2361 4030; x_wconf 85' lang='lat' dir='ltr'><strong>Omnipotens</strong></span> <span class='ocrx_word' id='word_1_658' title='bbox 2400 3957 2728 4033; x_wconf 85' lang='lat' dir='ltr'><strong>sempiterne</strong></span> <span class='ocrx_word' id='word_1_659' title='bbox 2757 3956 2917 4020; x_wconf 88' lang='lat' dir='ltr'><strong>Deus,</strong></span> <span class='ocrx_word' id='word_1_660' title='bbox 2951 3956 3104 4027; x_wconf 87' lang='lat' dir='ltr'><strong>cujus</strong></span> <span class='ocrx_word' id='word_1_661' title='bbox 3146 3961 3351 4011; x_wconf 72' lang='lat' dir='ltr'><strong>aeterno</strong></span> <span class='ocrx_word' id='word_1_662' title='bbox 3386 3952 3534 4026; x_wconf 82' lang='lat' dir='ltr'><strong>judi-</strong></span> 
     </span>
    </p>
   </div>
   <div class='ocr_carea' id='block_1_101' title="bbox 1941 4047 3535 4120">
    <p class='ocr_par' dir='ltr' id='par_1_101' title="bbox 1941 4047 3535 4120">
     <span class='ocr_line' id='line_1_101' title="bbox 1941 4047 3535 4120; baseline -0.003 -10"><span class='ocrx_word' id='word_1_663' title='bbox 1941 4055 2030 4111; x_wconf 91' lang='lat' dir='ltr'><strong>cio</strong></span> <span class='ocrx_word' id='word_1_664' title='bbox 2074 4054 2320 4109; x_wconf 91' lang='lat' dir='ltr'><strong>universa</strong></span> <span class='ocrx_word' id='word_1_665' title='bbox 2344 4051 2651 4117; x_wconf 84' lang='lat' dir='ltr'><strong>fundantur,</strong></span> <span class='ocrx_word' id='word_1_666' title='bbox 2679 4048 2888 4120; x_wconf 79' lang='lat' dir='ltr'><strong>reSpice</strong></span> <span class='ocrx_word' id='word_1_667' title='bbox 2928 4048 3190 4120; x_wconf 86' lang='lat' dir='ltr'><strong>propitius</strong></span> <span class='ocrx_word' id='word_1_668' title='bbox 3233 4047 3299 4105; x_wconf 89' lang='lat' dir='ltr'><strong>ad</strong></span> <span class='ocrx_word' id='word_1_669' title='bbox 3343 4061 3535 4120; x_wconf 84' lang='lat' dir='ltr'><strong>preces</strong></span> 
     </span>
    </p>
   </div>
   <div class='ocr_carea' id='block_1_102' title="bbox 1944 4137 3536 4208">
    <p class='ocr_par' dir='ltr' id='par_1_102' title="bbox 1944 4137 3536 4208">
     <span class='ocr_line' id='line_1_102' title="bbox 1944 4137 3536 4208; baseline -0.002 -10"><span class='ocrx_word' id='word_1_670' title='bbox 1944 4151 2195 4207; x_wconf 86' lang='lat' dir='ltr'><strong>nostras,</strong></span> <span class='ocrx_word' id='word_1_671' title='bbox 2257 4152 2311 4195; x_wconf 88' lang='lat' dir='ltr'><strong>ct</strong></span> <span class='ocrx_word' id='word_1_672' title='bbox 2358 4141 2583 4195; x_wconf 91' lang='lat' dir='ltr'><strong>electum</strong></span> <span class='ocrx_word' id='word_1_673' title='bbox 2636 4139 2789 4195; x_wconf 88' lang='lat' dir='ltr'><strong>nobis</strong></span> <span class='ocrx_word' id='word_1_674' title='bbox 2838 4137 3126 4194; x_wconf 87' lang='lat' dir='ltr'><strong>antistitem</strong></span> <span class='ocrx_word' id='word_1_675' title='bbox 3184 4146 3275 4192; x_wconf 92' lang='lat' dir='ltr'><strong>tua</strong></span> <span class='ocrx_word' id='word_1_676' title='bbox 3332 4139 3536 4208; x_wconf 84' lang='lat' dir='ltr'><strong>pietate</strong></span> 
     </span>
    </p>
   </div>
   <div class='ocr_carea' id='block_1_103' title="bbox 1943 4220 3540 4300">
    <p class='ocr_par' dir='ltr' id='par_1_103' title="bbox 1943 4220 3540 4300">
     <span class='ocr_line' id='line_1_103' title="bbox 1943 4220 3540 4300; baseline -0.003 -10"><span class='ocrx_word' id='word_1_677' title='bbox 1943 4249 2231 4299; x_wconf 84' lang='lat' dir='ltr'><strong>conserva;</strong></span> <span class='ocrx_word' id='word_1_678' title='bbox 2273 4240 2329 4287; x_wconf 92' lang='lat' dir='ltr'><strong>ut</strong></span> <span class='ocrx_word' id='word_1_679' title='bbox 2352 4232 2653 4287; x_wconf 86' lang='lat' dir='ltr'><strong>Christiana</strong></span> <span class='ocrx_word' id='word_1_680' title='bbox 2692 4231 2874 4300; x_wconf 82' lang='lat' dir='ltr'><strong>plebs,</strong></span> <span class='ocrx_word' id='word_1_681' title='bbox 2912 4243 3032 4299; x_wconf 73' lang='lat' dir='ltr'><strong>quas</strong></span> <span class='ocrx_word' id='word_1_682' title='bbox 3070 4228 3163 4284; x_wconf 88' lang='lat' dir='ltr'><strong>tali</strong></span> <span class='ocrx_word' id='word_1_683' title='bbox 3201 4220 3540 4299; x_wconf 66' lang='lat' dir='ltr'><strong>gubernatur</strong></span> 
     </span>
    </p>
   </div>
   <div class='ocr_carea' id='block_1_104' title="bbox 1946 4318 3539 4395">
    <p class='ocr_par' dir='ltr' id='par_1_104' title="bbox 1946 4318 3539 4395">
     <span class='ocr_line' id='line_1_104' title="bbox 1946 4318 3539 4395; baseline -0.001 -14"><span class='ocrx_word' id='word_1_684' title='bbox 1946 4335 2185 4392; x_wconf 87' lang='lat' dir='ltr'><strong>auctore,</strong></span> <span class='ocrx_word' id='word_1_685' title='bbox 2217 4326 2318 4381; x_wconf 89' lang='lat' dir='ltr'><strong>sub</strong></span> <span class='ocrx_word' id='word_1_686' title='bbox 2346 4334 2494 4379; x_wconf 92' lang='lat' dir='ltr'><strong>tanto</strong></span> <span class='ocrx_word' id='word_1_687' title='bbox 2524 4323 2777 4395; x_wconf 87' lang='lat' dir='ltr'><strong>pontiﬁce</strong></span> <span class='ocrx_word' id='word_1_688' title='bbox 2804 4321 3134 4380; x_wconf 86' lang='lat' dir='ltr'><strong>credulitatis</strong></span> <span class='ocrx_word' id='word_1_689' title='bbox 3182 4336 3297 4377; x_wconf 69' lang='lat' dir='ltr'><strong>suae</strong></span> <span class='ocrx_word' id='word_1_690' title='bbox 3324 4318 3539 4380; x_wconf 78' lang='lat' dir='ltr'><strong>meritis</strong></span> 
     </span>
    </p>
   </div>
   <div class='ocr_carea' id='block_1_105' title="bbox 1945 4418 2375 4489">
    <p class='ocr_par' dir='ltr' id='par_1_105' title="bbox 1945 4418 2375 4489">
     <span class='ocr_line' id='line_1_105' title="bbox 1945 4418 2375 4489; baseline -0.005 -14"><span class='ocrx_word' id='word_1_691' title='bbox 1945 4431 2219 4489; x_wconf 86' lang='lat' dir='ltr'><strong>augeatur.</strong></span> <span class='ocrx_word' id='word_1_692' title='bbox 2254 4418 2375 4473; x_wconf 86' lang='lat' dir='ltr'><strong>Per.</strong></span> 
     </span>
    </p>
   </div>
   <div class='ocr_carea' id='block_1_106' title="bbox 2018 4498 3532 4580">
    <p class='ocr_par' dir='ltr' id='par_1_106' title="bbox 2018 4498 3532 4580">
     <span class='ocr_line' id='line_1_106' title="bbox 2018 4498 3532 4580; baseline 0.001 -16"><span class='ocrx_word' id='word_1_693' title='bbox 2018 4498 2246 4565; x_wconf 74' lang='lat' dir='ltr'><strong>Oremus</strong></span> <span class='ocrx_word' id='word_1_694' title='bbox 2292 4519 2344 4564; x_wconf 83' lang='lat' dir='ltr'><strong>et</strong></span> <span class='ocrx_word' id='word_1_695' title='bbox 2391 4522 2489 4578; x_wconf 89' lang='lat' dir='ltr'><strong>pro</strong></span> <span class='ocrx_word' id='word_1_696' title='bbox 2526 4509 2777 4564; x_wconf 87' lang='lat' dir='ltr'><strong>omnibus</strong></span> <span class='ocrx_word' id='word_1_697' title='bbox 2821 4507 3125 4577; x_wconf 78' lang='lat' dir='ltr'><strong>episcopis,</strong></span> <span class='ocrx_word' id='word_1_698' title='bbox 3171 4508 3532 4580; x_wconf 87' lang='lat' dir='ltr'><strong>presbyteris,</strong></span> 
     </span>
    </p>
   </div>
   <div class='ocr_carea' id='block_1_107' title="bbox 1864 4598 3541 4680">
    <p class='ocr_par' dir='ltr' id='par_1_107' title="bbox 1864 4598 3541 4680">
     <span class='ocr_line' id='line_1_107' title="bbox 1864 4598 3541 4680; baseline 0 -24"><span class='ocrx_word' id='word_1_699' title='bbox 1864 4614 1924 4680; x_wconf 78' lang='grc' dir='ltr'>ι)</span> <span class='ocrx_word' id='word_1_700' title='bbox 1948 4600 2284 4667; x_wconf 77' lang='lat' dir='ltr'><strong>diaconibus,</strong></span> <span class='ocrx_word' id='word_1_701' title='bbox 2313 4600 2569 4671; x_wconf 84' lang='lat' dir='ltr'><strong>acolytis,</strong></span> <span class='ocrx_word' id='word_1_702' title='bbox 2601 4599 2904 4665; x_wconf 80' lang='lat' dir='ltr'><strong>exorcistis,</strong></span> <span class='ocrx_word' id='word_1_703' title='bbox 2934 4598 3246 4665; x_wconf 86' lang='lat' dir='ltr'><strong>lectoribus,</strong></span> <span class='ocrx_word' id='word_1_704' title='bbox 3279 4598 3541 4671; x_wconf 64' lang='lat' dir='ltr'><strong>ostiariis;</strong></span> 
     </span>
    </p>
   </div>
   <div class='ocr_carea' id='block_1_108' title="bbox 1947 4690 3538 4765">
    <p class='ocr_par' dir='ltr' id='par_1_108' title="bbox 1947 4690 3538 4765">
     <span class='ocr_line' id='line_1_108' title="bbox 1947 4690 3538 4765; baseline 0.001 -17"><span class='ocrx_word' id='word_1_705' title='bbox 1947 4692 2367 4759; x_wconf 81' lang='lat' dir='ltr'><strong>confessorihus,</strong></span> <span class='ocrx_word' id='word_1_706' title='bbox 2421 4693 2739 4763; x_wconf 87' lang='lat' dir='ltr'><strong>virginibus,</strong></span> <span class='ocrx_word' id='word_1_707' title='bbox 2788 4690 2990 4758; x_wconf 77' lang='lat' dir='ltr'><strong>viduis,</strong></span> <span class='ocrx_word' id='word_1_708' title='bbox 3038 4699 3097 4748; x_wconf 91' lang='lat' dir='ltr'><strong>et</strong></span> <span class='ocrx_word' id='word_1_709' title='bbox 3136 4705 3237 4761; x_wconf 90' lang='lat' dir='ltr'><strong>pro</strong></span> <span class='ocrx_word' id='word_1_710' title='bbox 3262 4693 3415 4750; x_wconf 85' lang='lat' dir='ltr'><strong>omni</strong></span> <span class='ocrx_word' id='word_1_711' title='bbox 3440 4708 3538 4765; x_wconf 81' lang='lat' dir='ltr'><strong>po-</strong></span> 
     </span>
    </p>
   </div>
   <div class='ocr_carea' id='block_1_109' title="bbox 1951 4784 2434 4855">
    <p class='ocr_par' dir='ltr' id='par_1_109' title="bbox 1951 4784 2434 4855">
     <span class='ocr_line' id='line_1_109' title="bbox 1951 4784 2434 4855; baseline -0.002 -16"><span class='ocrx_word' id='word_1_712' title='bbox 1951 4786 2079 4855; x_wconf 88' lang='lat' dir='ltr'><strong>ptrlo</strong></span> <span class='ocrx_word' id='word_1_713' title='bbox 2103 4792 2293 4840; x_wconf 89' lang='lat' dir='ltr'><strong>sancto</strong></span> <span class='ocrx_word' id='word_1_714' title='bbox 2318 4784 2434 4841; x_wconf 89' lang='lat' dir='ltr'><strong>Dei.</strong></span> 
     </span>
    </p>
   </div>
   <div class='ocr_carea' id='block_1_110' title="bbox 2618 4853 2868 4910">
    <p class='ocr_par' dir='ltr' id='par_1_110' title="bbox 2618 4853 2868 4910">
     <span class='ocr_line' id='line_1_110' title="bbox 2618 4853 2868 4910; baseline -0.004 -2"><span class='ocrx_word' id='word_1_715' title='bbox 2618 4853 2868 4910; x_wconf 85' lang='lat' dir='ltr'><strong>Oremus.</strong></span> 
     </span>
    </p>
   </div>
   <div class='ocr_carea' id='block_1_111' title="bbox 2017 4947 3540 5019">
    <p class='ocr_par' dir='ltr' id='par_1_111' title="bbox 2017 4947 3540 5019">
     <span class='ocr_line' id='line_1_111' title="bbox 2017 4947 3540 5019; baseline 0.001 -14"><span class='ocrx_word' id='word_1_716' title='bbox 2017 4950 2368 5018; x_wconf 78' lang='lat' dir='ltr'><strong>Omnipotens</strong></span> <span class='ocrx_word' id='word_1_717' title='bbox 2397 4948 2722 5017; x_wconf 75' lang='lat' dir='ltr'><strong>sempiterno</strong></span> <span class='ocrx_word' id='word_1_718' title='bbox 2750 4947 2915 5017; x_wconf 74' lang='lat' dir='ltr'><strong>Deus,</strong></span> <span class='ocrx_word' id='word_1_719' title='bbox 2944 4947 3101 5019; x_wconf 78' lang='lat' dir='ltr'><strong>cujus</strong></span> <span class='ocrx_word' id='word_1_720' title='bbox 3124 4947 3328 5018; x_wconf 77' lang='lat' dir='ltr'><strong>Spiritu</strong></span> <span class='ocrx_word' id='word_1_721' title='bbox 3364 4955 3540 5006; x_wconf 87' lang='lat' dir='ltr'><strong>totum</strong></span> 
     </span>
    </p>
   </div>
   <div class='ocr_carea' id='block_1_112' title="bbox 1945 5038 3541 5111">
    <p class='ocr_par' dir='ltr' id='par_1_112' title="bbox 1945 5038 3541 5111">
     <span class='ocr_line' id='line_1_112' title="bbox 1945 5038 3541 5111; baseline 0 -14"><span class='ocrx_word' id='word_1_722' title='bbox 1945 5054 2142 5108; x_wconf 77' lang='lat' dir='ltr'><strong>corpus</strong></span> <span class='ocrx_word' id='word_1_723' title='bbox 2178 5040 2432 5099; x_wconf 70' lang='lat' dir='ltr'><strong>Ecclesiae</strong></span> <span class='ocrx_word' id='word_1_724' title='bbox 2477 5039 2842 5097; x_wconf 75' lang='lat' dir='ltr'><strong>sanctiﬁcatur</strong></span> <span class='ocrx_word' id='word_1_725' title='bbox 2868 5049 2923 5096; x_wconf 87' lang='lat' dir='ltr'><strong>et</strong></span> <span class='ocrx_word' id='word_1_726' title='bbox 2947 5040 3171 5111; x_wconf 81' lang='lat' dir='ltr'><strong>regitur,</strong></span> <span class='ocrx_word' id='word_1_727' title='bbox 3203 5038 3397 5096; x_wconf 76' lang='lat' dir='ltr'><strong>exaudi</strong></span> <span class='ocrx_word' id='word_1_728' title='bbox 3436 5052 3541 5097; x_wconf 79' lang='lat' dir='ltr'><strong>nos</strong></span> 
     </span>
    </p>
   </div>
   <div class='ocr_carea' id='block_1_113' title="bbox 1950 5132 3540 5205">
    <p class='ocr_par' dir='ltr' id='par_1_113' title="bbox 1950 5132 3540 5205">
     <span class='ocr_line' id='line_1_113' title="bbox 1950 5132 3540 5205; baseline 0.001 -16"><span class='ocrx_word' id='word_1_729' title='bbox 1950 5148 2051 5203; x_wconf 82' lang='lat' dir='ltr'><strong>pro</strong></span> <span class='ocrx_word' id='word_1_730' title='bbox 2073 5132 2333 5191; x_wconf 79' lang='lat' dir='ltr'><strong>universis</strong></span> <span class='ocrx_word' id='word_1_731' title='bbox 2377 5132 2659 5191; x_wconf 77' lang='lat' dir='ltr'><strong>ordinibus</strong></span> <span class='ocrx_word' id='word_1_732' title='bbox 2699 5134 3085 5205; x_wconf 78' lang='lat' dir='ltr'><strong>supplicantes,</strong></span> <span class='ocrx_word' id='word_1_733' title='bbox 3120 5142 3181 5189; x_wconf 88' lang='lat' dir='ltr'><strong>ut</strong></span> <span class='ocrx_word' id='word_1_734' title='bbox 3220 5133 3405 5203; x_wconf 69' lang='lat' dir='ltr'><strong>gratia:</strong></span> <span class='ocrx_word' id='word_1_735' title='bbox 3432 5143 3540 5191; x_wconf 70' lang='lat' dir='ltr'><strong>tum</strong></span> 
     </span>
    </p>
   </div>
   <div class='ocr_carea' id='block_1_114' title="bbox 1951 5225 3542 5298">
    <p class='ocr_par' dir='ltr' id='par_1_114' title="bbox 1951 5225 3542 5298">
     <span class='ocr_line' id='line_1_114' title="bbox 1951 5225 3542 5298; baseline -0.001 -14"><span class='ocrx_word' id='word_1_736' title='bbox 1951 5241 2171 5284; x_wconf 70' lang='lat' dir='ltr'><strong>munere</strong></span> <span class='ocrx_word' id='word_1_737' title='bbox 2231 5226 2299 5283; x_wconf 73' lang='lat' dir='ltr'><strong>ab</strong></span> <span class='ocrx_word' id='word_1_738' title='bbox 2344 5226 2595 5291; x_wconf 72' lang='lat' dir='ltr'><strong>omnibus</strong></span> <span class='ocrx_word' id='word_1_739' title='bbox 2655 5226 2749 5283; x_wconf 89' lang='lat' dir='ltr'><strong>tibi</strong></span> <span class='ocrx_word' id='word_1_740' title='bbox 2812 5226 3077 5298; x_wconf 77' lang='lat' dir='ltr'><strong>gradibus</strong></span> <span class='ocrx_word' id='word_1_741' title='bbox 3134 5225 3363 5281; x_wconf 78' lang='lat' dir='ltr'><strong>ﬁdeliter</strong></span> <span class='ocrx_word' id='word_1_742' title='bbox 3422 5239 3542 5282; x_wconf 85' lang='lat' dir='ltr'><strong>ser-</strong></span> 
     </span>
    </p>
   </div>
   <div class='ocr_carea' id='block_1_115' title="bbox 1950 5318 2607 5375">
    <p class='ocr_par' dir='ltr' id='par_1_115' title="bbox 1950 5318 2607 5375">
     <span class='ocr_line' id='line_1_115' title="bbox 1950 5318 2607 5375; baseline -0.002 0"><span class='ocrx_word' id='word_1_743' title='bbox 1950 5321 2146 5375; x_wconf 86' lang='lat' dir='ltr'><strong>viatur.</strong></span> <span class='ocrx_word' id='word_1_744' title='bbox 2178 5319 2278 5374; x_wconf 89' lang='lat' dir='ltr'><strong>Per</strong></span> <span class='ocrx_word' id='word_1_745' title='bbox 2299 5318 2607 5374; x_wconf 89' lang='lat' dir='ltr'><strong>Dominum.</strong></span> 
     </span>
    </p>
   </div>
   <div class='ocr_carea' id='block_1_116' title="bbox 2021 5407 3542 5479">
    <p class='ocr_par' dir='ltr' id='par_1_116' title="bbox 2021 5407 3542 5479">
     <span class='ocr_line' id='line_1_116' title="bbox 2021 5407 3542 5479; baseline -0.003 -14"><span class='ocrx_word' id='word_1_746' title='bbox 2021 5408 2247 5465; x_wconf 89' lang='lat' dir='ltr'><strong>Oremus</strong></span> <span class='ocrx_word' id='word_1_747' title='bbox 2293 5419 2346 5464; x_wconf 92' lang='lat' dir='ltr'><strong>et</strong></span> <span class='ocrx_word' id='word_1_748' title='bbox 2390 5422 2487 5479; x_wconf 90' lang='lat' dir='ltr'><strong>pro</strong></span> <span class='ocrx_word' id='word_1_749' title='bbox 2524 5407 2996 5471; x_wconf 78' lang='lat' dir='ltr'><strong>Christianissimis</strong></span> <span class='ocrx_word' id='word_1_750' title='bbox 3040 5408 3276 5479; x_wconf 87' lang='lat' dir='ltr'><strong>regibus,</strong></span> <span class='ocrx_word' id='word_1_751' title='bbox 3309 5416 3367 5463; x_wconf 90' lang='lat' dir='ltr'><strong>ut</strong></span> <span class='ocrx_word' id='word_1_752' title='bbox 3399 5408 3542 5468; x_wconf 77' lang='lat' dir='ltr'><strong>Deus</strong></span> 
     </span>
    </p>
   </div>
   <div class='ocr_carea' id='block_1_117' title="bbox 1950 5500 3539 5569">
    <p class='ocr_par' dir='ltr' id='par_1_117' title="bbox 1950 5500 3539 5569">
     <span class='ocr_line' id='line_1_117' title="bbox 1950 5500 3539 5569; baseline 0.001 -12"><span class='ocrx_word' id='word_1_753' title='bbox 1950 5513 2007 5569; x_wconf 63' lang='lat' dir='ltr'><strong>et</strong></span> <span class='ocrx_word' id='word_1_754' title='bbox 2031 5502 2294 5569; x_wconf 65' lang='lat' dir='ltr'><strong>Dominus</strong></span> <span class='ocrx_word' id='word_1_755' title='bbox 2319 5512 2499 5565; x_wconf 78' lang='lat' dir='ltr'><strong>noster</strong></span> <span class='ocrx_word' id='word_1_756' title='bbox 2547 5501 2789 5563; x_wconf 74' lang='lat' dir='ltr'><strong>subtb’tae</strong></span> <span class='ocrx_word' id='word_1_757' title='bbox 2833 5502 2940 5559; x_wconf 83' lang='lat' dir='ltr'><strong>iiiis</strong></span> <span class='ocrx_word' id='word_1_758' title='bbox 2980 5500 3142 5558; x_wconf 68' lang='lat' dir='ltr'><strong>iaciat</strong></span> <span class='ocrx_word' id='word_1_759' title='bbox 3186 5515 3379 5557; x_wconf 72' lang='lat' dir='ltr'><strong>om</strong></span> <span class='ocrx_word' id='word_1_760' title='bbox 3413 5500 3539 5559; x_wconf 75' lang='lat' dir='ltr'><strong>bar-</strong></span> 
     </span>
    </p>
   </div>
   <div class='ocr_carea' id='block_1_118' title="bbox 1953 5592 3463 5667">
    <p class='ocr_par' dir='ltr' id='par_1_118' title="bbox 1953 5592 3463 5667">
     <span class='ocr_line' id='line_1_118' title="bbox 1953 5592 3463 5667; baseline -0.006 -12"><span class='ocrx_word' id='word_1_761' title='bbox 1953 5594 2110 5655; x_wconf 70' lang='lat' dir='ltr'><strong>baras</strong></span> <span class='ocrx_word' id='word_1_762' title='bbox 2131 5596 2375 5667; x_wconf 67' lang='lat' dir='ltr'><strong>nationes</strong></span> <span class='ocrx_word' id='word_1_763' title='bbox 2394 5592 2469 5649; x_wconf 80' lang='lat' dir='ltr'><strong>ad</strong></span> <span class='ocrx_word' id='word_1_764' title='bbox 2494 5602 2733 5651; x_wconf 79' lang='lat' dir='ltr'><strong>nostram</strong></span> <span class='ocrx_word' id='word_1_765' title='bbox 2765 5600 3077 5662; x_wconf 77' lang='lat' dir='ltr'><strong>perpetuam</strong></span> <span class='ocrx_word' id='word_1_766' title='bbox 3104 5606 3323 5664; x_wconf 66' lang='lat' dir='ltr'><strong>pacat.</strong></span> <span class='ocrx_word' id='word_1_767' title='bbox 3342 5592 3463 5649; x_wconf 73' lang='lat' dir='ltr'><strong>Per.</strong></span> 
     </span>
    </p>
   </div>
   <div class='ocr_carea' id='block_1_119' title="bbox 2027 5687 3545 5850">
    <p class='ocr_par' dir='ltr' id='par_1_119' title="bbox 2027 5687 3545 5850">
     <span class='ocr_line' id='line_1_119' title="bbox 2027 5687 3545 5850; baseline -0.001 -15"><span class='ocrx_word' id='word_1_768' title='bbox 2027 5777 2379 5850; x_wconf 73' lang='lat' dir='ltr'><strong>Omnipotens</strong></span> <span class='ocrx_word' id='word_1_769' title='bbox 2403 5687 2903 5845; x_wconf 56' lang='grc' dir='ltr'><strong>δθωνίωοξαωῡυέιισ</strong></span> <span class='ocrx_word' id='word_1_770' title='bbox 2918 5818 2937 5841; x_wconf 86' lang='grc'>,</span> <span class='ocrx_word' id='word_1_771' title='bbox 2966 5778 3021 5833; x_wconf 88' lang='lat' dir='ltr'><strong>in</strong></span> <span class='ocrx_word' id='word_1_772' title='bbox 3046 5776 3212 5849; x_wconf 62' lang='lat' dir='ltr'><strong>cuius.</strong></span> <span class='ocrx_word' id='word_1_773' title='bbox 3230 5789 3399 5834; x_wconf 67' lang='lat' dir='ltr'><strong>manu</strong></span> <span class='ocrx_word' id='word_1_774' title='bbox 3418 5780 3545 5835; x_wconf 73' lang='lat' dir='ltr'><strong>sunt</strong></span> 
     </span>
    </p>
   </div>
  </div>
