4048 6350
574 386 681 444 suo
1255 382 1603 442 serenum
1634 383 1726 442 an
1764 381 1991 441 OPERA
2031 383 2276 442 SANCTI
2317 383 2631 445 GERMANI
2672 387 3118 446 PARISIENSIS.
3533 360 3554 376 ’
3768 387 3851 442 560

559 504 798 559 omnium
845 509 1148 571 temporum
1177 509 1494 571 potestates,
1523 511 1577 557 et
1606 501 1782 556 omnia
1811 501 1927 570 jura
1954 516 2146 572 regno-
2177 508 2216 564 Α
2253 503 2464 560 laudem
2495 514 2550 560 et
2592 506 2819 576 gloriam
2867 504 3103 561 nominis
3133 501 3229 558 tui.
3289 499 3416 557 Per
3446 498 3736 557 Dominum
3778 521 3852 559 no-
3967 438 3969 572 4

499 632 522 652 .
561 611 704 662 rum,
736 595 945 664 reSpice
989 595 1248 664 pr0pitius
1294 596 1360 649 ad
1392 594 1688 649 Romanum
1732 595 1990 665 benignus
2039 595 2148 648 im-
2251 605 2425 652 atrum
2454 595 2633 652 Jesum
2665 595 3158 651 Christum'Filium
3181 603 3370 662 tuum,
3402 591 3519 664 -qui
3551 591 3684 648 vivit
3709 602 3758 648 et
3789 609 3853 650 re-

562 687 772 758 perium
799 727 814 752 ,
856 696 914 741 ut
957 696 1145 755 gentes
1184 701 1303 755 qua:
1351 685 1406 740 in
1456 699 1550 739 sua
1597 683 1806 739 feritate
1851 681 2148 751 confidunt,
2253 697 2386 759 gnat
2414 689 2467 743 in
2498 689 2694 744 secula
2723 689 3069 745 saeculorum.

564 781 818 850 potentiae
847 789 950 835 tuae
978 779 1198 835 dextera
1227 787 1664 849 conpremantur.

2289 779 2430 838 xxx.
2475 797 2603 836 nu
2642 796 2942 838 ORATIONES
2981 791 3010 820 ει
3053 797 3101 836 nt
3141 795 3307 837 causa
3351 793 3558 836 DOIINI
3584 822 3599 846 ,
3644 792 3754 834 sive
3787 794 3827 836 ts

631 875 857 930 Oremus
898 882 952 929 et
986 888 1083 943 pro
1122 873 1518 928 catechumenis
1572 871 1802 936 nostris;
1837 881 1896 927 ut
1927 872 2068 928 Deus
2094 881 2151 929 et
2934 891 3182 931 BmUANA.

564 965 822 1021 Dominus
863 974 1046 1020 noster
1074 965 1346 1034 adaperiat
1378 980 1532 1021 aures
1556 964 1977 1035 pracordiorum
2008 967 2152 1034 ipso-
2326 965 2399 1019 Da
2428 966 2613 1032 nobis,
2647 966 3198 1038 Domine,‘perpetu:e
3234 963 3667 1024 benedictionis
3691 980 3853 1022 munus

563 1074 705 1126 rum,
729 1058 1055 1128 januamque
1101 1058 1508 1123 misericordiae,
1540 1067 1598 1112 ut
1638 1074 1733 1127 per
1765 1058 2033 1113 lavacrum
2063 1076 2150 1114 re-
2255 1057 2518 1127 accipere,
2553 1075 2650 1130 pro
2688 1059 2880 1130 quibus
2911 1059 3226 1130 Unigenitus
3261 1069 3402 1116 tuus
3452 1057 3638 1130 sputis
3677 1055 3850 1128 inlitus,

563 1151 920 1222 generationis
981 1158 1198 1218 accepta
1249 1150 1564 1205 remissione
1621 1149 1858 1204 omnium
1903 1160 2151 1220 peccato-
2258 1149 2467 1219 palmas
2495 1152 2704 1221 accepit
2731 1161 2786 1206 et
2813 1150 3092 1220 colaphos.
3123 1151 3245 1208 Per.

558 1257 715 1310 rum,
766 1251 822 1299 et
862 1243 964 1313 ipsi
1011 1243 1351 1298 inveniantur
1397 1242 1452 1297 in
1493 1241 1705 1298 Christo
1753 1241 1880 1298 Jesu
1929 1228 2153 1298 Don'tino
2801 1241 3038 1292 Collectlo
3058 1244 3302 1305 sequitur.

556 1344 760 1391 nostro.
958 1325 984 1332 ”
2328 1322 2577 1394 Respice,
2613 1324 2870 1393 Domine,
2902 1326 3166 1396 propitius
3215 1342 3393 1396 super
3426 1326 3579 1382 hanc
3629 1327 3853 1384 familiam

1227 1405 1476 1460 Oremus.
2259 1427 2426 1485 tuam,
2470 1433 2567 1488 pro
2604 1434 2707 1489 qua
2737 1419 2996 1477 Dominus
3037 1429 3222 1477 noster
3259 1420 3436 1476 Jesus
3485 1420 3738 1478 Christus
3770 1438 3853 1479 non

625 1501 977 1571 Omnipotens
1008 1500 1332 1570 sempiterne
1364 1499 1524 1564 Deus,
1551 1497 1640 1567 qui
1671 1497 1970 1553 Ecclesiam
2011 1507 2153 1552 luam
2256 1508 2516 1564 dubitavit
2553 1511 2798 1567 manibus
2842 1513 2979 1568 tradi
3019 1523 3310 1572 nocentum
3361 1523 3426 1571 et
3477 1514 3666 1572 crucis
3706 1515 3855 1570 subire

553 1610 691 1650 nova
728 1609 943 1660 semper
973 1594 1123 1662 prole
1155 1590 1461 1656 fcecundas,
1490 1607 1623 1660 auge
1655 1591 1813 1644 ﬁdem
1855 1601 1909 1644 et
1936 1591 2150 1644 intelle-
2258 1612 2604 1659 ιογωειιιυω,
2642 1603 2767 1660 per,

553 1697 697 1759 ctum
745 1687 1147 1744 catechumenis
1200 1685 1422 1750 nostris,
1471 1693 1527 1737 ut
1560 1685 1730 1738 renati
1762 1685 1906 1738 fonte
1957 1682 2155 1752 baptis-
2924 1696 3048 1750 Item
3074 1698 3180 1750 alia.

553 1782 735 1847 matis,
769 1780 1070 1850 adoptionis
1106 1788 1207 1833 tuae
1240 1778 1366 1833 filiis
1396 1776 1779 1846 adgregentur.
1836 1777 1939 1831 Per
1969 1777 2155 1832 Domi-
2333 1775 2498 1845 Deus,
2541 1778 2631 1848 qui
2658 1794 2753 1850 pro
2783 1780 3152 1853 redemptione
3199 1792 3398 1839 nostra
3449 1782 3714 1853 accepisti
3753 1798 3852 1838 san-

556 1891 706 1930 num.
1165 1962 1168 1963 ν
1377 1961 1422 1963 Η
1520 1961 1546 1963 _
1730 1961 1744 1963 _
2119 1962 2122 1963 ν
2189 1903 2233 1963 Β
2264 1876 2479 1963 guinem
2509 1870 2639 1963 Jesu
2667 1872 2888 1941 Christi,
2917 1876 3065 1932 solve
3107 1891 3270 1945 opera
3309 1875 3558 1942 diaboli,
3603 1887 3656 1930 et
3698 1891 3851 1929 omnes

627 1968 874 2032 Oremus,
917 1962 1252 2020 dilectissimi
1303 1961 1480 2030 nobis,
1520 1961 1685 2015 Deum
1725 1961 1936 2016 Patrem
1982 1962 2156 2016 omni-
2194 1961 2221 1963 ⁷
2263 1961 2482 2031 laqueos
2513 1962 2788 2034 disrumpe
2815 1968 3040 2035 peccati,
3076 1976 3132 2022 ut
3159 1979 3486 2024 creaturam
3517 1968 3850 2039 regeneratio-

565 2069 834 2131 potentem
861 2100 876 2123 ,
930 2067 987 2111 ut
1034 2057 1240 2111 cunctis
1291 2055 1552 2110 mundum
1602 2064 1790 2123 purget
1841 2054 2115 2108 erroribus
2139 2097 2153 2120 ,
2265 2055 2349 2110 nis
2378 2056 2520 2110 nulla
2554 2056 2794 2125 polluant
2823 2061 3070 2128 contagia
3101 2063 3416 2116 vetustatis.

562 2153 782 2208 morbos
826 2151 1050 2214 auferat,
1082 2147 1276 2202 famem
1329 2149 1593 2217 depellat,
1645 2147 1850 2216 aperiat
1891 2160 2157 2212 carceres,
2556 2148 2673 2205 KX.
2717 2166 2849 2206 treat
2889 2167 3180 2208 ORATIONES
3230 2171 3279 2208 IN
3322 2169 3598 2209 BIDUANA.

558 2245 730 2302 vincla
761 2244 1045 2307 dissoluat;
1090 2243 1552 2312 peregrinantibus
1597 2242 1850 2304 reditum,
1883 2239 2162 2294 infirman-
2704 2243 2873 2294 Oratio
2895 2244 2954 2292 ad
2980 2245 3206 2295 Secunda
3233 2247 3439 2309 incipit.

558 2335 704 2392 tibus
748 2335 1053 2402 sanitatem,
1085 2333 1459 2404 navigantibus
1489 2343 1700 2403 portum
1732 2333 1920 2388 salutis
1967 2331 2145 2387 indul-
2337 2325 2496 2399 353
2535 2324 3064 2396 Commemorantes,
3095 2331 3392 2396 carissimi,
3431 2329 3730 2386 Dominicte
3765 2338 3848 2381 tra-

559 2437 703 2500 αεθι,
2263 2417 2484 2474 ditionis
2517 2421 2728 2488 horam,
2758 2437 2861 2490 qua
2884 2422 3021 2478 sicut
3044 2423 3160 2477 ovis
3199 2424 3265 2478 ad
3291 2422 3639 2479 occisionem
3666 2423 3842 2483 ductus,

1251 2519 1496 2575 oremus,
2265 2519 2317 2564 et
2351 2512 2488 2567 sicut
2531 2528 2702 2583 agnus
2735 2525 2919 2570 tonsus
2973 2517 3390 2573 mansuetudine
3452 2532 3518 2572 os
3564 2532 3716 2573 suum
3764 2529 3844 2568 non

643 2614 994 2684 Omnipotens
1035 2621 1090 2670 ει
1130 2612 1441 2667 misericors
1469 2613 1630 2679 Deus,
1682 2621 1991 2668 ωειιειοιιυω
2030 2627 2161 2668 con-
2263 2608 2533 2676 aperiens,
2566 2612 2633 2662 ad
2665 2624 2882 2664 crucem
2909 2625 3067 2680 quam
3101 2625 3197 2680 pro
3223 2611 3384 2666 nobis
3409 2612 3663 2667 ascendit
3687 2610 3842 2664 volun-

569 2707 766 2763 solatio
811 2708 1162 2762 laborantium
1198 2706 1476 2774 fortitudo,
1511 2708 1824 2776 perveniant
1856 2708 1922 2762 ad
1951 2717 2002 2765 te
2039 2723 2160 2777 pre-
2267 2702 2434 2755 larius
2457 2701 2772 2769 (ίυεθδδιυτι
2805 2715 2856 2759 ει
2879 2706 3086 2759 Oblal'ls
3108 2715 3208 2774 εει,
3234 2707 3362 2776 quia
3399 2707 3521 2776 ipse
3549 2703 3842 2769 Vomi‘oani‘

563 2814 656 2855 σεε
679 2800 748 2856 de
781 2815 1114 2870 quacumque
1155 2799 1500 2855 tribulatione
1538 2801 1903 2869 clamantium,
1941 2809 2000 2854 ut
2044 2817 2160 2856 om.
2264 2809 2379 2848 mas
2403 2804 2614 2849 nostras
2640 2796 2858 2852 Christo
2888 2797 3116 2854 Domino
3147 2798 3256 2854 Deo
3283 2802 3378 2871 pio
3402 2797 3834 2857 commendemus,

564 2907 660 2947 nes
701 2893 800 2947 sibi
841 2892 892 2945 in
936 2894 1348 2951 necessitatibus
1387 2897 1498 2951 suis
1545 2895 1967 2952 misericordiam
2011 2906 2154 2952 tuam

2265 2895 2446 2940 nostra
2475 2897 2688 2956 peccata
2709 2890 2860 2960 Agno
2889 2891 3227 2946 immaculato
3276 2892 3704 2961 (quodammodo
3730 2891 3836 2961 ﬁgu-

573 2985 838 3054 gaudeant
869 2983 1120 3041 adfuisse.
1154 2987 1255 3042 Pei-
1284 2989 1586 3043 Domiuum,
2264 2979 2388 3034 ralis
2432 2990 2712 3052 tangentes
2767 2983 2956 3039 hostiae
2982 2986 3163 3055 caput)
3194 2985 3287 3040 illo
3335 2987 3560 3042 favente
3587 2985 3742 3056 (quod
3773 2982 3835 3038 sui

635 3077 795 3150 352
824 3077 1052 3134 Oremus
1097 3095 1192 3148 pro
1238 3080 1505 3135 haereticis
1556 3089 1610 3136 et
1656 3081 2044 3150 schismaticis;
2103 3093 2161 3140 ut
2264 3089 2397 3144 pace
2427 3075 2625 3132 dictum
2661 3078 2772 3148 sit)
2813 3079 3168 3149 imponamus,
3203 3088 3260 3134 ut
3290 3091 3518 3136 nostras
3541 3079 3834 3150 iniquitates,

565 3167 706 3223 Deus
738 3184 800 3226 ac
833 3169 1089 3226 Dominus
1119 3181 1299 3226 noster
1329 3180 1484 3226 eruat
1510 3187 1602 3227 eos
1635 3175 1702 3228 ab
1733 3173 2010 3230 erroribus
2042 3176 2163 3230 uni-

2265 3181 2398 3233 quas
2425 3165 2513 3221 ille
2545 3183 2651 3223 non
2677 3169 2892 3237 habuit,
2923 3179 3099 3240 portet
3125 3180 3179 3226 et
3199 3173 3421 3242 perdat.
3452 3174 3558 3242 Qui
3574 3188 3691 3230 cttm
3708 3172 3831 3228 Patre

563 3261 764 3329 versis,
803 3272 858 3316 et
890 3263 955 3316 ad
987 3273 1223 3318 sanctam
1261 3273 1484 3319 matrem
1513 3264 1809 3321 Ecclesiam
1840 3268 2156 3324 catholicam
2185 3298 2233 3362 ρ
2264 3259 2414 3329 Vim.
2439 3260 2744 3318 dominam"
2770 3271 2825 3320 οι
2853 3273 3063 3334 1'38"“-

562 3363 724 3424 atque
753 3356 1104 3426 apostolicam
1133 3372 1385 3412 revocare
1414 3358 1688 3429 dignetur.
1721 3359 1826 3416 Per
1849 3360 2154 3418 Dominum.
2195 3355 2232 3362 “
2759 3355 2884 3406 "em
2905 3360 3063 3408 οτθιίο
3085 3359 3145 3409 Id
3168 3358 3358 3412 Tertia-

1231 3453 1479 3511 οτθιηυε,
2333 3434 2377 3489 O
2407 3437 2493 3506 pia
2523 3436 2618 3494 Dei
2649 3439 2756 3494 vivi
2787 3441 3086 3511 Sapientia,
3116 3458 3150 3500 o
3173 3454 3226 3500 tu
3259 3447 3447 3504 vivum
3478 3447 3664 3506 aeterni
3690 3443 3830 3503 Patris

639 3541 996 3614 omnipotens
1040 3546 1368 3616 sempileme
1397 3549 1563 3616 Deus,
1600 3551 1690 3620 qui
1735 3551 1913 3606 salvas
1947 3567 2156 3623 omnes,
2263 3530 2358 3585 Dei
2403 3535 2786 3600 sempiternum
2838 3535 3094 3604 Verbum,
3143 3543 3592 3614 senipiternaque
3645 3542 3822 3602 Virtus.

567 3645 622 3691 et
656 3652 928 3692 neminem
971 3639 1052 3693 vis
1100 3640 1296 3709 perire,
1323 3641 1547 3712 .respice
1577 3644 1642 3696 ad
1672 3644 1877 3698 animas
1901 3645 2160 3701 diabolica

2262 3623 2384 3692 quia
2409 3633 2462 3678 et
2490 3626 2815 3696 sempiterna
2863 3630 3139 3699 nativitas;
3190 3634 3281 3705 qui
3330 3637 3649 3707 sempiterni
3677 3632 3821 3690 Patris

563 3724 752 3782 fraude
795 3727 1085 3797 deceptas;
1152 3739 1210 3784 ut
1252 3732 1400 3785 omni
1453 3731 1701 3788 πηγαῖα,
1751 3734 2017 3804 pravitate
2068 3735 2162 3791 αθ,
2262 3716 2620 3785 sempiternus
2645 3717 2810 3774 Filius
2840 3719 2934 3776 Dei
2959 3738 3020 3778 es
3042 3733 3097 3778 et
3123 3725 3294 3793 Deus;
3320 3737 3482 3784 extra
3510 3744 3666 3800 quem
3690 3724 3815 3790 nihil,

564 3816 744 3885 posita
789 3818 1133 3888 resipiscant,
1179 3828 1232 3875 et
1275 3820 1341 3875 ad
1385 3822 1624 3877 veritatis
1670 3833 1771 3878 tuae
1818 3824 2041 3880 redeant
2070 3825 2155 3880 lir-

2263 3818 2320 3865 et
2352 3825 2445 3880 per
2463 3827 2620 3880 quem
2651 3829 2846 3879 omne;
2879 3817 2933 3870 in
2975 3833 3082 3888 quo
3109 3823 3250 3889 quod
3287 3831 3375 3878 est
3404 3832 3649 3886 constat;
3672 3820 3750 3889 qui
3774 3831 3821 3872 es

567 3907 832 3962 miiaiem,
865 3907 991 3964 per,
2266 3900 2405 3957 Deus
2427 3919 2588 3972 super
2613 3921 2731 3976 nos,
2754 3916 2807 3962 et
2830 3908 2991 3965 homo
3012 3921 3231 3982 propter
3252 3930 3383 3983 nos;
3416 3933 3516 3988 pro
3538 3915 3684 3971 nobis
3702 3911 3816 3968 enim

635 3999 861 4054 oremus
909 4011 961 4056 ei
1008 4017 1106 4072 ριιο
1148 4005 1365 4074 perﬁdis
1414 4005 1634 4073 Judgis’
1681 4017 1738 4064 υι
1779 4010 1919 4065 Deus
1969 4020 2024 4067 et
2055 4011 2159 4066 Do.
2262 3994 2403 4063 quod
2460 4010 2558 4051 nos
2605 4012 2724 4053 esse
2769 3999 3015 4069 voluisti;
3059 4005 3126 4059 da
3175 4006 3330 4064 nobis
3359 4010 3508 4080 quod
3538 4001 3814 4078 promisisti,

569 4088 747 4144 minus
797 4103 978 4148 noster
1029 4095 1239 4150 auferat
1281 4081 1524 4153 velamen
1554 4099 1621 4154 de
1652 4101 1903 4157 cordibus
1947 4118 2155 4172 eorum,

2262 4085 2329 4141 da
2357 4089 2532 4156 nobis,
2565 4090 2796 4162 indignis
2847 4095 2993 4160 licet,
3025 4099 3170 4169 quod
3201 4103 3456 4159 omnibus
3498 4098 3817 4160 communiter

560 4189 620 4236 ut
672 4193 726 4238 et
782 4184 885 4254 ipsi
942 4199 1270 4258 cognoscant
1325 4190 1505 4248 Jesum
1554 4192 1822 4252 Christum
1875 4196 2154 4254 Dominum

2262 4179 2526 4250 obtulisti,
2558 4187 2860 4254 passionem
2890 4190 3119 4261 scilicet
3165 4203 3332 4263 tuam,
3365 4205 3608 4254 nostram
3637 4206 3743 4250 esse
3770 4186 3813 4243 li-

561 4286 826 4333 num-um,
858 4279 960 4347 Qui
990 4283 1118 4337 vivit
1146 4293 1200 4339 ei
1229 4300 1342 4356 reg,
2261 4272 2546 4344 bertatem,
2569 4286 2624 4332 et
2650 4286 2792 4334 tuam
2842 4291 3069 4339 mortem
3126 4295 3366 4343 nostram
3401 4303 3526 4346 esse
3555 4288 3722 4349 vitam,
3765 4285 3809 4335 et

1239 4376 1485 4434 oremus.
2263 4371 2407 4419 tuam
2429 4381 2666 4438 crucem,
2721 4381 2957 4428 nostram
2986 4390 3112 4432 esse
3149 4379 3562 4447 redemtionem,
3605 4388 3657 4435 et
3690 4385 3810 4431 tuum

631 4463 981 4535 Omnipotens
1014 4469 1336 4538 sempiterne
1366 4472 1527 4542 Deus,
1564 4475 1651 4545 qui
1680 4477 1840 4532 etiam
1875 4476 2154 4533 Judaicam
2263 4455 2462 4512 vulnus
2485 4467 2720 4516 nostram
2745 4477 2865 4518 esse
2911 4465 3230 4537 sanitatem;
3281 4481 3342 4526 ut
3375 4481 3557 4530 tecum
3585 4463 3807 4527 crucifixi,

561 4558 840 4627 perfidiam
875 4570 962 4615 tua
991 4564 1356 4620 misericordia
1386 4582 1490 4621 non
1521 4569 1766 4638 repellis,
1810 4571 2010 4627 exaudi
2039 4588 2159 4642 pre-

2263 4554 2360 4602 tuo
2380 4548 2521 4605 dono
2545 4566 2756 4608 sursum
2787 4556 3085 4613 exaltemur
3121 4561 3190 4616 ad
3229 4561 3447 4621 Patrem
3499 4573 3658 4621 tuum.
3701 4555 3806 4614 Cum

559 4665 649 4706 ces
679 4661 908 4722 nostras,
940 4671 1072 4725 quas
1117 4673 1213 4726 pro
1245 4659 1384 4714 illius
1417 4661 1598 4731 populi
1651 4663 2014 4720 obcaecatione
2067 4666 2156 4722 de-

1537 4661 1598 4716 iii
1651 4663 2014 4720 ουοίεοεηίοηθ
2067 4666 2156 4722 αθ,
2183 4695 2237 4756 D
2261 4655 2367 4711 quo
2397 4643 2583 4700 beatus
2611 4646 2745 4702 vivis
2768 4657 2825 4704 et
2843 4664 3032 4720 regnas
3059 4652 3135 4708 in.

567 4739 828 4811 ferimus;
868 4754 928 4800 ut
969 4747 1147 4819 agnita
1183 4751 1422 4806 veritatis
1464 4762 1564 4807 tuae
1595 4753 1732 4821 luce,
1763 4771 1886 4825 quae
1914 4755 2157 4814 Christus
2183 4739 2233 4756 υ
2841 4759 3008 4813 Gul-io
3031 4763 3091 4813 ad
3115 4763 3288 4817 Sexta.

573 4843 733 4938 estz‘a
762 4838 872 4891 suis
901 4839 1137 4895 tenebris
1168 4853 1444 4900 eruantur.
1477 4844 1598 4901 Per.
2006 4891 2026 4906 .
2262 4872 2271 4886 ι
2331 4854 2542 4913 Christe
2597 4857 2759 4927 Deus,
2808 4861 3028 4920 Adonae
3079 4881 3292 4938 magne,
3327 4884 3423 4926 nos
3467 4879 3629 4927 tecum
3677 4856 3802 4934 qua“

648 4925 878 5028 Oremus
907 4939 961 5028 et
992 4938 1358 5028 pro‘paganis,
1391 4949 1446 4992 ut
1476 4938 1615 4994 Deus
1644 4943 1981 5013 omnipotens
2008 4947 2158 5002 aufe-
2263 4946 2386 5004 huic
2413 4951 2611 5006 mundo
2637 4925 2914 5026 crucifige,
2932 4966 2991 5010 ut
3007 4958 3114 5012 vita
3139 4925 3228 5015 tua
3255 4925 3308 5018 in
3331 4925 3602 5028 nobisvslt;
3625 4925 3798 5028 nostra-

565 5023 655 5069 rat
685 5020 864 5126 iniqua
892 5020 960 5075 de
987 5023 1238 5126 cordibus
1269 5043 1452 5083 eorum
1477 5047 1492 5097 ;
1522 5039 1576 5086 et
1601 5033 1801 5090 relictis
1830 5037 1985 5092 idnlis
2022 5039 2154 5106 suis,
2261 5057 2363 5111 que
2389 5054 2605 5112 peccata
2654 5061 2814 5116 super
2830 5020 2908 5104 vte’
2943 5065 3102 5120 pone,
3159 5065 3218 5111 ut
3265 5073 3328 5114 ea
3371 5020 3670 5126 cruciﬁgas;
3717 5025 3795 5100 ηδ’

567 5119 954 5219 convertamur
977 5115 1043 5169 ad
1072 5117 1238 5173 Deum
1265 5135 1468 5219 verum,
1500 5133 1558 5219 et
1583 5127 1794 5181 unicum
1821 5128 2013 5185 Filium
2042 5132 2157 5202 ejus
2261 5149 2471 5205 quoque
2500 5138 2566 5193 ad
2587 5147 2639 5193 te
2659 5115 2832 5209 ipsum
2855 5115 3032 5212 trabe,
3057 5115 3178 5202 cum
3231 5165 3328 5219 pro
3382 5149 3532 5206 nobis
3553 5115 3794 5201 Vexaltalus

563 5196 750 5312 {esum
775 5199 1074 5312 Christum,
1103 5221 1224 5312 cum
1276 5225 1390 5312 quo.
1410 5212 1540 5268 vivit
1584 5219 1639 5270 et
1667 5227 1854 5288 regnat
1879 5233 2000 5274 cum
2029 5196 2150 5290 sin-
2257 5196 2316 5282 es
2337 5196 2558 5296 a'terra,
2590 5239 2643 5286 ut
2674 5196 2771 5288 nos
2793 5196 3659 5312 eripiasali—:duiieroutira‘nno:
3695 5226 3792 5300 <1"ia

569 5299 677 5344 rttu
709 5301 896 5348 sancto
926 5299 978 5349 in
1005 5299 1200 5354 stecula
1231 5303 1569 5359 saeculorum.
2257 5317 2384 5375 licet
2412 5336 2572 5378 carne
2601 5332 2653 5380 et
2683 5328 2824 5382 vitiis
2848 5299 3060 5386 diabolo
3091 5333 3236 5388 noxii
3259 5299 3462 5400 sumus,
3500 5330 3589 5386 tibi
3621 5299 3787 5382 tamen,

779 5483 790 5494 .
873 5495 884 5503 Ι
1191 5491 1202 5503 ο
1240 5399 1486 5503 Oremus.
1701 5499 1716 5503 Δ
2258 5427 2364 5468 non
2403 5414 2498 5483 illi,
2541 5429 2785 5488 optamus
2833 5424 3069 5490 servire;
3099 5435 3154 5482 et
3191 5428 3292 5484 sub
3345 5399 3455 5485 tuo
3485 5428 3601 5500 jure
3645 5420 3791 5474 vivere

635 5480 989 5591 Οηιξιίροιεηε
1035 5491 1360 5591 sempiterne
1409 5495 1576 5562 Deus,
1627 5499 1717 5566 qui
1765 5515 1872 5555 nou
1919 5509 2148 5558 mortem
2259 5480 2644 5579 desideramus,
2665 5522 2715 5568 et
2746 5523 2848 5570 ate
2865 5480 3435 5591 gttbernarirogamus,
3457 5480 3542 5590 qui
3565 5527 3652 5571 nos
3674 5517 3788 5563 m0"

567 5584 903 5680 peccatorum
931 5622 946 5647 ,
993 5583 1094 5680 sed
1143 5584 1304 5638 vitam
1355 5601 1567 5656 semper
1624 5589 1846 5660 inquiris
1871 5635 1888 5661 ,
1938 5597 2152 5666 suscipe
2259 5597 2392 5654 tales
2426 5609 2481 5656 et
2515 5615 2546 5655 a
2578 5612 2746 5660 morte
2781 5583 2995 5664 invasos
3023 5625 3118 5680 per
3147 5583 3375 5669 mortem
3404 5583 3567 5670 crucis
3593 5604 3784 5661 libﬁme

562 5673 1168 5767 Propi‘ius‘orationem
1213 5685 1448 5732 ηοειηηι
1475 5696 1488 5743 ;
1531 5689 1586 5735 et
1615 5681 1777 5738 libera
1808 5701 1900 5741 eos
1927 5687 1995 5742 ab
2024 5687 2143 5744 ido-
2255 5690 2488 5746 voluisti.
2511 5692 2614 5748 Pro
2639 5710 2745 5764 quo
2765 5673 3307 5767 singulari-beneficio
3334 5704 3574 5761 hodierna
3600 5691 3679 5750 tibi
3706 5697 3780 5741 no—

563 5757 738 5818 lorum
770 5764 998 5834 cultura,
1030 5777 1085 5822 et
1127 5769 1355 5841 adgrega
1384 5771 1637 5831 Ecclesiae
1683 5787 1787 5835 tua:
1833 5789 2033 5840 sancta:
2078 5783 2147 5839 ad
2255 5790 2367 5838 stra
2395 5757 2680 5842 famulatur
2718 5757 2968 5859 devotio;
3002 5757 3534 5866 teque'n'uncﬁb'odie
3562 5781 3784 5864 ευρρδξοδ

637 5923 658 5950 ι
693 5914 906 5972 Ειυᾱεηι
933 5917 1208 5976 orationes
1238 5922 1290 5979 in
1322 5923 1546 5983 Gothico
1580 5928 1646 5984 ad
1674 5929 1857 5988 feriam
1885 5934 1937 5989 6.
