4048 6350
216 373 331 428 561

1193 390 1281 447 DE
1322 393 1644 453 LITURGIA
1687 399 2072 462 GALLICANA
2112 406 2319 468 LIBER
2361 411 2449 469 III.

3386 435 3493 493 562

206 485 530 552 adoramus,
553 488 924 561 imploramus,
950 495 1280 572 invocamus,
1306 515 1362 560 ut
1391 507 1456 561 ad
1485 523 1582 563 nos
1607 525 1800 580 prope-
1827 514 1884 576 Δ
1908 515 2187 576 ricorditer
2208 523 2425 592 eripuit,
2462 540 2560 584 nos
2580 529 2696 600 ejus
2720 531 2884 588 Filius
2908 535 2975 592 de
3002 537 3112 594 luto
3142 540 3285 598 faecis
3311 545 3487 615 hujus,

206 587 304 615 rae
349 579 514 615 vir-Inc
538 591 733 615 manu-nn
759 583 893 615 nm...
920 603 934 615 .
959 591 1095 615 -..ΑΛ
1115 593 1263 615 ..-ιε-
1285 597 1413 615 ---η
1433 598 1466 615 ,-
1510 609 1522 615 -
1548 609 1559 615 -
1986 609 1996 615 .
2032 611 2043 615 -
2088 612 2100 615 -
2207 614 2212 615 ,

206 587 328 644 res,
349 579 515 632 virtus
536 591 734 636 aeterna
755 583 896 642 Deus
920 603 935 641 :
957 591 1096 657 quod
1115 593 1264 648 nobis
1285 597 1526 664 proficiat
1545 579 1632 656 tua
1651 579 1805 673 crux,

206 670 554 741 triumphans
574 676 775 732 scilicet
801 679 868 734 de
883 683 1084 739 mundo
1110 686 1164 740 in
1192 688 1343 744 nobis
1375 705 1470 760 per
1497 694 1674 750 crucis
1697 696 1807 751 vir-

203 772 382 819 tutem
403 781 419 829 ;
443 775 602 835 atque
620 779 704 823 tua
731 770 894 835 pietas
917 775 1070 831 nobis
1099 778 1226 833 illud
1254 782 1534 852 antiquum
1563 788 1809 843 restituat

203 853 551 923 beneficium,
594 861 842 917 virtutem
869 866 1094 936 scilicet,
1115 880 1170 926 et
1189 876 1440 942 gratiam:
1471 880 1559 948 qui
1578 895 1674 949 per
1703 897 1798 951 po-

199 950 430 1006 tentiam
449 949 622 1007 futura
645 959 932 1030 praeterita,
987 978 1080 1031 per
1122 971 1460 1036 praesentiam
1496 973 1626 1030 facis
1656 949 1801 1033 simi-

106 1049 115 1057 '
199 1038 332 1094 liter
355 1045 623 1111 prmterita
667 1051 978 1120 praesentia,
1011 1054 1207 1125 redde,
1244 1068 1298 1113 ut
1333 1060 1488 1116 nobis
1517 1072 1599 1118 tua
1628 1068 1804 1134 passio

197 1131 370 1204 354
393 1134 469 1190 sic
495 1137 740 1192 salutaris
765 1141 854 1207 sit,
878 1145 1028 1211 quasi
1056 1161 1292 1215 praesens
1323 1162 1376 1206 et
1414 1153 1670 1210 hodierna
1696 1174 1710 1223 ;
1734 1167 1793 1213 et

195 1224 278 1278 sic
314 1227 468 1281 nobis
500 1229 656 1285 hodie
687 1231 776 1286 illa
816 1245 961 1304 gutta
999 1241 1168 1294 sancti
1202 1244 1478 1312 sanguinis
1511 1247 1585 1300 tui
1621 1263 1790 1318 super

197 1323 398 1371 terram
436 1321 563 1375 olim
601 1322 665 1377 de
702 1337 862 1380 cruce
897 1327 1149 1386 stillantis
1193 1337 1260 1387 sit
1299 1336 1474 1401 salus,
1515 1346 1572 1392 ut
1607 1342 1788 1396 omnia

195 1420 356 1466 terra:
379 1424 572 1470 nostrae
592 1415 781 1471 delicta
813 1417 1016 1488 lavans,
1050 1432 1104 1478 et
1146 1429 1390 1495 corporis
1421 1433 1591 1486 nostri
1625 1432 1787 1490 humo

192 1505 592 1571 quodammodo
623 1508 884 1578 immixta,
910 1529 1007 1568 nos
1027 1517 1093 1570 de
1125 1525 1264 1572 terra
1295 1529 1411 1576 tuos
1440 1522 1657 1590 efﬁciat,
1691 1542 1790 1582 nos

191 1609 412 1664 quoque
440 1597 534 1651 tibi
581 1601 730 1667 quasi
773 1616 972 1670 corpus
1017 1605 1155 1662 idem
1203 1613 1534 1668 reconciliati
1581 1615 1774 1685 Capiti.

192 1686 304 1752 Qui
345 1703 529 1759 regnas
579 1705 700 1746 cum
753 1691 910 1750 Patre
966 1714 1176 1769 semper
1227 1711 1281 1758 et
1327 1703 1529 1775 Spiritu
1567 1718 1773 1779 sancto,

196 1792 348 1836 nunc
378 1783 524 1837 nobis
551 1799 776 1854 regnare
799 1787 996 1860 incipe,
1026 1793 1194 1851 Homo
1216 1795 1362 1853 Deus
1384 1799 1599 1859 Christe
1623 1803 1776 1873 Jesu,

196 1869 310 1927 Ilex
340 1877 393 1931 in
421 1880 618 1932 saecula
641 1882 975 1940 saeculorum.

781 1997 946 2046 Oratio
977 1999 1034 2047 ad
1060 1999 1213 2052 Nona.

267 2073 577 2134 Osalutaris
605 2079 735 2135 hora
759 2084 1059 2150 passionis!
1107 2104 1138 2141 o
1192 2105 1380 2161 magna
1423 2096 1777 2154 maximarum

188 2169 478 2233 gratiarum
513 2171 702 2229 lNona
735 2176 1013 2245 hodierna,
1045 2181 1278 2238 maxima
1325 2185 1576 2243 horarum
1623 2190 1777 2246 hora.

188 2256 302 2313 Hac
343 2277 483 2317 nunc
536 2271 610 2331 tn,
658 2276 841 2322 noster
885 2269 1081 2327 dilecte
1135 2274 1374 2344 Sponse,
1408 2280 1652 2335 osculare
1706 2282 1778 2338 de

187 2364 366 2418 cruce,
394 2353 520 2409 licet
544 2366 664 2424 post
717 2359 889 2416 crucis
919 2363 1237 2432 trephaeum.
1270 2369 1549 2438 Osculare,
1593 2388 1781 2443 preca-

186 2455 345 2495 mur:
403 2445 634 2500 salutare
687 2455 836 2504 tuum
886 2450 1158 2520 impertire
1203 2457 1376 2524 nobis,
1413 2461 1772 2532 triumphator

185 2533 466 2603 mirabilis,
499 2539 676 2609 auriga
723 2556 991 2611 supreme,
1047 2545 1187 2602 Deus
1218 2550 1322 2618 pie,
1371 2553 1761 2621 gloriosissime

187 2637 566 2696 propugnator.
605 2630 772 2688 Avete
795 2674 810 2698 ,
870 2633 1062 2703 valete,
1097 2639 1407 2699 invalescite
1459 2654 1514 2700 et
1543 2647 1770 2704 viriliter

183 2719 349 2789 agite,
382 2719 762 2780 confortamini
802 2726 985 2794 dicito,
1019 2729 1238 2801 loquere
1267 2735 1519 2792 cordibus
1549 2743 1772 2810 nostris,

183 2809 456 2882 inspector
503 2814 733 2872 Christe.
785 2818 864 2874 An
906 2822 995 2890 qui
1042 2824 1169 2878 olim
1215 2825 1327 2882 haec
1376 2827 1583 2898 fecisti,
1631 2809 1773 2890 nunc

181 2905 369 2961 eadem
401 2924 504 2962 non
529 2920 678 2978 potes
708 2910 927 2968 facere?
975 2915 1134 2971 Potes
1165 2920 1366 2990 utique,
1415 2933 1595 2992 potes;
1647 2929 1770 2998 quia

181 3000 523 3071 omnipotens
552 3020 652 3060 es:
717 3018 888 3076 potes,
913 3012 1295 3079 amantissime,
1359 3023 1508 3084 potes
1568 3017 1764 3087 facere,

181 3095 326 3164 quod
349 3111 445 3151 nos
467 3114 572 3152 non
603 3115 886 3168 possumus
914 3109 1172 3177 cogitare;
1221 3108 1341 3176 quia
1374 3110 1504 3165 nihil
1547 3112 1638 3166 tibi
1665 3111 1768 3166 im-

183 3189 434 3257 possibile
466 3203 566 3258 εει,
600 3194 736 3251 Deus
757 3200 1114 3266 omnipotens.
1170 3202 1298 3257 Jesu
1330 3203 1592 3274 osculare,
1621 3221 1768 3276 qua:-

181 3295 263 3347 so,
316 3283 662 3344 dilectissime
715 3290 826 3359 (qui
885 3294 1217 3364 triumphans
1265 3312 1539 3366 regressus
1592 3315 1650 3355 es
1696 3292 1841 3357 adC

180 3369 415 3440 Patrem,
442 3391 563 3432 cum
595 3394 700 3448 quo
739 3396 952 3453 semper
997 3401 1117 3441 cras
1146 3397 1200 3442 et
1250 3405 1530 3455 permanes
1575 3393 1758 3464 unus),

178 3467 300 3534 quia
324 3467 562 3524 osculum
590 3480 734 3526 tuum
766 3474 920 3530 dulce
945 3487 1059 3542 est;
1093 3487 1150 3533 et
1187 3479 1348 3535 ubera
1377 3490 1462 3536 tua
1496 3484 1619 3539 vino
1642 3485 1762 3540 dul-

177 3555 346 3624 ciora,
380 3558 670 3630 fragrantia
695 3567 910 3633 optimis
952 3571 1273 3639 unguentis;
1307 3582 1362 3628 et
1385 3589 1576 3630 nomen
1615 3586 1761 3632 tuum

184 3661 349 3716 super
371 3650 571 3718 oleum,
615 3670 770 3722 quem
801 3657 1214 3716 adolescentulzc
1245 3661 1565 3733 dilexerunt,
1607 3683 1762 3733 quem

179 3740 309 3796 recti
339 3741 581 3813 diligunt,
614 3763 745 3816 quos
771 3750 935 3804 trahis
968 3762 1084 3820 pO'si.
1115 3763 1164 3808 te
1184 3795 1200 3820 ,
1229 3757 1382 3825 cujus
1414 3759 1584 3813 lectus
1628 3759 1766 3814 ﬂori-

176 3829 294 3896 dus,
324 3831 470 3900 cujus
499 3836 818 3904 trOphaanm,
843 3855 994 3895 crux.
1021 3843 1120 3907 Qui
1156 3845 1252 3899 hac
1280 3846 1407 3901 hora
1463 3850 1664 3904 rubeus
1695 3851 1762 3908 de

177 3920 365 3988 Edom,
413 3925 479 3981 de
533 3943 711 3998 cruce,
767 3932 942 3987 tinctis
989 3937 1220 3992 vestibus
1275 3939 1341 3996 de
1374 3940 1574 4009 Bosra,
1617 3944 1761 3998 solus

176 4016 322 4080 quasi
363 4018 594 4073 calcatur
620 4024 791 4092 magni
818 4024 956 4078 illius
979 4029 1253 4085 torcularis
1283 4032 1347 4085 ad
1379 4035 1541 4089 czelos
1569 4050 1753 4092 ascen-

176 4105 331 4173 disti;
385 4111 468 4166 cui
525 4127 808 4169 occurrunt
847 4119 1055 4189 angeli,
1110 4123 1438 4196 archangeli,
1471 4130 1748 4186 dicentes:

175 4198 302 4265 Quis
328 4209 408 4255 est
430 4202 547 4267 iste,
581 4207 670 4274 qui
714 4209 954 4264 ascendit
987 4212 1162 4269 tinctis
1185 4218 1420 4273 vestibus
1446 4218 1513 4275 de
1549 4221 1752 4277 Bosra?

175 4291 372 4358 Quibus
398 4306 446 4350 te
475 4297 967 4369 interrogantibus:
1028 4307 1204 4372 Quare
1252 4326 1380 4382 ergo
1412 4314 1631 4370 rubrum
1678 4327 1758 4373 est

174 4386 547 4444 vestimentum
595 4396 788 4448 tuum?
836 4399 1196 4466 respondisti:
1251 4402 1508 4493 Tuscular
1559 4407 1759 4464 calcavi

175 4477 342 4543 solm,
375 4490 425 4536 et
455 4483 537 4535 vir
563 4483 630 4537 de
661 4487 905 4555 gentibus
930 4505 1033 4544 non
1066 4491 1164 4546 fuit
1195 4477 1424 4550 mech.
1457 4497 1620 4566 Vere,
1646 4500 1760 4555 Sal-

174 4581 340 4634 vator,
374 4588 497 4629 vere
531 4575 747 4631 rubrum
797 4588 878 4634 est
925 4590 1072 4637 tuum
1127 4595 1342 4655 pr0pter
1384 4603 1483 4644 nos
1530 4605 1745 4662 corpus,

174 4665 389 4721 rubrum
422 4676 503 4722 est
530 4671 787 4739 sanguine
821 4689 955 4729 uvae.
1000 4675 1212 4733 Lavasti
1239 4681 1377 4736 enim
1410 4683 1459 4737 in
1483 4684 1606 4740 vino
1633 4696 1747 4742 sto-
1782 4675 1840 4740 D

172 4755 274 4810 lam
303 4765 463 4828 tuam,
492 4769 545 4815 et
575 4762 792 4829 pallium
826 4773 970 4819 tuum
1009 4767 1059 4823 in
1088 4771 1345 4842 sanguine
1374 4789 1509 4840 uvae,
1562 4777 1649 4847 qui
1693 4794 1754 4835 es

174 4846 309 4900 [iens
339 4850 517 4917 solus;
548 4855 836 4909 crucifixus
865 4873 961 4926 pro
982 4861 1157 4924 nobis,
1189 4879 1321 4928 quos
1351 4866 1564 4936 antiqua
1615 4885 1755 4939 prae-

174 4941 424 4994 varii-atio
445 4945 603 4999 morti
647 4947 893 5016 tradidit;
940 4951 1094 5022 cujus
1137 4955 1357 5011 vulnere
1385 4961 1622 5014 omnium
1673 4963 1753 5017 ἰη-

173 5045 387 5086 numera
433 5045 771 5104 peccatorum
803 5040 1020 5097 vulnera
1053 5055 1238 5102 sanata
1263 5057 1407 5103 sunt.
1436 5051 1503 5105 Et
1524 5067 1639 5117 nos,
1667 5053 1752 5120 pie

168 5121 429 5181 Crucilixe
453 5124 683 5197 Christe,
708 5146 827 5187 cum
854 5135 959 5191 tuis
983 5138 1206 5208 redime,
1240 5140 1406 5207 salva,
1429 5142 1517 5211 pia
1545 5144 1753 5198 bonitas

168 5213 328 5270 Deus.
357 5217 453 5286 Qui
477 5235 670 5291 regnas
701 5238 822 5278 cum
847 5225 1003 5282 Patre
1028 5235 1082 5281 et
1138 5229 1341 5298 Spiritu
1385 5244 1574 5290 sancto
1619 5250 1753 5292 unus

167 5306 218 5363 i‘n
249 5317 504 5367 aeternum
531 5322 585 5368 et
610 5316 660 5369 in
705 5317 898 5372 saecula
931 5319 1271 5376 saeculorum.

334 5420 477 5481 XXI.
518 5441 816 5485 ORATIONES
855 5445 986 5486 pos'r
1026 5447 1318 5490 Lscrtoaxs
1355 5451 1595 5496 SABBA'I’I.

239 5536 398 5610 355
439 5539 604 5596 Deum
633 5543 1072 5616 omnipotentem,
1132 5548 1343 5605 Patrem
1386 5561 1440 5607 et
1471 5553 1664 5610 Filium
1697 5567 1751 5612 et

169 5626 424 5697 Spiritum
449 5643 714 5700 sanctum,
742 5637 1101 5692 universitatis
1138 5657 1299 5695 unum
1327 5654 1642 5711 creatorem,
1693 5648 1746 5702 in

171 5720 270 5777 hac
296 5739 485 5798 magna
512 5728 764 5784 Matutina
791 5731 1028 5798 Sabhati,
1062 5731 1323 5788 Dotninici
1371 5736 1576 5792 scilicet
1622 5753 1741 5794 cor-

174 5815 311 5883 poris
357 5818 562 5888 requie,
596 5820 790 5876 fratres
836 5823 1118 5887 carissimi,
1170 5827 1438 5896 supplices
1493 5829 1747 5899 deprece-

174 5922 318 5973 mur;
349 5911 514 5981 utqui
538 5912 710 5967 Adam
732 5913 798 5970 de
829 5916 1104 5984 profundis
1144 5919 1417 5976 infernalis
1445 5920 1556 5978 limi
1588 5923 1747 5979 mise-

454 6005 725 6068 Ρηιιοι..
773 6007 1032 6071 LXXII.

1913 609 1999 663 cui
2031 611 2368 684 inhaesimus,
2397 619 2511 674 sola
2551 622 2920 682 misericordia
2949 636 3150 687 tantum
3197 635 3489 694 clamantes

1911 710 2080 757 eruat.
2129 705 2434 766 Clamamus
2482 727 2711 783 namque
2751 726 2806 772 et
2870 734 3120 792 oramus,
3178 741 3247 782 ne
3298 743 3486 799 urgeat

1909 791 2102 849 inferni
2133 807 2321 867 puteus
2367 805 2529 874 super
2574 821 2672 862 nos
2711 823 2771 865 os
2820 824 3016 882 suum;
3072 819 3211 874 eruti
3264 820 3331 879 de
3363 791 3489 879 Iulo

1909 886 2136 955 peccati,
2166 905 2233 945 ne
2262 891 2565 964 inﬁgamur.
2586 897 2710 958 Per.

2453 1007 2688 1064 Cellectio
2711 1019 2953 1080 sequitur.

1977 1103 2199 1164 Domine
2227 1109 2436 1168 Christe
2480 1114 2642 1186 Jesu,
2701 1120 2843 1178 Deus
2885 1126 2991 1193 pie,
3035 1131 3226 1185 exaudi
3282 1148 3380 1191 nos
3425 1145 3481 1195 et

1903 1210 2118 1268 praesta,
2168 1219 2483 1277 precamur,
2529 1229 2648 1283 qua:
2692 1217 2853 1273 corde
2909 1235 3158 1291 rogamus
3209 1242 3224 1280 :
3281 1236 3337 1283 et
3379 1230 3483 1284 hoc

1900 1303 2169 1362 rogamus,
2200 1304 2257 1350 ut
2280 1298 2374 1354 tibi
2404 1301 2728 1374 placeamus,
2752 1307 2844 1363 tibi
2874 1313 3170 1371 haereamus
3190 1316 3307 1374 sine
3338 1320 3476 1387 fine;

1899 1395 1955 1438 ut
1981 1402 2195 1456 semper
2237 1392 2331 1448 tibi
2361 1398 2556 1464 gratias
2603 1416 2850 1476 agamus,
2893 1407 3016 1476 quia
3065 1419 3158 1478 tu,
3221 1412 3465 1483 Domine,

1896 1479 2170 1537 redemisti
2200 1500 2298 1540 nos
2328 1487 2381 1542 in
2411 1498 2662 1547 mternam
2707 1496 2866 1552 vitam
2914 1500 2980 1554 de
3028 1511 3230 1558 aeterna
3271 1520 3470 1564 morte.

1893 1569 1993 1636 Qui
2041 1574 2368 1634 descendisti
2420 1580 2733 1651 in‘lacum,
2792 1598 2850 1642 ut
2900 1605 2964 1645 ex
3022 1591 3206 1649 inferis
3264 1596 3472 1654 vinctus

1893 1665 2172 1734 educeres,
2188 1670 2452 1730 descende
2465 1691 2844 1750 nuncquoque,
2864 1697 3165 1755 precamur,
3179 1689 3472 1746 visceribus

1893 1765 1998 1813 tua:
2045 1760 2292 1830 pietatis,
2348 1776 2403 1821 ut
2454 1783 2518 1823 ex
2572 1771 2801 1827 vinculis
2856 1786 3229 1847 peccatorum,
3281 1783 3471 1853 quibus

1813 1900 1863 1963 Β
1889 1859 2253 1926 unusquisque
2276 1862 2680 1934 constringitur,
2711 1881 2810 1922 nos
2829 1869 3096 1927 absolvas.
3123 1873 3242 1930 Per.

2010 1967 2134 2019 item
2157 1975 2316 2022 oratio
2340 1965 2622 2030 in'Sahbato
2645 1984 2841 2045 requiei
2860 1984 3084 2037 dominici
3108 1994 3343 2053 corporis.

1957 2068 2348 2132 Succumbente
2424 2081 2577 2150 Agno
2641 2097 2819 2141 nostra
2883 2106 2980 2157 pro
3044 2094 3244 2164 salute,
3309 2099 3466 2168 Agna

1885 2157 2110 2228 figurato
2139 2165 2249 2231 diu,
2281 2167 2494 2227 demum
2527 2176 2716 2231 eodem
2750 2181 2997 2240 vincente
3053 2185 3239 2258 letum,
3293 2191 3385 2246 illo
3413 2203 3468 2249 et

1885 2253 2061 2312 Leone
2087 2257 2223 2314 Juda
2255 2264 2485 2331 veriore,
2514 2280 2668 2324 antea
2702 2280 2912 2344 tempus
2939 2281 3222 2348 captivam
3258 2288 3464 2345 reditus

1882 2345 2109 2403 fideliter
2167 2351 2386 2409 Adams:
2419 2395 2435 2422 ,
2478 2358 2668 2416 fratres
2736 2345 3044 2440 carissimi,
3116 2389 3463 2446 expectemus

1881 2439 2105 2508 przedae;
2152 2451 2210 2497 ut
2249 2449 2548 2516 compilatis
2578 2450 2732 2509 inferi
2776 2459 2983 2528 spoliis,
3027 2439 3201 2535 cujus-
3228 2481 3455 2528 mortem

1879 2535 2433 2606 commemoravimus,
2477 2543 2666 2599 eodem
2717 2546 2926 2616 pietatis
2979 2555 3124 2611 cultu
3168 2559 3308 2614 illius
3337 2578 3459 2618 cum

1879 2621 1989 2677 suis
2013 2638 2313 2694 regressum
2355 2645 2419 2684 ex
2462 2634 2685 2688 mortuis
2736 2637 3029 2711 celebrare,
3085 2647 3181 2704 illo
3229 2653 3459 2722 favente,

1878 2723 2119 2790 tempore
2148 2725 2413 2794 possimus
2460 2731 2737 2788 redeunte.

2427 2842 2665 2896 Collectio
2687 2851 2924 2912 sequitur.

1946 2935 2158 2995 Christe
2176 2941 2324 3012 Jesu,
2350 2947 2601 3004 caelorum
2624 2953 2889 3023 conditor,
2916 2957 3075 3028 Deus,
3101 2977 3198 3034 pro
3227 2973 3313 3024 tua
3345 2983 3458 3027 cru-

1873 3025 2030 3085 cifixe
2081 3042 2359 3100 creatura,
2420 3037 2670 3098 ineffabili
2719 3047 2929 3115 pietatis
2977 3025 3312 3114 sacramento
3361 3077 3458 3118 nos

1871 3134 2083 3192 quoque
2127 3125 2230 3180 tuis
2283 3128 2518 3200 redime,
2576 3149 2885 3207 precamur,
2923 3142 3088 3213 jussis
3140 3166 3151 3200 :
3206 3150 3452 3210 Salvator

1869 3215 2076 3270 custodi
2120 3232 2251 3285 nos,
2283 3224 2621 3288 parvulorum
2644 3270 2658 3294 ,
2692 3230 2935 3302 Domine,
2983 3249 3167 3294 custos
3212 3253 3457 3314 tuorum;

1869 3321 1975 3376 quo
2005 3309 2096 3364 tibi
2126 3325 2337 3380 semper
2365 3315 2652 3385 placentes,
2679 3312 2774 3378 luo
2796 3335 2850 3379 et
2882 3343 2976 3395 per
3018 3339 3068 3384 te
3099 3331 3242 3389 Patri
3271 3351 3332 3391 ac
3356 3309 3459 3394 una

1866 3409 2054 3453 sancto
2075 3400 2291 3470 Spiritui
2308 3407 2505 3475 gratias
2525 3421 2686 3480 agere
2711 3429 3132 3483 perseveremus.
3157 3424 3256 3491 Qui
3282 3437 3453 3486 tecum

1866 3489 1996 3544 vivit
2016 3499 2070 3545 et
2093 3504 2298 3562 regnat.

2175 3585 2301 3637 Item
2327 3594 2486 3642 oratio
2510 3594 2570 3644 ad
2595 3597 2749 3649 Sexta
2771 3600 2855 3652 die
2881 3602 3108 3657 Sabbato.

1937 3689 2047 3743 Hac
2076 3691 2206 3746 hora
2229 3696 2535 3764 auspicatur
2556 3700 2708 3756 obrui
2735 3702 3006 3776 ferrugine
3039 3711 3195 3767 Titan
3226 3727 3452 3774 senante

1867 3782 2129 3849 profunda
2158 3799 2456 3847 nonatenus
2502 3807 2720 3861 parente
2745 3799 2878 3853 tuito
2920 3803 3112 3872 stipitis
3141 3804 3194 3860 in
3240 3822 3450 3865 sumn‘o

1865 3873 2101 3932 Hebraeis
2130 3894 2460 3953 nequaquam
2487 3890 2737 3957 suspendi
2769 3891 3160 3952 flammivovam
3183 3899 3269 3955 sui
3295 3903 3449 3959 hiare

1862 3967 1990 4021 olim
2021 3985 2125 4024 non
2154 3971 2329 4028 ferens
2378 3976 2584 4044 rimam,
2634 3994 3092 4057 conspectansque
3115 3991 3301 4058 nefas;
3333 4010 3441 4063 quo

1861 4074 2018 4116 versa
2047 4064 2162 4118 vice
2187 4066 2304 4122 orbi
2335 4070 2578 4127 medetur
2627 4085 2870 4143 pensum
2902 4082 2990 4149 qui
3019 4080 3162 4137 Patri
3211 4087 3445 4141 convivit

1862 4165 2150 4226 regnatque
2194 4167 2316 4214 ante
2355 4162 2535 4217 mundi
2565 4176 2738 4220 ortum
2787 4177 2838 4222 et
2889 4171 2940 4225 in
2972 4174 3168 4228 saecula
3210 4176 3436 4232 saeculo-

1862 4258 2000 4299 tum.
2257 4319 2424 4373 Oratio
2447 4326 2496 4374 in
2519 4326 2730 4378 Sabbato
2752 4330 2874 4381 hora
2900 4332 3035 4384 Nona

1937 4433 1981 4487 0
2007 4432 2252 4501 Domine,
2275 4436 2432 4494 Pater
2452 4443 2814 4512 omnipotens,
2842 4447 2932 4515 qui
2957 4447 3122 4503 Adam
3149 4465 3343 4506 [ovum
3375 4468 3447 4509 ex

1861 4539 2094 4594 persona
2146 4532 2342 4586 veteris
2385 4534 2553 4589 Adam
2597 4537 2937 4606 clamantem,
2986 4542 3136 4609 quasi
3179 4558 3244 4598 ex
3285 4545 3450 4618 356

1864 4615 2050 4675 inferis
2076 4630 2128 4674 et
2158 4622 2389 4692 abyssis,
2421 4625 2802 4698 profundisque
2835 4630 2956 4696 laci,
3003 4631 3235 4690 liberum
3266 4615 3444 4692 tamen

1862 4710 2036 4766 solum
2068 4713 2208 4769 inter
2238 4729 2496 4784 mortuos,
2550 4735 2646 4788 pro
2699 4736 2793 4776 sua
2823 4723 3090 4779 exaudisti
3122 4731 3444 4798 reverentia,

1861 4804 2052 4859 exaudi
2094 4821 2212 4872 nos,
2244 4823 2543 4879 precamur,
2578 4828 2671 4879 per
2717 4813 2924 4880 ipsum;
2961 4824 3020 4870 ut
3047 4817 3198 4884 quasi
3247 4834 3441 4877 conse-

1861 4902 1992 4971 pttlti
2024 4918 2143 4958 cum
2165 4904 2292 4960 Jesu
2327 4906 2460 4961 Filio
2509 4916 2620 4973 tuo,
2655 4925 2752 4964 sua
2778 4912 2886 4966 vita
2918 4912 3243 4981 resuscitati,
3271 4915 3321 4969 in
3348 4915 3446 4970 hac

1862 5008 1974 5048 sua":
2009 4997 2421 5064 superveniente
2447 5009 2646 5054 sanctae
2676 5005 3085 5059 resurrectionis
3108 5015 3292 5071 nocte,
3333 5023 3446 5061 ma-

1859 5098 1977 5153 gnae
2024 5086 2395 5142 sollemnitatis
2455 5090 2660 5156 gratia,
2711 5108 2807 5147 suo
2861 5094 3021 5159 dono,
3083 5106 3173 5150 tuo
3229 5113 3440 5167 quoque

1862 5175 2024 5245 bene,
2056 5188 2110 5233 et
2137 5178 2365 5247 Spiritus
2396 5183 2565 5237 sancti
2595 5186 2818 5242 consilio
2846 5197 2902 5245 et
2943 5192 3204 5261 mysterio
3232 5206 3442 5247 merea-

1861 5284 1984 5325 tnur
2011 5270 2234 5326 absolvi.
2258 5271 2361 5328 Per
2387 5288 2509 5329 eum
2533 5278 2624 5346 qui
2655 5286 2852 5335 tecum.

2413 5386 2648 5439 Collectio
2670 5393 2916 5453 sequitur.

1930 5485 2162 5556 Christe,
2213 5487 2331 5544 fave
2378 5489 2660 5547 desideriis
2708 5504 2763 5549 et
2807 5495 3051 5564 precibus
3103 5499 3318 5567 nostris,
3385 5512 3438 5556 ct

1858 5587 2049 5646 praesta
2091 5593 2398 5648 prosperam
2441 5581 2576 5638 hanc
2606 5585 3068 5653 supervenientem
3101 5599 3298 5645 sanctcc
3339 5591 3436 5645 Pa-

1852 5673 1995 5725 scha:
2042 5682 2274 5739 noctem,
2306 5672 2357 5727 in
2387 5690 2489 5744 qua
2538 5685 2710 5731 tecum
2759 5690 3100 5746 resurgentes
3138 5684 3204 5738 de
3234 5697 3428 5751 morte,

1853 5766 2080 5823 transire
2100 5782 2400 5826 mereamur
2428 5771 2494 5825 ad
2530 5771 2693 5828 vitam
2785 5773 3028 5831 Salvator
3076 5780 3279 5834 mundi.
3324 5781 3426 5847 Qui

1852 5875 2004 5914 VIVIS.

3033 6026 3106 6088 12
