4048 6350
593 391 709 449 353.

734 506 898 562 XXII.
943 522 1136 562 ructrtr
1175 524 1369 563 onmo
1408 526 1457 563 tu
1500 524 1733 564 vasrsna
1772 522 2010 562 cassat.

660 599 871 656 Domini
900 603 1071 669 gratia
1095 612 1121 638 ι
1150 617 1247 668 per
1286 615 1477 671 aquam
1524 612 1577 656 et
1620 611 1860 655 sanctum
1911 600 2169 667 Spiritum

590 696 763 750 renati
782 735 797 759 ,
824 704 880 750 et
903 712 999 764 per
1023 695 1369 764 multiplicem
1420 704 1654 761 paterna:
1702 692 2009 747 dilectionis
2043 707 2173 761 pro-

595 789 857 845 visionum
888 789 1182 845 innumeris
1235 790 1436 856 laqueis
1467 789 1743 851 abstracti,
1794 786 1953 854 hujus
1980 785 2177 841 divina

590 880 915 952 dignationis
960 889 1229 935 auctorem
1263 878 1565 940 Dominum,
1600 877 1824 931 incenso
1856 875 2178 943 vespertina

594 976 769 1043 precis
820 974 1106 1039 sacriﬁcio,
1164 982 1215 1027 et
1245 973 1296 1025 in
1345 971 1544 1025 caelcsti
1586 972 1761 1039 patina
1808 983 1900 1038 per
1932 968 2175 1037 spiritum

589 1078 792 1135 erecto,
826 1076 881 1124 et
902 1069 1024 1138 igne
1054 1066 1165 1134 illo,
1197 1081 1353 1136 quem
1380 1066 1492 1132 ipse
1523 1065 1573 1117 in
1598 1063 1750 1118 nobis
1777 1061 1995 1117 accendi
2030 1060 2175 1116 desi-

590 1159 761 1225 derat,
795 1159 1143 1214 sollemniter
1180 1165 1379 1224 assato,
1440 1156 1693 1225 precariis
1724 1155 2021 1215 affectibus,
2073 1154 2179 1208 fra-

592 1260 699 1306 tres
723 1249 1008 1317 carissimi,
1041 1250 1422 1320 deprecemur;
1486 1258 1539 1302 ut
1585 1248 1745 1302 totius
1779 1248 1897 1302 vita:
1928 1247 2178 1313 crimina,

589 1350 645 1397 et
674 1343 925 1399 cotidiani
970 1343 1168 1399 erroris
1210 1342 1465 1405 maculas,
1508 1354 1560 1396 et
1603 1344 1847 1396 humana!
1880 1340 2180 1410 fragilitatis

589 1435 785 1502 debita,
821 1437 872 1489 in
917 1437 1072 1490 annis
1113 1437 1426 1503 septimanae
1472 1432 1679 1489 dierum
1711 1432 2083 1502 quadraginta,
2116 1444 2180 1486 ac

588 1526 783 1597 sepulti
837 1528 1079 1597 corporis
1128 1528 1208 1580 sui
1261 1525 1496 1581 Sabbato
1529 1526 1679 1579 nobis
1732 1523 2029 1588 concedat;
2080 1539 2178 1577 nos

588 1634 800 1689 quoque
836 1636 887 1673 tn
915 1634 1138 1675 numero
1164 1618 1275 1672 veri
1331 1616 1577 1671 lsrahelis
1608 1613 1844 1687 Egypto
1890 1612 2069 1684 egredi
2102 1611 2181 1667 fa-

589 1712 727 1777 ciat;
760 1724 811 1764 et
843 1711 1074 1765 inimicis
1104 1711 1390 1780 perrus<is,
1424 1709 1475 1763 in
1506 1725 1607 1762 una
1633 1708 1867 1762 Ecclesia
1896 1706 2177 1761 catholica:

589 1803 805 1867 domus,
838 1802 1041 1857 Pascha
1070 1801 1276 1855 Domini
1302 1800 1662 1865 celebrantes,
1686 1798 1821 1868 Agni
1854 1794 2179 1851 immaculati

1302 392 1643 448 AIPPENDIX
1681 394 1771 448 AD
1815 393 2048 447 UPEBA
2089 393 2336 448 δωατι
2370 393 2677 448 GBltMaNl
2722 390 3164 451 PARISIENSIS.
3776 395 3860 455 3“

2204 512 2258 571 Α
2281 509 2486 580 gloriae,
2521 510 2735 562 introitu
2771 519 2861 563 tuo
2901 510 3092 563 inferni
3141 510 3325 565 fauces
3360 508 3737 578 inluminasti,
3767 524 3860 571 stu-

2282 606 2529 673 pentibus
2580 604 2810 657 inferis:
2858 604 2981 673 quia
3024 605 3170 659 solus
3216 603 3362 661 Inter
3409 614 3676 661 mortuos
3716 606 3865 666 libera

2278 710 2501 751 recursu
2532 704 2623 751 tuo
2657 709 2751 762 per
2780 696 3023 750 eamdem
3051 707 3266 752 noctem
3296 695 3669 766 Protoplasto
3692 708 3745 753 ut
3768 714 3864 771 spo-

2280 790 2347 843 lia
2382 790 2665 853 revocasti,
2696 802 2790 852 per
2836 803 2993 858 quem
3027 787 3121 845 tibi
3168 804 3333 856 nunc,
3388 790 3659 856 Domine,
3712 805 3867 851 omnes

2278 884 2444 937 sancti
2469 883 2667 953 gratias
2693 890 2878 949 agunt.
2907 890 2966 937 et
2984 881 3038 936 in
3090 890 3349 952 perpetuo
3409 878 3671 938 exaltant
3703 897 3864 941 nomen

2282 988 2448 1029 tuum.
2481 976 2722 1041 Quicum
2750 984 2838 1028 8i.

2284 1086 2471 1144 XXIII.
2515 1104 2708 1144 mcmr
2743 1104 3053 1145 BENEDICTIO
3083 1104 3232 1145 csa;
3260 1106 3435 1145 scari
3465 1106 3749 1147 ancosrnn
3776 1109 3865 1146 Erl-

2352 1175 2521 1227 scnpt,
2550 1176 2689 1224 quasi
2726 1175 2898 1215 Αθαῠο
2943 1174 3195 1216 Diaconos
3223 1174 3332 1216 cum
3367 1174 3584 1227 esset,
3628 1177 3795 1217 BDIDIT
3817 1178 3867 1219 ετ

2349 1247 2562 1289 αοικιτ
2595 1248 2726 1286 ΓΕιΙσ
2752 1249 2797 1287 l'l
2811 1249 2901 1287 ιιι.

2356 1343 2571 1397 Exultet
2612 1345 2722 1413 jam
2778 1344 3017 1413 angelica
3067 1344 3218 1400 turba
3263 1346 3545 1401 cmlorum
3591 1363 3606 1414 ;
3657 1347 3866 1404 exultent

2281 1434 2457 1490 divina
2491 1439 2761 1506 mysteria,
2791 1445 2846 1491 cl
2869 1452 2963 1507 pro
2986 1437 3116 1492 tanti
3143 1438 3301 1509 Regis
3326 1437 3577 1494 victoria
3612 1437 3733 1495 tuba
3757 1440 3865 1495 into-

2284 1540 2375 1585 net
2401 1532 2670 1585 salutaris.
2700 1530 2941 1589 Gaudeat
2970 1550 3029 1588 se
3067 1534 3392 1590 tantisillius
3422 1535 3701 1591 inradiata
3727 1534 3863 1604 fulgo-

2283 1624 2465 1687 ribus;
2499 1636 2550 1677 cl
2604 1628 2789 1679 aeterni
2847 1624 3007 1694 Regis
3037 1626 3325 1695 splendore
3376 1627 3688 1694 illustrata,
3730 1630 3861 1693 totius

2282 1712 2430 1767 orbis
2466 1729 2526 1767 se
2546 1715 2739 1769 sentiat
2765 1714 3013 1783 amisisse
3033 1714 3338 1786 caliginem.
3365 1715 3625 1771 Laetetur
3651 1727 3705 1772 et
3729 1728 3866 1773 mater

2286 1806 2545 1867 Ecclesia,
2574 1808 2705 1861 tanti
2738 1805 2949 1861 luminis
2975 1808 3230 1862 adornata
3264 1806 3532 1877 fulgore;
3593 1816 3649 1864 et
3698 1810 3863 1882 magnis

591 1900 855 1970 sanguine
878 1914 1163 1967 corporum
1199 1908 1498 1951 nostrorum
1549 1893 1786 1963 postibus
1838 1889 2093 1960 aspersis,
2128 1889 2181 1942 in
2213 1899 2262 1960 Β
2291 1897 2602 1966 p0pul0rulti
2652 1898 2871 1951 vocibus
2905 1898 3017 1952 haec
3060 1899 3178 1952 aula
3233 1898 3497 1955 resultet.
3558 1899 3864 1969 Quapmpter

593 1990 747 2047 istius
779 1990 949 2045 noctis
976 1989 1305 2044 venerabilis
1326 1988 1707 2051 sollemnitate,
1739 1992 2005 2039 vastatura
2031 1998 2185 2036 mun-

592 2081 721 2138 dum
749 2090 944 2145 morte,
999 2079 1273 2143 defendat,
1298 2080 1576 2133 orantibus
1608 2077 1782 2131 nobis.
1819 2076 1938 2129 Per.

1146 2169 1382 2220 Collectio
1406 2171 1633 2230 sequitur

660 2258 873 2318 Christe
892 2260 1038 2323 Iesu,
1070 2260 1123 2313 in
1156 2273 1375 2325 vespera
1403 2260 1584 2310 mundi
1615 2264 1981 2325 vespertinum
2012 2254 2182 2308 sacri-

591 2354 770 2410 ficium
798 2367 893 2423 per
921 2363 1135 2408 crucem
1164 2350 1439 2413 effectum,
1491 2350 1710 2418 dignare
1740 2362 1836 2399 nos
1882 2360 2017 2399 nova
2060 2358 2183 2398 cor-

589 2443 708 2515 pori
729 2450 820 2498 tuo
848 2442 961 2497 fore
989 2442 1295 2511 sepulchra.
1327 2440 1429 2507 Qui
1473 2454 1595 2492 cum
1627 2446 1831 2490 aeterno
1862 2434 2017 2491 Patre
2046 2434 2185 2489 vivis

588 2543 648 2592 et
680 2548 894 2605 regnas.

1090 2622 1261 2675 Oratio
1287 2622 1348 2672 ad
1364 2620 1654 2670 duodecima
1683 2620 1728 2667 ³.

660 2716 949 2768 Auctorem
980 2709 1152 2787 lucis,
1186 2708 1480 2778 principem
1527 2702 1765 2770 luminis,
1821 2703 2188 2770 inspectorem

588 2800 789 2865 cordis,
818 2800 1149 2855 credentium
1171 2800 1587 2867 redemptorem,
1612 2794 1807 2850 fratres
1826 2793 2181 2858 dilectissimi,

588 2895 794 2948 cunctis
819 2890 1249 2946 confessionibus
1307 2905 1659 2955 veneremur;
1702 2898 1761 2943 ut
1791 2898 2043 2956 vergente
2069 2885 2182 2952 die,

592 2985 740 3039 vocis
790 2984 996 3053 rugitus
1034 2983 1318 3047 exaudiat,
1375 2996 1427 3036 et
1490 2984 1905 3051 superveniente
1954 2976 2185 3048 caligine

592 3075 766 3132 noctis
788 3118 803 3144 ,
834 3090 930 3129 nos
958 3075 1176 3129 luminis
1201 3075 1282 3129 sui
1313 3072 1596 3144 splendore
1625 3074 1899 3130 inluStret;
1935 3088 1999 3125 ne
2029 3072 2095 3125 sit
2128 3072 2182 3125 in

586 3167 743 3224 nobis
765 3168 868 3222 ulla
894 3168 1127 3223 tentandi
1156 3167 1490 3236 vexandique
1539 3167 1747 3221 occasio
1789 3165 2167 3219 tenebrarum:

586 3262 657 3317 sit
694 3268 875 3316 noster
900 3260 1169 3326 defensor,
1197 3259 1289 3330 qui
1337 3270 1421 3314 est
1460 3276 1600 3314 veris
1629 3259 1763 3314 lucis
1794 3257 2065 3325 indultur;
2120 3269 2177 3314 ut

586 3358 800 3425 semper
820 3353 986 3409 simus
1009 3354 1060 3408 in
1084 3354 1283 3408 lumine
1312 3355 1450 3421 ejus,
1481 3352 1567 3424 qui
1594 3351 1863 3408 Christum
1894 3353 2175 3408 Dominum

586 3444 874 3517 gloriamur
922 3453 1213 3499 auctorem.
1275 3443 1375 3497 I’er
1418 3458 1541 3498 eum
1574 3443 1664 3512 qui
1695 3458 1899 3501 secum.

1122 3534 1354 3586 Collectio
1372 3536 1615 3599 sequitur.

655 3620 816 3692 357
856 3620 1000 3690 Rege
1026 3630 1145 3685 nos,
1190 3619 1434 3684 Domine,
1468 3635 1562 3686 per
1586 3620 1815 3675 alternas
1863 3630 2163 3689 temporum

585 3712 751 3776 vices,
776 3720 830 3768 et
848 3702 1108 3767 conserva
1137 3724 1234 3765 nos
1273 3725 1368 3779 per
1398 3711 1640 3780 dispares
1695 3711 1902 3767 dierum
1957 3727 2019 3766 ac
2070 3726 2170 3763 no-

584 3805 750 3861 ctium
802 3803 1211 3869 successiones;
1269 3814 1327 3857 ut
1380 3802 1543 3872 adjuti
1597 3814 1904 3859 sanctorum
1952 3817 2163 3859 tuorum

588 3895 857 3967 precibus,
902 3894 990 3964 qui
1041 3894 1183 3949 diem
1226 3892 1372 3947 hunc
1430 3908 1521 3960 per
1571 3909 1771 3949 munus;
1796 3894 2178 3951 misericordia:

589 4000 692 4047 tua:
724 3986 994 4053 duximus,
1047 3994 1257 4041 noctem
1288 4000 1499 4056 quoque
1526 3988 1681 4041 istam
1724 3987 1917 4057 placita
1943 3989 2037 4044 tibi
2062 3989 2176 4042 ani-

588 4093 798 4137 marum
826 4086 881 4135 et
899 4091 1184 4149 corporum
1213 4074 1440 4148 puritate
1467 4078 1744 4133 ducamus.
1771 4079 1890 4135 Per.

1071 4165 1304 4218 Prmlatio
1327 4169 1649 4230 cereincipit

660 4250 1091 4321 Omnipotentem
1137 4249 1325 4314 Deum,
1356 4247 1552 4305 fratres
1577 4250 1945 4318 dilectissimi,
1976 4251 2179 4321 suppli—

587 4343 721 4399 citer
748 4333 1126 4411 deprecemur;
1158 4352 1216 4395 ut
1247 4340 1473 4397 vinculis
1497 4347 1837 4411 peccatorum
1870 4351 2176 4397 nostrorum

588 4435 644 4491 in
671 4434 843 4491 noctis
871 4434 1024 4488 istius
1050 4432 1390 4489 solemnitate
1416 4433 1697 4501 disruptis,
1733 4433 2088 4501 procedamus
2118 4433 2175 4489 in

586 4542 720 4583 voce
745 4525 1095 4583 esultationis
1146 4536 1200 4582 et
1246 4522 1603 4580 confessionis
1630 4566 1645 4590 ,
1674 4536 1842 4579 sonus
1881 4525 2173 4593 epulantis.

589 4622 843 4680 Accensis
864 4621 1215 4676 luminat-ibus
1240 4620 1307 4673 ad
1330 4618 1794 4673 inluminationem
1819 4628 2084 4687 nostram,
2120 4628 2177 4675 et

2288 1990 2621 2044 adstantibus
2648 1989 2820 2054 vobis,
2876 1987 3067 2045 fratres
3115 1989 3412 2061 carissimi,
3466 1991 3542 2047 ad
3573 2000 3681 2046 tam
3709 1991 3863 2048 miratu

2287 2082 2457 2137 sancti
2484 2082 2643 2150 hujus
2670 2081 2889 2138 luminis
2918 2082 3236 2148 claritatem,
3259 2098 3368 2138 una
3420 2098 3668 2150 mecum,
3694 2100 3862 2153 quaso,

2288 2174 2385 2230 Dei
2408 2176 2794 2243 omnipotentis
2822 2176 3250 2232 misericordiam
3278 2177 3547 2234 invocato
3571 2194 3587 2243 ;
3610 2186 3671 2232 ut
3694 2177 3775 2247 qui
3799 2190 3863 2233 tuo

2290 2284 2394 2321 non
2425 2268 2557 2322 meis
2587 2269 2792 2323 meritis
2820 2270 2956 2322 intra
2987 2269 3266 2323 levitarum
3296 2282 3601 2325 numerum
3652 2270 3860 2340 dignatus

2288 2370 2372 2416 est
2392 2363 2708 2433 adgregant,
2736 2372 2795 2416 ut
2822 2364 3042 2418 luminis
3071 2363 3154 2418 sul
3176 2364 3349 2434 gratia
3370 2363 3725 2431 infundam,
3747 2360 3860 2421 aeni

2290 2456 2447 2525 hujus
2481 2457 2689 2513 laudent
2720 2457 2943 2529 implere
2964 2458 3257 2530 prmcipiat.

2359 2548 2589 2604 Sursum
2617 2548 2800 2605 corda.
2835 2548 2965 2605 Gra.

2853 2659 3153 2713 Coutestatlo
3174 2676 3324 2715 nunc.

2362 2765 2593 2836 Dignum
2622 2767 2892 2839 etjustutn
2924 2778 3026 2823 est.
3052 2768 3191 2825 Vere
3211 2771 3334 2841 quia
3360 2768 3592 2842 dignum
3622 2780 3673 2825 et
3686 2770 3849 2839 justum

2288 2868 2371 2915 est
2402 2862 2717 2917 ittvisihilcm
2751 2864 2913 2917 Deum
2943 2864 3365 2931 omnipotentem
3392 2865 3639 2935 Patrem,
3673 2863 3849 2918 Filium-

2288 2971 2389 3024 qnc
2439 2952 2778 3025 Unigenitum
2844 2956 3005 3027 358
3058 2956 3339 3012 Dominum
3402 2968 3654 3014 nostrum
3700 2955 3844 3012 Jestnn

2288 3043 2556 3101 Christum
2617 3058 2727 3101 toto
2784 3047 2968 3102 cordis
3021 3062 3084 3103 ac
3136 3049 3328 3103 mentis
3381 3050 3585 3105 affectu
3632 3061 3683 3106 et
3735 3047 3846 3102 vocis

2292 3136 2547 3205 mysterio
2572 3150 2879 3205 personare.
2914 3139 3012 3202 Qui
3046 3152 3140 3205 pro
3170 3137 3324 3194 nobis
3356 3152 3571 3197 :eterno
3597 3139 3730 3196 Patri
3748 3137 3845 3192 Ade

2291 3227 2528 3282 debitum
2574 3228 2762 3292 solvit,
2810 3240 2863 3285 et
2919 3230 3118 3283 veteris
3180 3230 3375 3299 piaculi
3430 3236 3726 3288 cautionem
3778 3230 3842 3298 pio

2200 3294 2248 3357 ε
2280 3328 2472 3376 eruere
2516 3323 2757 3377 detersit.
2794 3322 2918 3379 Haec
2958 3335 3085 3379 sunt
3114 3294 3254 3381 enim
3284 3326 3426 3382 festa
3468 3294 3790 3382 Paschaliuni
3808 3330 3842 3387 θ,

2284 3413 2338 3469 in
2363 3414 2554 3484 quibits
2581 3429 2740 3468 verus
2761 3413 2850 3470 ille
2876 3419 3056 3488 Agnus
3084 3418 3345 3474 occiditur
3366 3464 3381 3487 ,
3409 3418 3636 3492 ejusque
3664 3416 3837 3486 sanguis

2284 3505 2522 3575 postibus
2545 3517 2926 3576 consecratur;
2961 3510 3016 3565 in
3046 3526 3150 3581 qua
3177 3512 3412 3582 primum
3445 3522 3626 3583 patres
3670 3518 3840 3563 nostros

2284 3598 2423 3654 filios
2445 3599 2644 3655 Israhel
2667 3601 2905 3657 educcns
2932 3601 3000 3657 de
3018 3600 3268 3674 Egypto,
3290 3603 3539 3661 Rubrum
3570 3616 3708 3657 mare
3729 3601 3837 3655 sicco

2282 3690 2505 3761 veStigio
2533 3690 2759 3747 transire
2791 3693 2985 3747 fecisti.
3010 3693 3134 3750 Haec
3179 3695 3339 3764 igitur
3366 3713 3476 3751 nox
3510 3706 3593 3749 est
3620 3735 3635 3760 ,
3682 3692 3729 3747 itt
3752 3702 3832 3759 qua

2283 3792 2623 3854 peccatorum
2652 3786 2900 3841 tenebras
2931 3787 3193 3844 columna:
3223 3788 3635 3846 inluminatione
3679 3794 3835 3854 purgas

2282 3879 2377 3933 vit.
2416 3876 2537 3931 Ilmc
2564 3892 2667 3932 nox
2698 3888 2778 3933 est
2814 3894 2931 3947 qua:
2961 3879 3123 3936 hodie
3151 3895 3249 3950 per
3278 3882 3593 3937 universum
3626 3873 3835 3932 mundum

2282 3968 2334 4025 in
2365 3968 2577 4025 Chrism
2612 3970 2917 4034 credentes,
2976 3986 3006 4025 a
3059 3971 3205 4027 vitiis
3234 3973 3423 4029 saeculi
3464 3976 3754 4047 segregatos
3788 3966 3828 4015 el

2280 4063 2505 4135 caligine
2532 4074 2888 4133 peccatorum,
2932 4063 3104 4137 reddit
3140 4069 3346 4137 gratias,
3389 4066 3561 4122 sociat
3586 4052 3828 4117 sanctitati.

2284 4156 2408 4211 Hec
2430 4170 2531 4210 nox
2563 4168 2642 4211 est
2675 4157 2725 4211 in
2758 4171 2883 4226 qua,
2911 4156 3207 4213 destructis
3232 4157 3462 4213 vinculis
3495 4152 3691 4218 mortis,
3708 4143 3829 4204 Chri-

2282 4260 2396 4305 stus
2442 4251 2508 4305 ab
2553 4248 2737 4307 inferis
2783 4250 2955 4306 victor
3013 4250 3275 4306 ascendit.
3334 4249 3480 4307 Nihil
3530 4249 3664 4304 enim
3709 4238 3827 4295 nobis

2283 4346 2428 4400 nasci
2461 4345 2674 4413 profuit,
2709 4344 2808 4401 nisi
2832 4344 3020 4401 redimi
3053 4346 3361 4416 profuisset.
3389 4344 3436 4401 Ο
3463 4346 3593 4400 mira
3612 4339 3732 4395 circa
3755 4341 3827 4386 n05

2284 4448 2390 4493 tuas
2414 4436 2551 4509 picta
2561 4440 2623 4492 tis
2638 4440 2873 4507 dignatio
2892 4437 2906 4491 !
2939 4454 2971 4493 ο
2984 4438 3369 4494 inaestimabilis
3384 4436 3600 4494 dilectio
3614 4424 3824 4487 caritatis.

2286 4545 2343 4588 ut
2363 4548 2577 4589 servum
2597 4531 2912 4599 redimeres,
2934 4531 3127 4587 Filium
3153 4530 3418 4588 tradidiSti
3442 4534 3456 4588 l
3480 4530 3523 4587 0
3540 4534 3674 4583 certe
3690 4527 3823 4575 "0085'

2279 4624 2478 4685 sarium
2508 4624 2638 4679 Adze
2667 4634 2942 4694 peccatum
2988 4635 3263 4692 nostrum,
3294 4625 3439 4696 quod
3466 4616 3653 4678 Christi
3689 4614 3821 4666 tIIOI'te

587 4717 836 4770 candoris
864 4715 989 4770 fidei
1019 4714 1224 4785 fulgore
1271 4714 1577 4781 rutilantes,
1606 4714 1747 4769 alter
1773 4714 1996 4769 alterius
2042 4684 2177 4785 quo-
2203 4684 2261 4746 Β
2281 4684 2513 4773 deletum
2534 4730 2614 4773 est
2637 4684 2846 4773 infelix
2864 4719 3036 4789 culpa,
3057 4735 3174 4789 qua:
3195 4684 3354 4775 talem
3377 4736 3440 4774 ac
3462 4724 3651 4772 tantum
3669 4699 3819 4761 meruit

587 4822 693 4876 que
719 4808 948 4861 animam
982 4806 1279 4871 inluminet,
1307 4806 1451 4860 sicut
1479 4806 1724 4874 discipuli
1760 4806 1965 4860 Domini
2008 4807 2173 4861 nostri

587 4898 715 4955 Jesu
743 4899 1134 4969 Cbristi:qnia
1156 4900 1269 4967 ipse
1292 4900 1347 4954 in
1398 4899 1499 4955 hac
1540 4910 1698 4955 nocte
1744 4900 1850 4955 vita
1895 4907 1949 4954 et
2000 4914 2174 4956 resur-

586 4993 754 5050 rectio
802 4993 1068 5049 infernum
1106 4994 1464 5061 inluminavit,
1498 5004 1552 5050 et
1596 5004 1776 5063 portas
1813 5009 1981 5050 meas
2012 5010 2174 5065 pene—

586 5088 766 5152 travit,
813 5096 868 5143 et
895 5095 1077 5143 vectes
1107 5087 1306 5143 ferreos
1334 5088 1635 5158 confregit;
1681 5098 1735 5143 et
1767 5103 1910 5143 mors
1964 5088 2176 5145 devicta

526 5214 536 5231 η.
585 5190 669 5236 est
691 5179 745 5234 in
768 5180 1023 5243 victoria;
1062 5188 1114 5234 et
1152 5181 1363 5251 antiqua
1396 5182 1664 5235 sententia
1712 5181 1985 5236 damnavit
2034 5196 2177 5248 eam,

588 5282 648 5326 ut
674 5287 771 5326 nos
818 5271 887 5327 de
942 5282 1194 5341 perpetua
1225 5283 1399 5327 morte
1428 5272 1701 5328 liberaret.
1744 5271 1865 5327 Per.

1140 5362 1372 5414 Collectio
1390 5367 1637 5427 sequitur.

659 5444 770 5497 Non
792 5444 1084 5499 estsimilis
1112 5445 1206 5501 tibi
1255 5445 1308 5499 in
1358 5448 1485 5508 diis,
1540 5448 1783 5505 Domine.
1840 5456 1894 5501 et
1942 5462 2050 5501 non
2093 5454 2176 5501 est

587 5534 875 5590 Secundum
901 5551 1065 5604 opera
1086 5547 1195 5604 tua,
1228 5540 1314 5607 qui
1346 5553 1441 5606 per
1473 5551 1720 5606 magnam
1750 5537 2173 5593 misericordiam

587 5635 730 5682 tuam
761 5628 973 5684 salvasti
1023 5644 1119 5685 nos
1160 5644 1190 5682 a
1232 5627 1686 5685 descendentibus
1736 5630 1784 5681 in
1834 5628 2028 5683 lacum.
2063 5628 2175 5684 Rex

659 5769 689 5801 ι
728 5763 853 5819 litae
880 5764 1051 5817 oratio
1072 5780 1195 5819 cum
1232 5763 1403 5819 tribus
1445 5764 1893 5830 subsequentibus
1952 5766 2179 5822 habetur

586 5833 641 5888 in
677 5834 876 5887 Missali
898 5833 1149 5901 Gothico,
1184 5850 1364 5901 supra,
1410 5850 1529 5901 pag.
1563 5835 1689 5888 “240.

660 5902 685 5940 ιι
728 5903 852 5958 Haec
874 5904 1041 5958 oratio
1070 5906 1120 5959 in
1152 5905 1348 5960 Missali
1385 5904 1611 5962 Gothico
1642 5904 1991 5965 inscribitur:
2024 5905 2171 5965 Prw-

2284 4813 2479 4867 habere
2504 4811 2916 4881 Redemptorem
2944 4814 2957 4867 ι
2981 4812 3023 4867 Ο
3043 4811 3196 4867 beata
3234 4828 3363 4877 noxo,
3387 4826 3506 4882 qua:
3525 4808 3630 4865 sola
3664 4791 3815 4855 meruil

2283 4904 2422 4961 scire
2446 4913 2653 4971 tempus
2670 4915 2723 4959 et
2740 4905 2924 4959 horam
2944 4904 2995 4958 in
3020 4920 3120 4973 qua
3143 4902 3391 4959 Christus
3407 4904 3474 4957 ab
3492 4895 3663 4955 inferis
3678 4896 3814 4943 τεευτ·

2284 4995 2421 5051 rexit
2449 4998 2463 5050 ἰ
2490 4995 2615 5051 [hec
2644 5013 2747 5050 nox
2776 5005 2858 5049 est
2884 4997 2951 5051 de
2980 5012 3083 5067 qua
3111 4994 3369 5067 scriptum
3400 5006 3481 5051 est
3511 5012 3523 5045 :
3556 4991 3615 5046 Et
3660 4993 3746 5074 ηοξ
3770 4980 3814 5074 ξι

2285 5087 2397 5141 dies
2426 5085 2865 5146 inluminabitur:
2898 5096 2952 5141 et
2980 5104 2994 5140 :
3038 5084 3151 5141 Nox
3180 5086 3518 5142 inluminatio
3553 5082 3602 5137 in
3649 5070 3811 5129 deum

2286 5180 2437 5234 mcis.
2476 5179 2643 5251 Hujus
2667 5179 2826 5250 igitur
2875 5176 3229 5235 sanctificatio
3258 5180 3430 5235 noctis
3461 5176 3595 5247 fugat
3631 5163 3805 5255 sceleffi

2285 5271 2468 5339 culpas
2516 5269 2673 5339 lavat,
2710 5281 2763 5326 et
2798 5268 2973 5327 reddit
3024 5272 3387 5328 innocentiam
3436 5266 3605 5338 lapsis.
3650 5257 3805 5312 11³³⁵⁸⁵

2284 5361 2560 5417 ltetitiam:
2596 5362 2741 5434 fugat
2772 5363 2918 5433 odia,
2977 5362 3324 5419 concordiam
3377 5368 3539 5433 parat,
3582 5360 3630 5408 et
3663 5343 3804 5401 cum“

2284 5454 2530 5523 imperia.
2558 5454 2612 5510 In
2644 5454 2802 5529 huius
2830 5457 2990 5525 igitur
3017 5456 3193 5513 noctis
3233 5458 3401 5527 gratia
3423 5448 3638 5515 suacipen
3661 5437 3802 5529 "ad?

2285 5518 2465 5614 Paler,
2494 5524 2697 5605 incensi
2718 5518 2880 5620 hujus
2933 5518 3262 5606 sacrificium
3286 5546 3649 5619 vespertinam,
3689 5518 3797 5598 (ΙΝ1

2285 5639 2376 5695 tibi
2418 5641 2472 5695 in
2504 5642 2603 5697 hac
2625 5644 2770 5699 cerei
2800 5642 3073 5698 oblatione
3101 5643 3348 5699 sollemni
3376 5655 3468 5712 per
3498 5622 3796 5693 minim

2281 5775 2411 5845 [alio
2428 5776 2509 5845 god
2533 5776 2734 5828 initium
2763 5777 2924 5830 noctis
2956 5776 3190 5833 Pascha.

2356 5855 2377 5883 ε
2418 5842 2507 5900 Sic
2524 5846 2582 5900 in
2600 5846 2807 5901 .Missali
2830 5845 3091 5916 Gothico;
3122 5850 3263 5918 aliis,
3290 5844 3555 5921 paschalia.
