4048 6350
315 370 426 428 565

1320 381 1406 437 DE
1445 383 1767 441 LITURGIA
1809 385 2191 445 GALLICANA
2235 391 2433 448 LIBER
2475 394 2560 451 lli.

3480 407 3583 463 306

312 498 526 555 tuorum
559 503 748 544 manus
785 490 852 548 de
875 493 1126 563 operibus
1149 510 1305 565 apum
1348 509 1686 554 sacrosancta
1716 500 1893 555 reddit
1917 500 1975 562 Δ
2000 500 2158 570 inque
2185 504 2355 572 ipsum
2394 518 2592 564 nostra;
2618 511 2689 565 sit
2717 512 3110 581 deprecationis
3151 520 3427 589 ascensio,
3471 540 3586 580 ma-

310 576 576 632 Ecclesia.
608 579 715 634 Sed
737 580 846 649 jam
869 584 1133 639 columnae
1155 586 1311 657 hujus
1333 590 1599 657 pracouia
1627 591 1896 658 novimus,

308 685 475 741 quam
503 672 558 727 in
591 672 792 730 honore
825 676 916 731 Dei
940 679 1164 733 rutilans
1193 680 1331 750 ignis
1350 683 1625 750 accendit;
1652 685 1744 754 qui
1768 685 1898 742 licet

306 762 518 819 divisus
542 766 597 819 in
634 777 832 835 partes,
892 771 1119 826 mutuati
1174 772 1387 829 luminis
1417 774 1737 832 detrimenta
1789 792 1896 835 non

306 854 478 912 novit.
528 854 699 913 Alitur
729 859 1051 930 liquautibus
1096 865 1257 933 ceris,
1289 881 1451 936 quam
1494 868 1547 923 in
1595 870 1897 926 substantia

305 946 556 1015 pretiosa:
603 949 760 1020 hujus
812 952 1071 1021 lampadis
1123 957 1238 1025 apis
1293 968 1463 1014 mater
1513 959 1721 1016 eduxit.
1767 963 1898 1031 Apis

305 1037 504 1093 ceteris
529 1053 651 1109 qua:
679 1042 916 1112 subjecta
949 1056 1074 1100 sunt
1113 1047 1314 1102 homini
1342 1050 1702 1107 animantibus
1745 1062 1896 1109 ante-

304 1129 455 1184 cellit
483 1146 498 1188 :
526 1146 648 1187 cum
703 1134 772 1188 sit
802 1136 963 1191 nimia
1018 1142 1256 1208 corporis
1303 1143 1561 1210 parvitate
1591 1185 1610 1213 ,
1654 1146 1898 1218 ingentes

304 1221 514 1277 animos
541 1237 765 1295 angusto
796 1238 969 1282 versat
992 1231 1042 1283 in
1074 1241 1324 1299 pectore:
1372 1234 1573 1291 viribus
1606 1238 1892 1307 imbecilla,

302 1310 401 1366 sed
422 1312 828 1386 iortisiugenio.
880 1320 1029 1387 Haec,
1060 1322 1343 1391 explorata
1402 1334 1702 1397 temporum
1752 1333 1892 1399 vice,

301 1417 427 1458 cum
457 1407 706 1462 canitiem
761 1411 1009 1478 pruinosa
1036 1413 1275 1487 hyberna
1331 1420 1630 1488 posuerint,
1682 1432 1736 1478 et
1787 1425 1897 1495 gla-

302 1494 441 1550 ciale
468 1498 676 1553 senium
709 1503 858 1557 verni
915 1506 1174 1573 temporis
1227 1508 1502 1565 moderata
1542 1494 1889 1584 deterserint,

300 1587 484 1643 statim
511 1591 804 1659 prodeundi
830 1596 896 1648 ad
922 1596 1159 1652 laborem
1199 1613 1329 1654 cura
1372 1602 1645 1670 succedit;
1677 1606 1893 1677 disper-

304 1694 487 1750 sasque
513 1696 605 1752 per
632 1698 810 1754 agros,
856 1686 1062 1742 libratis
1105 1692 1376 1759 paululum
1406 1695 1676 1763 pinnibus,
1707 1702 1886 1754 cruri-

301 1787 408 1828 bus
445 1779 713 1846 suspensis
740 1770 989 1836 iuseduut
1018 1798 1030 1833 :
1063 1796 1211 1852 parte
1258 1799 1355 1841 ore
1405 1786 1582 1857 legere
1614 1789 1886 1863 ﬂosculus,

300 1868 879 1926 onerataevictualibus
907 1871 1036 1940 suis,
1069 1875 1135 1929 ad
1179 1887 1354 1932 castra
1408 1890 1681 1946 remeant;
1711 1882 1893 1955 ibique
1922 1868 1971 1938 Β

298 1954 423 2011 alim
456 1959 813 2017 inaestimabili
841 1962 1004 2035 359
1026 1976 1141 2021 arte
1187 1969 1407 2024 cellulas
1454 1976 1626 2027 tenaci
1686 1954 1889 2046 glutino

297 2042 605 2119 instruunt;
647 2054 764 2110 alia:
794 2056 1049 2125 liquautia
1097 2062 1257 2116 mella
1310 2065 1550 2133 stipant;
1609 2042 1730 2122 aliae
1769 2087 1890 2128 ver-

296 2144 595 2200 tuntﬁores
634 2147 685 2200 in
730 2163 943 2217 ceram;
981 2152 1099 2208 alia:
1132 2169 1225 2209 ore
1270 2168 1424 2213 natos
1475 2160 1707 2229 ﬁngunt;
1758 2162 1877 2220 alite

292 2236 532 2294 colleCIis
562 2254 593 2295 e
638 2240 776 2296 foliis
804 2252 985 2301 nectar
1013 2246 1304 2304 includunt.
1351 2250 1397 2307 Ο
1445 2268 1572 2308 vere
1625 2255 1780 2311 beata
1830 2265 1888 2313 et

292 2328 554 2385 mirabilis
588 2334 701 2400 apis
730 2334 937 2404 i-cujus
995 2353 1099 2394 nec
1137 2355 1330 2395 sexum
1386 2346 1606 2400 masculi
1661 2347 1883 2416 violant,

293 2417 436 2475 fetus
487 2437 595 2477 non
628 2438 900 2494 quassant,
941 2444 1038 2484 nec
1084 2429 1178 2485 ﬁlii
1232 2432 1510 2489 destruunt
1537 2436 1834 2494 castitatem
1862 2458 1881 2494 ι

289 2508 430 2565 sicut
460 2523 645 2567 sancta
672 2518 922 2589 concepit
946 2521 1095 2591 virgo
1131 2522 1326 2591 Maria,
1354 2527 1502 2599 virgo
1555 2530 1784 2599 peperit,
1829 2540 1885 2590 et

292 2601 445 2673 virgo
466 2610 778 2673 permansit.
820 2611 864 2666 0
893 2628 1014 2668 vere
1056 2614 1211 2671 beata
1244 2634 1369 2685 nox,
1399 2636 1518 2690 qua:
1564 2624 1883 2693 exspoliavit

289 2690 616 2766 Egyptios,
658 2699 845 2756 ditavit
894 2703 1191 2762 liebmosi
1247 2725 1353 2764 nox
1381 2710 1436 2765 in
1486 2727 1589 2784 qua
1648 2690 1879 2773 terrenis

288 2786 521 2843 caelestia
554 2789 871 2863 junguntur.
902 2796 1127 2853 Oramus
1173 2811 1245 2869 te,
1297 2801 1547 2872 Domine,
1596 2815 1652 2862 ut
1689 2822 1880 2864 cereus

286 2876 395 2937 iste
421 2881 476 2937 in
520 2881 725 2942 honore
775 2887 1006 2965 nominis
1054 2894 1126 2948 tui
1182 2907 1547 2965 consecratus,
1599 2900 1668 2954 ad
1704 2902 1877 2957 noctis

287 2971 448 3044 hujus
493 2977 775 3048 caliginem
834 2963 1219 3041 destruendam
1264 2986 1577 3046 iudeﬁcieus
1628 3007 1875 3062 perseve-

286 3068 481 3131 ret;in
510 3069 729 3126 odorem
756 3076 1037 3133 suavitatis
1091 3092 1363 3150 acceptus,
1419 3084 1667 3151 superuis
1722 3086 1875 3142 lumi-

286 3160 506 3217 naribus
531 3165 841 3223 misceatur.
879 3169 1147 3226 Flammas
1169 3174 1287 3243 ejus
1323 3174 1540 3232 Lucifer
1575 3180 1871 3235 matutinus

284 3252 550 3323 inveniat;
581 3256 695 3326 ille,
722 3261 960 3330 inquam,
984 3263 1216 3336 Lucifer,
1250 3270 1339 3338 qui
1372 3272 1543 3326 nescit
1583 3287 1864 3341 occasum;
1900 3264 1949 3330 C

282 3344 379 3429 ille
398 3350 486 3418 qui
508 3365 784 3419 regressus
811 3355 879 3410 ab
908 3357 1113 3427 inferis,
1148 3358 1382 3416 humano
1432 3365 1616 3433 generi
1646 3381 1871 3421 serenus

282 3421 497 3497 inluxit.
528 3443 816 3504 Precamur
842 3463 972 3520 ergo
1003 3458 1076 3518 te,
1138 3454 1384 3521 Domine,
1418 3466 1473 3509 ut
1506 3472 1605 3511 nos
1643 3457 1872 3515 famulos

282 3542 424 3600 tuos,
467 3552 679 3593 omnem
736 3540 960 3610 clerum,
1020 3553 1075 3600 et
1130 3546 1538 3605 devotissimum
1590 3553 1870 3622 populum,

282 3627 465 3697 quiete
504 3637 803 3699 temporum
829 3649 1111 3703 concessa,
1141 3638 1195 3692 in
1235 3638 1322 3695 his
1370 3639 1711 3710 paschalibus
1740 3658 1871 3700 con-

281 3732 503 3777 servare
526 3722 785 3795 digneris.
821 3726 943 3783 Per.

823 3817 1061 3872 Collectio
1082 3824 1324 3885 sequitur.

358 3894 549 3952 Sancte
578 3897 821 3967 Domine,
854 3904 1197 3971 omnipotens
1226 3906 1386 3975 Deus,
1422 3909 1509 3978 qui
1538 3909 1605 3965 ad
1632 3922 1869 3968 nostram

280 3991 788 4060 contemplationem
837 3996 1176 4053 tenebrarum
1221 3999 1335 4053 haec
1383 4001 1434 4053 in
1480 4003 1658 4057 mundi
1717 4006 1873 4075 hujus

282 4079 517 4138 obscuro
546 4084 825 4142 luminaria
851 4088 1050 4144 micare
1069 4090 1299 4162 qusisti,
1327 4103 1517 4162 praesta
1551 4107 1605 4150 ut
1636 4096 1758 4151 dum
1802 4100 1866 4153 ad

283 4173 436 4229 illum
466 4177 775 4233 aiternitatis
805 4180 945 4236 diem
993 4192 1045 4237 et
1087 4183 1352 4254 Unigeuiti
1396 4188 1467 4241 tui
1519 4205 1871 4261 properamus

287 4281 573 4325 occursum
618 4272 685 4327 ad
719 4272 857 4328 hanc
912 4276 1147 4344 interim,
1195 4294 1352 4351 quam
1396 4283 1629 4339 tenebris
1676 4287 1872 4341 nostris

284 4363 622 4431 praeparasti,
669 4364 964 4436 lucernam,
995 4370 1120 4425 dum
1150 4388 1256 4427 nox
1304 4372 1406 4428 ista
1453 4380 1866 4449 transcurritur,

284 4452 404 4506 sine
435 4465 770 4523 peccatorum
798 4456 1122 4517 offendicqu
1163 4465 1518 4524 ambulemus.
1549 4466 1652 4523 Per
1693 4468 1871 4525 Domi-

286 4562 416 4603 num
445 4560 705 4606 nostrum.

707 4663 941 4717 Collectio
964 4676 1073 4731 post
1093 4668 1321 4732 hymnum
1342 4673 1501 4745 cerei.

362 4746 500 4804 Deus
526 4749 779 4820 templum
813 4751 950 4823 ignis
979 4754 1186 4816 aeterni.
1227 4754 1365 4811 Deus
1395 4772 1534 4812 verae
1556 4758 1689 4815 lucis
1720 4762 1871 4818 habi-

288 4841 538 4907 taculum,
584 4841 724 4898 Deus
767 4842 923 4898 sedes
965 4855 1237 4913 perpetuae
1266 4850 1529 4918 caritatis,
1579 4862 1696 4907 vota
1747 4854 1870 4921 tibi,

284 4930 531 4996 Domine,
560 4932 841 5007 sollemnia
871 4934 980 4991 diei
1006 4940 1486 4995 consummationis
1516 4953 1570 4996 et
1598 4946 1771 5000 noetis
1793 4947 1874 5001 in-

282 5026 583 5082 choationis
607 5027 973 5094 celebramus;
1020 5044 1085 5085 ac
1112 5030 1401 5087 luminibus
1452 5035 1634 5097 altaris
1679 5037 1753 5091 tui
1786 5040 1869 5091 in-

282 5121 483 5187 censis,
509 5121 863 5191 corporalium
894 5123 1071 5179 lumen
1101 5124 1406 5195 oﬁ‘erentes,
1439 5138 1498 5183 ut
1524 5128 1737 5186 famulis
1768 5132 1870 5188 tuis

278 5228 468 5268 verum
493 5227 557 5268 ac
582 5228 816 5284 perenne
843 5215 1019 5270 lumen
1049 5216 1290 5287 largiaris
1315 5235 1549 5276 oramus.
1576 5222 1695 5281 Per.

280 5323 479 5383 XXIV.
530 5340 791 5384 ιιιουιυιιτ
837 5341 1133 5383 οιιιτιοιιεε
1182 5346 1232 5383 IN
1278 5347 1472 5390 VIGILIA
1505 5350 1720 5394 “seu
1769 5353 1872 5396 eno

742 5411 1140 5454 ‘OLLBINITATB
1166 5415 1387 5459 SANCTA.

351 5511 495 5567 inter
518 5510 690 5581 prima
712 5512 1047 5569 celebrandae
1085 5525 1283 5571 sanctae
1325 5518 1547 5576 Pascha:
1580 5524 1865 5582 sollemnia

280 5612 532 5661 votorum
569 5607 954 5659 contestatione
977 5615 1031 5660 et
1050 5608 1343 5679 gratiarum
1365 5612 1573 5667 actione
1587 5630 1864 5675 sumamus

276 5694 588 5759 exordium;
622 5705 680 5749 ut
709 5710 921 5764 passum
966 5708 1019 5753 et
1042 5699 1372 5756 immolatum
1401 5718 1497 5772 pro
1526 5705 1679 5761 nobis
1707 5706 1866 5764 Chri-

279 5798 418 5843 stum
446 5787 746 5853 credentes,
774 5789 936 5845 sacris
969 5796 1233 5862 mysteriis
1265 5794 1422 5852 ﬁdem
1462 5798 1865 5857 concinentibus

280 5880 623 5938 exultatiouis
665 5880 938 5951 plausibus
987 5885 1363 5957 praeferamus;
1414 5905 1477 5946 ac
1523 5906 1613 5962 per
1668 5896 1860 5963 ipsum,

1999 603 2161 648 nente
2187 596 2239 650 in
2269 612 2335 652 eo
2359 609 2415 655 et
2438 616 2560 656 eum
2592 604 2781 659 eodem
2812 607 3103 681 divinitatis
3120 611 3310 680 gloria.
3345 615 3472 672 Per.

2526 693 2759 747 Collectio
2777 701 3023 760 sequitur.

2071 771 2317 843 Respice,
2345 775 2592 847 Do‘uine,
2622 781 2914 841 Ecclesium
2946 797 3089 845 tuam
3120 806 3243 859 quae
3267 796 3587 853 admirabile

2000 879 2193 920 nomen
2221 876 2370 923 mum
2402 880 2515 928 toto
2543 884 2805 932 terrarum
2833 880 2963 934 orbe
2991 884 3358 952 concelebrat,
3387 897 3442 941 et
3487 905 3580 943 su-

1999 970 2093 1025 per
2123 961 2373 1027 populum
2404 964 2566 1037 am
2609 974 2755 1024 tuum
2797 971 2996 1029 vultum
3043 984 3148 1031 tuae
3178 976 3392 1043 pietatis
3439 981 3580 1034 inlu-

1998 1047 2161 1105 mina.
2192 1050 2315 1106 Per.

2512 1146 2607 1198 Pro
2631 1148 2862 1202 Ecclesia
2886 1158 3094 1209 unitate.

2067 1226 2234 1281 Deum
2271 1227 2506 1296 Patrem,
2556 1236 2819 1307 carissimi
2868 1237 3078 1309 fratres,
3125 1258 3233 1298 uno
3259 1244 3451 1314 spiritu
3489 1248 3585 1304 de-

1997 1335 2294 1389 precemur,
2329 1332 2386 1378 ut
2412 1339 2599 1381 omnes
2646 1328 2769 1385 ﬁdei
2799 1332 3076 1391 catholica:
3102 1336 3330 1395 vinculis
3355 1340 3582 1411 inligati,

1996 1427 2157 1466 unum
2187 1416 2487 1471 sentiamus
2514 1419 2567 1473 iu
2594 1417 2826 1477 Christo.

2550 1508 2781 1562 Collectio
2794 1515 3037 1576 sequitur.

2067 1586 2226 1654 Deus,
2260 1589 2353 1659 qui
2383 1606 2521 1647 unus
2549 1603 2604 1649 et
2632 1610 2792 1652 verus
2821 1613 2902 1666 es,
2933 1609 2986 1656 te
3022 1604 3291 1673 supplices
3326 1607 3583 1679 depreca-

1994 1694 2135 1748 mur,
2166 1691 2223 1736 ut
2248 1682 2300 1737 in
2322 1685 2573 1742 erunibus
2597 1690 2784 1757 placita
2811 1692 2904 1747 tibi
2932 1710 3149 1768 semper
3168 1699 3300 1757 ﬁdes
3317 1704 3583 1763 catholica

1995 1784 2325 1837 perseveret.
2358 1776 2460 1831 Per
2491 1778 2778 1837 Dominum
2810 1795 3072 1843 nostrum.

2358 1869 2455 1919 Pro
2477 1874 2814 1925 sacerdotibus
2839 1883 2892 1927 et
2912 1881 3044 1929 omni
3065 1881 3199 1934 clero

2068 1948 2234 2005 Deum
2260 1963 2518 2021 nostrum,
2553 1957 2810 2014 carissimi
2835 1962 3044 2033 fratres,
3072 1969 3345 2038 supplices
3386 1972 3579 2044 depre-

1992 2055 2208 2108 cemur;
2244 2054 2300 2098 ut
2348 2050 2656 2105 sacerdotes
2704 2066 2852 2120 suos,
2903 2070 3037 2126 quos
3082 2064 3404 2119 ceremoniae
3455 2066 3581 2121 reli-

1989 2130 2148 2200 gione
2177 2134 2436 2202 devinxit,
2457 2142 2592 2194 sacri
2618 2146 2854 2212 mysterii
2880 2161 3156 2216 compotes
3190 2166 3433 2223 praestet,
3461 2174 3579 2214 om-

1991 2240 2219 2295 nemque
2247 2228 2449 2283 clerum
2480 2232 2613 2287 citra
2641 2235 2852 2304 culpam
2894 2238 3118 2310 alicujus
3144 2247 3368 2302 macula:
3388 2246 3578 2319 jubeat

1990 2331 2325 2385 permanere.
2356 2322 2457 2377 Per
2485 2324 2791 2381 Dominum.

2526 2413 2760 2468 Collectio
2783 2423 3025 2482 sequitur.

2056 2488 2486 2562 Supplicantibus
2526 2496 2719 2552 domus
2768 2512 2869 2554 tuae
2916 2506 3286 2561 sacerdotibus
3328 2524 3391 2566 ac
3418 2512 3575 2567 mitti-

1984 2582 2130 2651 stris,
2164 2585 2302 2640 Deus
2326 2588 2565 2643 omnium
2584 2590 2918 2660 dignitatum,
2941 2598 3201 2668 perpetim
3224 2604 3449 2672 gratiam
3481 2606 3575 2663 be-

1984 2675 2176 2747 nignus
2199 2677 2438 2736 infunde.
2473 2681 2662 2738 Praest.
2690 2687 2792 2741 sal.

2489 2775 2584 2826 Pro
2607 2780 2811 2842 regibus
2834 2791 2887 2833 et
2905 2797 3048 2846 pace.

2052 2853 2273 2922 Apicem
2321 2859 2562 2918 omnium
2609 2873 2931 2934 potestatum
2981 2880 3038 2926 et
3080 2879 3574 2944 superemineutem

1978 2943 2395 3006 dominationem
2431 2953 2714 3012 Dominum
2760 2943 3230 3035 deprecemur,iut
3258 2987 3439 3041 regum
3481 2993 3575 3033 no-

1978 3045 2211 3093 strorum
2241 3046 2531 3101 exercitum
2565 3050 2635 3104 ita
2658 3066 2758 3107 sua
2781 3056 2977 3111 virtute
3007 3066 3363 3132 conrobnret;
3400 3080 3456 3124 ut
3479 3087 3574 3140 per

1979 3131 2195 3190 eosdem
2232 3138 2479 3205 gentibus
2506 3141 2736 3199 subditis
2774 3148 2857 3201 vel
2907 3149 3121 3221 fugatis,
3158 3157 3266 3215 Deo
3291 3160 3411 3216 vivo
3434 3131 3572 3237 πόει.

1974 3231 2060 3277 ter
2086 3228 2404 3283 serviamus.
2435 3229 2539 3286 Per
2567 3231 2851 3293 Dominum
2876 3251 3139 3300 nostrum.

2527 3323 2758 3377 Collectio
2780 3334 3028 3394 sequitur.

2044 3395 2267 3467 Respice
2296 3400 2522 3459 famulos
2554 3416 2692 3473 tuos,
2729 3409 2973 3484 Domine,
3006 3421 3197 3487 quibus
3225 3427 3371 3482 orbis
3414 3433 3562 3503 regi-

1975 3501 2121 3553 men,
2150 3498 2204 3543 et
2228 3507 2401 3547 rerum
2436 3494 2667 3555 habenas
2703 3503 2918 3571 dedisti,
2948 3518 3001 3563 et
3028 3525 3222 3578 praesta
3255 3531 3305 3570 ut
3339 3528 3425 3573 tua
3458 3494 3567 3579 vir-

1977 3587 2087 3633 tute
2120 3583 2325 3649 muuiti,
2358 3589 2610 3655 populum
2647 3600 2795 3648 tuum
2839 3612 3046 3655 summa
3086 3601 3341 3665 felicitate
3380 3586 3568 3669 defen-

1976 3672 2135 3740 dant;
2167 3686 2224 3731 ut
2248 3694 2380 3747 pace
2426 3686 2579 3739 nobis
2613 3690 2809 3756 ubique
2837 3705 3117 3764 concessa,
3147 3700 3240 3755 tibi
3280 3702 3468 3761 diebus
3501 3723 3566 3762 ac

1977 3769 2225 3825 noctibus
2252 3775 2572 3833 serviamus.

2557 3869 2654 3920 Pro
2683 3875 2974 3937 virginibus.

2052 3942 2223 4043 υιιιιιιι
2280 3946 2740 4043 VirgiutsiFilium
2788 3958 3161 4043 deprecentur,
3214 3977 3274 4024 ut
3315 3975 3563 4033 omnibus

1977 4034 2238 4091 castitatis
2287 4052 2468 4094 amore
2519 4042 2862 4113 flagrantibus
2907 4039 3319 4123 perseverantia
3361 4067 3564 4135 palmas

1978 4125 2265 4195 impertiat.
2299 4133 2402 4187 Per
2436 4134 2738 4195 Deminum.

2519 4231 2752 4283 Collectio
2786 4241 3028 4300 sequitur.

2047 4302 2241 4360 Sancte
2261 4347 2276 4371 ,
2316 4310 2654 4379 omnipotens
2688 4316 2827 4373 Deus
2847 4360 2863 4385 ,
2895 4336 3015 4378 eam
3046 4327 3361 4399 virginitatis
3389 4340 3563 4395 culto-

1976 4392 2121 4447 ribus
2174 4399 2393 4466 gloriam
2442 4402 2632 4470 tribue,
2683 4422 2842 4477 qnam
2890 4412 3046 4485 Virgo
3087 4392 3262 4477 mater
3310 4426 3562 4488 obtinuit.

1974 4481 2074 4549 Qui
2100 4499 2219 4540 cum
2254 4487 2430 4546 Patre.

2476 4586 2570 4638 Pro
2595 4590 2752 4643 viduis
2776 4600 2828 4644 et
2849 4598 3092 4659 orphanis.

1903 4653 1959 4715 Β
2052 4685 2241 4754 Deum,
2273 4694 2649 4751 necessitatum
2679 4704 2916 4757 omnium
2944 4708 3421 4784 consideratorem,
3450 4720 3560 4775 Do-

1978 4778 2182 4834 minum
2214 4784 2573 4855 postulemus,
2607 4799 2665 4843 ut
2707 4790 2879 4847 viduis
2922 4797 3281 4871 orphanisque
3321 4778 3561 4867 clemen-

1980 4871 2067 4928 tia
2090 4887 2200 4930 suae
2228 4893 2377 4932 more
2405 4881 2705 4938 subveniat.
2735 4885 2850 4942 Per.

2521 4971 2753 5025 Collectio
2777 4982 3016 5044 sequitur.

2051 5046 2313 5118 Religiosa
2348 5052 2602 5110 viduitate
2631 5060 2912 5128 potientes,
2937 5065 3109 5136 adque
3131 5070 3303 5127 orbati
3326 5078 3553 5147 parvuli,

1977 5130 2121 5199 nullo
2154 5158 2213 5200 se
2251 5149 2499 5215 praesidio
2540 5153 2839 5228 destitutog
2892 5172 2941 5217 te
2975 5160 3196 5224 Domine
3242 5172 3552 5243 adjuvante,

1977 5253 2112 5295 nunc
2132 5243 2384 5303 sentiant.

2511 5340 2608 5393 Pro
2630 5352 2982 5411 aegrotantlous

2041 5416 2319 5481 Medicinae
2348 5425 2577 5482 caelestis
2606 5440 2880 5487 auctorem
2913 5434 3213 5504 Dominum,
3246 5440 3437 5498 Iratres
3466 5454 3558 5499 ca-

1972 5510 2189 5581 rissimi,
2221 5530 2282 5571 ea
2332 5533 2435 5586 qua
2485 5523 2743 5585 cmupetit
2771 5526 3160 5595 supplicatione
3191 5548 3460 5603 rogemus,
3502 5548 3557 5592 ut

1975 5616 2123 5661 actus
2152 5609 2448 5663 animorum
2482 5612 2807 5684 nostrorum,
2845 5632 3235 5693 ουιροι-ιιιιιιιιιθ
3266 5629 3557 5699 lauguores

1975 5695 2183 5753 virtutis
2210 5715 2320 5755 suae
2351 5706 2513 5760 verbo
2543 5720 2735 5762 sanare
2758 5707 3026 5779 dmuetur.
3056 5700 3173 5771 Per.

2503 5817 2743 5870 Collectio
2764 5825 3010 5884 sequitur.
3110 5892 3113 5895 _

2043 5900 2197 5970 361
2256 5900 2466 5955 Iulii-nu
2512 5905 2828 5975 aegritudine
2873 5908 3256 5980 laborantibus,
3310 5918 3552 5985 mmiipo-
