4060 6346
509 262 610 336 30'7

1185 278 1535 338 APPENDIX
1573 280 1667 337 AD
1704 276 1939 338 OPERA
1976 274 2219 333 SANCTI
2258 277 2571 337 GERMANI
2608 278 3037 340 PARISIINSIS

3690 273 3817 331 508’

504 412 645 465 rens,
698 404 901 453 azterne
953 395 1114 467 Deus,
1163 408 1387 470 paterna
1432 400 1779 457 miseratione
1821 409 2094 452 succurre.
2129 398 2177 458 Α
2204 396 2400 454 fratres
2426 399 2710 468 carissimi,
2743 400 2834 470 qui
2861 406 3174 455 ornamenta
3223 405 3429 455 natura
3469 399 3674 457 amissa
3710 416 3825 471 pa-

503 492 628 551 Per.

664 587 762 637 Pro
781 588 1002 651 captivis,
1027 587 1108 639 vel
1124 590 1209 651 qui
1228 589 1282 637 in
1304 587 1588 639 carceribus
1606 585 1920 637 detinentur.

578 672 776 738 Deum,
811 673 902 740 qui
953 681 1169 727 mtestas
1215 671 1400 727 clades
1448 671 1714 737 dissolvit,
1756 669 2103 726 unianimiter

505 762 872 832 deprecemur,
904 773 962 818 ut
989 779 1177 819 omnes
1201 763 1521 834 captivitatis
1542 763 1672 834 iugo
1701 763 2017 834 depressos,
2046 771 2103 818 et

506 855 559 910 in
582 871 857 911 carcerum
885 867 1034 925 septa
1060 856 1328 925 detrusus,
1372 855 1493 927 pius
1520 870 1736 927 semper
1780 856 2095 912 misericor-

505 952 605 1007 dia:
638 952 858 1023 largitor
884 951 1151 1009 absolvat.
1185 953 1310 1008 Per.

1177 1045 1432 1098 Collectio.

581 1132 720 1187 Deus
746 1130 986 1187 omnium
1035 1131 1394 1187 laborantium
1424 1131 1634 1204 insigne
1662 1130 1997 1202 praesidium,
2030 1129 2092 1186 li-

504 1223 631 1279 bera
661 1239 877 1281 carcere
906 1225 1137 1289 clausos,
1168 1232 1330 1294 atque
1376 1225 1636 1295 captivos,
1665 1238 1762 1279 eos
1787 1223 2087 1295 praesertim

504 1316 592 1387 qui
621 1331 775 1387 opem
806 1326 910 1372 tua:
941 1316 1153 1387 pietatis
1182 1316 1491 1385 implorant.

1030 1409 1127 1459 Pro
1152 1409 1603 1472 peregrinantibus.

582 1495 945 1551 llabitatorem
977 1495 1128 1563 caeli,
1158 1496 1620 1565 inspectoremque
1659 1494 1897 1549 omnium
1927 1494 2099 1564 regio.

502 1610 650 1659 num,
684 1592 970 1647 Dominum
1015 1606 1113 1661 pro
1144 1590 1607 1660 peregrinantibus
1636 1590 1981 1644 unianimiter
2002 1588 2100 1643 de-

502 1700 804 1756 precemur,
839 1694 896 1738 ut
928 1684 1009 1738 eis
1034 1699 1129 1753 pro
1150 1698 1263 1737 suae
1286 1683 1498 1752 pietatis
1520 1681 1804 1738 clementia
1830 1690 2097 1737 maturum

500 1780 729 1836 reditum
759 1779 1031 1850 largiatur.
1065 1776 1187 1833 Per.

522 1922 527 1925 _
1170 1868 1421 1920 Collectio.

572 1957 903 2013 Salvatorem
933 1955 1195 2018 omnium,
1239 1956 1328 2024 qui
1356 1968 1417 2008 es
1442 1952 1525 2008 via
1561 1962 1615 2008 et
1642 1953 1839 2009 veritas
1881 1960 1937 2007 ct
1965 1953 2097 2019 vita,

502 2049 871 2103 ttinerantibus
942 2046 1250 2117 angelorum
1300 2046 1531 2115 ducem,
1580 2059 1928 2116 quazsnmus,
1980 2043 2101 2116 pius

500 2139 681 2208 Pater,
709 2140 973 2196 adtribue.
1005 2138 1127 2194 Per.

920 2231 1019 2281 Pro
1047 2231 1375 2295 eleemosynis
1401 2231 1660 2295 largitore.

566 2318 852 2371 Auctorem
883 2314 1005 2371 boni
1038 2316 1239 2383 Operis,
1285 2324 1341 2370 et
1383 2314 1755 2369 ﬁdelissimum
1806 2311 2103 2369 retributo-

501 2428 635 2478 rem,
668 2412 953 2467 Dominum
977 2411 1346 2481 deprecemur,
1374 2421 1433 2464 ut
1459 2426 1649 2464 omnes
1676 2410 1767 2479 qui
1793 2408 1976 2478 plenas
2012 2409 2095 2463 in-

502 2504 799 2576 digentibus
826 2520 1017 2559 manus
1062 2505 1329 2573 aperiunt,
1358 2514 1410 2559 et
1444 2502 1531 2556 hic
1560 2500 1968 2569 multiplicatum
2014 2502 2097 2556 sui

503 2600 676 2669 operis
705 2596 935 2652 fructum
983 2597 1218 2666 capiant,
1247 2604 1303 2652 et
1353 2597 1407 2650 in
1440 2593 1675 2650 futurum
1706 2593 1932 2664 gloriam
1968 2606 2101 2648 con-

503 2699 791 2761 aequantur
818 2699 1097 2745 aeternam.
1124 2687 1247 2745 Per.

1156 2779 1415 2831 Collectio.

570 2868 819 2939 Respice,
860 2867 1106 2933 Domine,
1133 2880 1322 2922 eorum
1346 2866 1553 2920 viscera
1589 2861 1966 2920 benedictione
1991 2876 2098 2919 cte-

505 2962 640 3030 lesti,
669 2962 762 3033 qui
787 2969 840 3017 te
870 2974 1165 3031 pauperum
1196 2967 1347 3028 pastu
1379 2958 1646 3012 reficiunt.
1682 2956 1806 3012 Per.

1032 3049 1132 3100 Pro
1152 3049 1530 3113 paenitentibus.

572 3138 809 3194 Summae
837 3135 1053 3207 pietatis
1078 3133 1386 3199 Dominum,
1438 3132 1530 3199 qui
1583 3145 1690 3187 non
1720 3130 1832 3185 vult
1863 3138 2088 3187 mortem

506 3230 867 3296 morientium,
917 3226 1212 3283 dummodo
1253 3234 1603 3283 renascantur
1645 3235 1701 3281 et
1728 3226 1945 3293 vivant,
1994 3239 2091 3294 pro

508 3323 877 3393 paenitentibus
907 3322 1188 3379 Dominum
1219 3322 1593 3392 deprecemur,
1627 3330 1685 3375 ut
1716 3320 1918 3376 indulta
1955 3335 2086 3377 suo-

507 3435 713 3487 rum...,
739 3418 1069 3475 remissionis
1096 3433 1206 3474 suae
1236 3416 1625 3488 plenitudinem
1657 3416 1937 3487 largiatur.
1964 3414 2089 3471 Per.

1039 3512 1272 3565 Collecth
1297 3516 1541 3577 sequitur.

570 3597 790 3667 Tribue;
839 3597 1088 3664 Domine,
1138 3612 1362 3654 munere
1410 3597 1574 3653 fontis
1602 3599 1776 3653 exutis
1802 3605 1863 3652 ut
1915 3596 2088 3653 ﬁdelis

508 3689 821 3758 ptenilentite
852 3686 1090 3759 prtemiis
1121 3687 1317 3743 iterum
1350 3688 1668 3757 glorientur.
1694 3689 1812 3744 Pcr.

1101 3779 1202 3830 Pro
1224 3780 1498 3843 neopbytis.

572 3864 678 3920 Pro
707 3862 1100 3936 negligentibus
1128 3863 1403 3934 tardisque
1431 3864 1641 3921 Domini
1669 3865 1836 3920 nostri
1875 3864 2095 3921 cultori-

509 3958 627 4025 bus,
655 3956 825 4013 id'est
853 3956 1161 4027 neopbytis,
1192 3956 1479 4011 Dominum
1514 3955 1886 4027 deprecemur,
1916 3966 1973 4010 nt
2016 3958 2094 4011 eis

510 4049 829 4108 desiderium
858 4049 1031 4106 beata:
1062 4057 1118 4104 et
1162 4057 1439 4120 perpetuae
1468 4049 1890 4121 regenerationis
1921 4049 2095 4104 infun-

511 4143 613 4201 dat.

1167 4235 1418 4287 Collectio.

582 4322 751 4389 Deus,
776 4335 869 4392 qui
894 4336 1109 4393 semper
1134 4321 1273 4377 bona
1302 4321 1431 4378 facis
1479 4319 1719 4376 invenire
1753 4325 2057 4390 qnmrentes
2078 4363 2093 4386 ,

514 4424 700 4485 priests
751 4424 808 4470 ιιι
866 4429 1052 4471 eorum
1108 4413 1408 4470 rudimenta
1464 4422 1715 4484 tyronum
1793 4413 2098 4469 mercedem

514 4514 868 4564 consummati
894 4508 1074 4579 operis
1103 4515 1521 4578 consequantur.
1554 4506 1654 4562 Per
1679 4507 1978 4561 Dominum.

1032 4602 1128 4652 Pro
1150 4601 1564 4665 competentibus.

586 4686 868 4742 Dominum
912 4685 1206 4756 maiestatis
1234 4700 1473 4750 oremus,
1506 4693 1564 4739 ut
1602 4684 1744 4739 cervi
1779 4699 1927 4739 more
1954 4682 2102 4738 fonte

514 4775 618 4848 iam
648 4778 890 4848 proximo
935 4777 1200 4841 sitientes,
1224 4791 1345 4837 mox
1377 4776 1444 4830 ad
1475 4775 1708 4831 caelestis
1747 4776 1935 4846 palmae
1980 4773 2101 4830 Iau-

514 4888 660 4929 ream
684 4881 1093 4944 consequantur.
1118 4870 1240 4929 Per.

1182 4984 1435 5036 Collectio.

586 5091 785 5146 Sitiunt
838 5089 902 5145 ad
959 5099 1011 5145 te
1054 5089 1222 5146 Deum
1271 5090 1451 5144 vivum
1506 5087 1668 5160 362
1719 5095 1954 5156 tuorum,
2005 5085 2110 5143 Do-

517 5188 686 5253 mine,
734 5185 896 5242 corda
948 5184 1297 5251 famulorum;
1333 5170 1547 5254 suscipe
1591 5183 1869 5254 cupientes
1912 5181 2112 5237 sreculo

432 5346 443 5355 ,Α
520 5283 678 5345 mori,
726 5289 785 5337 ut.
836 5279 954 5346 tibi,
988 5279 1232 5344 Domine,
1266 5287 1645 5346 renascantur;
1693 5278 1762 5333 da
1792 5286 2112 5348 praesentem

517 5376 821 5446 petentibus
850 5375 1094 5448 gratiam,
1125 5378 1287 5432 vitam
1316 5376 1550 5433 credulis
1578 5375 1801 5431 daturus
1831 5380 2110 5429 aeternam.

424 5514 442 5540 ,τ
515 5468 623 5528 Per

901 5541 1070 5598 XXV.
1102 5556 1232 5599 onus
1259 5558 1326 5600 an
1355 5546 1745 5597 autumnum.

869 5632 1102 5686 Praefatio
1125 5643 1386 5698 antequam
1412 5630 1751 5684 exorcidietur
1777 5628 1824 5677 °.

594 5719 888 5777 Auctorem
915 5732 982 5774 ac
1008 5726 1374 5790 reparatorem
1408 5723 1649 5772 nostrum
1671 5709 2117 5780 omnipotentem,

604 5851 734 5923 έιιι
753 5863 951 5937 passim
977 5860 1141 5927 infra,
1172 5857 1451 5928 esarcidio,
1480 5866 1582 5913 etc.

2200 493 2410 563 culpam
2441 493 2692 563 dignatus
2719 501 2803 549 est
2829 507 3079 563 reparare
3109 508 3204 562 per
3227 490 3474 563 gratiam,
3519 492 3627 549 sub
3650 509 3822 551 reve-

2200 586 2369 641 rendo
2408 587 2647 655 mysterii
2690 586 2972 655 pmscnlis
3017 582 3199 640 ofﬁcio
3247 585 3566 657 suppliciter
3612 601 3821 643 exore-

2201 693 2341 745 mus,
2374 687 2431 733 ιιι
2473 678 2626 749 aquis
2676 677 2757 732 his
2801 679 3048 733 virtutem
3101 676 3465 743 transfundat,
3492 679 3547 734 in
3594 678 3817 732 animas

2201 772 2600 828 benedictiones
2628 772 2894 839 infundat,
2941 780 2997 829 et
3039 771 3107 826 ad
3136 773 3502 843 peragendum
3535 773 3811 829 sacratis-

2201 865 2349 921 simaa
2391 865 2811 935 regenerationis
2834 862 3081 920 eﬁ‘ectum
3113 863 3399 934 praesentia
3429 865 3584 920 trina:
3632 864 3816 932 Maie-

2200 959 2354 1015 statis
2380 958 2605 1013 adsistat
2630 976 2644 1013 :
2665 956 2965 1029 confringat
2984 966 3040 1013 et
3062 966 3486 1026 conteratsuper
3511 960 3609 1011 has
3632 970 3817 1026 aquas

2200 1044 2361 1122 caput
2388 1051 2666 1116 draconis;
2700 1060 2758 1105 ut
2784 1051 2884 1107 sub
2904 1052 3061 1105 undis
3091 1051 3295 1107 fecibus
3318 1050 3695 1106 transactione
3727 1062 3817 1102 se-

2202 1154 2345 1199 creta
2374 1143 2788 1215 chirographum
2818 1144 3100 1212 pristinum
3131 1152 3447 1209 evacuetur,
3494 1152 3550 1198 et
3580 1140 3811 1197 debito-

2204 1240 2351 1295 ribus
2377 1254 2497 1294 cum
2529 1239 2740 1294 Christo
2762 1253 2857 1309 per
2883 1239 3209 1308 baptismum
3235 1237 3590 1306 consepultis,
3619 1237 3698 1291 ita
3726 1234 3815 1290 hic

2202 1341 2388 1404 agatur
2433 1332 2620 1387 mortis
2649 1330 2897 1396 imitatio,
2954 1339 3013 1385 ut
3057 1331 3281 1387 salvatis
3325 1328 3551 1401 perditis
3596 1329 3722 1385 sola
3754 1342 3818 1384 se

2202 1426 2397 1482 sentiat
2427 1426 2479 1481 in
2511 1425 2668 1481 terris
2704 1423 3024 1496 perditione.
3056 1423 3160 1480 Per
3192 1425 3255 1480 D.

2764 1517 3000 1569 Collectio
3024 1518 3269 1581 sequitur.

2274 1601 2620 1671 Omnipotens
2664 1602 2990 1672 sempiterne
3024 1602 3187 1669 Deus,
3223 1601 3414 1657 adesto
3445 1614 3656 1671 magna;
3687 1597 3815 1672 pie.

2205 1699 2330 1755 tatis
2361 1708 2465 1755 tua:
2487 1700 2778 1772 mysteriis,
2812 1700 3000 1755 adesto
3026 1700 3416 1768 sacramentis;
3449 1712 3504 1757 et
3525 1700 3820 1757 adcr-ean-

2126 1805 2178 1867 ε
2204 1794 2302 1849 dos
2334 1809 2505 1848 novos
2531 1794 2781 1864 populos,
2819 1776 3079 1860 quos'tibi
3110 1793 3231 1848 fons
3256 1792 3599 1863 baptismatis
3626 1801 3821 1863 partu-

2204 1885 2294 1951 rit,
2320 1886 2565 1957 spiritum
2596 1884 2901 1955 adoptionis
2940 1887 3124 1940 emitte
3145 1925 3160 1949 ,
3194 1895 3251 1941 ut
3295 1885 3437 1957 quod
3469 1893 3671 1940 nostra:
3708 1887 3819 1938 hu-

2203 1979 2442 2035 militatis
2470 1979 2764 2051 gerendum
2792 1987 2877 2034 est
2905 1978 3232 2047 ministerio,
3263 1989 3368 2034 tua:
3410 1978 3627 2036 virtutis
3652 1994 3818 2036 com-

2204 2074 2412 2146 pleatur
2440 2074 2658 2130 ell‘ectu.
2689 2072 2795 2128 Per
2823 2071 3128 2128 Dominum.

2668 2162 2989 2216 Exoreismus
3014 2177 3155 2227 aquae
3178 2164 3341 2217 fontis.

2276 2248 2537 2304 Exoreizo
2565 2257 2638 2315 te,
2684 2247 2803 2303 fons
2834 2262 2989 2317 aqua:
3018 2250 3295 2317 perennis;
3329 2263 3423 2318 per
3452 2248 3623 2304 Deum
3670 2264 3814 2305 san-

2201 2352 2367 2409 ctum,
2414 2352 2468 2399 et
2497 2341 2665 2397 Deum
2693 2356 2876 2397 verum
2896 2381 2911 2407 ,
2941 2340 3031 2411 qui
3061 2348 3113 2395 te
3157 2340 3209 2395 in
3258 2339 3522 2411 principio
3546 2342 3619 2395 ab
3654 2340 3815 2396 arida

2201 2438 2489 2505 separavit,
2540 2446 2594 2491 et
2638 2435 2691 2490 in
2739 2444 2969 2505 quatuor
3015 2432 3327 2489 ﬂuminibus
3375 2444 3570 2489 terram
3622 2448 3816 2505 rigare

2200 2530 2476 2603 praecepit.
2510 2528 2595 2585 Sis
2626 2543 2761 2599 aqua
2808 2536 3014 2593 sancta,
3046 2542 3182 2597 aqua
3214 2524 3521 2593 benedicta,
3568 2526 3810 2582 abluens

2200 2626 2413 2692 sordes,
2465 2633 2521 2682 et
2548 2625 2819 2680 dimittens
2872 2631 3094 2694 peccata
3142 2623 3241 2678 :in
3288 2620 3432 2676 illius
3478 2632 3530 2676 te
3576 2619 3809 2675 nomine

2199 2721 2471 2778 exorcidio
2510 2720 2598 2792 qui
2626 2720 2772 2776 dedit
2800 2719 3075 2790 discipulis
3105 2719 3218 2773 suis
3251 2731 3447 2773 novum
3484 2728 3808 2771 sacramen—

2200 2824 2311 2869 tum
2338 2813 2561 2870 dicens:
2596 2812 2669 2868 Ite
2712 2815 2765 2867 in
2795 2812 3066 2883 gentibus,
3110 2810 3446 2881 baptizantes
3482 2822 3580 2864 eos
3622 2807 3677 2861 in
3710 2820 3789 2859 no

2199 2908 2350 2963 mine
2377 2907 2547 2963 Patris
2574 2915 2628 2962 et
2649 2905 2767 2961 Filii
2793 2915 2847 2960 et
2875 2902 3323 2983 Spiritugsancti.
3349 2901 3468 2957 Fiat
3491 2915 3659 2965 nunc,
3691 2899 3801 2952 Do-

2199 3002 2362 3067 mine,
2412 3016 2547 3072 aqua
2598 3007 2779 3054 sancta
2832 2996 3162 3054 exorcidiata
3209 2994 3277 3051 ad
3323 2993 3618 3065 expiandos
3651 2991 3798 3045 ﬁlios

2199 3094 2316 3149 Dei.
2374 3094 2475 3149 Per
2526 3094 2735 3149 Patrem
2783 3102 2838 3149 et
2890 3090 3078 3147 Filium
3125 3092 3243 3162 eius
3295 3089 3475 3146 Jesum
3518 3087 3804 3144 Christh

2116 3194 2169 3262 (ι
2199 3191 2352 3246 Dom.
2385 3200 2646 3262 nostrum,
2674 3187 2766 3259 qui
2791 3196 3043 3243 venturus
3073 3195 3158 3242 est
3187 3200 3307 3240 cum
3366 3182 3573 3255 Spiritu
3610 3187 3807 3237 sancto

2192 3284 2434 3355 judicare
2463 3282 2719 3338 mundum
2755 3296 2848 3351 per
2876 3281 3070 3351 ignem.

2527 3375 2757 3427 Prail'atio
2781 3374 2839 3423 ad
2864 3371 3262 3423 benedicendum
3305 3370 3485 3422 fontes.

2268 3464 2549 3521 Dominum
2602 3460 2983 3516 immortalium
3030 3471 3315 3513 munerum
3370 3465 3425 3511 et
3476 3455 3799 3511 salutarium

2195 3561 2509 3633 gratiarum,
2561 3555 2752 3611 fratres
2802 3552 3160 3618 dilectissimi,
3214 3548 3467 3605 concordi
3519 3558 3703 3605 mente
3742 3557 3798 3603 et

2196 3653 2387 3709 humili
2412 3650 2656 3708 oratione
2690 3660 3000 3718 poscamus;
3038 3653 3093 3698 ut
3140 3658 3237 3713 per
3278 3640 3537 3707 Verbum,
3569 3639 3800 3709 Sapien-

2201 3748 2349 3812 tiam,
2382 3754 2437 3801 et
2488 3743 2750 3799 Virtutem
2781 3755 2933 3795 suam
2980 3737 3260 3793 Dominum
3310 3744 3549 3790 nostrum
3607 3733 3793 3789 Jesnm

2198 3838 2464 3894 Christum
2502 3836 2691 3891 Filium
2741 3847 2922 3898 suum,
2969 3829 3312 3886 cnncurrenti
3344 3828 3409 3882 ad
3463 3828 3788 3895 baptismum

2198 3934 2485 3986 salutarem
2531 3927 2672 3999 plebi
2723 3941 2835 3980 suae
2885 3924 3109 3993 gratiam
3160 3936 3310 3976 nova:
3362 3917 3787 3989 regenerationis

2200 4026 2501 4095 indulgeat;
2544 4033 2703 4093 atque
2733 4020 3130 4075 acccssushinc
3154 4015 3362 4087 penitus
3396 4016 3643 4081 maligna:
3666 4026 3797 4065 con-

2202 4119 2429 4190 tagionis
2472 4127 2744 4181 avertens,
2777 4112 2935 4184 363
2969 4110 3212 4165 infundat
3246 4106 3391 4162 vitali
3435 4108 3652 4161 lavacro
3679 4105 3797 4173 Spi-

2203 4213 2357 4269 ritum
2386 4227 2543 4269 sutim
2575 4221 2854 4274 sanctum;
2888 4218 2948 4262 ιιι
2976 4206 3100 4261 dum
3133 4205 3326 4259 sitiens
3358 4203 3517 4257 tilem
3568 4201 3798 4271 pepulus

2200 4322 2366 4377 aquas
2420 4306 2671 4363 salutaris
2720 4303 3047 4375 ingreditur;
3092 4314 3219 4355 vere
3249 4305 3329 4369 (ut
3378 4293 3643 4365 scriptum
3690 4303 3795 4363 est)

2204 4412 2298 4465 per
2326 4414 2516 4467 aquam
2549 4406 2603 4452 et
2631 4396 2885 4465 Spiritum
2918 4400 3162 4447 sanctum
3206 4396 3552 4451 renascatur;
3584 4396 3635 4439 et
3669 4400 3798 4439 eon-

2203 4496 2447 4562 sepultus
2492 4494 2542 4548 in
2578 4490 2791 4547 lavacro
2838 4484 3184 4554 Redemptori
3233 4497 3331 4537 suo
3353 4523 3366 4545 ,
3401 4480 3453 4535 in
3483 4477 3798 4535 similitudi-

2129 4599 2329 4659 Dnem
2375 4586 2510 4641 sacri
2560 4580 2832 4651 divinique
2878 4577 3155 4649 mysterii,
3208 4576 3290 4630 cui
3334 4572 3667 4629 conmoritnr
3706 4585 3802 4644 per

2210 4685 2551 4755 baptismum,
2585 4678 2759 4735 eidem
2787 4681 3134 4743 conresurgat
3160 4672 3212 4727 in
3246 4687 3431 4742 regno.
3466 4669 3585 4725 Per.

2765 4768 3055 4820 Benedictio
3081 4766 3247 4817 fontis.

2285 4858 2539 4927 Benedic,
2572 4856 2818 4919 Domine,
2853 4853 2992 4908 hanc
3037 4865 3230 4921 aquam
3262 4848 3533 4911 salutaris,
3574 4853 3630 4900 et
3671 4860 3800 4900 san-

2215 4954 2388 5011 ctilica
2419 4971 2560 5019 eam,
2595 4951 2934 5020 omnipotens
2966 4946 3225 5010 Trinitas,
3254 4943 3343 5013 qui
3377 4940 3668 4995 humanum
3710 4952 3804 5008 ge-

2216 5060 2318 5102 nus
2349 5045 2578 5100 formare
2604 5054 2891 5110 crearequc
2917 5036 3152 5107 iussisti;
3183 5036 3377 5105 quique
3406 5032 3567 5088 etiam
3612 5027 3807 5084 dedisti

2217 5140 2370 5195 nobis
2414 5152 2507 5206 per
2537 5136 2608 5189 tui
2661 5132 2991 5196 baptismatis
3035 5128 3349 5201 mysterium
3401 5125 3626 5196 gratiam
3652 5137 3807 5178 rena-

2217 5230 2422 5297 scendi,
2452 5228 2662 5298 respice
2688 5226 2949 5296 propitius
2971 5237 3132 5294 super
3154 5222 3307 5275 istius
3328 5233 3482 5289 aqua:
3499 5226 3802 5274 creaturam

2217 5321 2490 5393 religionis
2517 5318 2774 5392 mysterio
2804 5324 3163 5387 procuratam,
3195 5313 3487 5383 spiritalem
3510 5320 3659 5366 tuam
3707 5310 3807 5364 be-

2218 5418 2574 5476 nedictionem
2606 5412 2881 5486 perfunde,
2917 5420 2973 5465 nt
2999 5411 3068 5466 sit
3094 5411 3192 5476 eis,
3217 5408 3310 5480 qui
3341 5407 3391 5462 in
3411 5421 3472 5463 ea
3504 5403 3806 5475 baptizandi

2218 5522 2366 5582 sunt,
2401 5510 2517 5567 fons
2544 5523 2694 5580 aquae
2724 5506 2976 5565 salutaris
3004 5504 3058 5558 in
3089 5503 3411 5559 remissione
3434 5510 3680 5556 veterum
3703 5498 3805 5552 cri-

2221 5608 2424 5664 minum
2476 5609 2574 5678 (te,
2624 5602 2879 5667 Domine,
2911 5597 3195 5671 largiente)
3241 5596 3293 5651 in
3341 5595 3503 5649 vitam
3528 5603 3803 5648 aeternam.

2223 5706 2324 5762 Per
2350 5704 2412 5761 D.
