4060 6346
220 504 225 513 '
269 486 373 543 36‘)

810 599 1113 653 Cautestatio
1134 597 1294 650 fontis.

344 688 568 757 Dignum
596 696 651 743 et
675 686 875 755 justum
898 692 1002 743 est.
1032 684 1171 742 Vere
1198 700 1408 755 aquum
1460 694 1514 741 et
1536 685 1743 755 justum
1772 691 1857 739 est

266 797 370 839 nos
391 780 482 836 tibi
514 780 707 853 gratias
736 793 917 849 agere,
946 778 1171 835 Domine
1201 778 1341 833 Deus
1372 788 1608 843 aeterne,
1648 777 1739 848 qui
1765 790 1889 832 so-.

266 876 354 932 lus
383 874 547 930 habes
596 872 1073 939 inmortalitatem;
1126 886 1354 942 eamque
1388 886 1456 926 ne
1496 871 1644 926 snlus
1687 870 1858 941 possi-

266 969 414 1034 deas,
447 967 597 1025 nobis
629 982 841 1039 quoque
868 974 1123 1022 renovata
1150 974 1309 1021 astate
1338 965 1572 1022 tribuiSti
1597 982 1611 1031 ;
1644 966 1733 1035 qui
1759 965 1858 1020 htt-

265 1074 430 1116 mano
456 1057 639 1130 generi
681 1058 930 1111 amissam
961 1072 1057 1126 per
1088 1057 1570 1127 transgressionem
1612 1056 1853 1126 pristinae.

265 1150 493 1222 originis
539 1150 848 1221 dignitatem
894 1146 1190 1204 reformare
1246 1147 1300 1201 in
1336 1147 1529 1203 melius
1578 1157 1684 1201 tam
1734 1161 1857 1217 pre-

265 1242 409 1297 tioso
428 1256 585 1314 quam
608 1240 750 1296 felici
774 1239 1105 1308 baptismatis
1124 1256 1344 1296 munere
1358 1240 1590 1295 voluisti.
1613 1238 1851 1305 Adsiste,

265 1349 607 1405 quzesumus,
638 1333 704 1387 ad
752 1332 1141 1387 invocationem
1175 1333 1409 1387 nominis
1437 1332 1547 1399 tui;
1580 1332 1855 1387 sanctitica

264 1425 469 1483 fontem
502 1426 660 1487 hunc,
692 1425 1059 1481 sanetilicator
1086 1424 1298 1495 generis
1350 1424 1567 1479 humani
1596 1440 1608 1478 :
1645 1425 1735 1479 fiat
1779 1425 1858 1478 lo-

264 1536 362 1577 cus
403 1519 505 1575 iste
548 1519 758 1590 dignus,
808 1519 861 1572 in
893 1532 1050 1589 quem
1085 1517 1317 1587 Spiritus
1370 1526 1589 1573 sanctus
1637 1517 1854 1585 inﬂuat;

266 1614 563 1683 sepeliatur
588 1612 675 1668 hic
704 1612 815 1667 illic
841 1612 1011 1668 Adam
1034 1620 1211 1679 vetus,
1241 1619 1485 1682 resurgat
1516 1627 1717 1675 novus;
1744 1627 1858 1667 mo-

269 1707 442 1762 riatur
466 1720 625 1761 omne
666 1703 808 1774 quod
838 1703 1014 1759 carnis
1069 1712 1172 1770 est,
1219 1713 1462 1774 resurgat
1508 1719 1668 1760 omne
1717 1703 1857 1774 quod

270 1797 521 1867 spiritus;
551 1805 817 1852 exuantur
844 1795 1129 1851 sordentes
1163 1795 1329 1860 vitiis,
1358 1802 1414 1849 et
1470 1793 1714 1849 discissis
1744 1793 1856 1848 cri-

268 1890 523 1957 minibus,
571 1889 797 1944 amictus
838 1886 1143 1957 splendoris
1171 1895 1227 1941 et
1255 1884 1855 1942 immortalitatisindu-

267 1992 449 2040 menta
463 1991 759 2038 sumantur.
777 1981 1106 2050 Quicumque
1119 1979 1171 2034 in
1183 1978 1399 2034 Christo
1415 1979 1850 2050 baptizabuutur,
1887 1987 1939 2051 Β

267 2073 799 2131 induantChristum.
816 2071 1152 2140 Quicumque
1174 2073 1262 2126 hic
1284 2072 1724 2128 renunciaverint
1744 2073 1863 2128 dia-

267 2167 413 2234 bolo,
467 2166 531 2221 da
581 2165 659 2222 eis
686 2164 1016 2235 triumphare
1059 2164 1126 2219 de
1175 2165 1395 2218 mundo.
1428 2163 1529 2230 Qui
1561 2173 1613 2220 te
1662 2167 1716 2220 in
1759 2166 1861 2221 hoc

267 2256 745 2323 locoinvocaverit,
773 2264 827 2309 tu
841 2254 1341 2325 cumcognoscasin
1372 2254 1728 2325 rcgno.Sicin
1759 2255 1862 2311 hac

269 2349 416 2405 fonte
444 2348 825 2420 extinguantur
854 2346 1101 2412 crimina,
1134 2361 1201 2401 ne
1231 2356 1512 2418 resurgant
1537 2364 1552 2413 ;
1601 2348 1681 2402 sic
1711 2348 1859 2401 iuva-

266 2444 436 2498 lescat
463 2454 616 2510 aqua:
644 2440 797 2495 istius
825 2439 1168 2509 beneficium,
1200 2449 1257 2493 ut
1284 2440 1471 2493 :eterni
1501 2440 1636 2511 ignis
1663 2441 1857 2495 resun-

266 2544 395 2608 gnat
422 2533 747 2589 incendium.
780 2532 928 2589 Mitte
957 2532 1118 2587 fontis
1147 2531 1406 2586 altaribus
1456 2534 1579 2600 tuis,
1623 2548 1757 2603 quos
1785 2533 1864 2587 al-

266 2628 400 2682 t‘aria
429 2625 607 2696 regnis
640 2625 747 2681 tuis
778 2625 1012 2703 mittant.
1036 2624 1207 2680 Totus
1231 2624 1318 2680 hic
1340 2624 1534 2679 horror
1558 2626 1754 2679 mortis
1771 2626 1862 2683 iu-

268 2728 459 2776 tereat.
489 2720 821 2789 Quicumque
852 2718 941 2773 hic
970 2725 1096 2774 tuus
1138 2733 1261 2774 esse
1291 2720 1537 2789 coeperit,
1579 2728 1697 2775 tuus
1738 2734 1864 2777 esse

266 2829 374 2870 non
404 2814 630 2870 desinat.
665 2813 997 2883 Quicumque
1027 2812 1115 2867 hic
1140 2826 1200 2867 se
1226 2812 1330 2867 sibi
1366 2814 1662 2883 negaverit,
1694 2823 1745 2867 te
1784 2814 1865 2866 lu-

263 2908 539 2975 crifaciat;
574 2915 629 2963 et
654 2922 751 2978 per
798 2905 1159 2961 ministerium
1192 2914 1435 2961 nostrum
1467 2917 1523 2960 et
1552 2907 1863 2976 mysterium

268 3010 420 3058 tuum
441 3007 788 3055 consecratus
812 2998 904 3053 tibi
938 2996 1191 3067 populus,
1220 2997 1438 3052 aeternis
1464 2996 1531 3051 ad
1556 3006 1608 3052 te
1634 2997 1865 3067 praemiis

265 3102 634 3153 consecretur.
678 3094 781 3151 Per
827 3092 1114 3149 Dominum
1165 3100 1408 3148 nostrum
1462 3092 1642 3150 Jesutn
1711 3093 1866 3149 Chri-

267 3197 431 3244 stum.

343 3278 532 3334 Postea
556 3278 680 3348 facis
705 3288 805 3334 tres
830 3292 1004 3333 cruces
1034 3293 1187 3350 super
1212 3274 1402 3349 aquam
1431 3274 1496 3331 de
1535 3276 1782 3345 chrisma,
1818 3290 1868 3336 et

271 3370 401 3426 dicis
432 3387 453 3427 :

346 3465 506 3535 Deus,
535 3463 600 3519 ad
632 3478 792 3535 quem
835 3461 1079 3518 sitientes
1129 3461 1345 3528 animm,
1394 3459 1718 3532 bibendique
1762 3461 1865 3515 im-

268 3557 611 3614 mortalitatis
639 3570 823 3611 amore
847 3552 1134 3620 festinant,
1163 3553 1231 3609 da
1252 3554 1331 3609 eis
1362 3552 1576 3609 famulis
1607 3556 1710 3609 tuis
1740 3568 1868 3624 sup-

271 3650 589 3721 plicantibus
653 3647 901 3704 invenire
961 3660 1152 3701 munus
1210 3646 1377 3718 364
1421 3645 1565 3717 quod
1623 3646 1865 3717 cupiunt,

268 3741 490 3812 adipisci
521 3740 744 3813 gratiam
776 3754 934 3810 quam
986 3748 1297 3805 merentur;
1328 3738 1703 3808 ingrediantur
1746 3739 1865 3793 fou-

269 3844 381 3891 tem
410 3835 830 3907 regenerationis
853 3842 1154 3895 auctorem,
1190 3832 1244 3886 in
1274 3846 1381 3901 quo
1413 3832 1676 3886 letiferam
1725 3832 1868 3888 illam

268 3931 431 4002 primi
464 3932 700 4001 parentis
720 3929 1005 3996 offensam,
1039 3934 1239 3982 mutata
1272 3926 1323 3982 in
1354 3942 1549 3982 novum
1594 3927 1867 3985 hominem

268 4024 486 4081 caduca:
510 4024 686 4079 carnis
712 4023 1017 4093 fragilitate,
1046 4021 1338 4092 deponant.
1374 4019 1478 4077 Per
1506 4020 1659 4075 Dom.

350 4117 690 4190 Interrogatio
715 4134 734 4173 :
761 4117 893 4185 Quis
923 4116 1158 4172 dicitur?
1203 4115 1241 4185 ἡ
1263 4155 1278 4170 .
1307 4115 1407 4170 Illi.

344 4213 710 4269 Ahrenuucias
744 4212 978 4275 Satanae,
1014 4210 1224 4281 pompis
1262 4207 1467 4275 saeculi,
1499 4216 1555 4264 et
1577 4207 1869 4279 voluptati-

267 4309 373 4365 bus
397 4306 548 4377 ejus?
589 4306 626 4374 ἡ
648 4348 663 4361 .
693 4302 1054 4360 Abrenuncio.

342 4400 525 4457 Credis
549 4401 760 4456 Patrem
791 4408 844 4455 et
869 4398 1063 4454 Filium
1084 4405 1138 4453 et
1163 4396 1420 4466 Spiritum
1445 4407 1689 4454 sanctum
1709 4397 1867 4453 unius

266 4509 397 4563 esse.
421 4494 669 4549 virtutis?
713 4494 750 4562 ἢ
775 4533 789 4547 .
820 4492 1015 4547 Credo.

346 4586 507 4641 Dicis.
539 4585 725 4641 Credis
755 4584 964 4640 Patrem
1000 4592 1054 4639 et
1105 4583 1297 4638 Filium
1345 4591 1398 4636 et
1444 4582 1705 4653 Spiritum
1750 4597 1873 4638 san-

268 4687 414 4734 ctum
445 4680 683 4748 ejusdem
710 4690 832 4732 esse
861 4675 1171 4747 potestatis?
1216 4678 1253 4744 ti)
1276 4716 1290 4730 .
1324 4674 1520 4730 Credo.

1276 476 1365 535 DE
1403 475 1735 536 LITURGIA
1775 473 2166 536 GALLICANA
2206 478 2403 535 LIBER
2446 478 2531 533 Ill.

1879 596 1936 656 Δ

1898 3373 1946 3439 C

3449 483 3556 542 570

2468 600 2543 649 Ad
2567 600 2722 664 pedes
2745 602 2771 631 ⁸
2795 601 3041 654 lavandos.

2032 685 2289 743 Dominus
2314 693 2371 743 et
2396 686 2646 743 Salvator
2673 696 2856 745 noster
2882 688 3039 745 Jesus
3062 686 3309 747 Chrisuts
3330 700 3549 761 aposto-

1961 777 2028 834 lis
2058 779 2170 834 suis
2198 778 2363 850 pedes
2392 780 2548 846 lavit;
2578 795 2679 851 ego
2708 781 2803 837 tibi
2834 781 2997 850 pedes
3027 784 3173 849 lavo,
3203 791 3260 838 ut
3285 792 3341 839 et
3368 790 3425 838 tu
3466 783 3545 839 fa-

1959 870 2070 926 cias
2097 869 2393 941 hospitibus
2422 880 2477 928 et
2500 872 2797 943 peregrinis
2826 874 2918 941 qui
2939 873 3004 929 ad
3036 882 3088 930 te
3118 874 3387 930 venerint.
3431 874 3547 930 Hoc

1959 965 2003 1020 si
2032 963 2245 1031 feceris,
2273 964 2493 1023 habebis
2519 966 2687 1037 vitam
2717 976 2972 1025 aeternam
3011 984 3067 1025 tn
3096 969 3295 1027 saecula
3324 969 3553 1026 saculo-

1961 1074 2102 1115 rum.
2124 1058 2315 1115 Amen.

2549 1131 2667 1184 Post
2688 1133 2997 1196 baptismum.

2037 1216 2197 1281 Deus,
2226 1215 2294 1271 ad
2322 1231 2480 1286 quem
2510 1217 2725 1272 scubias
2752 1216 2779 1256 δ
2812 1219 3009 1274 veteris
3032 1219 3275 1275 homines
3303 1219 3556 1289 infundit,

1963 1317 2019 1363 et
2042 1308 2319 1378 depositas
2352 1309 2578 1363 novellae
2606 1310 2809 1366 sobolis
2839 1326 3073 1383 propago
3098 1311 3397 1381 descendit,
3426 1314 3555 1369 dum

1962 1400 2015 1455 in
2050 1415 2241 1456 novam
2281 1410 2641 1474 aeternamque
2669 1403 3021 1459 substantiam
3053 1405 3373 1460 salutaribus
3402 1407 3558 1475 aquis

1962 1493 2194 1549 eluimur
2222 1503 2277 1550 et
2304 1495 2599 1561 nascimur,
2632 1509 2890 1550 conserva
2919 1496 2974 1550 in
3004 1511 3102 1551 nos
3132 1497 3206 1550 tui
3246 1496 3419 1552 laticis
3449 1512 3552 1566 pu-

1962 1602 2078 1641 rum
2111 1587 2392 1656 liquorem,
2418 1594 2479 1642 ut
2504 1602 2731 1658 nequam
2758 1588 3146 1657 superinduere
3176 1589 3414 1644 maculas
3442 1603 3551 1646 non

1962 1683 2137 1735 valeat
2164 1680 2443 1748 inimicus;
2487 1697 2585 1737 nec
2612 1682 2885 1738 auferatur
2914 1683 3075 1740 Pater
3102 1698 3133 1739 a
3155 1684 3302 1752 ﬁliis,
3330 1698 3430 1741 nec
3451 1684 3553 1744 Pa-

1962 1775 2031 1831 tri
2060 1775 2405 1831 subtrahatur
2432 1775 2736 1833 hereditas.

2283 1887 2472 1945 XXVI.
2507 1903 2658 1946 mssa
2689 1906 2742 1945 IN
2768 1905 2965 1948 "Glle
2994 1905 3234 1951 pascam.

2646 2003 2893 2057 Praefatio.

2036 2106 2386 2177 Omnipotens
2415 2118 2748 2178 sempiterne
2778 2110 2957 2178 Deus,
2994 2113 3081 2182 qui
3120 2112 3258 2170 hanc
3304 2116 3557 2173 sacratis-

1966 2198 2155 2253 simam
2186 2208 2396 2254 noctem
2425 2215 2520 2270 per
2552 2202 2803 2257 universa
2838 2205 3020 2259 mundi
3063 2209 3234 2277 spatia
3266 2209 3432 2279 gloria
3462 2210 3559 2264 do-

1966 2293 2174 2349 minica:
2213 2294 2636 2351 Resurrcctionis
2692 2297 2970 2364 inlustras,
3006 2314 3264 2355 coaserva
3320 2303 3373 2355 in
3420 2319 3559 2358 nova

1965 2385 2177 2441 familiae
2206 2397 2307 2442 tua:
2330 2389 2580 2458 progenie
2609 2390 3051 2447 sanctificationis
3089 2392 3371 2463 Spiritum,
3399 2411 3558 2464 quem

1964 2479 2182 2545 dedisti,
2226 2488 2283 2535 ut
2312 2496 2537 2551 corpore
2582 2492 2638 2537 et
2695 2494 2878 2539 mente
2932 2487 3195 2549 renovati,
3228 2502 3409 2555 puram
3461 2490 3557 2543 tibi

1966 2571 2197 2625 animam
2251 2580 2304 2627 et
2363 2588 2549 2642 purum
2602 2585 2785 2643 pectus
2839 2590 3051 2646 semper
3101 2578 3404 2634 exhibeant.
3455 2579 3559 2636 Per

1968 2662 2121 2719 Dom.

2645 2736 2899 2790 Collectio.

2040 2840 2198 2906 Deus,
2247 2841 2337 2910 qui
2394 2840 2531 2896 hanc
2578 2844 2994 2901 sacratissimam
3058 2856 3267 2903 noctem
3316 2849 3567 2919 gloriosa

1967 2930 2261 2987 dominicae
2292 2935 2700 2990 resurrectionis
2750 2936 3024 3002 inlustras,
3077 2939 3312 2994 concede
3367 2941 3564 3009 popqu

1970 3038 2082 3095 tuo,
2114 3030 2389 3100 originalis
2413 3031 2592 3086 delicti
2619 3033 2779 3104 365
2802 3049 2988 3090 errore
3019 3038 3295 3102 mundato,
3329 3050 3446 3107 pust
3472 3053 3561 3093 sa-

1969 3124 2327 3179 cratissimum
2353 3124 2553 3179 fontem
2585 3134 2780 3180 terram
2812 3136 2915 3182 tua:
2942 3130 3313 3197 promissionis
3338 3131 3564 3199 intrare,

1970 3224 2031 3269 ut
2071 3215 2243 3271 dulcia
2298 3216 2772 3273 Sacramentorum
2829 3230 3038 3276 tuorum
3089 3221 3341 3277 alimenta
3390 3222 3565 3292 perci-

1974 3318 2142 3381 pmnl.
2449 3380 2707 3431 ‘Collectio
2730 3390 2839 3444 post
2857 3385 3067 3433 nomina.

2044 3489 2251 3545 Auditis
2280 3490 2581 3544 nominibus
2609 3489 2949 3553 offerentum,
2973 3489 3167 3545 fratres
3197 3490 3554 3556 dilectissimi,

1971 3583 2392 3653 omnipotentem
2453 3582 2619 3639 Deum
2660 3583 3049 3653 supplicemus,
3106 3592 3163 3637 ut
3211 3598 3375 3652 super
3422 3584 3560 3639 hanc

1971 3678 2299 3733 oblationem
2330 3677 2601 3732 cmlesmm
2636 3677 2856 3746 gratiam
2888 3691 3037 3730 suam
3064 3676 3230 3730 divini
3258 3675 3402 3731 illius
3431 3676 3564 3731 odo-

1973 3770 2045 3824 ris
2076 3768 2340 3835 infundat,
2364 3783 2524 3838 quam
2543 3769 2594 3823 in
2624 3768 3136 3824 commemoratione
3165 3767 3449 3823 dominica:
3475 3782 3566 3825 re-

1972 3862 2325 3918 surrectionis
2370 3862 2678 3927 offerimus;
2714 3872 2769 3916 ut
2799 3862 3038 3931 acceptio
3069 3860 3335 3917 benedicti
3362 3875 3560 3931 corpoc

1974 3959 2047 4013 ris
2076 3967 2133 4013 et
2179 3957 2319 4013 sacri
2370 3956 2546 4026 poculi
2594 3957 2873 4026 praelibata
2922 3957 3234 4011 communio
3289 3954 3560 4012 defunctis

1974 4049 2265 4118 opituletur
2290 4048 2355 4104 ad
2387 4050 2651 4118 requiem,
2718 4049 3021 4105 viventibus
3065 4047 3307 4119 proficiat
3353 4048 3422 4105 ad
3474 4064 3566 4105 sa-

1979 4145 2155 4201 lutctn.

2498 4214 2728 4266 Callet-tio
2754 4215 2810 4264 ad
2837 4227 3027 4279 pacem.

2047 4324 2294 4394 Susclpe,
2336 4324 2582 4391 Domine,
2644 4339 2831 4393 preces
2862 4323 3042 4393 popult
3077 4324 3149 4378 tui
3181 4337 3301 4378 cum
3331 4321 3567 4379 oblatio-

1975 4419 2131 4474 nibus
2163 4420 2478 4488 hostiarum,
2534 4428 2591 4473 ut
2647 4418 2997 4474 Paschaltbus
3026 4417 3234 4472 initiata
3273 4417 3566 4488 mysteriis,

1975 4509 2041 4563 ad
2089 4509 2404 4566 aeternitatis
2447 4510 2602 4564 nobis
2655 4508 2937 4572 medelam,
2996 4516 3048 4563 te
3095 4516 3373 4577 operante,
3406 4508 3567 4576 proti-

1973 4602 2151 4669 ciant;
2200 4613 2255 4659 ut
2296 4604 2348 4658 in
2396 4603 2550 4658 nobis
2604 4602 2706 4656 hoc
2752 4600 3129 4669 recipientibus
3176 4598 3565 4665 holocaustum,

1974 4710 2161 4764 pacem
2193 4711 2349 4765 quam
2404 4696 2454 4749 in
2485 4696 2641 4750 labiis
2667 4692 3012 4763 proferimus,
3047 4691 3100 4747 in
3148 4692 3349 4747 intimis
3373 4706 3561 4749 tenea—

344 4774 531 4830 Credis
560 4776 769 4829 Patrem
796 4781 849 4828 et
879 4773 1075 4828 Filium
1107 4780 1163 4828 et
1204 4773 1457 4842 Spiritum
1489 4782 1730 4827 sanctum
1775 4774 1868 4829 tri-
1899 4756 1952 4818 Ῑ)
1978 4756 2096 4845 ξηυε
2126 4756 2444 4844 νεεξεετῑυυε,
2472 4787 2574 4843 per
2599 4756 2759 4849 [)o'm,

272 4882 357 4923 nae
396 4869 635 4922 veritatis
673 4864 902 4938 [Forsan
926 4906 943 4933 ,
976 4863 1245 4935 unitatis],
1282 4879 1389 4918 una
1443 4873 1693 4921 manente
1737 4865 1881 4920 sub-‘
1972 4876 2012 4895 '-

270 4964 490 5028 stantia,
524 4961 688 5016 Deum
718 4974 839 5014 esse
871 4958 1204 5028 perfectum?
1250 4958 1285 5027 vi)
1329 4956 1506 5012 Credo

347 5054 509 5110 Dicis.
544 5053 760 5124 Baptizo
788 5053 877 5107 te?
923 5051 961 5119 ἢ
984 5086 999 5105 .
1032 5051 1159 5121 Bap.

349 5147 564 5217 Baptizo
593 5155 648 5203 te
675 5146 984 5201 credentem
1033 5145 1087 5200 in
1119 5145 1334 5200 nomine
1375 5143 1546 5199 Patris
1574 5152 1629 5200 et
1669 5143 1787 5199 Filii
1816 5154 1871 5201 ct

272 5239 508 5310 Spiritus
548 5236 740 5298 sancti.
774 5245 830 5291 ut
856 5236 1053 5290 habeas
1082 5236 1248 5290 vitam
1280 5244 1534 5290 aeternam
1568 5236 1620 5289 in
1661 5235 1858 5290 sacula

270 5332 614 5389 saeculorum.

847 5399 1029 5450 Infusio
1050 5398 1295 5449 chrisma.

348 5488 509 5553 Deus,
536 5486 697 5543 Pater
722 5484 932 5541 Domini
964 5480 1129 5538 nostri
1160 5482 1286 5538 Jesu
1322 5483 1539 5548 Christi,
1572 5483 1662 5553 qui
1694 5490 1749 5537 te
1779 5495 1866 5537 re-

270 5583 549 5655 generavit
573 5597 640 5637 ex
667 5595 801 5650 aqua
827 5587 883 5634 et
911 5577 1113 5645 Spiritu
1159 5585 1346 5632 sancto
1367 5619 1381 5643 ,
1417 5576 1613 5645 quique
1646 5576 1738 5629 tibi
1770 5575 1867 5629 de-

271 5677 352 5732 dit
375 5676 748 5733 remissionem
781 5680 1145 5744 peccatorum,
1180 5672 1295 5742 ipse
1325 5679 1376 5725 te
1401 5670 1534 5726 lenit
1562 5669 1860 5726 chrismate

273 5782 375 5821 suo
402 5774 610 5831 sancto,
659 5773 717 5819 ut
745 5762 944 5820 habeas
970 5763 1132 5819 vitam
1168 5772 1426 5818 aeternam
1457 5762 1513 5817 in
1537 5760 1734 5818 saecula
1764 5776 1867 5816 sae-

272 5857 538 5914 culorum.

349 5999 375 6028 ·
408 5989 640 6117 Dessboc
692 5988 799 6047 ritu
852 5984 973 6046 vide
1018 5994 1202 6046 notata
1244 5985 1301 6044 in
1345 5984 1545 6043 Missali
1594 5981 1824 6043 Gothico
1846 6023 1864 6054 ,

349 6077 427 6117 tm.
528 6095 545 6116 ο

275 6077 427 6120 num.
456 6077 545 6117 οδ.

2536 4898 2837 4948 Contestatio
2861 4910 3006 4947 nunc.

2053 5005 2186 5059 Vere
2215 5004 2431 5075 dignum
2454 5012 2508 5057 et
2532 5003 2731 5071 justum
2758 5010 2861 5068 est,
2921 5011 2970 5058 te
2998 5002 3212 5072 quidem
3240 5004 3387 5059 omni
3419 5012 3557 5058 tem-

1977 5115 2125 5168 pore,
2155 5098 2248 5152 sed
2279 5099 2329 5152 in
2360 5097 2460 5151 hac
2485 5095 2818 5167 potissimum
2850 5106 3011 5153 nocte
3049 5096 3333 5168 gloriosius
3365 5095 3561 5165 prtedi-

1975 5204 2121 5256 care,
2150 5203 2271 5244 cum
2298 5187 2501 5244 Pascha
2534 5199 2774 5243 nostrum
2823 5188 3129 5243 immolatus
3157 5198 3241 5244 est
3289 5187 3563 5245 Christus.

1970 5288 2089 5357 Ipse
2140 5288 2283 5342 enim
2328 5298 2486 5342 verus
2534 5294 2618 5341 est
2660 5287 2843 5356 Agnus
2886 5286 2977 5357 qui
3043 5285 3263 5339 abstulit
3334 5296 3561 5355 peccata
3634 5350 3641 5353 μ

1967 5378 2175 5435 mundi.
2228 5377 2328 5447 Qui
2356 5387 2582 5433 mortem
2610 5390 2851 5431 n05tram
2905 5375 3186 5432 moriendo
3214 5375 3479 5432 destruxit
3506 5385 3565 5434 et

1969 5475 2134 5528 vitam
2181 5470 2509 5541 resurgendo
2567 5469 2858 5539 reparavit.
2934 5468 3224 5537 Propterea
3255 5509 3271 5535 ,
3335 5469 3567 5539 profusis

1972 5566 2309 5639 paschalibus
2338 5564 2564 5635 gaudiis,
2594 5572 2734 5617 totus
2767 5562 2819 5617 in
2845 5562 2979 5618 orbe
3032 5570 3299 5617 terrarum
3331 5564 3568 5618 mundus

1977 5660 2213 5721 exultat;
2244 5656 2337 5711 sed
2359 5667 2411 5710 et
2431 5668 2677 5725 superna:
2721 5656 2947 5710 virtutes
2975 5661 3135 5725 atque
3162 5657 3416 5727 angelicae
3436 5671 3568 5711 con-

1975 5752 2161 5805 cinunt
2208 5755 2498 5819 potestates
2536 5746 2794 5818 hymnum
2850 5746 3039 5818 gloriae
3086 5755 3229 5814 tuae,
3295 5749 3412 5805 sine
3461 5746 3567 5805 line

1977 5844 2216 5900 dicentes
2244 5860 2257 5897 :
2288 5842 2538 5908 Sanctus,
2569 5839 2819 5907 Sanctus,
2848 5840 3077 5896 Sanctus
3102 5840 3380 5896 Dominus.

2014 6038 2015 6041 η
2050 5976 2076 6017 δ
2097 5977 2187 6033 Sic
2214 5974 2497 6045 legendum
2528 5971 2736 6029 videtur
2760 5988 2795 6045 :7
2820 5970 2980 6036 Deus,
3010 5972 3079 6025 ad
3097 5989 3249 6042 quem
3276 5970 3439 6024 scabie
3481 5984 3562 6023 ve-

1974 6050 2096 6107 teris
2120 6044 2343 6103 hominis
2369 6047 2425 6101 in
2455 6048 2596 6117 fonte
2623 6044 2875 6113 deposita,
2901 6053 3006 6099 etc.
