4060 6346
501 410 597 471 37!

1042 523 1331 573 Benedictio
1356 520 1542 584 populi.

575 611 827 676 Benedic,
859 608 1110 673 Domine,
1144 606 1340 675 popqu
1367 603 1476 666 isti,
1502 616 1659 672 quem
1688 600 1935 655 liberavit
1957 597 2090 655 effu-

502 720 583 762 sm
611 703 903 774 sanguinis,
957 715 1025 754 ne
1051 698 1331 753 damnaret
1359 693 1592 749 conditio
1634 691 1927 745 servitutis.
1965 689 2093 758 Qui-

504 798 605 852 bus
658 796 843 851 mortis
900 803 1003 849 tua!
1056 792 1163 847 vita
1222 788 1481 850 redditur,
1539 799 1830 853 numquam
1890 781 2093 838 inimici
2145 797 2149 800 ’

506 890 677 943 hostis
698 886 958 957 decipulis
988 883 1361 947 includantur;
1403 887 1455 933 et
1481 889 1616 948 quos
1642 876 1893 944 dignatus
1920 888 1979 929 es
2012 888 2097 929 re-

504 980 712 1037 dimere
765 994 859 1048 per
907 978 1184 1047 Iustitiam,
1234 986 1568 1044 nequaquam
1610 973 1795 1037 praedo
1852 967 2096 1037 perfidus

505 1075 744 1129 obtineat
774 1088 868 1141 per
898 1072 1133 1125 ruinam.
1157 1068 1474 1123 Permaneat
1501 1064 1555 1117 in
1578 1063 1657 1116 eis
1679 1060 1931 1117 secundae
1963 1074 2098 1127 prae-

509 1174 748 1234 rogativa
794 1172 1001 1217 natura:
1048 1175 1142 1230 per
1191 1159 1536 1227 baptismum,
1585 1168 1741 1224 quam
1795 1152 2100 1224 perdiderat

508 1254 666 1323 primi
721 1252 952 1310 hominis
993 1248 1336 1327 praesumptio
1392 1262 1487 1318 per
1534 1246 1814 1301 delictum.
1870 1243 2100 1314 Fulgere

508 1363 721 1417 semper
760 1346 921 1403 faciat
947 1348 1051 1400 vivi
1084 1344 1245 1400 fontis
1276 1344 1415 1400 unda
1445 1354 1579 1412 quos
1628 1338 1819 1405 abluit,
1861 1344 2103 1407 protegat

509 1441 737 1497 caelestis
769 1440 936 1511 gratia
968 1455 1104 1509 quos
1133 1435 1368 1491 redimit.
1418 1433 1483 1488 Et
1531 1432 1670 1487 sicut
1698 1432 1750 1484 in
1783 1429 1968 1483 diebus
2001 1428 2103 1482 Do-

507 1533 720 1587 minicis
746 1533 1059 1605 mysterium
1090 1528 1332 1585 divinum
1363 1524 1642 1589 etcolitur,
1677 1524 1744 1577 ita
1778 1525 1828 1576 in
1858 1520 2094 1577 omnium

508 1623 813 1694 pectoribus
841 1622 1095 1693 splendor
1145 1620 1217 1673 tui
1268 1616 1486 1672 luminis
1534 1624 1901 1670 conservetur.
1947 1610 2101 1677 Quod

509 1726 769 1786 praestare
795 1716 1065 1786 dignetur,
1100 1714 1189 1781 qui
1222 1728 1341 1765 cum
1374 1719 1464 1766 aet.

909 1805 1145 1855 Collectio
1170 1811 1275 1866 post
1301 1800 1713 1851 communionem.

591 1894 879 1964 Implentur
923 1892 981 1946 in
1030 1890 1205 1953 nobis,
1255 1898 1580 1955 qitmsumus,
1614 1882 1862 1949 Domine,
1914 1879 2103 1935 Sacra-

521 1984 692 2041 menti
720 1982 987 2055 paschalis
1015 1990 1198 2035 sancta
1243 1978 1446 2042 Iibatio,
1500 1989 1702 2043 nosque
1749 1972 1816 2028 de
1870 1971 2102 2027 terrenis

518 2075 798 2133 allectibus
819 2074 887 2130 ad
907 2073 1120 2129 caeleste
1141 2070 1427 2126 transferat
1459 2067 1778 2123 institutum.
1802 2062 1926 2119 Per.

1046 2164 1278 2215 Collectis
1305 2162 1551 2225 sequitur.

590 2252 882 2315 Exuberet,
913 2264 1243 2320 qutesumus,
1304 2245 1551 2309 Domine,
1610 2241 1876 2298 mentibus
1907 2239 2109 2296 nostris

516 2347 782 2421 paschalis
806 2346 973 2417 gratia
1022 2340 1379 2404 Sacramenti,
1438 2349 1495 2394 ut
1525 2337 1684 2392 donis
1733 2334 1845 2391 suis
1872 2336 1983 2403 ipsa
2012 2348 2111 2389 nos

520 2439 711 2510 dignos
732 2438 944 2492 efﬁciat.

667 2528 882 2585 XXVII.
922 2542 1111 2583 INCIPIT
1142 2539 1292 2579 mssa
1312 2540 1364 2579 IN
1394 2537 1482 2576 me
1509 2534 1713 2577 sacro
1733 2532 1961 2574 ΡΔΒΕΗΑΕ.

1189 2614 1435 2665 Prtefatio.
1494 2624 1497 2625 '

593 2704 759 2776 366
798 2704 959 2767 Deus,
1002 2702 1091 2771 qui
1125 2715 1217 2767 per
1249 2697 1591 2766 Uuigenilum
1621 2702 1767 2747 luunt
1801 2690 2115 2747 aeternitatis

526 2797 682 2852 nobis
712 2795 935 2860 aditum,
993 2792 1198 2848 devicta
1256 2797 1448 2855 morte,
1500 2786 1775 2849 reserasti,
1826 2783 1889 2837 da
1940 2782 2112 2846 nobis,

525 2902 854 2959 quaesumus,
907 2895 963 2940 nt
991 2884 1077 2953 qui
1110 2876 1537 2937 Resurrecttnnis
1565 2874 1852 2931 dominicae
1901 2873 2113 2927 sollem-

526 2985 615 3039 nia
644 2984 890 3042 cnlimus,
923 2967 1016 3050 per
1059 2976 1456 3032 innovationem
1502 2972 1575 3026 tui
1606 2971 1838 3040 Spiritus
1872 2982 1902 3021 a
1934 2973 2107 3021 morte

528 3074 721 3129 animm
751 3084 1110 3142 resurgamus.
1139 3069 1261 3123 Per.

1046 3159 1226 3214 Collect
1237 3160 1279 3207 io
1302 3158 1549 3220 sequitur.

601 3249 765 3314 Deus,
797 3247 882 3316 qui
913 3260 1008 3300 nos
1034 3243 1469 3300 Resurrectionis
1493 3240 1779 3296 dominica:
1803 3252 1975 3292 annua
2006 3234 2118 3290 sol-

528 3340 801 3397 lemnitate
833 3339 1098 3404 laatiticas,
1137 3338 1374 3393 concede
1414 3334 1672 3405 propitius
1703 3343 1757 3385 ut
1784 3345 1879 3401 per
1910 3335 2121 3397 tempo-

528 3432 655 3486 ralia
688 3433 818 3485 fcsta
869 3444 985 3500 qua:
1010 3428 1218 3498 agimus
1249 3426 1533 3498 pervenire
1583 3422 1650 3478 ad
1681 3420 1871 3494 gaudia
1919 3428 2120 3475 aeterna

528 3535 851 3576 mereamur.
880 3520 980 3576 Per
1011 3520 1321 3573 Dominum.

993 3609 1226 3660 Collectio
1252 3612 1360 3670 post
1379 3607 1589 3655 nomina.

600 3695 941 3764 Quaesumus,
993 3692 1239 3758 Domine,
1294 3690 1401 3759 jam
1433 3703 1536 3742 non
1590 3695 1871 3741 teneamur
1895 3684 2120 3739 obnoxii

538 3786 899 3842 damnationis
930 3782 1178 3838 humanae
1224 3781 1524 3840 sententiae.
1579 3776 1732 3848 cujus
1764 3791 1860 3831 nos
1885 3775 2123 3830 vinculis

533 3881 652 3937 haec
676 3879 855 3935 Hostia
884 3877 1151 3947 paschalis
1183 3874 1430 3929 absolvit.

1061 3967 1299 4019 Collectio
1319 3965 1376 4015 ad
1407 3976 1575 4027 pacem

604 4054 958 4126 Omnipotens
1003 4054 1329 4122 sempiterue
1375 4050 1516 4105 Deus
1546 4090 1561 4110 ,
1634 4049 1719 4115 qtti
1766 4061 2052 4117 resurgens
2092 4061 2122 4099 a

533 4156 783 4220 mortuis,
812 4148 1062 4220 passione
1085 4155 1314 4213 cassata,
1350 4143 1702 4214 potentiorem
1740 4149 1790 4195 te
1836 4140 1937 4195 tuis
1961 4138 2122 4193 disci-

534 4249 674 4318 pulis
703 4244 1012 4309 reddidisti,
1034 4241 1269 4295 concede
1292 4239 1548 4309 propitius
1572 4245 1629 4290 ut
1649 4251 1745 4291 nos
1772 4250 1981 4303 quoque
2011 4232 2123 4287 Ma-

533 4339 713 4411 jestati
746 4350 848 4390 tua:
877 4336 978 4389 hoc
1003 4333 1249 4401 paschale
1266 4330 1585 4386 sacrificium
1619 4329 1670 4380 in
1697 4326 1848 4380 bonis
1868 4324 2122 4393 operibus

537 4430 734 4488 efﬁciat
791 4429 1173 4502 promptiores,
1224 4434 1277 4481 et
1334 4426 1555 4495 gratiam
1612 4429 1714 4474 tua;
1767 4419 1982 4488 pietatis
2033 4417 2126 4471 ad-

537 4524 736 4595 quirat.

1096 4588 1398 4639 Contestatlo
1421 4594 1568 4633 nunc.

1216 401 1553 461 APPENDIX
1598 401 1685 456 AD
1724 398 1951 455 OPERA
1990 393 2237 455 SANCTI
2273 392 2585 453 GER‘IANI
2622 389 3083 448 PARISIENSIS.‘

2125 515 2182 580 Α
2202 513 2521 583 propitiatus
2551 512 2787 575 adsiste;
2822 518 2879 563 nt
2920 508 3171 578 prmsidio
3201 516 3302 561 tute
3334 505 3555 575 pietatis
3602 506 3814 577 adjnti,

3689 387 3812 442 3'72

2195 618 2250 663 et
2281 609 2561 677 prasentia
2586 610 2791 677 possint
2817 608 2984 659 vitare
3007 602 3343 667 discrimina,
3370 611 3424 656 et
3446 601 3511 655 ad
3525 612 3811 657 πίει-οδω

2195 701 2485 772 pervenire
2512 713 2786 754 corona-ii.
2833 693 2987 764 Quod
3020 704 3277 766 praestare
3298 692 3575 764 dignetur.

2724 788 2835 838 Post
2856 788 3271 837 communionem.

2272 872 2542 937 Concede,
2576 886 2901 940 qtuesnmus,
2928 870 3267 937 omnipotens
3295 866 3459 932 Deus,
3486 874 3543 920 ut
3574 864 3815 935 pascha-

2201 965 2268 1020 lis
2303 965 2558 1033 perfectio
2602 962 2929 1018 Sacramenti
2974 960 3241 1016 mentibus
3283 958 3482 1013 nostris
3532 957 3801 1012 cominus

2200 1066 2535 1129 perseveret.
2566 1058 2667 1111 Per
2698 1055 3007 1109 Dominum.

2769 1147 3007 1197 Collectio
3044 1147 3287 1207 sequitur.

2277 1234 2431 1305 Digni
2464 1249 2560 1288 nos
2596 1234 2668 1286 tui
2695 1232 2950 1293 nominis,
2981 1246 3310 1299 quaesumus,
3343 1228 3595 1295 Domine,
3625 1227 3818 1283 hum-

2205 1328 2285 1382 los
2318 1336 2435 1380 tuos
2480 1326 2728 1379 salutaris
2756 1326 2905 1378 cibus
2958 1336 3009 1378 et
3039 1338 3191 1378 sacer
3223 1332 3379 1391 potus
3422 1322 3695 1387 instituat,
3754 1326 3809 1374 et

2204 1418 2640 1474 renovationibns
2672 1415 2999 1471 conditionis
3032 1415 3299 1477 humanze,
3351 1428 3513 1484 quam
3538 1410 3810 1483 mysterio

2206 1511 2462 1638 (lacunas,
2484 1508 2667 1591 .367
2700 1509 2751 1561 in
2782 1507 2981 1561 nostris
3005 1506 3206 1577 iugiter
3231 1506 3479 1561 sensibus
3520 1511 3805 1573 operetur.

2255 1598 2318 1638 er
2427 1597 2653 1636 mtuum.

2255 1598 2318 1638 81'
2346 1597 2653 1636 Dominum.

2627 1694 2867 1751 XXVIII.
2910 1709 3058 1749 ιιιδειι
3084 1705 3389 1747 essemus.

2900 1808 3132 1859 Praefatio

2132 1904 2183 1969 Β
2282 1922 2446 1987 Deus,
2503 1920 2590 1989 qui
2644 1917 2971 1988 paschalium
3031 1916 3185 1970 nobis
3232 1911 3465 1969 remedia
3493 1907 3810 1971 contulisti,

2210 2015 2461 2088 populutn
2494 2023 2639 2067 tuum
2665 2010 2868 2066 caelesti
2896 2010 3036 2062 dnuo
3066 2020 3409 2077 prosequere,
3437 2014 3495 2059 ut
3524 2003 3648 2057 inde
3679 2009 3810 2070 post

2211 2109 2263 2164 in
2296 2114 2612 2177 perpetuum
2646 2103 2895 2171 gaudeat,
2924 2100 3063 2155 unde
3092 2116 3231 2152 nunc
3255 2094 3623 2164 temporaliter
3660 2091 3824 2147 exul-

2216 2209 2311 2256 tat.
2354 2198 2457 2254 Per
2489 2196 2790 2251 Dominum.

2792 2284 3027 2337 Collectio
3049 2284 3289 2345 sequitur.

2287 2374 2447 2441 Deus,
2495 2371 2584 2442 qui
2612 2384 2798 2424 omnes
2828 2371 2878 2422 in
2912 2368 3125 2422 Christo
3156 2373 3371 2419 renatos
3392 2375 3558 2432 genus
3590 2359 3809 2431 regium

2212 2478 2270 2525 et
2312 2468 2641 2523 sacerdotale
2690 2464 2883 2533 fecisti,
2922 2462 2985 2515 da
3043 2461 3197 2515 nobis
3239 2468 3292 2514 et
3349 2456 3487 2511 velle
3540 2463 3595 2510 et
3652 2467 3821 2522 posse

2215 2561 2355 2632 quod
2388 2559 2651 2630 praecipis,
2681 2567 2737 2612 ut
2769 2557 2966 2631 populo
2996 2562 3085 2609 tuo
3114 2552 3179 2609 ad
3213 2551 3563 2605 :eternitatem
3619 2555 3821 2602 vocato

2214 2642 2321 2709 una
2351 2654 2422 2707 sit
2452 2651 2580 2707 lides
2624 2650 2901 2714 cordium,
2945 2658 2999 2701 et
3056 2646 3227 2717 pietas
3253 2644 3546 2699 actionum.
3580 2640 3685 2693 Per
3706 2637 3827 2689 Dn-

2218 2750 2443 2801 minum.

2700 2833 2935 2885 Collectio
2961 2838 3070 2901 post
3089 2832 3300 2880 nomina.

2294 2923 2591 2993 Sacriﬁcia,
2649 2922 2889 2977 Domine.
2942 2916 3281 2991 paschalibus
3327 2912 3535 2987 gaudiis
3563 2911 3821 2965 immola-

2227 3034 2369 3083 mus,
2397 3016 2591 3087 quibus
2619 3014 2856 3068 Ecclesia
2891 3022 2975 3065 tua
3002 3008 3323 3064 mirabiliter
3350 3015 3404 3064 et
3434 3005 3736 3060 renascitur
3766 3013 3823 3057 et

2232 3110 2480 3164 nutritur.
2518 3107 2621 3162 Per
2653 3105 2808 3160 Dom.

2753 3196 2987 3247 Collectio
3009 3195 3067 3243 ad
3093 3204 3279 3255 pacem.

2148 3285 2196 3348 C
2286 3282 2569 3337 Paschales
2588 3280 2795 3335 hostias
2826 3277 3535 3343 immola‘ntes,qua:sumus,
3569 3270 3819 3336 Domine,

2228 3370 2283 3429 ui
2310 3374 2451 3444 quod
2482 3373 2880 3441 frequentamus
2910 3378 3057 3432 actu,
3111 3362 3639 3434 comprehendamus
3692 3359 3820 3415 affe—

2224 3473 2334 3519 ctu.
2370 3466 2469 3519 I'er
2492 3463 2799 3517 Dominum.

2836 3574 3161 3639 Contestatio.

2303 3684 2438 3741 Vere
2481 3684 2700 3754 dignum
2721 3692 2776 3738 et
2795 3681 3002 3752 justum
3034 3688 3139 3745 est,
3171 3687 3221 3733 te
3251 3676 3471 3747 quidem
3495 3674 3643 3735 omni
3674 3681 3811 3729 tem-

2228 3794 2376 3851 pore,
2430 3776 2523 3832 sed
2578 3775 2630 3831 in
2665 3778 2766 3830 hoc
2817 3773 3104 3844 praecipue,
3166 3769 3410 3831 Domine,
3460 3766 3547 3829 die
3579 3766 3817 3829 laudare.

2232 3870 2569 3935 benedicere,
2618 3878 2671 3924 et
2718 3867 3013 3936 praedictre
3045 3907 3058 3926 ,
3116 3864 3258 3935 quod
3310 3862 3511 3919 Pascha
3576 3870 3816 3915 nostrum

2228 3964 2535 4019 immolatus
2556 3972 2633 4019 est
2655 3961 2919 4021 Christus.
2974 3962 3076 4013 t’er
3098 3970 3254 4033 quem
3288 3955 3339 4008 in
3371 3962 3627 4014 aeternam
3652 3953 3815 4007 vitam

2229 4056 2317 4110 filii
2349 4055 2479 4108 lucis
2501 4054 2759 4117 oriuntur,
2815 4049 3055 4105 ﬁdelibus
3104 4046 3251 4116 regni
3303 4041 3535 4099 caelestis
3565 4042 3706 4105 atria
3730 4056 3806 4095 re-

2228 4161 2492 4211 serantur,
2535 4158 2584 4201 et
2619 4147 2787 4198 beatae
2818 4142 2949 4212 legis
2990 4136 3317 4195 commercio
3342 4132 3539 4189 divinis
3574 4134 3801 4193 humana

2228 4248 2518 4299 mutantur,
2552 4240 2671 4305 quin
2715 4242 3018 4287 nostrorum
3051 4229 3289 4284 omnium
3319 4227 3433 4281 Vita
3484 4224 3805 4283 resurrexit.

2230 4335 2396 4401 Quem
2430 4334 2479 4383 in
2527 4329 2867 4395 susceptione
2912 4323 3250 4379 mortalitatis
3301 4320 3465 4375 Deum
3515 4316 3810 4387 tnajestatis

2228 4426 2589 4494 agnoscimus,
2608 4433 2658 4475 et
2685 4421 2735 4474 in
2756 4417 3049 4472 divinitatis
3075 4416 3247 4486 gloria
3273 4414 3437 4473 Deum
3459 4421 3513 4466 et
3536 4410 3805 4463 hominem

2228 4516 2566 4571 confitemur.
2598 4513 2698 4579 Qui
2744 4520 2966 4563 inuitem
3007 4515 3242 4562 nostram
3280 4503 3558 4559 moriendo
3602 4504 3812 4556 destru-

2167 4644 2185 4658 ο
2233 4612 2332 4675 xit,
2386 4618 2439 4661 et
2487 4608 2645 4659 vitam
2690 4600 3013 4672 resurgendo
3055 4597 3289 4653 restituit
3338 4595 3492 4649 Jesus
3536 4592 3808 4647 Christus.

554 4734 573 4755 ,
610 4676 751 4733 vere
774 4676 999 4747 ἀίεηυπη
1028 4683 1081 4727 et
1108 4672 1307 4741 lusum
1335 4676 1437 4733 es"
1488 4676 1541 4721 ιθ
1567 4661 1958 4762 αυίάθ¹“,⁰ω“ί
1991 4669 2123 4762 te“)-
2156 4676 2204 4737 θ
2232 4661 2332 4762 Per
2352 4704 2631 4758 Dominum
2667 4661 2928 4753 nostruvm.

543 4752 696 4843 pore,
739 4770 834 4826 sed
881 4771 932 4825 in
965 4768 1067 4824 hoc
1090 4766 1358 4835 praecipue
1383 4762 1493 4826 die,
1538 4774 1645 4830 quo
1672 4768 1760 4813 tua
1786 4752 2126 4812 Resnrrectio

538 4862 863 4927 celebratur,
901 4858 1048 4915 omni
1100 4857 1386 4913 festivitate
1434 4853 1673 4919 laudare,
1728 4848 2046 4904 benedicere
2073 4856 2126 4901 et

538 4953 831 5027 praedicare
852 4952 992 5021 quod
1022 4949 1222 5004 Pascha
1259 4956 1496 5001 nostrum
1530 4941 1835 4997 immolatus
1858 4947 1938 4993 est
1964 4938 2123 4993 Chri-

540 5054 675 5101 stus.
735 5042 839 5097 Per
866 5058 1020 5112 quem
1054 5048 1285 5113 potestas
1311 5038 1573 5093 diabolica
1623 5033 1838 5097 cecidit,
1895 5038 2121 5085 tartarea

538 5138 735 5193 inferni
766 5144 890 5191 sunt
910 5133 1120 5189 vincula
1162 5133 1416 5191 resoluta.
1478 5126 1890 5197 chirographum
1919 5134 2008 5178 est
2036 5140 2124 5175 nn-

483 5226 700 5299 i'tiquae
765 5226 1220 5297 praevaricationis
1285 5223 1603 5287 extinctum,
1664 5220 1878 5272 aculeus
1933 5216 2125 5268 mortis

484 5370 489 5373 .
541 5321 805 5385 obtritus;
838 5336 932 5374 nos
965 5333 1172 5389 quoque
1202 5317 1269 5372 de
1300 5313 1569 5371 servitutis
1592 5312 1719 5381 jugo
1741 5308 2123 5364 dominationis

545 5412 809 5482 IEgyptize
838 5426 931 5480 per
962 5410 1229 5481 spiritales
1270 5423 1436 5477 aquas
1479 5404 1733 5463 educens,
1783 5399 2119 5467 triumphans

544 5505 834 5557 resurrexit
860 5504 910 5558 in
933 5501 1181 5572 gloriam,
1236 5511 1291 5556 et
1314 5499 1547 5555 libertati
1580 5511 1697 5561 nos,
1732 5493 2119 5547 misericordire

548 5606 654 5651 tute
678 5612 918 5664 munere,
962 5598 1201 5652 donavit.
1251 5595 1356 5649 Per
1396 5606 1552 5662 quem
1597 5589 1928 5657 Maiestatem
1959 5596 2121 5641 tuam.

1100 5686 1390 5737 Benedictio
1414 5678 1593 5745 populi.

620 5770 780 5836 Deus,
832 5773 920 5841 qui
952 5772 1367 5843 chirographum
1393 5782 1502 5838 quo
1550 5763 1864 5820 tenebamur
1910 5760 2129 5816 obnoxii

546 5867 767 5934 pretiosi
811 5865 1082 5935 sanguinis
1132 5862 1390 5918 effusione
1439 5857 1649 5923 delesti,
1710 5854 1949 5910 omnium
1984 5855 2036 5909 in
2081 5863 2133 5911 te

547 5956 875 6025 spuantium
901 5956 1148 6023 precibus
1164 5969 1360 6021 annue,
1382 5961 1703 6011 cunctorum,
1720 5947 2133 6011 munitoribus

2762 4808 3046 4859 Benedictio
3070 4805 3247 4868 papuli.

2303 4917 2521 4981 Prtesta,
2569 4915 2810 4978 Domine,
2870 4924 3210 4981 quaesumus,
3262 4905 3477 4963 famulis
3521 4902 3629 4958 tuis
3678 4900 3816 4957 tales

2232 5009 2343 5062 ﬁeri
2378 5021 2475 5061 tnzc
2506 5010 2691 5076 gratiae
2721 5004 2983 5072 largitate,
3019 5010 3074 5055 ut
3097 5001 3231 5053 bona
3255 5005 3343 5050 tua
3390 5005 3445 5050 et
3489 4991 3811 5051 ﬁducialiter

2231 5101 2534 5170 implorent,
2564 5109 2618 5152 et
2664 5098 2779 5151 sine
2829 5094 3140 5150 difﬁcultate
3169 5098 3402 5149 sumant.
3463 5086 3537 5147 Da
3558 5086 3667 5153 eis,
3709 5083 3816 5140 Do-

2235 5194 2401 5258 mine,
2437 5206 2654 5260 regnum
2687 5199 2832 5245 tuum
2871 5188 3243 5257 iustitiamque
3273 5196 3489 5251 semper
3519 5179 3814 5251 inquirere,

2234 5296 2291 5340 nt
2334 5287 2523 5355 quibus
2558 5283 2796 5350 indigere
2835 5295 2929 5333 eos
2980 5274 3261 5346 perspicis,
3319 5273 3622 5333 clementer
3655 5268 3814 5325 facias

2236 5376 2523 5429 abundare.
2555 5371 2772 5433 Tribue,
2814 5380 3142 5436 quaesumus,
3187 5371 3243 5417 ut
3291 5361 3394 5430 piis
3418 5360 3813 5426 sectandoqna:

2237 5480 2323 5522 tua
2354 5477 2500 5531 sunt,
2533 5465 2778 5520 universa
2807 5462 2913 5516 illis
2941 5458 3196 5514 salutaria
3224 5453 3617 5511 condensatur.
3657 5446 3809 5518 Quod

2232 5566 2363 5634 ipse.

2736 5646 2852 5696 Post
2872 5644 3279 5696 comminuere.

2309 5761 2528 5825 Adesto,
2558 5757 2805 5823 Domine,
2831 5766 3158 5825 quaesumus,
3203 5757 3401 5804 nostrm
3428 5743 3805 5813 redemptionis

2237 5855 2531 5919 effectibus,
2566 5862 2623 5905 ut
2646 5864 2779 5919 quos
2831 5846 3179 5901 sacramentis
3207 5840 3521 5895 :etemitatis
3552 5835 3805 5895 instituis,

2239 5941 3009 6013 iiﬁdmpromdiiﬂw
3038 5935 3317 6002 aptandos.
3364 5931 3465 5995 Per
3511 5926 3804 5991 Dominum.
