4060 6346
291 366 399 425 B75

815 488 1053 541 Collectio
1071 493 1313 554 sequitur.

361 567 610 636 Puritica,
635 568 880 637 Domine,
902 588 1235 643 quaesumus,
1289 587 1496 632 mentes
1522 585 1737 632 nostras
1766 578 1867 633 be-

287 662 500 731 nignus,
531 671 589 719 et
616 679 817 723 renova
841 668 1142 725 caelestibus
1168 672 1543 742 sacramentis,
1580 681 1641 728 ut
1679 686 1872 729 conse-

286 763 516 821 quenter
541 765 899 827 etcorporum
920 776 1156 829 pmsens
1176 763 1387 831 pariter
1432 775 1487 820 et
1510 767 1745 819 futurum
1769 778 1865 819 ca-

286 846 495 914 piamus
521 848 796 905 auxilium.
820 851 941 907 Per.

506 960 691 1019 XXIX.
744 979 874 1021 trait
901 981 1052 1023 mssa
1082 983 1140 1023 ut
1168 984 1330 1026 rarus
1350 984 1652 1027 “scmus.

945 1077 1194 1130 Praefatio.

321 1182 488 1254 368
541 1182 701 1250 Deus,
733 1183 823 1257 qui
853 1186 1170 1255 multiplicas
1200 1187 1489 1243 Ecclesiam
1515 1197 1659 1259 tuam
1690 1190 1873 1247 sobole

287 1277 707 1343 renascentium,
734 1276 895 1333 facias
911 1293 1028 1333 eam
1043 1279 1275 1350 gaudere
1299 1281 1555 1353 propitius
1567 1283 1634 1337 de
1656 1296 1871 1338 suorum

288 1365 626 1436 profectibus
654 1368 901 1423 filiorum.
930 1370 1032 1425 Per
1060 1370 1362 1427 Dominum.

934 1460 1059 1511 Item
1084 1461 1194 1511 alia.

362 1539 524 1604 Dens,
554 1540 644 1611 qui
666 1552 901 1596 nostram
926 1542 1161 1598 laetitiam
1198 1545 1247 1598 in
1283 1554 1441 1601 tuo...
1495 1554 1687 1617 praesta
1712 1547 1873 1601 timo-

290 1647 431 1695 rem,
459 1632 589 1688 utin
620 1635 722 1688 luis
751 1635 1029 1706 vigilantes
1053 1636 1345 1707 mandatis,
1397 1639 1604 1711 placere
1629 1638 1722 1695 tibi
1751 1653 1860 1707 pos-

296 1727 485 1781 simus.
513 1726 613 1783 Per
646 1726 950 1783 Dominum.

852 1820 1084 1873 Collectio
1108 1835 1251 1875 nunc.

362 1901 561 1957 Przesta
590 1943 604 1968 ,
650 1919 977 1973 quaesumus,
1030 1908 1368 1977 omnipotens
1418 1907 1578 1971 Deus,
1626 1914 1681 1959 ut
1736 1918 1868 1974 quos

2052 1878 2277 1947 Dignum
2300 1886 2355 1933 et
2377 1878 2579 1945 justum
2628 1886 2709 1933 est
2739 1892 2836 1931 nos

289 2006 424 2063 aqua
456 1994 689 2064 suscepit
718 1995 783 2047 ad
806 1994 1119 2059 abluendos,
1152 2006 1207 2050 et
1230 1995 1625 2066 regenerandos
1669 1994 1877 2049 muniat

289 2088 600 2139 et’renatos.

702 2155 941 2207 Collectio
959 2168 1111 2219 super
1132 2167 1354 2206 munera.

362 2239 609 2311 Suscipe,
648 2242 897 2311 Domine,
933 2256 1151 2295 munera
1183 2240 1385 2294 nomini
1413 2249 1503 2294 tuo
1525 2240 1727 2305 oblata,
1756 2255 1874 2310 qua

290 2331 344 2387 in
389 2332 505 2388 Filii
553 2336 628 2389 tui
681 2336 1093 2392 Resurrectione
1145 2337 1517 2405 triumphantis
1565 2338 1616 2392 in
1657 2338 1826 2407 gloria
1856 2381 1869 2404 ,

289 2426 626 2494 adversus,
676 2426 792 2497 ejus
821 2431 1047 2497 quasita
1073 2430 1354 2499 sanguine,
1406 2429 1567 2485 oﬂ‘ert
1611 2429 1870 2484 Ecclesia.

901 2519 1194 2572 Immolatio.

364 2598 589 2671 Dignum
630 2610 687 2657 et
710 2605 913 2668 justum
952 2616 1033 2659 est
1058 2621 1157 2660 nos
1197 2605 1294 2662 tibi
1316 2606 1515 2676 gratias
1540 2620 1720 2676 agere,
1752 2621 1871 2660 om-

291 2692 537 2764 nipotens
564 2694 883 2763 sempiterne
913 2696 1073 2763 Deus,
1119 2713 1219 2769 per
1263 2698 1445 2757 Jesum
1473 2694 1748 2759 Christum
1783 2698 1871 2753 Fi—

288 2785 421 2847 lium
455 2795 624 2856 tuum,
658 2789 941 2848 Dominum
970 2801 1234 2849 nostrum.
1262 2795 1362 2849 Per
1387 2809 1545 2863 quem
1574 2794 1868 2848 humanum

284 2892 455 2948 genus
482 2880 779 2948 viviticans,
803 2881 1003 2937 Pascha
1026 2883 1185 2939 etiam
1217 2898 1312 2949 per
1345 2883 1565 2953 Moysen
1607 2893 1662 2939 et
1697 2888 1868 2941 Aaron

287 2970 518 3030 famulos
549 2983 669 3029 tuos
715 2975 837 3047 agni
883 2975 1251 3035 immolatione
1286 2976 1495 3047 iussisti
1542 2979 1868 3035 celebrare:

288 3066 738 3133 consequentibus
766 3068 1094 3141 temporibus
1140 3083 1310 3136 usque
1339 3069 1405 3123 ad
1448 3069 1738 3125 adventum
1770 3071 1871 3125 Do-

288 3158 416 3214 mini
442 3161 611 3214 nostri
648 3159 774 3215 .lesu
802 3159 1002 3219 Christi
1056 3161 1168 3233 (qui
1194 3162 1335 3219 sicut
1361 3162 1425 3215 ad
1469 3164 1737 3217 victimam
1767 3164 1870 3218 du—

287 3261 406 3308 ctus
434 3253 537 3323 est)
568 3253 812 3309 eamdem
842 3254 1280 3310 consuetudinem
1310 3256 1362 3309 in
1398 3258 1652 3312 memoria
1683 3259 1871 3313 obser-
1897 3271 1944 3341 ς

286 3360 417 3402 vare
458 3346 774 3417 prmcepisti.
825 3347 944 3417 Ipse
997 3357 1080 3403 est
1132 3349 1314 3419 Agnus
1371 3351 1742 3406 immaculatns
1782 3355 1867 3420 qui

289 3437 484 3509 prioris
512 3440 687 3508 populi
718 3439 887 3509 prima
914 3441 1112 3495 Pascha
1143 3443 1195 3494 in
1227 3440 1460 3515 £gypto
1487 3443 1869 3500 fueratimmo-

284 3532 445 3589 latus.
474 3530 592 3600 Ipse
618 3540 701 3591 est
723 3532 876 3589 Aries
915 3532 967 3588 in
995 3532 1192 3588 vertice
1221 3535 1416 3589 montis
1447 3536 1643 3590 excelsi
1675 3538 1744 3592 de
1772 3553 1865 3593 ve-

286 3636 387 3693 pre.
434 3624 689 3693 prolatus.
722 3624 983 3681 sacriﬁcio
1025 3623 1346 3682 destinatus.
1406 3625 1523 3695 Ipse
1550 3639 1630 3684 est
1668 3631 1869 3685 Vitulus

284 3713 558 3782 saginatus
605 3715 694 3784 qui
726 3716 781 3768 in
833 3715 1180 3773 tabernaculo
1227 3718 1394 3784 patris
1426 3722 1595 3772 nostri
1639 3722 1869 3776 Abrahae

288 3816 503 3876 propter
532 3808 764 3872 hOSpites
794 3818 873 3864 est
906 3809 1234 3863 victimatus.
1266 3810 1432 3877 Cujus
1460 3815 1765 3881 passionem
1814 3826 1868 3868 et

285 3900 726 3955 resurrectionem
752 3900 1106 3967 celebramus,
1150 3902 1303 3969 cuius
1332 3910 1388 3957 et
1416 3903 1701 3957 adventum
1732 3920 1857 3973 spe-

284 4005 489 4059 ramus.
513 3993 577 4051 Et
602 3992 723 4049 ideo
749 4007 871 4048 cum
899 3992 1101 4061 angelis
1147 4001 1202 4047 et
1230 3993 1565 4063 archangelis
1614 4009 1718 4049 non
1748 4012 1867 4050 ces-

285 4100 469 4149 samus
496 4086 734 4145 clamare
747 4087 989 4143 dicentes
1011 4104 1025 4140 :
1047 4088 1295 4156 Sanctus,
1323 4086 1579 4152 Sanctus,
1610 4090 1862 4144 Sanctus.

796 4179 1081 4230 Benedictio
1108 4179 1291 4241 populi.

360 4260 610 4326 Benedic,
643 4263 981 4329 omnipotens
1009 4263 1339 4331 sempiterna
1368 4264 1526 4330 Deus,
1554 4264 1690 4319 hanc
1718 4264 1870 4320 fami-

281 4353 413 4421 liam
445 4362 592 4419 tuam
619 4353 987 4417 benedictione
1016 4362 1295 4423 perpetua,
1332 4356 1421 4423 qui
1449 4356 1611 4411 vitam
1652 4357 1867 4413 humani

280 4447 515 4513 generis,
549 4460 641 4512 pro
671 4445 825 4500 nobis
854 4446 985 4500 Filio
1018 4455 1106 4502 tuo
1136 4445 1417 4512 moriente,
1447 4449 1703 4515 salvasti;
1737 4465 1871 4518 prm-

281 4546 361 4590 sta
388 4544 444 4589 ut
474 4536 525 4590 in
559 4536 655 4591 hac
680 4538 861 4607 populi
912 4538 986 4593 tui
1017 4538 1308 4596 devotione
1355 4536 1558 4594 fructus
1592 4545 1871 4610 proveniat

279 4627 615 4699 gaudiorum.
648 4628 821 4696 Quod.

673 4717 906 4773 Collectio
930 4724 1041 4784 post
1058 4721 1465 4779 communionem.

353 4798 772 4863 Immortalttatis
830 4799 1139 4861 alimoniam
1186 4804 1479 4869 consecuti,
1531 4820 1861 4877 quassamus,

282 4890 530 4960 Domine,
582 4901 637 4947 ut
665 4891 807 4961 quod
830 4907 923 4949 ore
972 4894 1308 4964 percepimus
1356 4904 1537 4961 menta
1570 4907 1861 4965 sectemur.

283 4982 383 5037 Per
416 4983 719 5053 Dominum.

834 5053 1072 5106 Collectio
1092 5056 1331 5118 sequitur.

354 5156 694 5226 Repleamur,
721 5157 965 5224 Domine,
997 5159 1163 5231 gratia
1200 5163 1439 5219 muneris
1464 5166 1622 5237 sacri,
1665 5172 1723 5223 ut
1744 5180 1862 5237 qua

279 5257 434 5316 gustu
467 5263 727 5321 corporeo
752 5249 927 5303 dulcia
952 5252 1186 5305 venerati
1210 5255 1595 5324 contingimus,
1624 5254 1861 5313 dulciora

279 5342 550 5397 mentibus
578 5345 890 5397 sentiamus.
928 5345 1025 5397 Per
1064 5359 1208 5401 eum.

598 5434 766 5491 XXX.
810 5451 957 5507 iussa
989 5449 1265 5495 essemus
1296 5453 1345 5492 tv
1373 5456 1548 5501 FEItlA.

312 5525 475 5615 ξω
506 5525 669 5603 Deus,
682 5531 767 5600 qui
789 5530 1040 5603 populum
1062 5536 1208 5581 tuum
1226 5544 1379 5585 sacro
1392 5530 1625 5603 Iordane
1643 5533 1857 5607 flumine

278 5627 573 5683 transacto,
630 5629 823 5674 terram
874 5636 976 5674 tua:
1016 5620 1187 5675 fecisti
1220 5624 1589 5691 promissionis
1636 5625 1854 5695 intrare,

276 5711 532 5777 concede,
566 5728 894 5779 qumsumus,
927 5722 983 5765 ut
1010 5720 1064 5765 et
1092 5727 1187 5765 nos
1210 5728 1421 5781 quoque
1449 5714 1733 5779 Maiestatis
1758 5702 1860 5773 tua:

280 5802 518 5871 revelato
541 5802 820 5873 mysterio,
836 5803 1015 5859 divina
1036 5818 1252 5873 semper
1272 5803 1527 5860 beneficia
1550 5806 1857 5862 sentiamus.

278 5892 386 5949 Per
406 5894 705 5950 Dominum.

1255 372 1345 428 DE
1384 371 1713 431 LITURGIA
1752 372 2139 434 CALLICANA
2184 379 2390 436 LIBER
2427 380 2516 437 III.

1896 498 1947 557 A

3446 379 3554 441 δτι

2539 499 2709 551 Oratio
2731 513 2965 564 sequens.

2047 582 2238 639 Annua
2259 583 2436 651 nobis,
2456 599 2784 655 quaesumus,
2816 583 3060 649 Domine,
3118 592 3176 639 ut
3202 582 3550 653 quomquo-

1973 673 2099 730 ὀίω)
2129 677 2380 745 mysteria
2430 676 2853 733 Resurrectionis
2875 676 3085 732 Domini
3104 676 3277 731 nostri
3298 673 3423 733 ,ιωα
3445 676 3553 730 sol.-

1977 768 2170 824 lemnia
2201 770 2447 833 colimus,
2482 771 2552 824 ita
2585 781 2637 825 et
2659 769 2711 824 in
2739 772 2973 826 adventu
3019 768 3137 839 ejus
3163 768 3407 838 gaudere
3426 784 3548 831 ωμι

1974 861 2185 918 Sanctis
2210 854 2463 919 munibus
2490 878 2809 920 mereamur.
2846 861 2946 916 Per
2970 862 3274 918 Dominum.

2560 955 2798 1006 Collectio
2819 960 2963 1007 nunc.

2046 1040 2227 1110 Agnus
2256 1040 2369 1105 Dei,
2399 1040 2485 1111 qui
2516 1041 2658 1098 tollis
2690 1048 2967 1106 peccatum
3002 1038 3209 1107 mundi,
3237 1036 3445 1107 respice
3496 1051 3553 1090 tn

1976 1146 2090 1198 nos,
2123 1141 2177 1187 et
2209 1132 2467 1188 miserere
2486 1133 2657 1197 nobis,
2691 1132 2860 1187 factus
2891 1131 3003 1200 ipse
3035 1131 3210 1185 hostia
3234 1129 3323 1200 qui
3363 1127 3552 1184 Sacer-

1975 1223 2092 1284 dos.
2124 1224 2236 1292 ipse
2265 1226 2537 1292 prandium
2557 1225 2645 1293 qui
2674 1225 2997 1293 Redemptor
3026 1240 3042 1275 ι
3073 1238 3101 1275 a
3127 1221 3284 1277 malis
3304 1219 3554 1276 omnibus

1975 1331 2111 1386 quos
2142 1316 2436 1384 redemisti,
2462 1316 2699 1384 enatodi,
2726 1316 2971 1371 Salvator
2997 1315 3200 1373 mundi.

2650 1407 2771 1459 Item
2793 1408 2901 1457 alia.

2045 1514 2353 1584 Subiectum
2386 1514 2479 1568 tibi
2510 1513 2782 1583 populum,
2835 1514 3075 1577 Domine,
3111 1511 3416 1581 propitiatio
3443 1525 3548 1566 car-

1978 1608 2125 1662 lestis
2152 1605 2465 1676 amplificet;
2490 1614 2546 1661 et
2572 1608 2677 1659 tuis
2705 1621 2917 1665 semper
2945 1606 3101 1660 faciat
3126 1602 3557 1661 serviremanda-

1977 1700 2063 1755 tis.
2097 1700 2198 1753 Per
2221 1700 2524 1754 Dominum.

2458 1790 2726 1843 Immolatio
2751 1804 2880 1841 nunc
2900 1794 3078 1840 missae.

2878 1874 2972 1929 tibi
3023 1888 3236 1942 semper
3289 1871 3475 1928 Iaudes
3504 1878 3559 1927 et

1978 1970 2179 2036 gratias
2209 1983 2390 2038 agere,
2423 1968 2763 2035 omnipotens
2792 1967 3116 2034 sempiterne
3141 1964 3303 2027 Deus,
3341 1977 3437 2033 per
3468 1962 3560 2017 .Ie-

1978 2079 2095 2119 sum
2117 2063 2389 2119 Christum
2423 2062 2611 2117 Filium
2641 2072 2787 2115 tuum
2827 2062 3106 2115 Dominqu
3140 2068 3402 2114 nostrum.
3450 2057 3559 2124 Qui

1977 2158 2113 2213 sicut
2134 2158 2253 2217 uvis
2272 2156 2339 2212 ad
2369 2158 2689 2211 occisionem
2724 2171 2819 2224 pro
2852 2155 3005 2209 nobis
3034 2154 3228 2209 ductus
3254 2161 3365 2217 est,
3421 2160 3477 2206 et
3506 2158 3560 2204 ut

1977 2264 2145 2321 agnus
2173 2265 2352 2307 coram
2380 2251 2654 2316 tondente,
2688 2249 2766 2303 sic
2800 2262 2901 2302 non
2925 2247 3134 2315 aperuit
3162 2260 3223 2299 os
3252 2260 3431 2300 suum.
3467 2243 3559 2299 Hic
3622 2240 3629 2245 ’

1976 2342 2119 2399 enim
2146 2351 2230 2397 est
2252 2342 2435 2410 Agnus
2464 2341 2575 2402 Dei,
2610 2338 2911 2409 unigenitus
2952 2337 3116 2395 Filius
3147 2347 3291 2402 tuus,
3340 2337 3426 2404 qui
3461 2335 3559 2390 tol-

1982 2438 2046 2491 lit
2072 2445 2347 2502 peccatum
2381 2434 2562 2490 mundi
2588 2452 2601 2501 ;
2630 2436 2717 2503 qui
2746 2449 2802 2487 se
2839 2449 2935 2503 pro
2959 2433 3110 2486 nobis
3159 2430 3429 2486 offerendo
3455 2444 3557 2484 non

1976 2526 2193 2589 desinit,
2228 2541 2427 2595 nosque
2475 2525 2615 2595 apud
2646 2536 2697 2580 te
2724 2535 2979 2594 perpetua
3006 2522 3352 2578 advocatione
3380 2520 3561 2576 defen-

1982 2620 2060 2679 dit
2093 2640 2105 2675 :
2139 2622 2259 2693 quia
2290 2635 2581 2690 numquam
2612 2624 2836 2675 moritur
2861 2620 3183 2681 immolatus,
3214 2614 3307 2669 sed
3353 2630 3558 2682 semper
3658 2620 3661 2623 '

1976 2717 2106 2771 vivit
2147 2714 2371 2771 occisus.
2429 2713 2631 2769 Pascha
2672 2715 2813 2768 enim
2849 2720 3092 2766 nostrum
3127 2710 3431 2763 immolatus
3482 2715 3559 2762 est

1973 2812 2251 2879 Christus;
2288 2821 2345 2868 ut
2379 2813 2487 2882 jam
2512 2827 2616 2865 non
2647 2810 2700 2864 in
2750 2812 3008 2865 fermento
3054 2805 3244 2870 veteri,
3292 2818 3463 2872 neque
3505 2803 3557 2855 in

1973 2905 2260 2961 carnalium
2296 2903 2552 2971 sanguine
2583 2901 2941 2960 victimarum,
2997 2896 3088 2953 sed
3121 2896 3174 2951 in
3218 2893 3419 2965 azymis
3449 2893 3557 2946 sitt-

1975 2997 2217 3052 ccritatis
2242 3005 2300 3051 et
2330 2996 2571 3063 corporis
2602 2994 2842 3049 veritatis
2874 2989 3234 3045 immolemus.
3280 2986 3379 3041 Per
3407 2984 3558 3041 Chri-

1973 3100 2112 3146 stum
2175 3090 2453 3145 Dominutn
2516 3097 2777 3142 nostrum.
2860 3085 2960 3140 Per
3008 3097 3165 3151 quem
3232 3080 3558 3148 Maiestatem

1978 3192 2119 3239 tuam
2148 3182 2384 3237 laudant.

2514 3250 2800 3298 Benedictio
2824 3247 3010 3309 pepuli.

2046 3333 2228 3388 Faciat
2272 3346 2369 3387 vos
2404 3334 2541 3384 Deus
2574 3344 2726 3383 veros
2754 3344 2874 3382 esse
2907 3328 3044 3380 filios
3076 3325 3365 3389 Ecclesia;
3406 3322 3558 3390 ,mul-

1976 3424 2171 3495 tiplicet
2197 3441 2288 3475 Vos
2320 3425 2369 3476 in
2400 3424 2592 3475 timore
2619 3436 2736 3485 suo,
2762 3430 2815 3474 et
2837 3420 3107 3472 ahundare
3134 3418 3292 3471 faciat
3312 3418 3377 3469 ah
3402 3417 3560 3470 nher-

1975 3526 2084 3573 tate
2107 3517 2360 3572 rmlorum
2407 3517 2458 3568 in
2489 3516 2635 3568 omni
2686 3511 3007 3565 abundantia
3036 3508 3300 3563 sanitatis.
3329 3507 3555 3573 Repleat

1979 3628 2071 3667 vos
2094 3612 2342 3667 omnibus
2374 3609 2526 3664 bonis
2558 3618 2819 3662 terrarum
2870 3586 3191 3668 vestrarum,
3246 3603 3418 3670 copia,
3451 3598 3560 3653 fru-

1975 3711 2175 3769 mento,
2219 3701 2343 3755 vino
2373 3700 2597 3770 repleat,
2653 3706 2706 3753 et
2734 3697 2854 3752 oleo
2878 3693 3175 3750 sanctitatis
3202 3694 3435 3749 laetificet
3464 3707 3560 3747 vos

1974 3794 2025 3848 in
2056 3795 2198 3858 filiis,
2232 3791 2492 3846 exhilaret
2519 3790 2573 3844 in
2602 3787 2836 3855 familiis,
2891 3796 2946 3841 et
2995 3784 3269 3840 abundare
3299 3782 3456 3838 faciat
3506 3786 3556 3837 in

1973 3886 2175 3939 amicis.
2209 3884 2308 3938 Per
2334 3883 2489 3937 Dom.

2493 3973 2612 4025 Post
2631 3976 3035 4024 communionem.
3270 4018 3271 4021 η

2046 4058 2299 4128 Spiritum
2331 4058 2506 4125 nobis,
2534 4056 2783 4125 Domine,
2808 4065 2913 4109 tua:
2954 4053 3193 4109 caritatis
3220 4050 3465 4116 infunde,
3504 4058 3560 4104 ut

1974 4168 2106 4222 quos
2137 4166 2243 4206 uno
2295 4150 2495 4215 caalesti
2554 4161 2689 4217 pane
2738 4146 2961 4209 satiaSti,
3021 4158 3123 4199 una
3155 4142 3322 4199 facias
3361 4142 3560 4214 pietate

1973 4224 2287 4311 concordes.
2321 4240 2424 4298 Per
2456 4240 2607 4299 Dom.

2369 4351 2564 4407 XXXI.
2605 4368 2729 4411 trait
2766 4366 2913 4405 IISSA
2933 4365 2965 4404 ν
2987 4362 3170 4405 mus.

2044 4466 2224 4538 37o.
2270 4464 2394 4529 Fac,
2423 4462 2726 4518 misericors
2757 4462 2924 4527 Deus,
2957 4471 3012 4514 ut
3044 4459 3187 4531 quod
3220 4460 3558 4528 paschalibus

1975 4561 2309 4615 celebramus
2335 4556 2525 4613 ofliciis
2575 4555 2905 4610 fructiferum
2961 4552 3114 4607 nobis
3145 4553 3287 4606 omni
3321 4561 3560 4620 tempore

1900 4662 1947 4731 ι)
1972 4651 2285 4707 sentiamus.
2316 4647 2417 4703 Per
2448 4647 2600 4702 Dom.

2598 4736 2723 4785 Item
2747 4735 2989 4784 collectio.
3485 4758 3509 4788 .

2043 4822 2476 4878 Benedictionem
2511 4829 2674 4881 tuam,
2722 4831 3025 4884 quaesumus
3048 4856 3064 4880 ,
3118 4815 3358 4877 Domine,
3391 4828 3557 4869 sacrae

1968 4918 2108 4990 plebi
2138 4919 2351 4985 cupiosa
2384 4915 2577 4984 pietate
2609 4914 2823 4983 largire,
2864 4925 2982 4980 quae
3006 4925 3098 4981 per
3123 4919 3266 4964 tuam
3305 4908 3397 4963 tibi
3428 4923 3554 4979 gra-

1968 5009 2094 5063 tiam
2126 5022 2339 5070 semper
2361 5003 2615 5061 reddatur
2640 5014 2878 5073 accepta.

2557 5116 2681 5168 Item
2707 5117 2801 5167 alia
2823 5117 3038 5169 collectic

2040 5232 2200 5290 Deus,
2231 5238 2320 5293 qui
2349 5223 2598 5295 populum
2644 5234 2746 5277 tum
2772 5222 2943 5279 fecisti
2968 5222 3355 5293 redemptionis
3388 5224 3549 5291 parti-

1965 5320 2160 5385 cipem.
2185 5315 2419 5372 concede
2448 5317 2622 5382 nobis,
2656 5333 2983 5387 quaesumus,
3038 5324 3175 5370 utet
3198 5315 3548 5371 resurrectio—

1965 5410 2049 5463 nis
2069 5408 2348 5463 dominicaa
2379 5408 2429 5461 in
2464 5417 2716 5477 perpetuo
2741 5408 3054 5477 gratuletur.
3082 5407 3182 5460 Per
3210 5406 3365 5460 Dom.

2555 5518 2789 5571 Collectio
2812 5522 3053 5583 sequitur.

2040 5627 2245 5687 Fannii
2271 5629 2369 5694 tui,
2399 5626 2644 5691 Domine,
2697 5626 2905 5695 quiad
2959 5638 3105 5679 tuam
3151 5636 3275 5681 sunt
3327 5628 3547 5695 gratum

1966 5723 2160 5785 vocati,
2197 5732 2287 5773 tuo
2310 5720 2675 5774 indesinenter
2703 5727 3051 5788 protegantur
3080 5720 3296 5786 auxilio,
3348 5730 3403 5772 ut
3458 5720 3547 5787 qui
3638 5780 3643 5783 _

1969 5812 2149 5867 divino
2173 5821 2293 5865 sunt
2327 5815 2587 5881 baptismo
2618 5812 2914 5880 regenerati
2967 5827 3251 5882 numquam
3278 5825 3308 5864 a
3357 5811 3429 5865 tui
3458 5804 3553 5865 re-'

1971 5904 2059 5972 gni
2090 5904 2318 5970 potentia
2344 5904 2540 5969 possint
2576 5902 2750 5956 evelli.
2782 5900 2885 5956 Per
2915 5903 3069 5957 Dom.
