4060 6346
520 344 628 405 575

1139 429 1406 501 Immolatio
1428 462 1572 500 nunc.

588 561 819 632 Dignum
840 564 896 616 et
921 559 1121 630 justum
1153 566 1236 613 est
1259 572 1357 612 nos
1389 555 1483 611 tibi
1528 554 1726 626 gratias
1762 569 1943 628 agere,
1973 569 2100 611 san-

514 663 602 711 cte
631 657 812 718 Pater,
834 651 1196 722 omnipotens,
1219 659 1420 705 :eterne
1439 649 1601 716 Deus,
1635 663 1729 719 per
1753 647 1936 704 Jesutn
1954 648 2100 704 Chri-

517 757 658 804 stum
708 746 900 801 Filium
961 754 1108 799 tuum
1167 744 1448 798 Dominum
1481 751 1745 808 nostrum,
1795 757 1953 808 quem
2004 757 2100 812 pro

517 842 674 897 nobis
712 840 960 896 omnibus
989 838 1126 893 tradi
1184 839 1409 892 hostiam
1441 837 1674 892 voluisti.
1725 837 1770 890 Ο
1799 837 1931 891 mira
1957 839 2099 892 circa

519 947 615 986 nos
644 929 852 1001 pietatis
874 938 977 984 tua:
1003 927 1274 998 dignatio!
1331 928 1375 981 Ο
1405 926 1688 982 ineﬂabilis
1713 925 1927 981 dilectio
1964 928 2102 982 cari-

519 1026 663 1089 tatis,
692 1033 753 1079 ut
780 1038 963 1079 servos
985 1022 1300 1088 redimeres,
1333 1019 1526 1076 Filium
1552 1019 1856 1074 tradidisti?
1884 1019 1928 1075 0
1954 1029 2101 1075 certe

518 1118 880 1172 necessarium
905 1116 1030 1170 Adae
1060 1126 1360 1186 peccatum,
1407 1113 1548 1183 quod
1577 1112 1778 1168 Christi
1807 1125 1978 1170 morte
2004 1114 2100 1170 de-

515 1224 677 1268 ietum
710 1213 821 1267 est!
853 1209 896 1265 Ο
923 1209 1131 1264 Iidelem
1183 1207 1412 1280 [Forsan
1441 1205 1672 1278 felicem}
1709 1210 1941 1278 culpam,
1981 1224 2100 1278 qua:

515 1305 673 1359 talem
696 1319 758 1358 ac
785 1311 988 1357 tantum
1014 1301 1210 1357 meruit
1241 1301 1438 1356 habere
1469 1300 1878 1368 Redemptorem
1899 1301 1914 1354 l
1937 1299 2100 1354 Num-

512 1411 666 1464 quam
702 1395 843 1448 enim
894 1402 1090 1463 quanta
1131 1393 1273 1446 circa
1319 1406 1416 1445 nos
1471 1392 1684 1461 pietatis
1727 1399 1834 1445 tua:
1883 1390 2100 1445 dilectio

512 1496 674 1551 esset,
706 1499 1145 1555 agnosceremns,
1173 1482 1272 1537 nisi
1299 1498 1363 1538 ex
1397 1493 1567 1538 morte
1599 1482 1740 1536 unici
1766 1493 1824 1536 et
1845 1483 2097 1537 coaeterni

511 1575 634 1629 Filii
667 1577 739 1629 tui
787 1574 997 1628 Domini
1027 1589 1088 1628 ac
1124 1572 1214 1628 Dei
1248 1575 1414 1629 nostri
1445 1573 1573 1629 Jesu
1613 1574 1814 1629 Christi
1843 1576 2096 1644 probare-

513 1684 652 1722 mus.
689 1667 865 1722 Vincit
896 1665 1150 1720 malitiam
1183 1667 1379 1722 diaboli
1405 1667 1572 1737 pietas
1595 1675 1701 1721 tum
1731 1667 2054 1736 dignationis
2083 1685 2098 1734 ;

511 1761 633 1829 quia
660 1760 744 1814 ubi
768 1758 1053 1813 abundavit
1087 1768 1384 1826 peccatum,
1417 1759 1867 1828 superabundavit
1885 1771 1942 1834 et
1970 1775 2094 1830 gra-

1173 337 1517 397 APPENDIX
1558 337 1651 394 AD
1685 335 1913 394 OPERA
1955 337 2201 398 SANC'I'I
2238 342 2549 399 GERMANI
2590 341 3033 400 PARISIENSIS.

3687 352 3818 406 376

2132 455 2187 516 Α
2211 463 2410 512 aeterne
2440 457 2601 523 Deus,
2632 456 2741 512 Rex
2771 459 3041 527 omnium,
3075 460 3437 518 sanctiﬁcator
3465 473 3520 518 et
3549 466 3826 519 cond-tur

2205 549 2420 616 generis
2449 549 2682 602 humani.
2713 549 2811 617 Qui
2842 549 2976 605 Filio
3005 560 3180 607 tecum
3212 563 3413 608 aeterna
3440 555 3695 610 claritate
3724 572 3826 611 τεο

2205 649 2422 708 gnante,
2452 654 2573 694 cum
2601 639 2668 694 de
2696 641 2854 696 nullis
2876 643 3207 698 exstantibus
3227 656 3415 701 cuncta
3448 649 3818 718 protulisscs,

2207 731 2478 786 hominem
2513 732 2684 786 limosi
2729 735 2959 802 pulveris
3002 737 3168 792 initiis
3218 739 3525 795 inchoatum
3578 742 3648 794 ad
3681 757 3822 810 ape-

2205 823 2342 878 ciem
2375 825 2447 878 tui
2480 825 2685 878 decoris
2715 828 2955 880 animasti
2976 869 2990 894 ,
3041 845 3271 900 eumque
3299 833 3518 886 credula
3566 849 3821 902 persua-

2205 914 2356 969 sione
2385 915 2662 986 deceptum
2711 932 2964 987 reparare
3000 923 3250 989 voluisti;
3297 925 3558 993 spiritalis
3609 926 3821 994 gratim

2205 1020 2405 1063 aeterna
2435 1011 2681 1080 suﬂragia
2712 1012 2862 1067 mitte
2887 1015 3041 1069 nobis
3071 1031 3164 1085 per
3191 1016 3372 1072 Jesum
3407 1019 3689 1073 Christum
3719 1020 3818 1074 Fi-

2208 1101 2334 1156 lium
2369 1113 2513 1156 tuum
2541 1104 2819 1158 Dominum
2855 1115 3118 1161 nostrum.
3148 1106 3246 1173 Qui
3286 1118 3528 1163 mortuus
3553 1122 3637 1164 est
3674 1126 3815 1177 pro—

2206 1204 2321 1262 pter
2373 1204 2586 1262 peccata
2629 1205 2840 1262 nostra,
2883 1207 2936 1252 et
2963 1201 3255 1253 resurrexit
3286 1201 3819 1270 propterjustitiea-

2205 1285 2404 1340 tionem
2432 1297 2687 1341 nostram.
2719 1287 3010 1358 Propterea
3039 1306 3160 1348 cum
3199 1293 3398 1363 angelis
3421 1301 3476 1348 et
3499 1293 3814 1366 archange-

2204 1379 2270 1434 Iis
2310 1395 2416 1434 non
2450 1394 2722 1437 cessamus
2751 1383 3004 1438 clamare.

2758 1475 3045 1527 Benedictio
3068 1477 3248 1540 populi.

2277 1557 2562 1614 Beuedicat
2579 1574 2672 1614 vos
2695 1559 2968 1627 Dominus,
2993 1571 3044 1616 et
3060 1563 3326 1617 custodiat
3349 1577 3582 1634 semper.
3601 1564 3808 1620 Osten-

2202 1650 2293 1704 dat
2322 1650 2575 1705 Dominus
2605 1652 2794 1707 faciam
2825 1667 2976 1707 suam
3005 1669 3169 1724 super
3213 1671 3341 1725 vos,
3389 1667 3445 1712 et
3473 1659 3818 1715 misereatur

2202 1742 2385 1797 vestri.
2417 1743 2712 1798 Convertat
2755 1744 3020 1799 Dominus
3045 1747 3248 1803 vultum
3284 1765 3438 1804 suum
3479 1749 3548 1804 ad
3581 1766 3723 1818 vos,
3756 1757 3817 1808 et

512 1852 605 1905 tia.
658 1850 762 1906 Sed
795 1851 915 1920 plus
939 1850 1097 1904 nobis
1126 1862 1210 1904 tua
1268 1850 1635 1906 misericordia
1667 1832 1899 1908 reddidit
1939 1870 2095 1924 quam
2127 1862 2176 1924 Β
2201 1832 2292 1889 de‘
2318 1834 2469 1890 “bis
2493 1851 2701 1904 pacem-
2747 1837 2848 1891 per
2880 1838 3186 1894 Dominum“

511 1941 717 1996 invidus
747 1942 992 1996 inimicus
1023 1942 1335 1996 abstulerat.
1402 1943 1496 1998 Ille
1545 1945 1848 2013 paradisqu
1880 1948 2094 2015 invidit,

513 2042 569 2087 tu
591 2036 748 2088 caelos
771 2034 1010 2098 donasti;
1043 2033 1133 2087 ille
1162 2045 1388 2088 mortem
1431 2038 1778 2106 temporalem
1809 2037 2013 2106 intulit,
2049 2049 2101 2094 tu

513 2125 673 2178 vitam
695 2136 998 2196 perpetuam
1026 2127 1278 2182 tribuisti.
1299 2128 1586 2198 Propterea
1609 2128 1843 2200 profusis
1865 2132 2096 2202 gaudiis,

511 2227 654 2274 totus
693 2221 742 2272 in
776 2224 904 2276 orbe
937 2231 1197 2278 terrarum
1232 2226 1463 2279 mundus
1485 2229 1713 2284 exultat.
1771 2231 1878 2286 Sed
1907 2239 1963 2284 et
2011 2246 2103 2286 su-

510 2327 691 2381 perum
717 2315 1003 2371 concinunt
1031 2316 1332 2374 Potestates
1361 2319 1616 2387 hymnum
1647 2321 1830 2391 gloriae
1859 2333 1961 2380 tua:
1987 2324 2102 2381 sine

510 2408 616 2462 line
643 2407 901 2463 dicentes.

1057 2502 1341 2554 Benedictio
1364 2505 1546 2568 populi.

582 2610 830 2672 tit-neazc,
865 2606 1110 2670 Domine,
1144 2607 1242 2660 hos
1266 2610 1487 2678 populos
1516 2619 1660 2678 tuos,
1705 2612 1975 2682 reSpectui
2008 2620 2099 2671 tuo

419 2735 422 2739 .
509 2712 566 2752 se
594 2698 819 2767 supplici
847 2701 1088 2752 oratione
1113 2710 1425 2756 curvantes.
1471 2701 1574 2758 Fac
1603 2715 1728 2760 ante
1749 2715 2098 2775 conspectum

507 2799 656 2844 tuum
687 2803 803 2842 cum
826 2790 1032 2859 justitia
1064 2793 1280 2858 vivere;
1326 2795 1369 2846 si
1394 2808 1553 2851 secus
1576 2797 1806 2867 egerint,
1833 2799 2095 2868 judicare.

506 2879 704 2935 Tribue
731 2882 830 2945 eis,
867 2883 1110 2950 Domine,
1142 2884 1193 2937 in
1241 2885 1345 2939 tide
1373 2888 1742 2944 credulitatem
1771 2933 1785 2957 ,
1840 2892 1891 2945 in
1916 2893 2098 2950 labore

508 2974 774 3041 virtutem,
807 2974 860 3029 iu
886 2975 1074 3030 aﬂectu
1105 2977 1467 3044 devotionem,
1520 2981 1570 3034 in
1599 2992 1721 3036 actu
1755 2986 2081 3052 prosperita-

507 3074 637 3130 tem,
671 3066 722 3118 in
745 3067 883 3120 victu
909 3067 1303 3131 abundantiam,
1337 3069 1389 3123 in
1423 3084 1550 3136 pace
1574 3071 1835 3140 laetitiam,
1871 3075 1924 3128 in
1953 3089 2088 3131 con-

507 3157 805 3212 versatione
832 3158 1076 3227 gratiam,
1131 3158 1183 3212 in
1211 3158 1496 3216 luctatione
1520 3160 1822 3218 victoriam.
1850 3163 1952 3221 Per
1983 3165 2093 3220 Do-

509 3262 731 3301 mtnum.

697 3340 908 3396 XXXII.
953 3357 1076 3398 trsu
1116 3359 1262 3400 ηειδελ
1303 3360 1584 3401 PASCIIALIS
1622 3362 1674 3402 v1
1713 3363 1892 3405 FERIA.

577 3455 734 3527 371
765 3456 932 3523 Deus,
961 3458 1052 3527 qui
1085 3473 1176 3528 per
1214 3458 1550 3530 Unigenitum
1585 3471 1732 3517 tuum
1771 3463 2094 3521 aeternitatis

505 3551 660 3605 nobis
706 3551 935 3618 aditum,
989 3553 1196 3607 devicta
1237 3563 1445 3621 morte,
1479 3556 1764 3622 reserasti,
1794 3556 1861 3612 da
1901 3559 2090 3627 nobis,

508 3659 838 3714 qumsumus,
882 3655 937 3700 ut
963 3647 1051 3716 qui
1083 3646 1509 3702 ltesurrectionis
1536 3647 1826 3704 Dominica
1868 3648 2092 3704 sollem-

512 3738 600 3791 nia
627 3737 848 3793 colimus
869 3777 885 3806 ,
920 3753 1013 3807 per
1048 3740 1437 3797 invocationem
1483 3742 1558 3797 tui
1605 3741 1830 3812 Spiritus
1857 3755 1888 3798 a
1918 3753 2153 3823 mort;0

507 3831 701 3886 anima:
730 3847 1090 3901 resurgamus.
1118 3833 1218 3889 Per
1247 3835 1401 3890 Dom.

1107 3946 1230 3996 Item
1255 3946 1500 3999 collectio.

581 4051 741 4121 tteus,
771 4065 866 4120 per
889 4067 1046 4124 quem
1079 4053 1230 4110 nobis
1257 4055 1556 4128 redemptio
1582 4066 1868 4129 praestatur
1887 4067 1942 4117 et
1961 4062 2092 4117 ado-

503 4145 636 4214 ptio,
659 4147 805 4216 erige
837 4148 901 4201 ad
927 4157 977 4203 te
1003 4158 1214 4204 tuorum
1245 4153 1404 4206 corda
1434 4152 1790 4224 credentium,
1826 4164 1884 4210 ut
1904 4170 2092 4213 omnes

505 4243 802 4310 regenerati
850 4256 1005 4298 sacro
1053 4245 1396 4314 baptismate,
1449 4250 1864 4318 adprehendam
1909 4261 2093 4310 mente

505 4338 646 4409 quod
674 4340 940 4411 mysteriis
969 4353 1341 4413 susceperunt.
1384 4342 1509 4400 Per.

1157 4460 1409 4515 Collectio.

573 4563 857 4632 Conﬁrma,
890 4564 1131 4636 Domine,
1164 4565 1390 4623 famulos
1421 4579 1575 4637 tuos,
1605 4585 1742 4643 quos
1771 4587 1838 4628 ex
1864 4587 2002 4645 aqua
2035 4583 2091 4632 et

504 4656 704 4726 Spiritu
731 4668 914 4714 sancto
950 4661 1208 4730 prapitius
1235 4663 1531 4730 redemisti,
1560 4674 1620 4720 ut
1648 4677 1886 4723 veterem
1911 4667 2081 4723 homi-
2120 4671 2175 4733 D
2196 4695 2244 4752 ci

501 4767 622 4807 nem
652 4767 773 4807 cum
801 4754 914 4808 suis
942 4756 1238 4811 aetionibus
1265 4759 1595 4826 deponentes
1617 4804 1631 4829 ,
1673 4761 1726 4815 in
1756 4761 1925 4831 ipsius
1957 4778 2090 4818 con-

503 4848 802 4902 versatione
830 4848 1094 4915 vivamus,
1125 4851 1190 4904 ad
1227 4851 1379 4921 cujus
1429 4854 1785 4914 substantiam
1834 4873 1930 4928 per
1971 4859 2088 4917 htec

503 4938 778 4994 Paschalia
808 4945 1063 5012 mySteria
1104 4947 1439 5005 transtulisti.
1473 4949 1594 5008 Per.
1773 4952 1778 4957 ’

1047 5055 1170 5107 Item
1195 5059 1285 5108 alia
1308 5061 1553 5114 collectio.

569 5158 848 5225 Concede,
875 5172 1214 5230 quaesumus,
1257 5167 1595 5238 omnipotens
1628 5171 1768 5229 Deus
1793 5216 1808 5242 ,
1862 5183 1922 5230 ut
1949 5176 2084 5233 festa

498 5247 796 5317 Paschalia,
830 5265 951 5320 qua
975 5251 1259 5312 devotione
1279 5258 1526 5323 colimus,
1555 5262 1794 5321 moribus
1822 5281 2085 5338 exsequa—

497 5355 637 5398 mur.
683 5342 807 5400 Per.

1153 5419 1441 5473 Immolatio.

569 5494 798 5564 Dignum
826 5508 883 5557 et
904 5499 1111 5571 justum
1140 5515 1242 5563 est.
1273 5506 1412 5564 Vere
1441 5507 1659 5578 dignum
1686 5518 1741 5566 et
1762 5511 1965 5582 justum
2000 5521 2083 5570 est

499 5601 598 5643 nos
628 5588 721 5644 tibi
749 5593 950 5661 gratias
986 5611 1179 5668 agere,
1229 5609 1412 5657 sancte
1462 5601 1648 5670 Pater,
1701 5605 2075 5675 omnipotens,

484 5745 840 5835 mf‘gSimilis
882 5752 1060 5835 etiarn
1081 5755 1135 5809 in
1161 5755 1414 5835 Catiiico,
1456 5757 1632 5835 Hodie
1682 5776 1895 5835 quoque
1939 5768 2078 5835 apud

502 5814 858 5904 Mediolanum
883 5831 992 5879 tota
1021 5825 1242 5884 Pascha
1272 5814 1920 5904 hebdomadaimijssajpro
1940 5814 2082 5895 ἶῖοόῖ

499 5889 679 5958 pliytis
710 5893 1028 5950 celebratur.

2712 1929 2827 1980 Post
2851 1933 3262 1983 communionem.

2275 2009 2474 2066 Prmsta
2519 2012 2694 2078 nobis,
2735 2015 3075 2083 omnipotens
3106 2018 3277 2085 Deus,
3319 2026 3379 2072 ut
3406 2018 3801 2074 vivificationis

2205 2109 2307 2158 tuae
2337 2103 2564 2172 gratiam
2615 2117 3040 2177 consequentes,
3071 2109 3123 2164 in
3165 2120 3257 2166 tuo
3298 2125 3512 2182 semper
3568 2127 3812 2170 munere

2203 2193 2518 2264 gloriemur.
2558 2195 2683 2251 Per.

2861 2288 3116 2342 Collectio.

2274 2392 2642 2463 Sacramenta,
2671 2411 2793 2468 quae
2822 2399 3169 2469 sumpsimus,
3197 2400 3452 2473 Domine,
3497 2416 3552 2461 et
3581 2407 3807 2477 spirita-

2203 2483 2344 2539 libus
2368 2500 2467 2541 nos
2489 2489 2711 2557 expient
2734 2487 3025 2555 alimentis,
3058 2500 3106 2546 et
3139 2494 3507 2564 corporalibus
3538 2507 3802 2554 tueantur

2203 2577 2441 2635 auxiliis.
2471 2579 2574 2636 Per
2614 2581 2767 2638 Dom.

2242 2691 2484 2749 XXXIII.
2537 2712 2686 2752 mssa
2726 2713 3083 2754 lucrm/tus
3119 2717 3220 2756 rsn
3257 2719 3436 2759 'rorttu
3470 2714 3496 2742 ⁸
3523 2722 3773 2765 rascuau

2275 2779 2375 2818 PRO
2402 2782 2657 2823 PARVULIS
2684 2785 2771 2832 QUI
2803 2786 2994 2825 BENATI
3026 2788 3190 2841 SUNT,
3225 2791 3439 2829 IATURE
3475 2793 3731 2834 DICENDA.
3799 2837 3805 2846 ι

2279 2857 2440 2930 372
2477 2859 2649 2927 Deus,
2698 2865 2785 2931 qui
2829 2863 3110 2919 credentes
3150 2866 3202 2919 in
3251 2877 3300 2922 te
3347 2871 3572 2940 populos
3611 2873 3806 2942 gratia:

2205 2959 2310 3006 tute
2365 2955 2612 3025 largitate
2649 2957 3006 3027 multiplicas,
3041 2961 3252 3030 respice
3297 2963 3555 3032 propitius
3584 2967 3653 3018 ad
3685 2968 3804 3021 ele-

2204 3044 2442 3100 ctionem
2474 3054 2639 3126 tuam,
2680 3057 2739 3102 ut
2777 3050 2864 3118 qui
2894 3063 3048 3104 sacro
3077 3050 3395 3121 baptismate
3443 3065 3566 3109 sunt
3598 3060 3800 3126 renati,

2203 3138 2350 3206 regni
2382 3123 2614 3193 caelestis
2661 3151 2967 3198 mereantur
3005 3144 3306 3200 introitum.
3355 3145 3456 3202 Per
3501 3149 3794 3206 Dominum

2201 3236 2468 3284 nostrum.

2284 3317 2450 3369 Oratio
2472 3333 2624 3385 super
2650 3336 2855 3375 munera
2881 3327 2930 3375 in
2954 3328 3034 3378 die
3059 3329 3255 3381 Sabbati
3284 3333 3417 3381 exita
3443 3333 3472 3372 b
3493 3333 3680 3385 Pascha

2269 3407 2493 3476 Adesto,
2529 3409 2774 3479 Domine,
2801 3417 3276 3485 supplicationibus
3306 3423 3522 3489 nostris,
3553 3433 3608 3479 et
3637 3428 3790 3482 obla-

2207 3499 2378 3555 tiones
2406 3500 2726 3559 famulorum
2762 3515 2994 3579 tuorum,
3024 3525 3155 3580 quas
3186 3513 3277 3567 tibi
3306 3514 3612 3584 offerimus,
3649 3524 3794 3578 diem

2202 3605 2524 3651 octavarum
2553 3613 2780 3655 suarum
2821 3602 3134 3672 spiritalium
3179 3607 3513 3666 celebrantes
3545 3617 3672 3685 (quo
3708 3617 3797 3674 die

2211 3701 2305 3742 eos
2334 3702 2489 3743 sacro
2520 3690 2670 3746 fonte
2706 3692 3038 3763 baptismatis
3065 3699 3271 3755 renasci
3311 3701 3541 3778 iussisti)
3571 3707 3796 3776 placitus

2199 3789 2264 3832 ac
2314 3779 2576 3851 benignus
2616 3782 2856 3840 adsume.

2681 3875 2947 3930 Immolatio
2967 3879 3050 3931 die
3071 3881 3290 3936 Sabbati.

2268 3951 2410 4010 Vere
2439 3955 2652 4026 dignum
2682 3968 2736 4014 et
2756 3959 2957 4030 justum
2988 3972 3071 4019 est
3097 3982 3112 4020 :
3136 3969 3258 4038 quia
3289 3984 3449 4027 verus
3475 3972 3565 4031 ille
3596 3975 3778 4049 Agnus

2197 4046 2288 4114 qui
2335 4062 2432 4117 pro
2472 4050 2626 4106 nobis
2653 4063 2731 4107 est
2771 4055 3102 4127 immolatus,
3145 4062 3499 4134 quimortem
3541 4046 3780 4129 nostram

2200 4139 2482 4195 moriendo
2526 4143 2824 4211 destruxit,
2872 4157 2928 4203 et
2969 4151 3128 4207 vitam
3171 4165 3408 4213 nostram
3455 4165 3785 4233 resurgendo

2197 4236 2471 4302 reparavit
2493 4235 2648 4292 Jesus
2672 4239 2916 4298 Christus
2944 4244 3200 4304 Dominus
3231 4259 3430 4307 noster.
3460 4252 3560 4309 Cui
3589 4271 3777 4315 omnes

2199 4329 2377 4398 angeli
2404 4339 2564 4400 atque
2600 4333 2910 4406 archangeli
2937 4336 3242 4399 incessabili
3270 4359 3402 4402 voce
3425 4349 3783 4422 proclamant,

2194 4418 2436 4478 dicentes
2461 4439 2476 4478 :
2507 4422 2758 4482 Sanctus.

2731 4520 3018 4575 Benedictio
3041 4527 3225 4588 pepuli.

2271 4597 2560 4657 Benedicat
2583 4617 2677 4661 vos
2704 4605 2844 4663 Dens
2869 4608 3027 4665 Pater
3053 4614 3414 4686 omnipotens,
3446 4620 3536 4690 qui
3557 4621 3611 4676 in
3639 4626 3783 4695 prin-

2251 4697 2337 4766 pio
2363 4708 2552 4754 cuncta
2583 4703 2802 4757 creavit.
2830 4703 3120 4763 Benedicat
3147 4725 3241 4765 vos
3268 4711 3455 4780 Filius,
3481 4719 3572 4787 qui
3605 4719 3672 4775 de
3693 4737 3782 4776 su-

2196 4802 2361 4857 perna
2395 4791 2522 4846 sede
2549 4808 2643 4862 pro
2674 4794 2827 4851 nobis
2858 4797 3124 4856 salvandis
3155 4803 3455 4863 descendit.
3490 4809 3781 4869 Benedicat

2193 4896 2290 4937 vos
2317 4882 2549 4955 Spiritus
2586 4898 2836 4956 sanctus,
2871 4892 2959 4961 qui
3010 4894 3060 4947 in
3091 4895 3336 4952 columba
3381 4899 3633 4960 Jordanis
3678 4906 3781 4961 ilu-

2191 4975 2339 5030 vium
2369 4976 2423 5032 in
2469 4977 2684 5034 Christo
2729 4981 3011 5052 requievit.
3045 4983 3164 5054 Ipse
3203 5003 3300 5043 vos
3327 4989 3380 5044 in
3417 4991 3682 5053 Trinitate
3713 5012 3780 5055 ac

2193 5069 2406 5128 Unitate
2451 5074 2781 5146 sanctiﬁcet,
2825 5093 2982 5148 queui
3030 5095 3220 5139 omnes
3265 5096 3451 5156 gentes
3483 5099 3773 5159 expectant

2187 5174 2469 5221 venturum
2507 5167 2750 5227 Judicem
2791 5172 2858 5226 ad
2895 5173 3263 5243 judicandutn.
3303 5179 3456 5248 Quod
3489 5182 3604 5254 ipse
3631 5198 3772 5255 prae-

2187 5266 2332 5314 stare
2371 5260 2639 5330 dignetur.

2578 5352 2812 5408 Collectio
2835 5365 2942 5421 post
2963 5365 3370 5416 communionem.

2260 5433 2480 5503 Praesta,
2514 5452 2841 5509 quaesumus,
2871 5443 3114 5514 Domine,
3142 5458 3200 5503 ut
3229 5458 3414 5505 sancta
3436 5466 3535 5509 nos
3562 5460 3652 5508 tua
3678 5469 3772 5511 ex-

2188 5529 2370 5601 pient,
2399 5529 2696 5602 dignosque
2725 5549 2936 5606 semper
2977 5553 3071 5596 sua
3099 5545 3440 5614 perceptione
3469 5545 3763 5614 perﬁciant.

2192 5625 2298 5681 Per
2327 5625 2627 5682 Dominum.

2259 5776 2375 5868 ξ
2398 5789 2485 5868 est
2500 5792 2726 5868 esennte
2750 5785 2974 5868 Pascha,
2997 5791 3200 5849 scilicet
3221 5792 3478 5864 Sabbato,
3506 5811 3626 5868 qua:
3645 5757 3760 5856 dies

2188 5857 2377 5906 octava
2405 5860 2522 5908 erat
2548 5854 2820 5925 baptismi.
