4060 6346
250 373 357 427 57⁸1

780 497 1012 552 Collectio
1029 506 1271 567 sequitur.

317 582 541 651 Adesto,
575 582 815 654 Domine,
849 585 989 642 Dens
1016 599 1221 656 noster,
1255 599 1312 647 ut
1337 607 1435 662 per
1478 592 1592 649 htec
1620 609 1737 664 quae
1771 595 1831 650 ﬁ-

245 675 442 731 deliter
472 679 818 748 sumpsimus,
850 690 904 736 et
931 698 1218 755 purgemur
1241 702 1270 740 a
1302 686 1445 742 vitiis
1471 729 1485 753 ,
1537 696 1593 745 et
1631 705 1660 744 a
1691 691 1833 761 peri-

245 770 381 824 culis
408 771 653 825 omnibus
680 787 960 829 exuamur.
994 775 1095 830 Per
1126 778 1275 833 Dom.

464 863 705 921 XXXIV.
747 883 895 924 IISSA
927 884 979 924 IN
1022 887 1218 927 PASCHA
1255 891 1341 929 DIE
1371 866 1609 932 sanet“.

321 956 462 1012 Deus
483 1001 497 1025 ,
531 961 620 1028 qui
653 975 750 1015 nos
789 963 1214 1021 Resurrectionis
1246 969 1526 1026 dominicae
1558 973 1834 1030 sollemni-

245 1056 359 1104 tate
405 1049 670 1118 lzetiﬁcas,
703 1057 934 1112 concede
967 1060 1258 1128 propitius,
1293 1071 1349 1116 ttt
1396 1079 1490 1132 per
1519 1069 1832 1135 temporalia

244 1139 388 1196 festa
419 1158 539 1211 qua:
583 1147 786 1216 agimus
827 1151 1104 1217 pervenire
1141 1152 1206 1207 ad
1251 1155 1442 1224 gaudia
1493 1167 1691 1214 {eterna
1721 1176 1834 1216 me-

241 1244 482 1288 reamur.

896 1311 1144 1364 Collectio.

316 1387 547 1455 Praesta,
570 1405 894 1459 quaesumus,
918 1398 1258 1466 omnipotens
1281 1400 1443 1468 Deus,
1469 1413 1524 1457 ut
1551 1404 1707 1474 hujus
1731 1406 1829 1462 Pa-

241 1480 445 1536 schalis
472 1483 630 1555 373
658 1486 956 1542 fe5tivitatis
999 1492 1240 1546 mirabile
1287 1495 1723 1563 Sacrameutum,
1775 1508 1828 1554 et

242 1579 594 1644 temporalem
637 1570 788 1635 nobis
819 1584 1258 1653 tranquillitatem
1308 1590 1530 1656 tribuat,
1583 1602 1634 1646 et
1665 1595 1823 1649 vitam

240 1671 488 1726 conferat
531 1675 929 1742 sempiternam.
966 1678 1067 1732 Per
1101 1680 1400 1736 Dominum.

765 1768 891 1819 Item
916 1772 1007 1820 alia
1026 1771 1268 1834 collectio.

313 1847 572 1922 Respice,
620 1867 958 1922 quaesumus,
995 1857 1236 1924 Domine,
1280 1869 1334 1914 et
1361 1871 1698 1929 peccatorum
1727 1881 1823 1920 no-

234 1950 474 1997 strorum
505 1945 750 2000 tenebras
777 1957 982 2017 averte,
1005 1958 1061 2003 ut
1087 1965 1218 2020 quos
1243 1963 1453 2008 exercet
1476 1955 1687 2011 devotio
1711 1961 1821 2014 sol-

241 2033 559 2104 lemnitatis,
589 2037 831 2094 inlustret
860 2040 1194 2096 sollemnitas
1230 2043 1328 2113 piae
1355 2045 1692 2116 cognitionis.
1719 2048 1821 2105 Per

233 2126 542 2184 Dominum.

818 2203 939 2254 Item
964 2205 1210 2258 collectio.

307 2282 468 2346 Deus,
496 2285 584 2354 qui
617 2285 669 2340 in
699 2286 1064 2344 sollemnttate
1093 2289 1334 2348 Paschali
1362 2296 1560 2350 mundo
1587 2297 1818 2353 remedia

229 2373 527 2443 contulisti,
557 2377 808 2447 populum
839 2388 986 2435 tuum
1011 2423 1025 2447 ,
1057 2397 1393 2454 quaesumus,
1436 2387 1638 2443 caelesti
1676 2389 1818 2445 dono

229 2479 577 2536 prosequere,
608 2475 664 2522 ut
685 2479 736 2525 et
765 2472 1064 2540 perfectam
1093 2475 1396 2532 libertatem
1427 2482 1679 2551 consequi
1706 2497 1818 2539 nte-

228 2570 431 2626 reatur,
458 2569 511 2616 et
536 2561 602 2616 ad
632 2564 791 2618 vitam
823 2567 1067 2634 proﬁciat
1092 2571 1487 2639 sempiternam.

661 2657 929 2708 fmmolatio
954 2664 1005 2711 in
1023 2661 1106 2711 die
1130 2656 1350 2715 Sabbati.

301 2739 524 2810 Dignum
549 2753 605 2798 et
628 2743 829 2814 justum
852 2755 954 2811 est,
982 2750 1341 2804 necessarium
1365 2760 1417 2807 et
1449 2753 1681 2809 salutare
1705 2763 1812 2822 est,

229 2844 389 2911 ut‘te
441 2837 720 2892 Dominum
767 2855 828 2894 ac
871 2831 1040 2896 Deum
1075 2844 1199 2897 totis
1247 2845 1541 2901 visceribus
1582 2849 1813 2903 humana

224 2927 465 2982 conditio
511 2941 836 2998 veneretur,
885 2932 996 2987 Rex
1049 2936 1313 2990 mirabilis
1366 2939 1599 2994 Christe.
1651 2938 1813 3011 Cujus

222 3023 675 3078 condemnatioue
704 3026 948 3079 tartareis
969 3027 1197 3082 vinculis
1220 3030 1459 3085 absoluta
1481 3032 1810 3090 credentium

223 3115 400 3191 turba,
437 3115 698 3172 libertatis
727 3118 957 3190 insignia
985 3122 1302 3193 gratulatur.
1333 3125 1434 3192 Qui
1465 3142 1589 3183 vere
1618 3138 1674 3182 ut
1701 3129 1810 3185 Leo

225 3209 296 3264 de
324 3211 463 3266 tribu
490 3212 621 3266 Juda
664 3215 863 3269 mundo
901 3225 1183 3283 ostensus,
1238 3221 1536 3276 animarum
1587 3223 1810 3279 devora-

220 3313 400 3360 torem
443 3306 734 3362 extinctum
767 3293 975 3375 leonem
1000 3311 1292 3391 .diabolum
1319 3317 1497 3370 omnis
1529 3325 1667 3372 terra
1714 3318 1806 3372 lte-
1831 3298 1877 3361 ο

220 3406 383 3454 tatur.
417 3399 686 3456 Permittis
731 3411 782 3458 te
820 3404 1089 3460 clavorum
1131 3409 1356 3463 nexibus
1400 3410 1706 3480 alligatum,
1740 3413 1808 3467 ad

219 3494 454 3562 stipitem
484 3497 658 3550 crucis
687 3497 870 3564 tereri,
903 3507 959 3551 ut
989 3514 1093 3553 non
1138 3500 1206 3554 sit
1236 3515 1397 3570 parva
1424 3519 1580 3572 quam
1613 3504 1806 3572 impius

218 3586 488 3655 quondam
537 3597 856 3658 expavescat
901 3592 1214 3660 potentiam.
1266 3593 1346 3647 Ad
1406 3594 1558 3664 cujus
1619 3611 1804 3651 vocem

217 3679 468 3734 emittens
515 3682 796 3752 spiritum,
836 3692 978 3739 terra
1022 3687 1270 3753 tremuit,
1320 3689 1506 3742 caelum
1556 3692 1801 3760 expavit,

217 3769 332 3822 dies
364 3769 512 3841 fugit,
545 3773 622 3826 sol
657 3773 972 3832 obscuratus
996 3786 1099 3841 est,
1139 3787 1281 3832 astra
1309 3779 1688 3836 abscondentia
1719 3798 1800 3836 ra-

216 3851 333 3916 dios
359 3878 499 3929 suos,
526 3866 684 3921 simul
708 3868 886 3923 omnia
914 3868 1300 3939 migraverunt.
1325 3869 1490 3943 Cujus
1515 3872 1800 3940 descensu,

215 3954 499 4009 eonfractis
545 3957 742 4024 portis,
799 3958 942 4029 luget
970 3959 1251 4025 infernus;
1307 3977 1410 4030 quo
1443 3974 1800 4033 :esurgente,

213 4049 464 4101 ltetantur
507 4048 712 4119 angeli,
756 4060 809 4104 et
839 4051 1037 4105 exultat
1079 4061 1220 4106 terra
1261 4067 1379 4106 cum
1415 4053 1803 4113 habitatoribus

214 4145 347 4198 su's.
402 4145 454 4198 lu
508 4162 611 4212 quo
645 4147 912 4217 triumpho
963 4148 1293 4216 conspicitur
1341 4150 1666 4204 conmiuatio
1708 4152 1801 4208 illa

212 4237 527 4307 prophetico
555 4253 650 4294 ore
690 4241 950 4308 promissa
987 4257 999 4292 :
1036 4239 1141 4294 Ero
1171 4255 1316 4294 mors
1349 4251 1430 4294 tua
1451 4284 1464 4306 ,
1497 4257 1528 4295 ο
1573 4243 1797 4299 infeme.

215 4331 317 4386 Ubi
349 4341 430 4385 est
473 4349 600 4402 ergo
632 4334 852 4388 victoria
885 4335 1006 4388 tua?
1041 4350 1138 4390 nec
1167 4336 1308 4389 enim
1340 4336 1406 4389 ab
1441 4337 1548 4390 alio
1588 4347 1799 4407 poterat

211 4425 314 4481 nisi
368 4441 397 4480 a
467 4427 578 4481 Vita
644 4443 788 4483 mors
840 4429 1100 4483 devorari.
1157 4429 1254 4496 Qui
1287 4429 1547 4484 descensu
1586 4448 1681 4486 suo
1707 4448 1801 4489 eos

211 4518 304 4586 qui
336 4517 649 4573 tenebantur
673 4535 702 4574 a
733 4530 926 4586 morte,
953 4521 1158 4590 superis
1187 4522 1417 4576 reddidit
1446 4525 1798 4595 resurgendo,

202 4602 428 4677 ut'ejus
455 4612 774 4666 resurrectio
806 4613 1045 4668 vivorum
1080 4615 1159 4669 vel
1196 4623 1523 4670 mortuorum
1555 4617 1798 4673 testimo-

211 4701 304 4757 nio
356 4703 676 4759 ﬁrmaretur.
731 4705 914 4772 Unde,
971 4719 1155 4764 sancte
1198 4711 1374 4774 Pater,
1417 4712 1794 4781 omnipotens,

212 4805 417 4852 aeterne
449 4798 604 4862 Deus,
642 4815 736 4868 per
764 4800 944 4855 Jesum
975 4801 1245 4858 Christum
1282 4806 1472 4859 Filium
1518 4813 1662 4859 tuum
1696 4806 1798 4859 Do-

211 4890 418 4944 mittum
467 4899 704 4946 nostrum
733 4893 901 4963 gloria
929 4895 1295 4964 tibi°semper,
1325 4898 1413 4966 qui
1439 4898 1490 4950 in
1522 4905 1605 4964 te,
1637 4907 1690 4952 et
1729 4914 1795 4952 ex

211 4989 288 5048 te,
317 4992 371 5038 et
397 4991 570 5038 tecum
601 4999 835 5054 semper.
866 4985 1034 5052 Quem
1078 4998 1126 5041 te
1151 4989 1312 5043 etiattt
1345 4988 1561 5042 laudant
1586 4989 1784 5058 angeli.

414 5095 631 5152 XXXV.
671 5115 860 5156 mcrrrr
900 5116 1050 5157 mssa
1084 5119 1297 5158 εωυςιε
1339 5119 1574 5159 pascua.

281 5208 545 5276 Concede,
580 5226 909 5281 quaesumus,
937 5226 1274 5285 omnipotens
1307 5218 1464 5284 Deus,
1497 5228 1552 5271 ut
1581 5219 1666 5287 qui
1693 5219 1790 5276 Re-

207 5301 558 5358 surrectionis
597 5303 881 5359 dominica:
909 5307 1188 5361 sollemnia
1229 5309 1482 5375 colimus,
1518 5327 1611 5380 per
1644 5315 1796 5367 inno-

208 5393 476 5448 vationem
532 5395 606 5450 tui
649 5397 883 5466 Spiritus
927 5412 954 5450 a
987 5407 1158 5452 morte
1197 5400 1385 5455 animae
1434 5417 1790 5474 resurgamus.

207 5486 314 5543 Per
351 5488 658 5544 Dominum.

707 5580 821 5632 Post
842 5595 1039 5645 precem
1067 5598 1091 5631 a
1117 5585 1278 5635 missa.

282 5661 450 5734 374
473 5662 611 5718 Deus
642 5667 804 5719 totius
833 5667 1089 5721 claritatis
1116 5669 1361 5724 conditor
1389 5679 1442 5726 et
1470 5673 1792 5748 moderator,

213 5768 376 5822 quem
406 5756 635 5810 caelestia
670 5758 957 5824 mirantur,
987 5768 1040 5812 et
1070 5769 1279 5816 terrena
1313 5765 1563 5833 pavitant,
1591 5768 1797 5824 inferna

207 5847 570 5914 tremiscunt;
603 5850 685 5902 cui
727 5850 1034 5919 angelorum
1066 5861 1253 5906 turmae
1277 5863 1330 5910 et
1358 5855 1797 5928 archangelorum

208 5935 479 6002 exercitus
510 5938 760 6008 militant,
791 5955 896 5996 non
921 5943 992 5995 uti
1019 5942 1276 5998 mundum
1310 5959 1604 6016 expugnes,
1635 5965 1795 6017 quem

1247 383 1335 441 DE
1371 384 1700 446 LITURGIA
1739 388 2134 450 GALLICANA
2175 394 2378 452 LIBER
2414 397 2501 454 Ill.

3410 409 3519 468 378

1853 509 1906 567 Α
1931 511 2046 580 ipse
2073 513 2264 580 fecisti,
2297 517 2391 571 sed
2427 525 2483 571 ut
2509 519 2736 576 subruas
2775 523 2954 578 mundi
2984 534 3218 594 peccata,
3259 542 3379 599 quae
3401 529 3520 585 dia'

1941 602 2095 660 bolos
2133 606 2438 678 adinvenit,
2483 611 2603 680 quia
2639 612 2708 666 ita
2751 613 2993 684 dignatus
3021 631 3081 672 es
3125 617 3346 690 diligere
3367 621 3518 679 hunc

1938 698 2228 764 mundum,
2276 711 2328 755 ut
2359 702 2701 773 Unigenitmn
2745 716 2890 761 tuum
2925 709 3162 766 traderes
3199 726 3297 781 pro
3335 723 3520 772 nostra

1938 791 2132 858 salute,
2164 793 2312 862 cujus
2336 809 2495 851 cruce
2524 797 2783 866 redempti
2813 815 3018 868 smnus,
3049 810 3222 858 morte
3239 804 3520 874 viviﬁcati,

1943 883 2196 951 passione
2225 888 2436 954 Salvati,
2469 893 2859 946 resurrectione
2889 893 3186 964 gloriﬁcati.
3218 896 3320 952 Per
3348 900 3522 969 ipsum

1938 982 1989 1028 te
2015 975 2200 1045 itaque
2229 979 2496 1049 supplices
2526 980 2832 1038 invocamus
2855 1026 2868 1050 ,
2906 995 2962 1039 ut
3004 986 3126 1042 huic
3174 988 3386 1044 familia:
3419 1001 3522 1048 tuae

1937 1065 1988 1122 in
2021 1070 2271 1125 omnibus
2318 1073 2507 1129 adesse
2550 1077 2823 1148 digneris;
2867 1080 3003 1135 sicut
3035 1083 3247 1140 adfuisti
3280 1087 3519 1155 patribus

1943 1163 2142 1218 nostris
2170 1167 2512 1233 Sperantibus
2548 1170 2598 1222 in
2652 1180 2737 1225 tua
2778 1175 3141 1230 misericordia
3167 1220 3180 1243 ,
3229 1181 3306 1233 sic
3342 1189 3394 1234 et
3435 1180 3520 1238 his

1935 1256 2185 1310 omnibus
2207 1258 2400 1314 adesse
2427 1262 2669 1330 dignare,
2706 1275 2759 1319 ut
2792 1267 2858 1321 sit
2886 1268 2936 1322 in
2968 1271 3213 1326 sensibus
3243 1288 3424 1328 eorum
3452 1277 3517 1330 ti-

1943 1361 2062 1400 mor
2087 1349 2385 1407 devotionis
2415 1365 2535 1418 tute,
2568 1356 2618 1409 iu
2652 1362 2813 1411 corde
2841 1360 2992 1427 ﬁdes,
3023 1361 3072 1416 itt
3107 1379 3267 1432 opere
3289 1365 3512 1433 justitia,

1933 1435 1985 1490 in
2018 1449 2140 1492 actu
2188 1441 2386 1510 pietas,
2420 1444 2470 1497 in
2517 1445 2699 1516 lingua
2745 1450 2971 1515 veritas,
3009 1452 3059 1505 in
3091 1454 3326 1509 moribus
3357 1456 3514 1512 disci-

1932 1529 2071 1597 plina
2091 1571 2106 1596 ,
2137 1542 2194 1585 ut
2222 1533 2378 1604 digne
2407 1535 2612 1605 riteque
2647 1541 3065 1598 immortalitatis
3090 1546 3188 1601 sibi
3236 1547 3512 1616 praemium

1929 1625 2181 1696 consequi
2224 1639 2548 1684 mereantur.
2584 1631 2683 1686 Per
2713 1633 2864 1688 Dom.

2404 1720 2639 1773 Collectio
2667 1731 2776 1787 post
2803 1728 3015 1778 nomina.

2000 1803 2188 1873 Deum,
2217 1805 2305 1875 qui
2343 1822 2439 1876 pro
2470 1811 2620 1864 ruina
2649 1811 2810 1866 totius
2842 1814 3022 1867 mundi
3058 1815 3268 1870 unicum
3316 1818 3510 1876 Filium

1851 1907 1901 1968 Β
1926 1909 2106 1961 suum,
2125 1898 2400 1968 adsumpta
2418 1916 2482 1955 ex
2502 1916 2662 1956 carne
2686 1904 2911 1974 Virginis
2927 1906 3039 1960 veri
3063 1907 3294 1963 hominis
3316 1911 3508 1980 forma,

1925 1986 2138 2043 mittere
2185 1990 2428 2058 dignatus
2473 2003 2582 2059 est,
2623 1994 2815 2051 fratres
2860 1998 3164 2066 carissimi,
3201 2004 3509 2072 suppliciter

1923 2093 2229 2145 exoremus,
2254 2091 2312 2136 ut
2335 2084 2472 2138 sicut
2496 2088 2547 2139 in
2576 2089 2671 2142 hac
2701 2088 2787 2142 die
2811 2088 3234 2147 Resurrectionis
3260 2097 3500 2165 ejusdem

1930 2185 2030 2226 nos
2059 2187 2087 2226 a
2121 2182 2297 2229 morte
2340 2187 2596 2245 perpetua
2625 2192 2744 2232 cum
2778 2179 2867 2234 illo
2896 2183 3222 2238 resuscitavit
3244 2227 3257 2252 ,
3304 2189 3368 2240 ita
3399 2189 3508 2257 pie-

1924 2263 2048 2319 tatis
2077 2279 2188 2319 sua:
2216 2263 2363 2320 dono
2403 2269 2470 2321 ab
2498 2269 2746 2324 omnibus
2785 2287 2881 2325 nos
2930 2273 3130 2328 inimici
3174 2284 3350 2332 tutans
3380 2278 3507 2335 insi-

1921 2356 2042 2422 diis,
2072 2358 2286 2414 inlaesos
2320 2358 2477 2414 faciat
2509 2361 2560 2414 in
2604 2363 2791 2416 matris
2837 2363 3094 2419 Ecclesite
3124 2368 3329 2435 gremio
3368 2369 3506 2426 resi-

1921 2447 2091 2516 dere;
2141 2460 2190 2506 et
2246 2453 2586 2507 conscientia:
2634 2441 2934 2524 integritate
2983 2456 3049 2512 de
3100 2462 3504 2528 regeneratione

1917 2543 2230 2613 gaudentes,
2263 2554 2477 2599 teternze
2508 2545 2897 2612 primitivorum
2930 2547 3214 2616 Ecclesiae,
3246 2554 3504 2620 quemad-

1919 2636 2133 2691 modum
2163 2635 2443 2692 devotione
2469 2639 2536 2692 ad
2561 2653 2818 2708 praesens,
2848 2639 2917 2693 ita
2950 2643 3384 2700 remuneratione
3407 2645 3504 2699 ad-

1917 2729 2084 2784 societ
2116 2730 2164 2784 in
2197 2740 2485 2798 teternum;
2520 2743 2573 2786 et
2605 2732 2720 2788 haec
2746 2749 2970 2790 munera
3002 2735 3170 2805 plebis
3193 2751 3306 2794 suae
3336 2738 3504 2796 bene-

1916 2819 2098 2878 dicere
2123 2823 2386 2894 dignetur.
2423 2824 2523 2879 Per
2553 2824 2707 2879 Dom.

2317 2915 2588 2967 ltnmolatio
2613 2917 2829 2968 clausum
2855 2918 3073 2969 Pascha.

1989 2997 2212 3067 Dignum
2243 3010 2290 3056 et
2315 3000 2516 3069 justum
2540 3012 2642 3070 est,
2669 3003 3028 3058 necessarium
3059 3013 3114 3060 et
3139 3005 3373 3063 salutare
3393 3017 3500 3080 est,

1915 3101 2014 3142 nos
2047 3088 2135 3142 tibi
2167 3092 2364 3160 gratias
2417 3109 2596 3162 agere,
2626 3096 2968 3164 omnipotens
3003 3096 3149 3168 (licet
3175 3098 3359 3165 gloriae
3396 3108 3502 3156 tua

1916 3182 2223 3235 mortalium
2251 3183 2489 3237 membra
2521 3199 2624 3238 non
2650 3186 2969 3256 congruant)
2995 3188 3378 3258 redemptionis
3406 3205 3503 3246 no-

1915 3283 2042 3329 strae
2075 3275 2328 3344 prmferre
2360 3277 2645 3345 praeconia.
2680 3279 2810 3333 Dum
2845 3280 3117 3335 hominum
3155 3297 3325 3352 genus
3354 3299 3502 3341 man-

1914 3367 2146 3438 cipatum
2171 3379 2372 3435 morte,
2399 3371 2692 3426 inferorum
2722 3373 2941 3428 sedibus
2967 3376 3306 3432 tenebrarum
3324 3379 3502 3435 vincla

1916 3464 2324 3531 restringerent,
2358 3465 2597 3534 spiritale
2629 3466 2861 3522 Verbum
2894 3469 3013 3538 (per
3040 3470 3181 3539 quod
3223 3472 3275 3526 in
3307 3473 3501 3542 princi-

1911 3555 1999 3624 pio
2041 3555 2217 3609 omnia
2249 3557 2459 3612 fuerant
2485 3559 2793 3627 constituta)
2835 3559 3114 3616 descendit
3151 3561 3204 3617 in
3231 3563 3456 3620 Mariam
3479 3578 3502 3619 :

1909 3662 2026 3717 quae
2058 3648 2180 3702 dum
2223 3658 2432 3718 partum
2482 3665 2635 3705 suum
2685 3651 2846 3722 Virgo
2885 3641 3144 3721 miratur,
3197 3655 3499 3714 inclausum

1909 3738 2177 3795 hominem
2200 3741 2365 3796 edidit
2385 3743 2572 3796 Deum.
2594 3743 2723 3810 Quae
2745 3753 2922 3798 tamen
2946 3753 3091 3800 tuum
3106 3761 3248 3813 esse,
3265 3763 3497 3816 summe,

1909 3832 2265 3900 omnipotens,
2290 3842 2574 3903 antequam
2590 3845 2917 3901 nasceretur,
2941 3848 3285 3908 cognoverat,
3301 3841 3499 3912 quippe

1907 3940 2028 3996 quas
2054 3928 2254 3981 sciebat
2287 3927 2469 3982 mundi
2499 3942 2619 3983 esse
2654 3929 2999 4000 Principium.
3033 3931 3080 3986 ls
3114 3948 3346 4003 namque
3372 3950 3497 3991 cru-

1907 4033 2022 4074 cem
2053 4029 2344 4089 Spontanea
2371 4022 2662 4077 devotione
2695 4032 2909 4094 propter
2941 4026 3366 4095 redemptionem
3401 4031 3498 4086 ltu-

1906 4112 2054 4168 mani
2101 4115 2349 4184 generis,
2391 4114 2458 4168 de
2491 4114 2707 4169 inimico
2758 4125 2983 4187 tyranno
3039 4119 3496 4191 triumphaturus,

1905 4206 2190 4261 ascendit:
2223 4216 2276 4260 et
2306 4207 2496 4261 relicto
2540 4209 2809 4277 paulisper
2845 4212 3086 4280 corporis
3135 4216 3362 4282 templo,
3412 4218 3494 4270 in-

1908 4298 2142 4351 ferorum
2172 4298 2332 4370 375
2356 4298 2588 4353 claustra
2611 4300 2972 4369 confringens,
3006 4305 3244 4374 pristina:
3271 4309 3347 4375 (ut
3371 4318 3496 4364 ante

1905 4389 2100 4460 fuerat)
2139 4392 2258 4445 vita:
2289 4393 2544 4447 restituit.
2576 4393 2684 4448 Nec
2729 4395 3011 4451 suffecerat
3043 4399 3217 4453 Solum
3264 4402 3494 4457 hominis

1904 4480 2218 4536 emendasse
2252 4493 2570 4550 peccatum;
2604 4484 2699 4538 sed
2743 4500 2838 4554 per
2862 4487 3187 4544 ablutionem
3216 4494 3491 4549 caelestem

1904 4585 2139 4642 renatos,
2168 4575 2410 4630 redivivo
2439 4591 2501 4630 ac
2529 4592 2669 4632 novo
2700 4579 2991 4634 nativitatis
3019 4597 3214 4651 genere
3236 4600 3487 4641 remeans

1833 4694 1884 4757 ο
1908 4667 1972 4719 ad
2003 4667 2264 4737 originem
2293 4683 2426 4735 sure,
2456 4683 2556 4722 nos
2583 4668 2648 4723 ad
2679 4671 2909 4725 caelestia
2954 4688 3115 4743 regna
3153 4677 3417 4742 perduxit.
3451 4679 3495 4735 Ο

1907 4761 2222 4825 consilium,
2255 4775 2287 4815 ο
2319 4760 2515 4816 divinae
2564 4763 2948 4832 providentiae,
2991 4779 3023 4820 0
3066 4766 3491 4825 inaastimandnm

1906 4855 2258 4923 reparationis
2303 4855 2588 4908 auxilium!
2622 4854 2722 4910 Per
2774 4855 3043 4926 Virginem
3077 4859 3230 4913 nobis
3261 4861 3492 4928 gloriosa

1907 4946 2010 5000 vita
2044 4945 2370 5011 restituitur,
2402 4961 2520 5016 quae
2551 4961 2646 5015 per
2689 4947 2816 5018 ligni
2860 4948 3275 5006 inobedientiam
3307 4954 3493 5009 crede-

1907 5038 2063 5093 batur
2092 5038 2346 5092 extincta.
2379 5037 2483 5093 Per
2512 5055 2704 5109 aquam
2736 5042 2918 5097 mundi
2954 5053 3169 5112 peccata
3197 5044 3490 5110 diluuntur,

1907 5145 2001 5200 per
2042 5146 2202 5201 quam
2253 5139 2378 5184 ante
2407 5141 2651 5187 senserat
2698 5135 2926 5188 mundus
2966 5135 3082 5204 ipse
3135 5135 3488 5202 naufragium.
3555 5147 3558 5152 ‘

1904 5222 2020 5278 Tibi
2051 5237 2198 5292 ergo,
2230 5238 2440 5279 summe
2466 5223 2710 5291 Genitor,
2740 5240 2868 5293 pura
2900 5226 3184 5283 devotione
3228 5227 3486 5283 immacu-

1905 5314 2069 5369 latum
2100 5329 2292 5371 muttus
2322 5316 2596 5376 offerimus
2618 5356 2633 5381 ,
2665 5326 2719 5372 et
2760 5317 3065 5372 elevatioue
3106 5333 3357 5372 manuum
3393 5338 3486 5374 no.

1905 5416 2144 5460 strarum
2186 5407 2337 5478 juxta
2389 5407 2513 5464 Filii
2547 5407 2622 5463 tui
2668 5408 2795 5464 Jesu
2830 5409 3026 5463 Christi
3057 5409 3488 5481 dispositionem,

1907 5499 2050 5568 pium
2082 5499 2405 5554 sacriﬁcium
2450 5499 2806 5555 celebramus.
2849 5499 2950 5554 Per
2990 5514 3145 5569 quem
3194 5509 3244 5556 te
3277 5503 3492 5562 laudant

1907 5591 2081 5660 angeli
2113 5603 2166 5646 et
2196 5593 2524 5664 archangeli,
2566 5593 2825 5648 dicentes.

1980 5684 2217 5741 XXXVI.
2253 5701 2444 5742 metrrr
2482 5701 2630 5742 IISSA
2656 5701 2988 5744 commeans
3026 5703 3154 5744 rosr
3195 5706 3410 5750 PASCHA.

2559 5777 2805 5828 Pratfstio.

1978 5857 2117 5913 Deus
2147 5860 2237 5929 qui
2269 5859 2321 5914 in
2359 5859 2477 5915 Filii
2508 5859 2582 5915 tui
2610 5859 2912 5920 humilitate
2936 5862 3204 5935 jacentem
3231 5869 3487 5928 mundum

1905 5951 2147 6018 erexisti,
2175 5951 2412 6008 laetitiam
2439 5953 2676 6014 concede
2695 5955 2940 6013 ﬁdelibus
2967 5959 3091 6026 tuis,
3123 5967 3181 6015 ut
3207 5974 3339 6029 quos
3359 5975 3486 6030 per-
