4060 6346
615 382 721 447 8⁸19

618 598 791 657 tuuis
818 598 1038 668 perfrui.
1078 596 1196 668 Per.

1113 667 1346 721 Collectio
1369 667 1608 728 sequitur.

694 749 867 827 Deus,
912 751 967 813 in
998 753 1145 820 cujus
1175 750 1452 819 praecipuis
1483 749 1810 804 mirabilibus
1854 757 1938 805 est
1967 746 2197 803 humana

525 833 535 854 ⁸
622 842 915 914 reparatio,
948 844 1099 905 solve
1128 858 1287 912 Opera
1333 842 1563 907 diaboli,
1612 850 1665 897 et
1696 840 1965 896 mortifera
1996 836 2197 907 peccati

621 939 834 1001 vincula
859 938 1156 1007 disrumpe,
1191 948 1242 989 ut
1270 937 1537 990 destructa
1572 934 1919 1005 malignitate,
1948 946 2066 1001 qua:
2098 946 2199 986 no-

622 1034 755 1095 cuit,
779 1033 955 1095 vincat
978 1029 1341 1085 misericordia
1363 1044 1480 1098 quae
1497 1030 1744 1082 redemit.
1772 1027 1870 1082 Per
1892 1026 2195 1083 Dominum.

1062 1122 1299 1172 Collectio
1325 1128 1429 1183 post
1458 1121 1668 1169 nomina.

694 1205 1147 1268 Benedictionem,
1184 1205 1427 1264 Domine.
1461 1206 1613 1258 nobis
1641 1203 1879 1258 conferat
1908 1202 2198 1256 salutarem

622 1308 776 1348 sacra
808 1310 1017 1364 semper
1040 1294 1241 1349 oblatio
1262 1337 1276 1362 ,
1310 1303 1365 1348 ut
1401 1294 1541 1364 quod
1574 1294 1681 1367 agit
1708 1295 1982 1373 mySIerio,
2009 1294 2202 1348 virtute

624 1385 884 1456 perficiat.

1128 1456 1358 1507 Collectio
1378 1458 1621 1521 sequitur.

693 1540 857 1607 Deus,
883 1540 970 1610 qui
997 1553 1093 1594 nos
1124 1555 1220 1608 per
1259 1540 1415 1606 hujus
1443 1540 1691 1595 sacrificii
1722 1540 2021 1595 veneranda
2048 1554 2195 1594 com-

620 1631 843 1695 mercia,
878 1631 1031 1685 unius
1053 1644 1275 1683 summa:
1311 1628 1610 1684 Dirinitatis
1641 1631 1925 1700 particlpes
1953 1630 2200 1696 eﬂeeistl,

624 1732 849 1790 praesta,
887 1734 1212 1791 quwsumus,
1246 1730 1301 1774 ut
1342 1720 1477 1775 sicut
1502 1730 1644 1774 tuam
1671 1722 2039 1790 cognoscimus
2067 1722 2205 1776 veri-

628 1822 792 1867 tatem
812 1853 826 1877 ,
857 1815 934 1866 sic
961 1825 1078 1866 eam
1120 1811 1293 1881 dignis
1323 1812 1557 1865 moribus
1585 1812 1960 1883 adsequamur.
2008 1811 2128 1868 Per.

1176 1902 1473 1954 Contestatio
1490 1916 1637 1952 nunc.

701 1985 836 2041 Vere
879 1987 1093 2057 dignum
1134 1996 1187 2041 et
1222 1988 1423 2055 justum
1453 1996 1629 2041 est....
1665 2002 1758 2056 per
1783 1985 2054 2041 Christum
2102 1987 2204 2041 Do-

630 2082 830 2135 minum
868 2088 1128 2134 nostrum.
1159 2080 1256 2148 Qui
1310 2081 1557 2135 humanis
1588 2080 1868 2135 miseratus
1897 2082 2203 2147 erroribus,

630 2189 729 2244 per
759 2173 1026 2241 Virginem
1058 2175 1200 2227 nasci
1246 2173 1492 2243 dignatus
1521 2184 1633 2239 est;
1685 2184 1740 2229 et
1783 2189 1877 2243 per
1906 2176 2206 2244 passionem

626 2269 815 2323 monis
842 2282 871 2321 a
905 2276 1155 2336 perpetua
1204 2281 1300 2320 nos
1343 2277 1513 2323 morte
1563 2268 1833 2331 liberavit,
1867 2282 1929 2321 ac
1968 2280 2209 2321 resurre-

624 2361 801 2415 ctione
827 2375 923 2414 sua
955 2368 1208 2415 aeternam
1239 2358 1394 2413 nobis
1434 2360 1660 2415 contulit
1685 2360 1866 2415 vitam.
1898 2361 2067 2427 Quem
2095 2359 2211 2414 Iau-

625 2449 753 2504 dant
784 2450 983 2521 angeli.

699 2564 960 2620 XXXVII.
999 2582 1125 2621 treat
1156 2582 1305 2623 Iussa
1333 2582 1459 2622 POST
1499 2582 1702 2623 pascua
1733 2584 1869 2623 aurs
1913 2583 2141 2623 ascensa

912 2672 917 2677 ι
1316 2653 1522 2692 DOMINI.

696 2753 859 2823 376
879 2757 1040 2818 Deus,
1058 2754 1143 2822 qui
1161 2755 1258 2808 hoc
1277 2754 1430 2807 nobis
1458 2756 1669 2807 confers
1688 2754 1854 2820 gratia
1874 2764 1981 2817 tua,
2007 2761 2064 2808 ιιι
2085 2753 2213 2824 justi

631 2858 695 2898 ex
726 2845 923 2913 impiis,
948 2854 1000 2899 et
1030 2846 1168 2909 beati
1193 2845 1488 2900 efﬁciamur
1516 2861 1580 2900 ex
1610 2846 1853 2915 miseris,
1885 2848 2069 2901 adesto
2110 2846 2215 2902 tuis

630 2934 907 3001 operibus,
953 2936 1056 2991 tuis
1084 2936 1271 2992 adesto
1302 2937 1649 3002 muneribus;
1682 2945 1738 2991 ut
1767 2938 1959 3005 quibus
1990 2941 2129 2993 inest
2156 2938 2217 2991 Il-

629 3025 711 3080 dei
750 3027 1094 3096 justificatio,
1138 3044 1243 3083 non
1292 3029 1430 3084 desit
1480 3032 1893 3100 perseverantiae
1938 3028 2213 3088 fortitudo.

634 3117 757 3175 Per.

1275 3189 1529 3242 Collectio.

1305 387 1654 446 APPENDIX
1696 388 1784 443 AD
1823 384 2056 443 OPERA
2098 382 2341 443 SANCTi
2381 381 2684 437 GERMANI
2730 380 3166 439 PARISIENSIS.
3806 375 3883 435 380

617 514 793 576 petum
820 505 1006 567 mortis
1031 502 1270 570 eripuisti
1300 505 1533 566 casibus,
1564 502 1766 574 gaudiis
1799 501 1962 557 facias
1996 500 2194 570 sempi—
2219 501 2271 560 Δ
2298 499 2557 567 apostolo,
2591 499 2813 551 conlatis
2844 498 3078 554 clavibus
3106 497 3263 567 regni
3297 495 3596 561 celestis,
3630 494 3819 550 animas
3843 499 3884 553 Ii-

2300 590 2458 661 gandi
2507 590 2678 659 adque
2710 590 2953 645 solvendi
2982 590 3325 659 pontiﬁcium
3387 586 3705 654 tradidisti,
3734 591 3886 645 exaudi

2300 681 2561 754 propitius
2590 697 2777 751 preces
2817 691 3029 736 nostras
3060 683 3111 737 in
3142 682 3227 736 die
3273 679 3494 751 jejunii
3531 678 3720 749 hujus;
3749 690 3795 735 et
3826 683 3883 737 iu-

2302 777 2625 832 tercessione
2665 776 2815 847 ejus,
2865 789 3169 843 qumsumus
3195 815 3208 840 ,
3250 782 3324 827 ut
3351 787 3386 826 a
3426 780 3775 841 peccatorum
3812 788 3883 828 ao-

2303 878 2536 923 strorum
2567 868 2800 923 nexibus
2835 866 3144 921 liberemur.
3175 864 3458 920 Salvator
3506 861 3716 917 rutundi.

2730 959 2900 1010 Oratio
2923 959 2974 1008 in
2990 965 3155 1008 sancto
3174 956 3480 1019 Stephano.

2373 1040 2607 1108 Praesta,
2668 1056 3013 1111 quaesumus,
3067 1042 3443 1110 omnipotens
3517 1048 3578 1095 et
3624 1038 3883 1096 nuntiant:

2305 1131 2467 1197 Deus,
2494 1141 2547 1187 ut
2582 1132 2851 1202 fragilitati
2876 1144 3071 1189 nostra
3097 1134 3341 1189 adﬂicta:
3375 1134 3436 1188 in
3470 1132 3675 1188 diebus
3704 1133 3880 1189 istorum

2299 1222 2625 1292 jejuniorum
2660 1226 2973 1293 magniﬁcus
3001 1226 3161 1281 levita
3191 1225 3404 1280 beatus
3432 1224 3749 1294 Stephanus
3768 1229 3882 1281 auti-

2304 1311 2429 1366 Iium
2470 1313 2875 1369 interventionis
2902 1315 3174 1382 exhibeat,
3200 1317 3320 1384 qui,
3359 1315 3624 1371 imitator
3651 1317 3881 1371 dominica

2306 1406 2568 1477 passionis
2595 1419 2651 1465 et
2682 1410 2923 1481 pietatis,
2958 1413 3157 1481 primus
3191 1414 3240 1467 in
3271 1427 3494 1467 cruore
3544 1413 3777 1484 martyrii
3805 1418 3881 1466 ent.

2308 1500 2435 1565 tuit;
2470 1508 2525 1556 et
2554 1516 2768 1570 semper
2797 1506 2866 1557 sit
2903 1502 3173 1573 perfectus
3203 1503 3560 1573 snﬂ‘ragator
3580 1546 3593 1567 ,
3643 1514 3813 1573 atque,
3849 1514 3883 1559 te

2310 1593 2669 1659 concedente,
2703 1603 2985 1665 promptus
3012 1595 3241 1666 adjutor.
3280 1595 3401 1650 Per
3432 1595 3745 1649 Dominum.

2706 1686 2833 1739 Item
2856 1689 3017 1737 oratio
3040 1689 3087 1736 in
3114 1695 3283 1737 sancto
3310 1687 3565 1737 Martlno.

2379 1765 2601 1839 Porrigo
2621 1769 2897 1825 dexteram
2926 1778 3093 1835 tuam,
3119 1785 3478 1840 quaesumus,
3516 1770 3758 1833 Domine,
3780 1769 3878 1837 plebi

2223 1882 2275 1953 Β
2308 1868 2417 1915 tute
2440 1862 2494 1917 In
2529 1862 2620 1919 die
2643 1863 2975 1935 jejuniorum
3026 1880 3246 1919 suorum
3299 1874 3460 1918 tuam
3498 1862 3875 1917 misericordiam

2309 1958 2632 2027 postulanti,
2678 1966 2737 2012 ut
2781 1959 3144 2014 intercedente
3172 1960 3337 2012 bt-ato
3384 1959 3660 2023 Martino,
3692 1966 3877 2011 terrores

2312 2055 2653 2110 imminentes
2685 2057 3053 2125 declinemus;
3102 2067 3157 2113 et
3195 2057 3401 2113 solatia
3437 2059 3569 2113 vitae
3615 2057 3873 2112 immortalis

2311 2152 2665 2217 accipiamus,
2698 2162 2753 2206 et
2782 2153 2940 2224 377
2971 2151 3293 2221 sempiterna
3330 2153 3545 2221 gaudia
3577 2151 3877 2219 comprehen-

2311 2245 2519 2299 damus.
2560 2245 2660 2300 Per
2689 2244 2991 2301 Dominum.

2746 2337 2913 2388 Oratio
2937 2339 2985 2385 in
3006 2341 3173 2387 sancto
3198 2336 3479 2400 Gregorio.

2384 2420 2735 2489 Omnipotens
2764 2422 3087 2493 sempiterne
3112 2420 3284 2487 Deus,
3311 2418 3501 2491 jejuni
3528 2419 3597 2473 de
3631 2418 3725 2472 tuis
3752 2418 3866 2471 etiam

2316 2512 2473 2569 donis
2501 2512 2675 2568 satiati
2700 2555 2713 2577 ,
2744 2514 2827 2566 vel
2853 2514 3086 2583 qualibet
3117 2514 3501 2567 maceratione
3528 2510 3775 2573 confecti,
3800 2509 3870 2562 lla.

2312 2605 2564 2674 jestatem
2611 2612 2752 2658 tuam
2795 2606 3063 2675 supplices
3104 2620 3445 2672 exoramus,
3494 2616 3548 2658 ut
3589 2604 3797 2672 expulsis
3825 2600 3868 2654 de

2324 2696 2575 2753 cordibus
2604 2698 2804 2752 nostris
2828 2706 3165 2768 peccatorum
3201 2696 3483 2762 tenebris,
3515 2697 3569 2749 in
3600 2696 3681 2748 die
3705 2694 3867 2764 jejunii.

2326 2790 2694 2847 interr-edente
2739 2805 2952 2844 summo
3006 2790 3242 2847 antistite
3290 2799 3493 2843 nostro
3535 2797 3589 2844 et
3625 2787 3863 2843 divinorum

2318 2881 2693 2955 mysteriorum
2721 2897 2779 2936 ca
2793 2898 2920 2952 pace
2944 2881 3225 2952 Gregorio,
3253 2884 3321 2935 ad
3354 2896 3552 2937 veram
3588 2881 3763 2942 lucem,
3785 2889 3866 2945 qua

2317 2973 2561 3031 Christus
2602 2986 2715 3042 est,
2760 2960 2859 3035 no$
2907 2973 3069 3030 facias
3141 2978 3455 3045 pervenire.
3500 2976 3604 3031 Per
3640 2970 3860 3035 Dominum

2321 3077 2560 3121 nostrum
2573 3109 2584 3119 .

2594 3159 2715 3209 Item
2741 3158 3058 3211 collectiones
3083 3162 3131 3209 in
3156 3173 3252 3222 quo
3275 3158 3392 3210 loco
3417 3159 3647 3211 volueris.

704 3269 862 3334 Deus,
892 3270 980 3339 qui
1021 3285 1080 3325 es
1108 3235 1812 3342 misericorsvin'operibus,
1839 3276 2018 3347 justus
2045 3279 2097 3333 in
2126 3279 2207 3350 ju-
2235 3267 2285 3339 (ἶ
2348 3242 2708 3350 ηΟωῬΫΨΗΒ
2729 3285 2743 3308 ’
2777 3242 3001 3350 nomine
3035 3242 3174 3350 De”
3196 3254 3415 3350 ."(_)8ler’
3448 3235 3855 3350 mimi”?

635 3362 807 3424 dieiis,
842 3362 1018 3431 largus
1050 3364 1103 3415 in
1133 3363 1308 3427 donis,
1340 3365 1630 3434 multiplica
1680 3382 1841 3436 super
1884 3384 1981 3422 nos
2006 3373 2213 3426 miseri-

635 3456 872 3511 cordiam
902 3465 1049 3511 tuam
1078 3474 1092 3511 :
1123 3467 1176 3512 et
1218 3459 1340 3527 quia
1374 3468 1426 3513 tu
1460 3458 1615 3515 nobis
1644 3476 1704 3514 es
1746 3462 2004 3518 bonorum
2053 3479 2215 3520 causa

636 3548 948 3603 meritorum
974 3590 988 3613 ,
1036 3550 1242 3605 custodi
1271 3552 1411 3620 quod
1460 3552 1674 3619 tribuis,
1708 3563 1764 3607 ut
1806 3553 2046 3609 invenias
2073 3555 2216 3625 quod

631 3655 875 3697 mnes.
910 3641 1030 3697 Per.
1053 3627 1075 3649 ’
1712 3674 1717 3679 -

1124 3714 1359 3769 Collectio
1381 3723 1489 3780 post
1510 3718 1723 3773 nomina-

705 3790 927 3860 Prtesta,
958 3796 1199 3865 Domine,
1230 3814 1559 3868 quaesumus,
1594 3800 1830 3867 ueritati,
1861 3814 1919 3857 ut
1958 3802 2101 3863 illius
2130 3816 2216 3861 sa-

635 3883 761 3949 lutis
800 3887 1067 3954 capiamus
1098 3890 1368 3957 eITectunt,
1401 3893 1554 3960 cujus
1584 3907 1679 3963 per
1708 3894 1824 3950 hate
1854 3894 2111 3965 mysteria
2138 3896 2217 3965 pi-

636 3993 771 4048 gnus
798 3981 1104 4046 accipimus.
1140 3981 1263 4043 Per.

1289 4072 1547 4137 collectio.

710 4155 961 4223 Respice,
990 4156 1236 4225 Domine,
1265 4161 1525 4232 propitius
1545 4162 1611 4225 ad
1643 4176 1864 4223 munera
1893 4178 2013 4233 quae
2038 4178 2218 4223 sacra-

638 4260 780 4312 mus,
816 4255 871 4300 ut
917 4256 966 4303 et
1002 4249 1095 4303 tibi
1128 4260 1279 4319 grata
1309 4253 1437 4319 sint,
1470 4264 1523 4309 et
1569 4255 1820 4319 salutaria
1852 4270 2066 4327 semper
2104 4256 2217 4323 exi-

636 4345 798 4392 stant.
834 4338 934 4393 Per
972 4340 1125 4399 Dom.

1165 4430 1468 4485 Contestatio
1496 4448 1640 4485 nunc.

711 4511 842 4569 Vere
867 4514 1083 4593 dignum
1112 4526 1165 4572 et
1189 4517 1392 4588 justum
1417 4528 1523 4595 est,
1548 4519 1743 4574 devoto
1770 4536 1990 4576 munere
2028 4531 2215 4592 postu-

635 4608 826 4678 lantes,
859 4619 916 4665 ut
945 4620 1206 4682 tempora,
1236 4615 1430 4683 quibus
1463 4625 1582 4694 post
1612 4614 2077 4681 Besurrectionem
2115 4617 2217 4671 Do-

2316 3336 2447 3390 ritus
2494 3335 2689 3391 virtute
2717 3337 3045 3406 constringe,
3076 3347 3163 3401 ut,
3196 3335 3602 3391 interveniente
3630 3333 3698 3385 ill.
3722 3331 3765 3385 in
3787 3328 3855 3381 hoc

2313 3428 2549 3501 jejunio,
2582 3438 2760 3483 nostra
2792 3428 2841 3482 in
2874 3428 3156 3484 virtutibus
3184 3427 3467 3482 reﬁciatur
3491 3424 3767 3480 infirmitas.

2839 3541 3075 3592 Collectio
3098 3541 3343 3607 sequitur.
3968 3544 3969 3569 ‘

2392 3643 2719 3714 Propitiate,
2751 3642 3008 3710 Domine,
3043 3642 3571 3714 supplicationibus;
3608 3648 3659 3695 et
3692 3650 3772 3692 nos
3799 3632 3838 3686 in

2313 3738 2499 3813 jejunii
2531 3739 2671 3794 cultu
2700 3745 2953 3801 vacantes
2976 3778 2991 3801 ,
3023 3737 3297 3795 obtinente
3342 3740 3504 3793 beato
3542 3736 3615 3789 ill.
3655 3722 3841 3801 pervigili

2319 3830 2666 3900 protectione,
2691 3829 2930 3895 custodi;
2955 3840 3009 3885 ttt
3034 3830 3228 3889 nullius
3253 3831 3493 3886 animum
3518 3826 3741 3884 diabolus
3764 3833 3844 3889 pet-

2319 3923 2456 3977 Iidiaa
2487 3923 2591 3978 telo
2619 3923 2897 4017 totulneret,
2925 3924 3127 3979 nullius
3160 3933 3398 3980 tuentem
3434 3938 3635 3983 veneno
3658 3912 3844 3973 falsitatis

2318 4014 2556 4073 occidat.

2537 4124 2778 4182 XXXIX.
2807 4140 3002 4181 INCIPIT
3030 4141 3175 4181 iusst
3206 4143 3256 4183 ut
3285 4138 3673 4185 BOGA'I'IONIBUB.

2396 4240 2655 4296 Memores
2683 4241 2975 4296 caelestium
3017 4254 3407 4313 praeceptorum
3426 4287 3440 4311 ,
3473 4248 3675 4314 peccata
3704 4241 3834 4290 nostra

2321 4347 2502 4389 coram
2532 4334 2760 4389 Domino
2788 4334 3109 4399 deﬂeamus,
3140 4346 3386 4393 serentes
3416 4336 3467 4391 in
3501 4328 3720 4404 lacryntis
3742 4318 3829 4391 illi“

2322 4432 2586 4479 metamus
2611 4425 2664 4478 in
2685 4424 2924 4494 gaudiis:
2951 4426 3117 4481 simus
3144 4426 3195 4481 in
3221 4429 3468 4482 oratione
3491 4419 3711 4481 solliciti,
3730 4411 3831 4483 jeitt'

2324 4516 2427 4570 niis
2458 4518 2717 4583 prompti,
2750 4516 2801 4569 in
2828 4516 3185 4587 eleetnosynis
3220 4520 3503 4581 liberales,
3534 4525 3585 4569 ut
3617 4505 3829 4581 promissi?

2327 4608 2692 4663 retributionis
2718 4608 2941 4677 gloriam
2969 4609 3160 4665 devota
3192 4610 3294 4665 fide
3324 4624 3379 4667 et
3410 4610 3663 4665 fructuosa
3684 4607 3825 4668 oper?

636 4702 811 4757 minus
844 4714 1023 4759 noster
1050 4705 1207 4760 Jesus
1234 4670 1477 4760 Christus
1501 4723 1621 4762 cum
1654 4709 1926 4778 discipulis
1959 4713 2069 4765 suis
2099 4726 2210 4765 cor-

2326 4700 2467 4754 tione
2499 4715 2818 4755 mereamur.
2855 4700 2955 4755 Per
2984 4700 3136 4755 Dom.

636 4795 887 4862 poraliter
914 4797 1197 4862 habitavit,
1227 4799 1313 4875 pia
1334 4798 1616 4863 devotione
1644 4810 1953 4857 tractemus.
1983 4801 2149 4867 Quem
2176 4801 2214 4857 l.

637 4910 927 4968 XXXVIII.
965 4913 1241 4969 'tscrrttzur
1291 4928 1681 4973 COLLEC'I‘IMIES
1738 4931 1791 4970 tit
1843 4930 2219 4972 nosnromsus

884 5000 981 5037 PER
1023 5000 1241 5051 DIVERSA
1284 5000 1411 5055 ιιι)οΑ
1456 5000 1765 5051 ΒΑΝΟΤΟξὶυΜ
1809 5002 1965 5043 NUNC.

1161 5099 1216 5162 lu
1240 5109 1406 5157 sancto
1432 5099 1581 5157 Petro
1605 5102 1653 5161 ’ς

707 5199 1061 5269 Omnipotens
1108 5185 1436 5270 aémpiterne
1484 5203 1661 5270 Deus,
1713 5203 1807 5273 qui
1852 5202 2010 5267 beato
2059 5204 2218 5259 Petro

709 5342 731 5368 ⁸
778 5333 985 5385 Ιιέτθάθιιι
1038 5331 1148 5388 fere
1179 5336 1466 5395 stationes,
1497 5335 1809 5403 caedemque
1846 5336 2117 5388 orationes
2164 5335 2215 5387 in

638 5403 839 5459 Missali
880 5402 1128 5457 Gothico.
1164 5403 1316 5459 Unde
1358 5405 1609 5474 colligere
1642 5402 1761 5459 licet
1811 5405 1906 5459 has
1947 5406 2216 5459 orationes

638 5474 801 5526 fuisse
842 5490 1180 5538 communes,
1228 5490 1332 5529 non
1380 5477 1484 5535 Ieci
1515 5476 1738 5545 alicujus
1785 5477 2104 5542 peculiaris,
2150 5477 2215 5537 ad

638 5559 792 5611 quem
832 5546 940 5596 lttec
971 5545 1199 5598 Missalia
1240 5546 1610 5604 pertinuerint.

710 5611 742 5685 δέ
782 5616 850 5665 Ita
893 5618 1050 5668 ctiam
1088 5617 1347 5685 jejunium
1389 5619 1438 5669 itt
1485 5617 1743 5679 tiotltico,
1788 5632 1985 5681 supra,
2030 5617 2080 5670 in
2116 5617 2216 5671 hoc

643 5684 838 5738 tritlno.
886 5685 1016 5739 Vitle
1054 5702 1332 5740 sermones
1372 5698 1479 5739 tres
1516 5686 1743 5741 Casarii’
1763 5688 1997 5755 episcopi
2029 5690 2217 5741 Arela-

645 5758 808 5809 tensis
866 5757 916 5808 in
974 5760 1267 5823 appendice
1321 5773 1457 5812 non
1512 5757 1639 5812 tttmi
1688 5757 1729 5811 V
1778 5773 1928 5812 nove
1966 5759 2217 5813 editionis

642 5829 808 5885 sancti
839 5827 1121 5899 Augustiui
1152 5842 1183 5879 a
1210 5844 1475 5899 serman
1496 5828 1624 5895 αἱ),
1653 5832 1740 5897 qui
1785 5829 1986 5897 primus
2025 5836 2108 5884 est
2147 5831 2215 5885 de

646 5899 846 5950 Litania
870 5939 887 5963 ,
918 5900 1003 5967 ubi
1032 5898 1231 5975 jejunio
1262 5898 1511 5973 dicuntur
1550 5902 1849 5967 necessaria
1878 5919 1898 5953 ι
1921 5903 2090 5958 tribus
2128 5902 2216 5956 bis

2847 4809 3019 4861 Collect
3031 4814 3081 4861 io
3100 4812 3342 4873 sequitur.

2398 4915 2567 4981 Deus,
2601 4914 2690 4985 qui
2722 4913 2971 4970 Ninivitis
3001 4928 3098 4984 pro
3129 4916 3360 4984 peccatis
3402 4914 3506 4969 suis
3537 4898 3820 4995 jejunantibtts

2340 5005 2658 5076 pepercisti,
2693 5015 2744 5059 te
2773 5006 3039 5073 supplices
3068 5005 3440 5074 deprecamur,
3472 5011 3527 5057 ut
3558 5008 3607 5054 et
3639 4990 3760 5048 nobis
3786 4990 3819 5034 in

2330 5097 2430 5151 hoc
2466 5097 2665 5167 jejunio
2702 5094 2731 5135 Β
2773 5106 3080 5151 nostrorum
3120 5097 3497 5165 indulgentiam
3543 5104 3628 5159 per
3666 5078 3816 5137 solitam

2329 5188 2744 5247 miscricordiam
2776 5189 3037 5260 largiaris.
3068 5189 3186 5245 Per.

2330 5334 2516 5420 diebus
2534 5377 2546 5395 ,
2576 5344 2726 5420 quos.
2743 5332 3055 5395 regulariter
3084 5331 3135 5411 in
3166 5326 3505 5420 toto‘mttndtt-

2326 5382 2546 5483 etesia»:
2576 5382 2682 5490 Ii"?
2795 5382 3043 5490 ἑξετευοηε
3085 5403 3208 5455 item
3252 5382 3807 5490 (ιεεξεπγίιιξ.ἷξῖξῖζθ,”¹ῗὶῗῖἓ

2327 5475 2547 5557 ⁸³³⁸,ί1ηἰ
2596 5474 2659 5526 ad
2708 5473 2956 5555 Εςῦιεεὶδε
2997 5484 3289 5555 conventus
3333 5459 3807 5560 istis

2327 5518 2539 5600 νρηίυ¹ηι
2560 5586 2574 5607 ,
2603 5554 2657 5599 et
2687 5545 2829 5611 prius
2860 5559 3013 5628 quant
3045 5518 3809 5628 mysteriacettttt'tﬁafl‘jf‘lbsxg

2323 5620 2489 5685 tlunt;
2521 5596 2573 5669 et
2601 5619 2652 5668 in
2684 5596 2790 5681 ipsa
2825 5596 3044 5696 ecclesia
3074 5596 3254 5667 oiio~is
3287 5596 3467 5698 fabulis
3490 5596 3802 5698 vacuatam":

2321 5682 2417 5755 ipSi
2448 5670 2713 5769 psallunt,
2747 5700 2842 5737 nec
2873 5686 3005 5737 alios
3040 5687 3297 5769 psallere.
3346 5685 3430 5769 vel
3465 5670 3802 5769 oraorfhlllg‘“;

2322 5735 2489 5813 fului.
2527 5758 2590 5846 Et
2620 5735 2956 5846 invitet-mone
2984 5735 3225 5825 scortenti
3267 5756 3493 5846 hortatur
3516 5735 3705 5846 ﬁlii“:

2322 5845 2389 5887 ue
2418 5844 2474 5887 se
2510 5846 2528 5882 t
2559 5828 2626 5881 de
2661 5827 2911 5881 Ecclesia:
2943 5814 3204 5881 conventu
3237 5824 3532 5880 subtraham
3555 5814 3601 5873 ill
3629 5814 3705 5858 δεῖ

2321 5902 2394 5955 ris
2416 5918 2434 5951 ι
2461 5897 2751 5953 canonicis.
