4060 6346
619 409 723 467 585

1327 408 1668 468 APPENDIX
1707 408 1798 464 AD
1835 403 2072 462 OPERA
2117 400 2360 460 SANCTI
2402 403 2715 461 GERMAN‘!
2753 405 3193 467 PARISIENSIS.
3822 413 3894 466 ω

623 532 843 586 aliorum
909 528 1269 599 opinationem
1304 571 1320 596 ,
1378 527 1719 583 Ambrosium
1775 522 2086 595 psalmodize
2141 522 2196 577 in
2227 524 2390 585 Atus
2419 523 2679 595 originem
2709 524 2930 596 lgnatio,
2977 529 3137 584 tertio
3181 533 3314 597 post
3348 523 3598 582 Petrum
3647 527 3896 589 Antiochi:

631 623 1050 678 occidentalibus
1109 622 1362 676 Ecclesiis
1409 623 1635 692 primum
1686 619 2048 674 institutorem
2096 630 2201 670 non

627 711 815 781 inisse,
849 716 986 784 quod
1033 729 1096 768 ex
1141 715 1417 783 Augustini
1449 712 1886 769 Confessionibus
1933 709 2007 764 illi
2048 709 2205 764 colli-

625 811 857 880 gebant;
907 807 998 862 sed
1028 807 1077 861 id
1111 816 1310 861 tantum
1341 823 1598 874 curasse,
1646 816 1705 861 ut
1746 804 2043 862 secundum
2085 817 2203 858 mo-

628 916 740 955 rem
777 901 991 954 Patrum
1022 900 1358 954 orientalium
1390 899 1579 968 psalmi
1616 909 1774 968 atque
1813 897 1996 970 hymni
2039 913 2068 951 a
2112 910 2207 965 po-

627 994 750 1064 pulo
778 995 938 1046 etiam
967 1002 1305 1056 canerentur,
1331 1007 1450 1047 cum
1475 1003 1632 1046 antea
1661 1009 1690 1047 a
1720 992 1941 1062 singulis
1981 989 2200 1060 singuli,

639 1087 722 1137 vel
754 1093 902 1139 certe
931 1099 958 1139 a
990 1084 1120 1138 solis
1147 1084 1358 1139 clericis
1379 1083 1518 1153 apud
1545 1083 1704 1138 Italos
1730 1083 1934 1137 recitati
1960 1080 2205 1135 fuissent.

625 1175 852 1244 Quintus
883 1176 1113 1244 denique
1142 1190 1330 1230 cursus
1361 1183 1443 1230 est
1483 1174 1651 1228 sancti
1695 1174 1998 1239 Benedicti,
2041 1187 2201 1242 quem

625 1285 653 1322 a
683 1284 839 1323 cursu
871 1268 1110 1322 Romano
1141 1283 1328 1338 parum
1359 1267 1695 1335 discrepasse
1729 1266 1887 1321 tradit
1911 1263 2207 1320 vetustissi-

636 1379 755 1416 mus
787 1363 874 1417 ille
904 1367 1155 1433 scriptor,
1188 1362 1344 1432 cujus
1376 1362 1616 1417 libellum
1657 1362 2014 1432 Spelmannus
2043 1362 2211 1417 edidit

628 1453 680 1509 in
713 1464 858 1509 tomo
887 1455 905 1509 ί
935 1456 1140 1526 Anglia:
1169 1455 1553 1523 Conciltorum,
1587 1471 1705 1526 pag.
1740 1455 1858 1510 176.
1896 1455 1990 1510 Hic
2018 1494 2033 1520 ,
2064 1455 2209 1524 quis—

634 1549 751 1618 quis
785 1549 872 1604 ille
903 1557 984 1605 est
1012 1593 1026 1616 ,
1058 1563 1246 1604 cursus
1278 1549 1641 1605 ecclesisticos
1669 1563 1790 1603 cum
1820 1548 2050 1619 Liturgia
2076 1562 2209 1602 con-

641 1643 864 1700 fundere
895 1645 1125 1701 videtur.
1156 1645 1287 1700 Nam
1317 1661 1480 1716 agens
1519 1646 1586 1702 de
1623 1661 1781 1701 cursu
1826 1662 1919 1717 per
1963 1655 2206 1700 sanctum

628 1736 863 1792 Marcum
897 1737 1167 1804 instituto,
1219 1740 1289 1793 ita
1319 1739 1465 1793 illum
1496 1738 1782 1806 describit,
1814 1748 1871 1793 ut
1899 1757 1918 1792 ι
1949 1737 2209 1806 Sanctus,

624 1831 708 1885 vel
741 1829 921 1885 Gloria
949 1833 1001 1885 in
1034 1832 1270 1898 excelsis,
1309 1832 1397 1888 vel
1435 1832 1730 1888 orationem
1772 1831 2125 1899 Dominicant,
2158 1841 2211 1887 et

2307 617 2360 672 in
2386 615 2537 688 Syria
2581 619 2855 688 episcopo,
2890 620 3076 676 tribuit
3106 620 3160 675 in
3208 620 3317 675 lib.
3374 632 3465 685 Vl,
3518 632 3644 686 cap.
3670 618 3721 673 8.
3752 619 3896 678 Scribit

2305 712 2502 782 quippe
2530 731 2548 763 ‹
2585 711 2840 781 lgnatinm
2874 714 3071 769 vidisse
3115 712 3431 784 aliquando
3463 711 3699 782 angelos
3743 715 3896 786 hymnis

2307 805 2608 859 alternatim
2649 806 2943 859 decantatis
2972 815 3209 860 sanctam
3260 803 3630 860 Trinitatem
3671 806 3896 861 celebrau-

2307 907 2420 964 tes;
2456 898 2682 968 indeque
2709 899 2930 954 canendi
2960 899 3243 964 rationem,
3280 911 3472 968 quam
3525 896 3585 952 in
3620 897 3709 952 illa
3738 900 3893 955 visane.

2309 991 2770 1055 animadverterat,
2848 992 3092 1045 ecclesia:
3162 990 3561 1046 Antiochensi
3627 991 3894 1058 tradidisse;

2310 1085 2450 1140 unde
2477 1086 2572 1139 ista
2599 1085 2811 1140 traditio
2841 1085 2905 1139 ad
2932 1101 3118 1142 omnes
3151 1097 3349 1155 postea
3385 1085 3679 1141 Ecclesias
3702 1103 3893 1156 permea-

2309 1176 2467 1230 verit.
2511 1195 2528 1227 ν
2573 1175 2714 1230 Idem
2765 1190 2950 1230 auctor
2997 1177 3188 1231 eodem
3238 1177 3294 1231 in
3353 1177 3496 1231 loco
3559 1189 3896 1232 commemorat

2312 1267 2450 1321 hunc
2482 1268 2636 1320 ritum
2669 1281 2696 1320 a
2720 1275 2906 1322 sancto
2930 1266 3136 1323 Joanne
3181 1267 3616 1340 Chrysostomo
3644 1266 3894 1325 Constantio

2313 1361 2490 1430 nopoli
2517 1361 2679 1414 fuisse
2720 1361 3019 1415 institutum
3066 1376 3130 1416 ex
3161 1361 3541 1416 aemulatione
3584 1361 3892 1426 ‘Arianorum,

2318 1471 2336 1504 ε
2372 1455 2458 1523 qui
2496 1453 2716 1522 singulis
2758 1453 3128 1516 hebdomadis.
3176 1453 3410 1524 quoties
3447 1452 3583 1508 festi
3619 1453 3732 1509 dies
3757 1471 3893 1508 occur-

2313 1544 2521 1609 rebant,
2550 1544 2701 1599 idest
2740 1545 2969 1599 Sabbato
3021 1563 3084 1603 ac
3132 1546 3218 1603 die
3281 1547 3622 1612 Dominico,
3676 1548 3726 1600 in
3775 1564 3894 1602 unum

2313 1641 2636 1710 congregati,
2668 1639 2891 1711 hymnos
2921 1650 3042 1710 apte
3071 1641 3136 1694 ad
3168 1657 3324 1696 suam
3367 1642 3642 1697 haeresim
3670 1646 3888 1713 composi-

2316 1741 2423 1797 tos,
2463 1732 2761 1787 alternatim
2793 1733 2893 1788 sibi
2924 1735 3312 1804 respondentes
3364 1737 3676 1802 canebant,
3721 1750 3890 1792 noctur-

2316 1828 2395 1879 nis
2419 1825 2620 1880 scilicet
2649 1840 2709 1879 ac
2741 1827 3010 1881 matutinis
3042 1829 3206 1884 horis.
3245 1848 3263 1881 ι
3301 1831 3474 1884 ilunc
3496 1845 3632 1884 vero
3662 1832 3880 1885 alternum

628 1927 797 1980 Amen
818 1964 833 1990 '
866 1943 886 1978 ι
925 1925 1157 1982 universi
1178 1969 1194 1995 ,
1245 1935 1350 1982 tam
1399 1926 1497 1982 viri
1550 1941 1708 1998 quam
1757 1928 1967 1984 femina
2016 1928 2212 1983 decan.
2242 1917 2292 1977 Β
2318 1928 2530 1970 cantum
2561 1917 2809 1972 Socrates
2838 1919 3270 1989 antiphunarium
3292 1963 3308 1986 ,
3350 1924 3653 1994 ἀντίφωνον
3681 1923 3888 1993 titur-33m

627 2025 820 2074 tacent.

699 2113 862 2186 382
891 2115 947 2170 6.
982 2113 1178 2171 Verum
1212 2115 1367 2186 longe
1395 2115 1662 2172 diversam
1687 2160 1702 2186 ,
1728 2124 1782 2172 et
1809 2117 2027 2188 quidem
2056 2131 2213 2174 accu-

626 2208 879 2261 ratiorem
909 2207 1222 2278 psalmodiae
1247 2209 1386 2279 apud
1415 2210 1718 2266 Orientales
1747 2210 2007 2266 rationem
2052 2213 2206 2266 nobis

633 2299 890 2356 exhibent
917 2299 1241 2372 Cassianus,
1276 2303 1530 2360 Socrates
1573 2314 1631 2361 et
1671 2303 2048 2360 Theodoritus.
2086 2304 2217 2360 Cas-

626 2393 810 2449 sianus
836 2394 1066 2466 quippe,
1096 2397 1315 2452 omissis
1341 2397 1506 2452 variis
1534 2399 1706 2469 typis,
1751 2413 1887 2468 quos
1927 2412 2026 2469 pro
2066 2399 2214 2453 loco-

630 2503 748 2543 rum
779 2489 1045 2544 varietate
1071 2489 1364 2545 dissimiles
1389 2489 1556 2546 fuisse
1595 2491 1757 2556 dicit,
1801 2489 1906 2546 duo
1947 2490 2213 2560 praecipua

631 2583 942 2652 psalmodiae
973 2585 1112 2654 apud
1144 2586 1433 2642 orientales
1464 2587 1756 2643 monachos
1785 2602 1978 2658 genera
2007 2589 2211 2644 descri—

625 2675 702 2732 bit
729 2695 741 2729 :
776 2693 938 2732 unum
969 2693 1154 2733 eorum
1187 2681 1279 2750 qui
1312 2681 1363 2734 in
1395 2679 1628 2752 Egypto
1661 2692 1716 2736 et
1741 2681 2044 2747 Thebaide,
2076 2682 2212 2737 alte-

634 2789 754 2829 rum
786 2790 970 2830 eorum
1003 2778 1090 2846 qui
1134 2779 1185 2832 in
1217 2778 1497 2834 Palaesuna
1527 2789 1582 2835 et
1611 2779 1662 2834 in
1693 2781 2067 2850 MesOpotamia
2101 2797 2212 2836 ver-

627 2867 904 2923 sabantur.
935 2869 1029 2924 His
1054 2869 1262 2926 duobus
1285 2881 1534 2928 accurate
1557 2873 1890 2943 exponendis
1912 2876 2207 2929 secundum

635 2975 697 3017 ac
729 2963 940 3016 tertium
975 2963 1336 3020 institutarum
1370 2967 1534 3021 libros
1565 2968 1810 3021 insumit.

795 3055 1164 3126 Egyptiorum
1207 3067 1364 3128 typus
1413 3061 1464 3113 in
1506 3075 1711 3114 summa
1757 3061 1800 3116 is
1847 3070 1983 3117 erat.
2025 3060 2206 3115 Primo

624 3147 830 3202 duabus
873 3158 1073 3204 tantum
1107 3151 1312 3207 vicibus
1366 3154 1416 3207 in
1459 3154 1749 3208 oratorium
1782 3154 2205 3223 conveniebant,

633 3245 840 3312 vesperi
872 3245 1112 3311 scilicet,
1141 3261 1202 3300 ac
1230 3247 1401 3300 media
1434 3256 1620 3313 nocte,
1665 3247 1975 3316 ettingulis
2003 3247 2210 3301 vicibus

2323 2011 2590 2080 appellat;
2623 2011 2761 2066 unde
2789 2012 3116 2080 antiphonce,
3170 2029 3290 2084 qua:
3344 2015 3420 2068 ad
3479 2015 3746 2070 alternum
3789 2018 3885 2084 psal-

2319 2120 2524 2160 morum
2556 2116 2768 2160 cantum
2801 2109 3180 2175 przeciuuntur,
3217 2125 3427 2164 nomen
3456 2110 3811 2165 retinuerunt.

2388 2199 2441 2253 7.
2487 2199 2744 2254 Henricus
2779 2200 3036 2265 Valesius,
3069 2201 3149 2256 vir
3194 2203 3288 2270 cl.,
3349 2202 3408 2256 in
3469 2203 3808 2257 annotatione
3839 2202 3882 2254 ad

2317 2292 2459 2348 hunc
2485 2294 2552 2349 de
2585 2293 2782 2364 lgnatio
2814 2295 3008 2364 locum,
3037 2295 3109 2350 ait
3128 2311 3185 2350 se
3217 2297 3446 2351 nescire
3472 2297 3624 2351 unde
3659 2299 3764 2351 haac
3787 2299 3880 2348 hau-

2317 2397 2448 2448 serit
2478 2394 2742 2447 Suerates.
2785 2411 2802 2444 ‹
2838 2392 3056 2446 Constat
3097 2394 3263 2461 enim,
3301 2393 3515 2464 inquit,
3565 2393 3760 2462 primos
3794 2408 3878 2446 om-

2318 2486 2462 2540 nium
2499 2484 2802 2538 Flavianum
2835 2501 2897 2539 ac
2927 2485 3232 2550 Diodorum,
3277 2495 3561 2554 regnante
3590 2485 3878 2547 Constantio,

2319 2580 2655 2650 psallentium
2681 2580 2874 2632 choros
2925 2578 3220 2632 Antiochiae
3261 2577 3531 2633 bifariatu
3578 2577 3816 2640 divisisse,
3841 2585 3876 2629 et

2318 2674 2549 2743 psalmos
2586 2671 2859 2726 Davidicos
2887 2671 3051 2743 385
3077 2672 3295 2726 alternis
3317 2671 3609 2727 canendus
3647 2671 3720 2724 eis
3751 2669 3872 2723 tradi-

2315 2768 2490 2830 disse;
2537 2782 2759 2835 eamque
2788 2780 2900 2820 rem
2947 2766 3174 2834 primum
3220 2767 3540 2820 Antiochia:
3600 2764 3867 2825 institutam,

2315 2869 2497 2930 postea
2529 2858 2591 2912 ad
2617 2859 2846 2926 reliquas
2877 2857 3037 2912 totius
3063 2857 3211 2912 orbis
3233 2859 3507 2914 ecclesias
3535 2858 3867 2916 dimanasse,i

2315 2960 2542 3006 testante
2573 2950 2896 3004 Theodorito
2929 2949 2980 3004 in
3014 2949 3106 3004 lib.
3155 2967 3188 3004 tt
3235 2950 3521 3015 Historim,
3571 2966 3685 3019 cap.
3737 2949 3869 3012 2-l,et

2315 3055 2436 3100 ante
2464 3047 2609 3100 illum
2639 3045 2924 3099 Theodoro
2973 3044 3372 3112 Mopsuesteno.
3434 3047 3552 3102 lino
3605 3060 3717 3100 eam
3767 3041 3867 3111 psal-

2313 3140 2506 3193 modia:
2537 3139 2768 3207 speciem
2800 3138 2908 3207 jam
2939 3148 3063 3193 ante
3094 3138 3410 3194 Flavianum
3440 3149 3604 3210 atque
3630 3137 3863 3192 Diodorum

2314 3246 2342 3285 a
2374 3231 2524 3303 Syris
2554 3229 2716 3285 fuisse
2757 3241 3060 3297 usurpatam
3099 3231 3339 3286 Valesius
3370 3232 3583 3300 colligit
3627 3245 3686 3284 ex
3727 3226 3863 3282 Then-

635 3335 872 3404 psalmos
903 3336 1181 3392 duodenos
1209 3339 1530 3403 cantabant,
1562 3339 1682 3393 aliis
1715 3340 1861 3393 horis
1893 3340 2128 3409 psalmos
2157 3341 2204 3392 in

2314 3324 2424 3378 dori
2468 3324 2822 3393 Mopsuesteui
2870 3323 3189 3392 fragmento,
3223 3325 3368 3395 quod
3406 3325 3580 3381 refert
3619 3320 3861 3379 Nicetasin

628 3429 836 3484 cellulis
881 3430 992 3484 suis
1041 3431 1181 3486 inter
1225 3431 1573 3487 laborandum
1624 3432 1852 3488 recitare
1902 3433 2066 3487 soliti.
2115 3433 2209 3488 Se-

625 3522 802 3576 cundo
827 3522 923 3578 hos
948 3523 1224 3579 duodecim
1257 3527 1489 3595 psalmos
1520 3540 1656 3579 unus
1684 3535 1892 3579 tantum
1926 3526 2094 3580 lector
2121 3534 2212 3580 aut

629 3625 837 3680 cantor,
872 3616 921 3670 id
950 3625 1031 3670 est
1061 3619 1250 3688 singuli
1284 3619 1556 3687 singulos,
1606 3618 1690 3672 vel
1736 3634 1876 3672 unus
1919 3618 2208 3672 admodum

625 3718 675 3763 et
703 3709 835 3764 alter
861 3724 1052 3776 senos,
1079 3712 1130 3765 in
1164 3712 1338 3766 medio
1363 3711 1586 3765 fratrum
1612 3711 1971 3766 consistentes
1998 3712 2198 3765 decan-

625 3804 837 3869 tabant,
866 3809 1074 3859 caneris
1103 3805 1418 3861 sedentibus
1458 3816 1512 3861 et
1557 3807 1796 3862 intentis.
1848 3806 2030 3861 Tertio
2073 3805 2214 3876 psal-

629 3911 745 3949 mos
767 3938 780 3961 ,
811 3898 1103 3964 prmsertim
1138 3899 1436 3969 longiores,
1471 3916 1575 3955 non
1602 3901 1855 3956 continue
1885 3911 1938 3955 et
1965 3916 2070 3955 uno
2101 3911 2210 3954 tra-

635 3995 760 4052 ctu,
793 3990 883 4041 sed
918 3989 1263 4045 meditatione
1308 4000 1399 4045 aut
1452 3992 1598 4047 brevi
1627 3995 1871 4049 oratione
1897 3995 2211 4062 interposita

627 4079 960 4144 recitabant;
993 4090 1046 4133 et
1076 4081 1309 4149 ps-ilmos
1355 4083 1526 4152 ipsos,
1571 4099 1675 4139 non
1720 4085 1986 4140 versiculo
2025 4083 2210 4139 Gloria

628 4167 778 4223 Patri
800 4215 813 4237 ,
849 4170 941 4225 sed
972 4171 1072 4225 alia
1108 4171 1252 4226 brevi
1285 4175 1626 4242 precatione;
1662 4177 2043 4232 duodecimum
2077 4193 2204 4233 vero

629 4278 758 4318 voce
801 4262 1022 4317 Alleluia
1066 4265 1474 4322 concludebant.
1529 4269 1731 4336 Quarto
1781 4271 1947 4326 finitis
1993 4271 2214 4340 psalmis

629 4354 750 4410 dua:
782 4356 1036 4411 lectiones
1066 4359 1445 4424 recitabantur,
1478 4377 1577 4414 una
1611 4377 1675 4417 ex
1711 4362 1919 4430 Veteri,
1948 4364 2117 4419 altera
2146 4379 2215 4419 ex

632 4447 780 4501 Novo
811 4448 1181 4517 Testamento;
1209 4453 1441 4508 Sabbato
1471 4469 1536 4509 ex
1566 4454 1734 4512 Novo.
1769 4457 1966 4525 Quinto
1990 4459 2071 4512 his
2095 4475 2214 4526 per-

629 4539 763 4594 actis
787 4580 804 4608 ,
848 4554 1035 4598 omnes
1073 4543 1125 4597 iu
1165 4559 1336 4613 genua
1389 4548 1849 4615 procumbebant;
1881 4559 1934 4604 et
1962 4559 2089 4606 tunc
2115 4553 2214 4606 ab-

629 4631 724 4686 bas
752 4647 844 4688 seu
875 4638 1191 4705 praepositus
1221 4641 1456 4694 omnium
1487 4641 1709 4698 fratrum
1739 4655 1857 4698 vota
1913 4661 2213 4716 preceSQue

630 4724 682 4777 in
712 4741 874 4780 unum
923 4727 1213 4799 colligens,
1259 4731 1470 4798 publica
1515 4735 1824 4802 precatione
1868 4735 2205 4806 (Collectam
2241 4716 2296 4777 θ

628 4818 994 4890 appellamus)
1019 4821 1250 4875 ollicium
1285 4822 1528 4879 finiebat.
1557 4825 1720 4880 Sexto
1747 4826 1976 4898 denique
2007 4831 2212 4887 reversi

630 4910 682 4963 in
711 4911 875 4964 cellas
903 4913 1230 4992 suas,_hora
1274 4915 1463 4982 tertia,
1513 4927 1692 4984 sexta,
1745 4929 1800 4975 et
1841 4937 1984 4976 nona
2031 4934 2212 4980 ternos

630 5005 861 5074 psalmos
907 5006 1044 5061 inter
1079 5009 1407 5077 operandurn
1455 5012 1854 5081 persolvebant,
1897 5016 2116 5084 privatis
2145 5019 2214 5074 de

629 5107 827 5153 caetero
855 5099 1100 5168 precibus
1142 5101 1353 5156 intenti.
1403 5102 1536 5158 Illud
1583 5116 1788 5162 tantum
1832 5109 2022 5165 diebus
2052 5112 2213 5183 383

632 5191 919 5246 Dominicis
964 5200 1019 5247 et
1055 5194 1208 5250 festis
1239 5196 1508 5265 peculiare
1540 5209 1658 5254 erat
1680 5242 1694 5267 ,
1725 5203 1867 5271 quod
1900 5204 1964 5257 ad
1997 5207 2214 5260 tertiam

630 5283 814 5339 horam
843 5286 894 5341 in
926 5288 1221 5343 oratorium
1250 5292 1680 5359 conveniebant,
1711 5303 1770 5349 ut
1804 5298 1972 5352 sacris
2016 5309 2218 5370 myste-

629 5377 724 5432 riis
751 5377 1094 5436 interessent.
1127 5380 1193 5435 Et
1223 5382 1267 5436 is
1303 5383 1520 5453 quidem
1545 5386 1684 5456 apud
1724 5387 2008 5459 ASgyptios
2033 5407 2217 5445 mona-

630 5466 760 5522 chos
799 5469 1056 5538 psallendi
1103 5470 1238 5527 ritus
1287 5474 1504 5544 vigebat
1555 5479 1755 5532 sazculo
1802 5496 1855 5534 v.
1909 5481 2052 5537 Idem
2099 5483 2212 5539 fere

630 5556 906 5614 obtinebat
949 5561 1002 5616 in
1037 5561 1336 5619 Palaestinae
1375 5573 1434 5620 et
1469 5565 1868 5636 Mesopotamiae
1911 5574 2172 5628 cmnobiis
2195 5617 2211 5642 ,

631 5653 732 5709 nisi
783 5655 924 5725 quod
975 5657 1040 5711 ad
1102 5659 1342 5729 singulas
1395 5661 1558 5718 horas
1605 5665 1879 5721 solemnes
1921 5672 2213 5724 oratorium

629 5748 1080 5820 frequentabant,
1120 5761 1178 5808 ut
1218 5754 1272 5810 in
1318 5754 1538 5826 publico
1579 5769 1848 5817 conventu
1891 5771 2070 5820 ternos
2104 5765 2215 5822 Deo

630 5839 865 5910 psalmos
895 5843 1282 5913 persolverent.

702 5931 756 5988 6.
798 5935 842 5991 Δ
868 5933 1125 5993 Cassiano
1148 5935 1312 5994 venio
1335 5937 1403 5994 ad
1429 5938 1726 6016 Socratem,
1751 5949 1841 6018 qui
1866 5949 2058 6005 alterni
2089 5965 2216 6006 can-

2318 3417 2590 3472 Thesauro
2614 3418 2926 3471 orthodoxa:
2956 3417 3098 3478 tidei,
3132 3418 3220 3472 lib.
3257 3435 3308 3485 v,
3339 3433 3468 3500 cap,
3509 3418 3598 3472 δι).
3642 3409 3858 3500 Quidquid

2317 3511 2387 3564 sit
2413 3510 2481 3565 de
2519 3520 2754 3576 auctore,
2785 3510 3047 3565 alternum
3105 3520 3320 3564 cantum
3383 3499 3630 3578 tempore
3667 3499 3861 3572 Gregorii

2318 3603 2634 3657 Nazianzeni
2666 3605 2718 3657 in
2763 3603 3100 3657 monasteriis
3125 3603 3406 3673 utriusque
3433 3617 3596 3658 sexus
3627 3601 3725 3668 jam
3752 3608 3858 3650 rete-

2319 3695 2613 3763 ptissimunt
2645 3695 2809 3750 fuisse
2851 3695 3191 3750 manifestum
3250 3705 3331 3750 est
3389 3711 3458 3752 ex
3511 3693 3731 3749 iambico
3769 3687 3855 3755 ejus

2317 3787 2552 3840 carmine
2579 3787 2644 3840 de
2673 3788 2886 3853 virtute,
2916 3787 3015 3840 sub
3056 3788 3238 3851 linem,
3271 3787 3435 3855 idque
3463 3785 3702 3840 omnibus
3731 3778 3855 3835 notis-

2318 3877 2510 3931 simum
2554 3893 2672 3932 esse
2701 3879 2848 3932 dicit.
2896 3880 3091 3933 Eorum
3139 3879 3364 3934 chorum
3399 3879 3691 3950 angelicum
3722 3878 3856 3933 vocat,

2323 3989 2344 4024 ι
2382 3973 2469 4042 qui
2499 3987 2639 4027 nunc
2672 3972 2856 4039 simul,
2890 3988 3030 4028 nunc
3058 3973 3260 4029 vicibus
3285 3975 3516 4030 alternis
3543 3972 3696 4026 canit.
3729 3985 3746 4019 ι

2533 4069 2814 4140 Σύμφωνον,
2840 4068 3109 4141 ἀντίφωνον
3139 4069 3359 4141 ἀγγέλων
3396 4070 3602 4124 στάσιν.

2319 4143 2500 4229 Itaque
2525 4160 2712 4214 saltem
2742 4161 2864 4215 inde
2893 4170 3123 4227 constat,
3151 4177 3256 4216 uno
3287 4173 3418 4218 ante
3451 4157 3748 4216 Cassianum
3773 4163 3849 4205 5::-

2319 4252 2440 4306 culo
2485 4253 2624 4308 hunc
2653 4254 2874 4308 alternis
2923 4255 3150 4309 canendi
3203 4254 3362 4310 ritum
3417 4254 3558 4325 apud
3607 4245 3850 4307 Orientales

2321 4345 2625 4411 inolevisse,
2650 4348 2738 4417 qui
2765 4346 2962 4402 sensim
2988 4348 3112 4404 inde
3142 4349 3379 4404 manavit
3412 4349 3477 4404 ad
3511 4339 3841 4404 Occidentales-

2320 4439 2460 4509 Lege
2489 4441 2902 4495 eruditissimum
2929 4441 2981 4496 in
3005 4441 3098 4496 lib.
3124 4457 3140 4496 ι
3165 4442 3473 4513 Disciplina:
3502 4434 3845 4498 ecclesiastica.

2319 4546 2475 4602 capp.
2507 4531 2577 4588 54
2602 4542 2655 4587 et
2681 4533 2774 4587 35.

2392 4647 2445 4703 8.
2487 4647 2708 4715 Quinam
2736 4649 2995 4718 psallendi
3024 4651 3212 4707 modus
3241 4653 3422 4708 Roma:
3445 4667 3540 4723 per
3561 4665 3618 4704 ea
3649 4651 3838 4710 tempora

2320 4750 2641 4807 servaretur,
2673 4756 2777 4797 non
2806 4742 2961 4799 facile
2985 4753 3068 4800 est
3088 4745 3335 4802 definire.
3368 4748 3426 4803 Si
3451 4755 3591 4802 certa
3617 4751 3664 4797 et
3688 4736 3832 4804 Μινυ-

2315 4840 2430 4886 rata
2459 4842 2602 4888 esset
2630 4835 2824 4889 vetusti
2861 4835 3005 4891 illius
3043 4837 3180 4906 apud
3233 4837 3609 4906 Spelmannum
3657 4823 3839 4883 auctoris

2315 4928 2600 4992 sententia,
2626 4942 2818 4998 nempe
2847 4929 3022 4984 sancti
3059 4929 3328 4986 Benedicti
3356 4945 3565 4988 cursum
3594 4942 3619 4980 a
3651 4925 3835 4976 Romam

2318 5035 2503 5089 parum
2525 5019 2878 5088 discrepasse,
2904 5021 3065 5075 obvia
3088 5031 3235 5077 esset
3255 5023 3322 5078 de
3354 5022 3588 5077 Romano
3615 5011 3835 5080 conjectu-

2319 5126 2406 5178 ra,
2437 5127 2557 5166 cum
2592 5112 2994 5168 Benedictinum
3037 5113 3091 5168 in
3131 5115 3316 5184 regula
3369 5126 3543 5169 nostra
3582 5107 3831 5174 erpressutn

2326 5204 2633 5260 habeamus.
2665 5206 2734 5258 At
2763 5205 3080 5271 Romanum,
3113 5207 3302 5260 saltem
3333 5207 3387 5261 in
3429 5201 3689 5274 aliquibus,
3717 5189 3770 5244 ab
3789 5197 3834 5238 eo

2325 5294 2592 5350 diversum
2622 5295 2784 5351 fuisse
2812 5297 2935 5352 hinc
2962 5297 3256 5369 colligitur,
3305 5299 3444 5368 quod
3490 5303 3682 5350 sanctus
3709 5283 3829 5337 Bene-

2324 5386 2496 5441 dictus
2517 5387 2581 5441 ad
2608 5387 2816 5443 feriales
2835 5389 3119 5445 matutinas
3143 5389 3353 5446 Laudes
3373 5409 3392 5443 c
3429 5387 3670 5446 canticum
3691 5382 3831 5468 unttttt-

2322 5479 2566 5550 quodque
2595 5481 2680 5535 die
2709 5495 2808 5535 suo
2843 5497 2905 5536 ex
2939 5483 3236 5552 prophetis,
3281 5485 3418 5539 sicut
3459 5478 3617 5552 psallit
3648 5465 3823 5524 Ecclesia

2323 5572 2583 5642 Romana,
2623 5593 2640 5626 ι
2672 5575 2912 5630 instituat
2934 5589 3052 5645 cap.
3091 5577 3175 5642 i3,
3207 5577 3275 5631 de
3303 5579 3423 5631 aliis
3452 5575 3596 5632 etiam
3627 5564 3668 5620 id
3692 5559 3823 5655 dictu-

2322 5681 2435 5730 rus,
2478 5667 2521 5720 si
2553 5667 2718 5736 ipsius
2746 5669 2881 5721 ritus
2908 5683 3030 5723 cum
3074 5667 3319 5724 Romano
3364 5669 3566 5740 penitus
3604 5658 3820 5714 convenu-

2321 5766 2433 5823 set;
2467 5773 2567 5814 nec
2592 5774 2722 5814 sane
2747 5760 3050 5830 reliquisset
3079 5761 3241 5834 335
3272 5763 3325 5817 in
3355 5761 3551 5818 abbatis
3582 5744 3762 5808 arbitrio
3783 5743 3823 5840 ut

2318 5867 2468 5908 suam
2513 5851 2822 5921 psalmodize
2879 5852 3283 5923 dispositionem
3337 5865 3532 5912 mutare
3582 5847 3744 5918 posset.
3782 5843 3813 5883 ει

2323 5944 2619 6000 Romanum
2681 5959 2940 6002 canonem
2998 5946 3050 6003 in
3099 5949 3347 6006 omnibus
3418 5951 3609 6005 secutus
3656 5930 3813 5989 ΐιιίδεα·
