4060 6346
183 352 301 410 585

1227 343 1318 400 DE
1356 342 1582 400 CURSU
1627 339 2017 400 GALLICANO
2055 341 2477 411 DISQUISITIO.

3363 350 3468 406 586

181 468 593 527 Theodemarus
623 461 784 518 abbas
825 458 1156 528 Casinensis,
1205 477 1300 516 seu
1333 460 1530 516 Paulus
1587 460 1774 515 Diaco-
1803 458 1958 522 Arei
2004 469 2190 516 testem
2235 460 2498 516 habemus
2543 459 2762 517 Adriani
2809 457 3010 532 papzel
3057 460 3340 531 epistolam
3384 465 3463 521 ὃς

179 575 292 618 nus
314 559 434 630 ejus
462 556 695 625 nomine,
731 555 782 609 in
838 553 1065 622 epistola
1114 554 1180 608 ad
1227 553 1476 609 Carolum
1527 553 1775 624 Magnum

181 651 486 723 quaestione
514 647 804 717 pr0posita,
839 662 936 702 cur
976 656 1192 702 sanctus
1239 646 1561 702 Benedictus
1604 645 1778 700 nullas

182 746 242 801 in
271 754 454 800 aestate
482 759 574 813 pro
603 742 882 798 nocturnis
912 741 1120 812 Vigiliis
1169 741 1426 797 lectiones
1481 740 1774 810 praecipiat,

184 839 329 894 hanc
355 838 507 894 af'ert
547 850 763 891 causam
793 852 806 888 :
839 834 962 904 quia
1020 853 1039 886 ι
1096 834 1321 890 necdum
1355 848 1420 888 eo
1454 842 1694 902 tempore
1721 831 1775 886 in

183 929 430 984 Romana
463 927 722 991 Ecclesia,
756 926 892 980 sicut
931 941 1071 980 nunc
1115 926 1382 994 leguntur,
1415 938 1592 978 sacras
1624 923 1775 980 Scri-

183 1030 374 1091 pturas
419 1018 522 1092 legi
573 1033 687 1074 mos
737 1017 926 1084 fuerit;
982 1017 1077 1072 sed
1117 1026 1238 1087 past
1283 1017 1487 1086 aliquot
1535 1025 1776 1085 tempora

184 1115 296 1172 hoc
323 1115 644 1180 institutum,
669 1115 782 1169 sive
808 1128 839 1166 a
889 1112 1046 1167 beato
1075 1126 1210 1181 papa
1243 1108 1524 1181 Gregorio,
1556 1110 1691 1175 sive,
1721 1117 1780 1165 ut

183 1209 258 1264 ab
296 1208 416 1262 aliis
457 1207 757 1262 afﬁrmatur
811 1206 877 1261 ab
921 1205 1177 1260 Honorio.
1232 1205 1343 1271 Qua
1392 1204 1458 1260 de
1507 1219 1566 1259 re
1609 1204 1780 1275 (addit

184 1298 616 1369 Theodemarus)
646 1298 815 1353 nostri
861 1298 1093 1367 majores
1123 1298 1474 1353 instituerunt
1505 1305 1562 1351 ut
1595 1296 1646 1350 in
1676 1299 1778 1352 hoc

180 1409 341 1451 sacro
373 1405 556 1450 nostro
582 1395 833 1450 coenobio
866 1402 975 1449 tres
1007 1393 1332 1464 quotidianis
1372 1393 1562 1448 diebus
1587 1391 1778 1447 aestivo

184 1491 239 1546 in
270 1500 510 1560 tempore
540 1505 605 1545 ex
634 1489 812 1543 Veteri
844 1488 1187 1543 Testamento
1229 1488 1486 1544 lectiones
1510 1489 1776 1558 legantur,

182 1598 254 1638 ne
299 1598 330 1637 a
370 1591 556 1637 sancta
608 1581 845 1636 Romana
898 1581 1121 1637 ecclesia
1177 1580 1487 1652 discrepare
1520 1581 1774 1638 videren-

183 1685 298 1732 tur.
330 1696 349 1729 ι

261 1771 315 1826 9.
361 1770 433 1824 De
478 1769 830 1824 Theodemari
883 1770 1044 1839 priori
1092 1771 1382 1836 sententia,
1428 1771 1636 1826 scilicet
1687 1787 1774 1826 sa-
1821 1828 1828 1836 _

182 1881 306 1923 cras
334 1866 634 1935 Scripturas
681 1867 733 1920 in
764 1866 1002 1920 Romana
1060 1867 1294 1920 Ecclesia
1326 1876 1563 1936 tempore
1594 1867 1762 1923 sancti
1797 1859 1847 1922 Β

184 1961 457 2018 Benedicti
488 1961 653 2016 lectas
686 1976 788 2015 non
836 1961 1018 2023 fuisse,
1058 1959 1294 2031 legitima
1326 1958 1603 2016 dubitandi
1635 1962 1773 2017 ratio

183 2065 285 2109 est.
322 2053 502 2122 Neque
523 2053 665 2108 enim
693 2053 988 2107 verisimile
1016 2062 1102 2109 est
1128 2063 1219 2107 aut
1251 2053 1422 2108 nullas
1458 2065 1578 2109 tunc
1607 2054 1658 2109 in
1693 2055 1775 2108 di-

183 2146 326 2202 vinis
352 2145 541 2200 ofﬁciis
574 2145 855 2211 lectiones;
888 2157 977 2200 aut
1027 2147 1068 2198 si
1119 2145 1311 2213 aliqua:
1359 2164 1425 2201 ex
1473 2148 1616 2212 aliis,
1666 2163 1771 2202 non

182 2239 346 2293 etiam
378 2254 442 2293 ex
475 2253 630 2292 sacra
661 2236 934 2308 Scriptura
961 2237 1231 2293 institutas
1263 2238 1442 2294 fuisse.
1476 2241 1616 2296 Sane
1655 2256 1778 2296 cum

182 2329 432 2385 Gelasius
467 2343 598 2398 papa
629 2328 682 2395 l,
730 2330 780 2384 in
831 2329 1060 2384 concilio
1091 2330 1352 2394 Romano,
1387 2333 1474 2401 qui
1522 2332 1642 2387 libri
1695 2335 1774 2393 le:

184 2424 368 2492 gendi,
396 2425 553 2493 quive
581 2440 684 2480 non
744 2424 958 2494 legendi
1001 2435 1186 2480 essent
1234 2426 1448 2492 deﬁnit;
1484 2426 1533 2480 id
1573 2427 1640 2481 de
1697 2428 1778 2483 le-

185 2520 365 2573 ctione
397 2519 610 2589 publica
651 2519 704 2573 in
733 2520 975 2575 ecclesiis
1021 2518 1263 2575 facienda
1309 2521 1605 2589 intelligere
1639 2522 1780 2576 vide-

185 2619 295 2666 tur.
324 2610 379 2664 In
406 2626 472 2666 eo
501 2621 678 2665 autem
704 2611 952 2678 Decreto,
988 2612 1086 2666 etsi
1119 2622 1268 2682 gesta
1297 2622 1604 2667 sanctorum
1641 2628 1783 2666 mar-

187 2709 366 2771 tyrum
402 2702 798 2772 suscipiuntur;
841 2701 1009 2757 nihilo
1045 2704 1221 2756 minus
1266 2718 1451 2758 eorum
1500 2703 1631 2757 Acta
1673 2719 1780 2759 non

187 2793 483 2864 probantur
508 2793 574 2848 ad
599 2793 872 2864 publicam
900 2794 1209 2849 lectionem.
1249 2812 1267 2845 ι
1300 2795 1403 2850 Sed
1435 2794 1556 2850 ideo
1588 2811 1782 2850 secun-

189 2885 317 2942 dum
345 2887 615 2956 antiquam
644 2887 1085 2942 consuetudinem
1116 2888 1311 2958 (inquit
1353 2888 1623 2958 Gelasius)
1665 2888 1782 2944 sin-

191 2979 364 3050 gulari
394 2980 605 3035 cautela
635 2981 685 3035 in
716 2990 900 3036 sancta
933 2982 1169 3037 Romana
1197 2981 1425 3036 ecclesia
1455 2997 1559 3036 non
1600 2982 1786 3052 legun-

192 3081 304 3139 tur,
335 3071 457 3141 quia
483 3081 539 3127 et
568 3087 751 3128 eorum
793 3074 880 3143 qui
924 3074 1292 3144 conscripsere
1323 3075 1539 3128 nomina
1571 3076 1782 3144 penitus

191 3162 537 3235 ignorantur;
590 3174 644 3220 et
673 3165 741 3220 ab
791 3166 1094 3221 inﬁdelibus
1121 3178 1209 3221 aut
1251 3167 1431 3221 idiotis
1489 3166 1780 3236 superﬂua,

1887 571 1906 605 ι
1946 553 2078 608 Vitae
2104 552 2317 609 Patrum
2353 553 2473 610 sine
2503 553 2870 625 probabilibus
2897 553 3206 609 auctoribus
3245 555 3466 612 minimc
3531 565 3538 598 -‘

1879 643 1934 700 in
1967 645 2202 702 Ecclesia
2233 645 2502 717 leguntur.
2532 645 2668 702 Nam
2711 646 2781 702 ab
2806 645 3127 703 orthodoxis
3160 647 3380 703 titulata:
3409 657 3465 704 et

1879 740 2263 809 suscipiuntur,
2294 749 2349 797 et
2378 742 2646 812 leguntur.
2684 759 2704 794 ι
2740 740 2853 797 lmo
2879 741 3040 796 etiam
3085 750 3212 797 tunc
3249 742 3462 798 confes-
3534 748 3542 793 ξ

1879 848 2060 889 sorum
2087 834 2232 890 Vitas
2259 835 2311 890 in
2339 835 2577 891 Ecclesia
2621 834 2863 892 Romana
2907 835 3123 891 recitari
3169 850 3286 891 mos
3326 845 3458 901 erat,

1881 927 2139 997 probante
2189 927 2394 984 Joanne
2446 927 2682 984 Diacono
2739 929 2796 983 in
2846 927 3160 998 praefatione
3188 929 3254 982 ad
3288 928 3462 984 Vitam

1881 1016 2122 1091 Gregorii
2151 1020 2344 1092 Magni,
2376 1019 2431 1075 in
2451 1036 2554 1090 qua
2578 1021 2841 1078 Joannem
2865 1036 3054 1092 papam
3078 1019 3192 1076 Vlll
3221 1021 3298 1076 sic
3326 1022 3458 1076 allo—

1881 1113 2098 1182 quitur:
2136 1131 2156 1165 ‹
2193 1111 2374 1183 Nuper
2408 1113 2474 1168 ad
2505 1112 2726 1184 Vigilias
2756 1115 2902 1170 beati
2948 1113 3189 1184 Gregorii
3237 1114 3461 1170 llomani

1884 1206 2170 1274 pontiﬁcis,
2221 1206 2513 1277 Anglorum
2562 1209 2772 1264 scilicet
2809 1209 2984 1278 gentis
3011 1205 3466 1282 387‘apostoli,

1879 1299 2111 1357 lectione
2136 1301 2204 1356 de
2233 1301 2459 1357 Paulino
2484 1301 2715 1358 civitatis
2741 1301 2961 1358 Nolana;
2991 1305 3216 1372 przesule
3239 1318 3467 1357 consue-

1880 1393 2187 1448 tudinaliter
2222 1405 2567 1464 personante,
2600 1394 2751 1451 visus
2779 1411 2838 1453 es
2862 1410 2893 1450 a
2921 1395 3322 1452 venerabilibus
3354 1397 3468 1462 epi-

1879 1486 2079 1555 scopis,
2119 1485 2301 1542 divino
2340 1488 2571 1559 quodam
2616 1489 3242 1554 instinctucommotus,
3288 1489 3469 1559 requi-

1880 1591 2022 1644 rere,
2053 1591 2150 1632 cur
2177 1587 2356 1634 tantus
2389 1579 2654 1648 pontifex,
2696 1581 2786 1649 qui
2829 1580 3119 1637 multorum
3158 1589 3463 1634 sanctoruzn

1878 1670 2014 1726 vitas
2045 1679 2306 1739 texuerat,
2366 1674 2533 1744 gesris
2572 1673 2808 1745 propriis
2851 1673 2906 1729 in
2961 1674 3169 1746 propria
3221 1673 3472 1730 duntaxat

1878 1764 2114 1822 Ecclesia
2145 1765 2432 1820 caruisset.
2464 1783 2486 1819 ι

1950 1856 2040 1912 Η.
2085 1857 2218 1913 Hinc
2255 1859 2418 1913 etiam
2462 1865 2614 1929 patet
2668 1866 2928 1914 tractatus
2982 1859 3199 1913 Patrum
3256 1857 3469 1914 defectu

1880 1949 2221 2020 propriarum
2265 1950 2556 2006 lectionum
2604 1950 2657 2005 in
2707 1951 2894 2007 eadem
2945 1950 3183 2006 Ecclesia
3225 1958 3469 2018 receptos

1880 2042 2092 2100 fuisse:
2133 2060 2363 2114 quorum
2409 2044 2652 2101 delectus
2697 2045 2752 2100 in
2799 2045 3026 2100 arbitrio
3071 2045 3308 2114 episcopi
3359 2053 3473 2097 erat

1882 2147 2123 2209 tempore
2155 2138 2396 2208 Gregorii
2427 2139 2624 2211 Magni,
2655 2147 2715 2194 ut
2757 2146 2967 2194 conStat
3015 2154 3078 2194 ex
3131 2138 3223 2192 lib.
3261 2153 3314 2200 κ,
3361 2136 3472 2206 epi-

1881 2236 2014 2290 stola
2041 2235 2136 2304 22,
2168 2233 2237 2290 ad
2271 2234 2530 2291 Joannem
2562 2233 2960 2290 Subdiaconum
2997 2233 3382 2296 Ravennatem,
3416 2229 3468 2285 in

1882 2345 1984 2399 qua
2013 2345 2117 2384 non
2150 2328 2344 2399 probat
2364 2326 2508 2398 quod
2549 2326 2876 2382 Marinianus
2908 2323 3151 2394 ejusdem
3185 2322 3331 2377 urbis
3353 2321 3470 2390 epi-

1882 2437 2075 2493 scopus
2109 2441 2129 2476 ι
2179 2429 2482 2478 commenta
2530 2420 2668 2476 beati
2720 2419 2820 2476 Job
2868 2417 3077 2487 publice
3133 2415 3199 2470 ad
3248 2413 3469 2483 Vigilias

1883 2515 1987 2586 legi
2011 2516 2368 2585 praecepisset.
2403 2512 2509 2570 Sed
2540 2513 2626 2568 dic
2677 2512 2748 2578 ei,
2811 2510 3002 2580 inquit,
3060 2519 3116 2562 ut
3166 2514 3470 2563 commenta

1885 2608 2218 2664 Psalmorum
2246 2605 2352 2678 legi
2369 2605 2439 2674 ad
2469 2605 2684 2676 Vigilias
2717 2603 2898 2670 faciat,
2923 2619 3042 2673 qua:
3071 2611 3279 2656 mentes
3306 2615 3474 2655 saecu-

1885 2697 2076 2754 larium
2103 2698 2170 2754 ad
2211 2699 2382 2754 bonos
2414 2712 2594 2753 mores
2633 2697 2903 2767 praecipue
2949 2693 3260 2749 informant.
3292 2691 3476 2760 Neque

1885 2790 2027 2846 enim
2051 2790 2193 2857 volo,
2217 2790 2344 2844 dum
2371 2790 2422 2844 in
2467 2791 2565 2844 bac
2587 2803 2749 2844 carne
2777 2802 2917 2851 sum,
2953 2787 2995 2841 si
3034 2801 3136 2856 qua
3164 2784 3366 2839 dixisse
3395 2798 3476 2837 me

1886 2884 2127 2957 contigit,
2155 2898 2218 2940 ea
2247 2882 2402 2938 facile
2428 2883 2738 2938 hominibus
2770 2881 3131 2937 innotescere.
3173 2898 3191 2930 ›
3239 2878 3312 2932 Ita
3345 2891 3479 2947 pono

1886 2976 2017 3032 tifex
2043 2977 2308 3033 maximus
2337 2987 2390 3031 et
2419 2976 2869 3033 modestissimus.

1958 3070 2048 3124 12.
2089 3069 2232 3126 Idem
2273 3070 2564 3140 Gregorius
2614 3071 2835 3138 Magnus
2889 3069 2939 3122 in
2983 3065 3190 3138 synodo
3235 3063 3476 3120 Romana

1889 3171 2143 3218 statutum
2167 3162 2354 3227 edidit,
2371 3171 2445 3234 Vut
2474 3179 2540 3218 ne
2566 3162 2798 3224 diaconi,
2839 3180 2858 3213 ί
2888 3176 3022 3231 quos
3043 3160 3108 3213 ad
3141 3158 3478 3228 praedicatio-

194 3264 288 3310 aut
309 3256 484 3311 minus
509 3266 654 3326 apta,
687 3272 844 3327 quam
883 3258 961 3314 rei
1002 3259 1134 3313 ordo
1183 3259 1362 3326 fuerit,
1421 3262 1617 3330 scripta
1667 3277 1790 3320 esse
1816 3262 1864 3328 ρ
1894 3255 1977 3310 nis
2011 3241 2580 3326 eleemosynar'umque
2606 3254 2841 3308 studium
2873 3267 3062 3307 vacare
3092 3250 3474 3320 congruebat,r

195 3355 468 3417 putantur.
501 3365 520 3398 ι
547 3346 772 3414 Quidam
798 3347 900 3403 hoc
921 3349 1196 3405 decretum
1221 3349 1435 3407 Gelasio
1449 3352 1781 3423 abjudicant,

197 3446 360 3506 atque
408 3437 707 3494 Hormisda
764 3440 1028 3496 tribuunt.
1072 3441 1144 3496 At
1200 3441 1471 3499 Gelasium
1515 3457 1788 3502 auctorem

199 3529 417 3599 praefert
460 3531 858 3587 vetustissimus
889 3532 1055 3605 386
1099 3534 1281 3591 Codex
1315 3535 1560 3593 Palatino
1586 3541 1789 3594 vatica-

200 3637 304 3677 nus
334 3639 390 3677 n.
423 3622 620 3692 495,in
647 3641 754 3695 quo
785 3625 1014 3681 habetur
1035 3627 1249 3685 Missale
1271 3628 1625 3700 Francorum,
1658 3635 1794 3689 scri-

200 3724 351 3786 ptum
376 3716 570 3771 litteris
595 3717 869 3787 quadratis
908 3728 1032 3774 ante
1053 3735 1223 3774 annos
1255 3719 1368 3776 fere
1400 3723 1545 3779 mille
1571 3744 1586 3790 ;
1621 3727 1673 3780 in
1701 3742 1796 3781 cn-

200 3808 288 3878 jus
320 3807 445 3875 ﬁne,
477 3816 612 3864 teste
644 3808 954 3877 Thomasio,
987 3811 1088 3866 hoc
1121 3815 1394 3870 decretum
1439 3817 1665 3873 habetur
1691 3822 1794 3876 sub

202 3902 310 3958 hoc
337 3903 486 3958 titulo
517 3920 531 3958 :
565 3901 760 3974 Incipit
793 3904 1056 3961 Decretale
1089 3909 1254 3962 sancti
1296 3909 1489 3966 Gelasii
1529 3930 1678 3985 papa:
1707 3932 1799 3968 ur-

203 3995 282 4050 bis
304 3995 500 4051 Bonus.
541 3996 623 4050 Ad
653 3996 769 4052 ιιωο
816 3998 957 4053 inter
1003 3996 1230 4056 Codices
1268 4002 1364 4071 qui
1416 4002 1667 4060 Ludovici
1716 4007 1796 4063 Pii

203 4088 504 4159 principatu
532 4089 615 4145 Ab
645 4091 903 4161 Ansegiso
936 4092 1130 4150 abbate
1163 4095 1498 4152 Flaviacensi
1529 4111 1798 4158 monaste-

203 4183 288 4238 rio
314 4183 556 4238 concessi
584 4183 829 4253 leguntur
870 4186 925 4240 in
955 4186 1225 4245 Chronico
1251 4191 1673 4263 Fontanellensi,
1702 4214 1793 4255 re-

201 4283 454 4332 censetur
498 4276 749 4332 volumen
799 4294 985 4344 unum,
1046 4291 1244 4350 praeter
1296 4284 1399 4340 alia
1454 4305 1474 4339 ι
1509 4290 1797 4346 continens

203 4366 418 4422 decreta
448 4366 645 4423 Gelasii
679 4384 828 4438 papae
843 4369 911 4426 de
936 4371 1091 4428 libris
1115 4375 1459 4445 recipiendis,
1482 4388 1538 4434 et
1568 4397 1674 4436 non
1705 4398 1794 4438 re-

203 4457 484 4528 cipiendis.
518 4478 537 4513 ι
573 4460 755 4532 Itaque
783 4463 1086 4520 nullatenus
1130 4465 1317 4523 dubito
1361 4471 1491 4540 quin
1535 4473 1653 4529 haec
1681 4477 1796 4546 epi-

202 4553 340 4605 stola
370 4551 654 4608 decretalis
685 4553 956 4610 Gelasium
980 4567 1253 4615 auctorem
1285 4560 1501 4618 habeat.
1527 4565 1792 4622 Caeterum

1893 3349 1949 3405 in
2001 3357 2274 3418 posterum
2323 3359 2600 3405 cantorum
2659 3348 2839 3403 ol’ﬁcio
2902 3349 3293 3416 fungerentur,
3355 3345 3479 3398 dum

1894 3455 2144 3501 cantores
2167 3445 2264 3514 ipsi
2285 3445 2354 3500 ob
2381 3443 2527 3499 vocis
2551 3445 2868 3499 suavitatem
2899 3440 2964 3496 ad
2987 3439 3125 3493 sacri
3154 3438 3339 3492 altaris
3371 3453 3481 3491 tm-

1895 3538 2171 3594 nisterimn
2200 3538 2601 3593 adhiberentur.
2640 3556 2657 3587 ‹
2695 3532 2846 3591 Unde
2873 3533 2932 3588 ﬁt
2976 3531 3289 3601 plerumque
3317 3538 3374 3584 ut
3415 3527 3480 3583 ad

1895 3647 2104 3687 sacrum
2133 3631 2507 3696 ministerium,
2530 3630 2653 3684 dum
2675 3627 2865 3683 blanda
2887 3642 2984 3681 vox
3010 3624 3289 3695 quaeritur,
3318 3637 3481 3691 quam

1896 3738 2127 3791 congrua
2157 3721 2261 3775 vita
2291 3721 2615 3790 negligatur;
2677 3731 2729 3775 et
2771 3729 2960 3778 cantor
3019 3717 3264 3772 minister
3319 3715 3483 3770 Deum

1899 3817 2138 3871 moribus
2175 3816 2433 3879 stimulet,
2483 3831 2602 3870 cum
2655 3814 2906 3884 populum
2963 3811 3182 3866 vocibus
3232 3809 3483 3864 delectat.

1898 3911 2010 3978 Qua
2042 3911 2106 3966 de
2135 3925 2191 3966 re
2215 3912 2464 3978 praesenti
2495 3909 2716 3964 decreto
2755 3906 3021 3963 constituo
3051 3915 3109 3960 ut
3141 3905 3191 3958 in
3215 3902 3345 3959 sede
3386 3901 3485 3958 hac

1899 4005 2037 4059 sacri
2062 4002 2247 4057 altaris
2276 4001 2506 4056 ministri
2533 4010 2749 4056 cantare
2779 4015 2885 4054 non
2917 3998 3168 4064 debeant,
3203 3995 3487 4061 solumque

1899 4095 2220 4164 evangelica:
2250 4095 2499 4149 lectionis
2529 4092 2764 4148 olticinm
2798 4092 2934 4146 inter
2965 4091 3246 4145 missarum
3292 4088 3488 4144 solent-

1901 4190 1989 4243 nia
2015 4189 2330 4254 exsolvant;
2366 4189 2600 4258 psalmos
2648 4204 2778 4243 vero
2831 4203 2894 4241 ac
2943 4187 3177 4257 reliquas
3234 4185 3488 4240 lectiones

1899 4296 2096 4337 censeo
2126 4296 2218 4348 per
2248 4282 2628 4344 subdiaconos,
2657 4281 2762 4348 vel,
2793 4282 2836 4335 si
2867 4279 3164 4335 necessitas
3185 4276 3370 4348 exigit,
3397 4290 3490 4346 per

1903 4377 2138 4451 minores
2169 4377 2388 4432 ordines
2431 4377 2694 4432 exhiberi.
2727 4395 2745 4428 ›
2783 4377 2894 4431 Hoc
2934 4376 3206 4431 decretum
3257 4371 3487 4428 refertur

1900 4467 1956 4524 in
1989 4471 2078 4525 lib.
2111 4487 2186 4535 tv,
2226 4471 2449 4537 epistola
2478 4471 2567 4536 4-4,
2626 4479 2680 4526 et
2707 4471 2843 4540 apud
2873 4470 3232 4539 Agobardum,
3272 4466 3340 4520 de
3365 4480 3492 4522 cor-

1901 4566 2140 4620 rectione
2170 4565 2561 4634 Antiphonarii.
2597 4564 2722 4619 Haec
2765 4565 2929 4635 388
2975 4563 3042 4616 de
3083 4562 3186 4616 ritu
3237 4558 3491 4615 Ecclesiae

205 4645 516 4713 praedictum
549 4646 802 4704 Romanae
829 4651 1070 4705 ecclesiae
1115 4667 1340 4723 morem,
1397 4664 1456 4710 ut
1495 4669 1790 4729 martyrum
1820 4655 2192 4725 DRomanae;
2247 4660 2397 4728 cujus
2443 4674 2708 4724 normam,
2743 4658 2917 4727 qualis
2963 4664 3145 4724 postea
3195 4653 3248 4708 in
3292 4652 3490 4708 divinis

203 4736 482 4808 passiones
508 4739 718 4809 publice
749 4757 854 4795 non
882 4742 1209 4812 legerentur,
1241 4759 1462 4816 carpere
1493 4749 1614 4806 vide
1652 4752 1792 4806 anti-

201 4844 341 4899 quus
366 4841 572 4898 auctor,
605 4831 696 4899 qui
741 4833 875 4888 Acta
902 4846 1217 4894 sanctorum
1247 4836 1630 4898 Cantianorum
1660 4846 1794 4900 scri-

202 4924 332 4995 psit,
361 4935 514 4994 prout
534 4926 587 4981 in
613 4928 1062 4998 consequentibus
1092 4930 1232 4988 inter
1258 4932 1614 4993 Probationes
1645 4937 1789 4995 refe-

201 5028 413 5076 rentur.

278 5116 368 5172 10.
409 5117 472 5173 Et
497 5119 736 5189 quidem,
755 5137 823 5178 ex
843 5122 1084 5193 ejusdem
1108 5126 1561 5201 Gelasiidecreto,
1596 5138 1788 5193 «Actus

199 5206 343 5263 beati
400 5208 665 5280 Silvestri,
722 5213 844 5269 licet
907 5215 1024 5284 ejus
1073 5218 1162 5288 qui
1214 5224 1534 5294 conscripsit
1588 5244 1788 5286 nomen

197 5299 498 5392 ignoretur,
545 5318 576 5358 a
606 5305 789 5360 multis
831 5300 1008 5361 tamen
1047 5307 1100 5362 in
1137 5313 1268 5369 urbe
1314 5318 1594 5376 catholicis
1643 5322 1786 5392 lege.

197 5391 416 5464 bantur,
448 5404 503 5452 et
527 5412 624 5468 pro
651 5401 870 5469 antiquo
912 5415 1010 5456 usu
1055 5405 1236 5460 multae
1284 5407 1401 5466 haec
1443 5391 1790 5471 imitabantur

197 5483 477 5543 Ecclesia.
507 5506 528 5541 ι
577 5489 728 5548 Unde
754 5509 996 5570 apparet,
1029 5516 1134 5557 non
1169 5503 1222 5557 in
1267 5512 1375 5560 tota
1406 5504 1644 5562 Romana
1692 5509 1788 5566 Ec-

195 5580 380 5646 clesia,
414 5582 509 5638 sed
541 5585 826 5655 plurimum
855 5593 908 5648 in
939 5593 1308 5666 Lateranensi,
1340 5601 1602 5670 ejusmodi
1624 5606 1786 5673 Acta,

193 5689 319 5740 quae
361 5678 597 5732 auctoris
639 5682 858 5739 nomine
910 5686 1168 5744 destituta
1231 5703 1406 5758 erant,
1462 5694 1597 5750 lecta
1648 5696 1789 5752 haud

197 5765 385 5820 fuisse.
417 5766 537 5823 Alia
559 5785 707 5838 vero,
734 5791 854 5847 qua
882 5781 1184 5848 probabiles
1221 5785 1486 5842 habebant
1508 5799 1787 5857 auctores,

194 5865 400 5920 seculo
424 5881 515 5922 vnt
564 5868 614 5923 in
663 5867 901 5928 Ecclesia
950 5873 1188 5933 Romana
1247 5878 1584 5949 legebantur.
1619 5882 1782 5955 Cujus

1897 4749 2084 4806 ofﬁciis
2138 4751 2386 4817 obtinuit,
2417 4767 2480 4806 ex
2539 4749 2780 4820 Gregorii
2837 4748 2924 4804 Vll
2974 4751 3190 4803 decreto
3241 4744 3492 4816 intelligi-

1896 4857 2039 4898 mus.

1970 4956 2055 5010 15.
2111 4956 2187 5010 De
2239 4955 2591 5011 Ambrosiano
2637 4971 2733 5011 seu
2790 4954 3176 5012 Mediolanensi
3221 4952 3489 5026 psallendi

1895 5051 2001 5103 ritu
2054 5048 2276 5118 antiquo
2326 5048 2472 5119 (nam
2506 5049 2666 5105 modo
2707 5050 2937 5107 usitatus
2986 5051 3255 5108 recentior
3283 5054 3388 5118 est)
3436 5049 3489 5104 id

1896 5149 2099 5196 tantum
2130 5150 2463 5211 compertum
2512 5143 2792 5211 habemus,
2825 5144 2966 5216 quod
3003 5145 3254 5216 populus,
3307 5143 3358 5197 id
3409 5150 3491 5197 est

1894 5243 2119 5305 uterque
2174 5250 2333 5292 sexus
2366 5278 2383 5303 ,
2435 5237 2677 5295 Psalmos
2732 5241 3060 5310 promiscue,
3122 5239 3215 5294 sed
3266 5238 3488 5292 alternis

1892 5337 2154 5385 cantaret.
2187 5328 2298 5386 Huc
2328 5330 2454 5386 facit
2499 5331 2665 5403 ipsius
2691 5333 2959 5389 Ambrosii
2985 5331 3251 5402 expositio
3271 5333 3322 5386 in
3349 5332 3460 5401 psal
3481 5360 3493 5377 ι

1893 5436 2040 5476 mum
2088 5439 2144 5478 ιε
2183 5443 2203 5477 ι
2237 5425 2488 5482 Mulieres
2525 5427 2814 5496 Apostolus
2846 5428 2897 5483 in
2929 5426 3158 5483 ecclesia
3199 5435 3373 5482 tacere
3402 5427 3490 5496 ju-

1898 5513 2020 5581 bet;
2055 5515 2318 5585 psalmum
2350 5517 2510 5573 etiam
2539 5519 2675 5575 bene
2702 5520 2953 5573 clamant.
2980 5518 3249 5585 Quantum
3283 5519 3494 5574 labora-

1900 5614 1986 5662 tur
2013 5608 2067 5663 in
2095 5609 2324 5666 ecclesia
2352 5621 2408 5665 ut
2441 5613 2532 5665 ﬁat
2561 5612 2832 5666 silentium
2863 5627 2983 5666 cum
3017 5611 3273 5667 lectiones
3303 5612 3492 5683 legun-

1896 5703 2023 5758 tur!
2077 5704 2134 5759 Si
2163 5719 2303 5760 unus
2348 5705 2609 5776 loquitur,
2665 5706 2985 5776 obstrepunt
3040 5707 3309 5773 universi;
3367 5722 3487 5761 cum

1896 5797 2132 5866 psalmus
2161 5797 2375 5871 legitur,
2406 5798 2521 5870 ipse
2556 5799 2656 5855 sibi
2686 5799 2906 5856 effector
2929 5809 3013 5858 est
3036 5800 3272 5866 silentii;
3304 5815 3494 5854 omnes

1895 5888 2207 5960 loquuntur,
2237 5899 2293 5948 et
2331 5891 2506 5950 nullus
2537 5891 2820 5966 obstrepit.
2855 5912 2872 5948 ι
2921 5891 3105 5965 Itaque
3145 5907 3268 5951 cum
3320 5892 3490 5949 lector
