4060 6346
574 381 684 439 887

1272 370 1620 436 APPENDIX
1664 376 1756 433 AD
1793 376 2024 434 OPERA
2063 372 2661 442 SANCTIEERMANI
2701 376 3136 435 PARISIENSIS.

3762 356 3866 432 ω

576 496 877 564 Scripturas
903 492 1173 557 recitaret,
1206 491 1294 543 vix
1328 492 1597 559 impetrari
1616 498 1826 559 poterat
1848 490 2154 552 silentium;
2184 484 2241 550 Δ
2264 488 2491 543 ecclesia
2518 500 2667 546 stans
2695 500 2803 545 tam
2844 494 3037 548 devote
3064 505 3198 548 voce
3238 497 3482 562 personui
3517 510 3532 546 :
3572 492 3864 558 Nunquam

574 604 695 645 cum
733 602 863 642 vero
912 586 1145 653 malitias
1190 591 1519 644 cantaretar.
1570 583 1918 652 obstrepebat
1967 594 2151 645 nemo,

572 680 824 747 quoniam
852 692 1039 731 omnes
1059 686 1219 731 cantu
1252 673 1498 744 occupati
1524 684 1698 729 erant.
1749 673 1986 744 Hujusce
2020 673 2157 727 ritus

572 772 827 841 originem
853 769 1111 825 describit
1145 776 1362 823 sanctus
1386 767 1715 837 Augustinus
1736 783 1789 822 tn
1816 766 1913 821 lib.
1936 781 1991 819 ιι
2010 763 2154 819 Con-

570 863 881 929 fessionum,
913 878 1033 932 cap.
1070 864 1098 914 7
1134 879 1147 915 :
1184 880 1204 915 ι
1248 862 1360 916 Non
1409 861 1570 931 longe
1614 870 1856 931 eruperat
1906 856 2155 914 Mediola-

570 959 750 1013 nensis
781 958 1014 1012 Ecclesia
1054 968 1222 1026 genus
1268 957 1369 1010 hoc
1396 955 1791 1009 cottsolationis
1811 965 1868 1010 et
1898 954 2154 1009 exhorta-

570 1053 728 1108 tionis
755 1052 1047 1112 celebrare.
1072 1064 1264 1120 magno
1290 1050 1468 1102 stadio
1493 1049 1721 1103 (rutrum
1742 1046 2150 1102 concinentium

567 1146 787 1200 vocibus
815 1153 869 1197 et
896 1142 1167 1197 cordibus.
1218 1140 1480 1194 Nimirum
1530 1152 1703 1194 annus
1726 1146 1863 1201 erat,
1900 1145 1998 1190 aut
2044 1149 2149 1202 non

567 1238 732 1293 multo
777 1236 1048 1303 amplius.
1096 1247 1225 1287 cum
1291 1231 1499 1288 Iustina
1528 1274 1541 1299 ,
1607 1228 1959 1284 Valentiniani
2007 1227 2153 1296 regis

566 1328 715 1398 pueri
744 1338 932 1391 mater,
963 1324 1237 1380 hominum
1270 1334 1422 1378 tuum
1464 1323 1808 1377 Ambrosium
1858 1336 2152 1390 maeque.

563 1428 709 1476 retur
733 1418 952 1472 haeresis
978 1432 1086 1471 sua!
1105 1430 1288 1479 causa,
1318 1423 1423 1483 qua
1452 1416 1622 1469 fuerat
1652 1411 1874 1467 sedata
1904 1413 1971 1467 ab
1998 1412 2152 1466 Aria-

562 1514 664 1567 nia.
700 1510 1008 1566 Excubabat
1039 1507 1301 1578 piaplebs
1348 1506 1401 1561 in
1454 1504 1706 1569 ecclesia,
1771 1503 1908 1559 mori
1966 1511 2149 1573 parata

559 1621 680 1662 cum
708 1604 961 1674 episcopo
982 1614 1141 1657 servo
1166 1610 1327 1656 tuo...
1370 1600 1520 1653 Tunc
1546 1597 1734 1667 hymni
1763 1605 1819 1652 et
1846 1596 2039 1666 psalmi
2089 1604 2148 1650 ut

558 1708 878 1754 canerentur
906 1693 1199 1751 secundum
1243 1706 1448 1747 morem
1497 1690 1838 1745 orientalium
1892 1689 2148 1756 partium,

559 1805 626 1844 ne
653 1789 872 1860 pupulas
905 1784 1151 1841 tttmroris
1183 1784 1339 1838 taedio
1383 1782 1808 1846 contabesceret,
1840 1780 2140 1835 institutum

2258 581 2362 637 vidi
2399 583 2589 645 iustum
2631 586 2946 652 derelictum,
2982 600 3005 639 ι
3036 595 3139 642 etc.
3187 585 3381 642 Verum
3424 596 3532 640 non
3558 601 3589 639 a
3630 586 3860 653 populo,

2256 675 2349 728 sed
2396 687 2425 728 a
2465 676 2666 731 lectore
2712 678 2828 732 solo
2874 678 3193 749 quandoque
3242 679 3506 748 psalmum
3566 678 3847 747 integrum

2256 765 2418 823 fuisse
2445 776 2717 825 cantatum
2750 771 2876 828 alibi
2906 771 3143 829 declarat
3165 774 3247 828 vir
3273 780 3513 839 sanctus,
3532 789 3741 842 nempe
3770 775 3864 827 ini-

2257 859 2328 914 tio
2371 863 2735 919 enat-rationis
2777 864 2831 918 in
2885 866 3149 934 psalmum
3194 874 3475 921 cxxxvnt:
3514 884 3535 917 ‹
3577 866 3861 921 Psalmum

2256 953 2407 1007 nobis
2461 954 2677 1011 brevem
2728 970 3135 1027 paraveramus,
3188 972 3345 1030 quem
3396 960 3859 1014 mandaveramus

2254 1044 2454 1098 cantari
2481 1058 2511 1098 a
2540 1046 2773 1111 lectore;
2826 1048 2919 1103 sed
2967 1049 3033 1103 ad
3067 1052 3273 1116 horam,
3298 1057 3559 1119 quantum
3612 1049 3863 1115 videtur,

2254 1140 2614 1207 perturbatus,
2638 1143 2865 1198 alterum
2914 1158 3012 1213 pro
3052 1143 3226 1203 altero
3265 1142 3410 1214 legit.
3446 1142 3725 1199 malumus
3756 1156 3853 1198 nos

2256 1228 2306 1283 in
2354 1244 2541 1287 errore
2587 1234 2802 1290 lectoris
2843 1236 2995 1306 sequi
3046 1235 3376 1292 voluntatem
3410 1234 3523 1301 Dei,
3561 1238 3731 1307 quam
3765 1248 3859 1290 no-

2254 1332 2417 1377 stram
2448 1325 2502 1379 in
2528 1335 2711 1380 nostro
2759 1329 3054 1399 proposito.
3106 1329 3248 1386 idem
3280 1346 3381 1386 non
3408 1330 3640 1385 obscure
3678 1329 3864 1385 innuit

2254 1414 2430 1468 statim
2476 1415 2544 1471 ab
2572 1418 2797 1472 exordio
2834 1420 3189 1475 enarrationis
3217 1422 3267 1475 in
3294 1419 3561 1490 psalmum
3604 1432 3817 1474 Lxxxn
3849 1434 3868 1474 :

2259 1525 2278 1559 ι
2319 1507 2581 1575 Paalmus,
2606 1512 2694 1581 qui
2719 1512 2879 1567 modo
2898 1524 3141 1569 cantatus
3173 1522 3271 1580 est,
3304 1514 3480 1570 brevis
3502 1523 3590 1570 est
3614 1526 3861 1570 numero

2254 1601 2561 1669 verborum,
2594 1616 2817 1674 magnus
2846 1606 3081 1675 pondere
3106 1607 3514 1663 sententiarum.
3538 1604 3680 1660 Nam
3714 1616 3863 1663 tutus

2256 1698 2422 1749 lectus
2450 1705 2552 1761 est,
2594 1715 2613 1749 ο
2650 1708 2753 1753 etc.
3138 1708 3139 1713 ‘

2324 1784 2412 1841 15.
2454 1787 2559 1841 Sed
2600 1788 2885 1844 dicendum
2919 1790 3147 1857 videtur,
3177 1790 3386 1845 duobus
3417 1789 3593 1846 modis
3624 1790 3682 1844 in
3712 1789 3865 1843 Afri-

556 1892 662 1949 est,
691 1890 749 1935 et
787 1895 854 1934 ex
885 1879 977 1932 illo
1007 1878 1058 1930 in
1092 1875 1407 1931 hodiernum
1452 1881 1744 1937 retentum,
1787 1872 1973 1927 multis
2012 1871 2142 1941 jam,

2255 1892 2387 1935 cana
2418 1880 2657 1937 Ecclesia
2691 1884 2925 1950 psalmos
2972 1884 3136 1940 fuisse
3184 1884 3458 1950 recitatos,
3512 1897 3718 1953 nempe
3778 1882 3865 1940 vel

558 1984 621 2023 ac
654 1982 787 2035 pene
816 1965 1063 2021 omnibus
1092 1965 1341 2033 gregibus
1383 1962 1485 2018 tuis
1512 1973 1570 2018 et
1597 1977 1695 2032 per
1724 1972 1950 2017 exteras
1996 1960 2145 2017 orbis

560 2070 737 2132 partes
808 2059 1159 2120 imitantibus.
1203 2077 1221 2110 ι
1254 2056 1393 2111 Idem
1436 2066 1658 2111 sanctus
1712 2054 2059 2125 Augustinus,
2090 2053 2143 2108 in

557 2152 796 2223 ejusdem
821 2150 945 2206 libri
970 2165 1021 2205 ιι
1046 2163 1162 2217 cap.
1191 2145 1226 2199 4
1248 2163 1309 2202 ea
1322 2148 1555 2217 primeus
1580 2147 1739 2201 animi
1765 2147 1846 2200 sui
1870 2143 2143 2221 allectum,

556 2262 676 2303 cum
721 2228 924 2315 legeret
954 2243 1182 2311 psalmos
1212 2240 1403 2305 David,
1428 2238 1612 2295 subdit
1643 2256 1657 2290 :
1686 2257 1703 2291 ι
1750 2238 1894 2304 Quas
1926 2236 2018 2290 tibi
2053 2251 2146 2310 vo;

555 2356 645 2398 ces
671 2339 860 2396 dabam
895 2339 946 2393 in
976 2337 1194 2407 psalmis
1222 2336 1353 2401 illis,
1380 2344 1435 2390 et
1462 2333 1733 2404 quomodo
1770 2334 1821 2388 in
1850 2344 1902 2387 te
1938 2332 2148 2387 inﬂam-

556 2434 738 2489 mabar
769 2432 934 2503 389
957 2445 1023 2485 ex
1046 2430 1148 2495 eis,
1198 2438 1252 2483 et
1300 2428 1633 2481 accendehar
1676 2441 1774 2481 eos
1826 2422 2071 2489 recitare,
2101 2423 2146 2478 si

557 2539 796 2599 possem,
832 2532 945 2577 toto
972 2532 1236 2577 terrarum
1270 2520 1400 2573 orbe
1429 2519 1686 2582 adversus
1732 2516 1955 2587 typbum
1980 2530 2146 2584 genu-

557 2616 630 2673 ris
658 2614 876 2671 humani
900 2614 915 2669 ἓ
943 2613 1008 2668 Ει
1036 2622 1216 2667 tamen
1240 2620 1350 2665 toto
1371 2610 1500 2665 orbe
1520 2616 1825 2689 cautautur,
1852 2618 1907 2662 et
1930 2622 2035 2661 non
2063 2614 2148 2661 est

556 2708 648 2779 qui
689 2721 749 2762 se
796 2706 1090 2760 abscondat
1119 2718 1150 2757 a
1189 2704 1368 2758 calore
1418 2712 1530 2756 tuo.
1578 2720 1597 2755 ι
1658 2702 1720 2754 Et
1751 2701 1805 2755 in
1858 2701 2031 2769 capite
2062 2698 2093 2751 6
2126 2714 2144 2755 :

564 2817 585 2853 ι
618 2802 887 2866 Quantum
914 2798 1029 2852 ﬂevi
1059 2798 1109 2851 in
1143 2797 1356 2867 hymnis
1375 2808 1427 2850 et
1450 2794 1676 2851 canticis
1708 2793 1835 2859 tuis,
1865 2808 2027 2847 suave
2052 2808 2145 2847 so-

561 2892 739 2948 nantis
780 2892 1035 2947 Ecciesite
1064 2901 1171 2945 tum
1194 2890 1412 2944 vocibus
1439 2899 1742 2944 commotus
1768 2888 1994 2942 acriter!
2033 2886 2139 2941 Vo-

556 2999 647 3041 ces
677 2983 781 3038 illa:
806 2983 1095 3037 inlluebant
1123 2982 1342 3036 auribus
1363 2982 1518 3047 meis,
1552 2992 1605 3035 et
1633 2980 1965 3050 eliquabatur
1996 2978 2145 3034 veri-

558 3086 639 3132 tas
662 3085 747 3130 tua
778 3074 829 3129 in
857 3089 949 3129 cor
976 3089 1153 3129 meum
1173 3090 1189 3140 ;
1213 3083 1265 3129 et
1294 3074 1623 3129 exestuabat
1641 3074 1765 3127 inde
1786 3073 2008 3128 allectus
2026 3074 2144 3142 pie-

2248 1973 2510 2028 cantando
2539 1974 2605 2028 ad
2637 1974 2803 2030 Deum
2829 1976 3171 2040 laudandum,
3199 1976 3284 2031 vel
3308 1978 3416 2031 alta
3436 1990 3571 2031 voce
3605 1988 3861 2045 pronun-

2250 2063 2431 2119 tiando
2473 2065 2538 2120 ad
2582 2068 2843 2135 psalmum
2880 2068 3276 2138 exponendum.
3301 2068 3513 2124 Primus
3542 2066 3751 2123 modus
3782 2068 3864 2121 al-

2248 2156 2415 2211 ternis
2456 2159 2658 2227 choris,
2709 2161 2977 2217 secundus
3032 2177 3127 2233 per
3167 2162 3344 2217 solum
3396 2162 3678 2218 lectorem.
3734 2160 3865 2217 Hac

2247 2247 2404 2306 lectio
2440 2252 2495 2333 in
2546 2253 2772 2309 arbitrio
2802 2256 3122 2325 exponentis
3148 2262 3285 2319 erat;
3318 2256 3412 2326 qui
3436 2269 3602 2326 quem
3629 2255 3862 2312 volebat

2249 2339 2509 2408 psalmum
2540 2340 2593 2396 in
2622 2354 2992 2414 argumentum
3042 2359 3155 2401 aute
3200 2344 3482 2401 eoncionis
3510 2347 3855 2402 aasumebat.

2246 2426 2446 2485 Cantus
2470 2447 2597 2487 vero
2624 2433 2716 2489 ille
2740 2437 2902 2490 certis
2930 2435 3217 2506 aliquando
3243 2434 3463 2504 psalmis
3504 2448 3605 2506 pro
3633 2434 3857 2491 dierum

2247 2526 2498 2594 qualitate
2524 2528 2767 2583 addictus
2793 2540 2929 2594 erat,
2953 2538 3010 2583 ut
3038 2537 3183 2598 patet
3206 2540 3275 2582 ex
3304 2525 3594 2597 Augustini
3618 2540 3857 2583 enarra-

2249 2617 2394 2675 tione
2421 2617 2456 2671 2
2481 2620 2535 2674 in
2561 2623 2818 2689 psalmum
2850 2635 2962 2686 nt,
2998 2635 3147 2673 nunt.
3171 2618 3265 2686 28,
3308 2627 3369 2673 et
3412 2632 3482 2674 ex
3529 2618 3659 2674 aliis
3690 2619 3856 2684 locis,

2247 2726 2367 2781 quae
2414 2712 2694 2767 brevitatis
2739 2726 2899 2766 causa
2956 2710 3437 2779 praetermittimus.
3486 2709 3857 2767 Postmodnm

2248 2820 2370 2860 cum
2420 2805 2651 2876 majores
2699 2807 2751 2860 in
2791 2807 2899 2861 vita
2940 2804 3244 2860 Christiana
3273 2817 3596 2877 progressus
3621 2803 3859 2860 {edebat

2247 2898 2617 2953 sanctissimus
2648 2898 2864 2967 Doctor,
2898 2898 3042 2952 illam
3087 2897 3467 2951 modulationis
3488 2898 3849 2960 suava

2248 3006 2366 3060 qua
2406 3000 2683 3061 tantopere
2726 2990 2899 3060 ipsum
2947 2988 3244 3060 aliquando
3287 2988 3563 3053 alecerat,
3610 2987 3853 3058 simplici

2248 3085 2573 3156 psalmorum
2604 3084 2888 3153 poolationi
2913 3098 3035 3139 cum
3057 3084 3323 3154 gravitate
3352 3083 3512 3137 facta
3552 3093 3855 3152 postpone-

556 3170 700 3237 tatis,
732 3180 787 3224 et
814 3169 1102 3225 currebant
1144 3169 1428 3239 lacrymae,
1457 3178 1510 3225 et
1561 3168 1696 3225 bene
1725 3168 1853 3223 mibi
1880 3178 1997 3224 erat
2023 3183 2147 3225 cum
2250 3179 2358 3234 bat,
2380 3175 2457 3234 ιιι
2498 3181 2641 3235 enim
2680 3177 2912 3249 loquitur
2960 3179 3013 3232 in
3056 3178 3153 3233 lib.
3187 3192 3217 3231 ι
3242 3175 3687 3243 confessionum,
3715 3186 3845 3246 esp.

556 3265 659 3320 eis.
689 3282 708 3315 ι
746 3264 985 3333 Denique
1022 3273 1238 3319 cantum
1290 3279 1413 3318 cum
1454 3264 1605 3321 suavi
1660 3278 1850 3319 vocum
1906 3263 2143 3318 modula-
2171 3249 2221 3312 C
2244 3268 2357 3325 ὅδε
2391 3288 2412 3323 ι
2437 3271 2557 3348 .Sed
2589 3271 2742 3326 valde
2771 3271 3061 3336 interdum,
3092 3280 3152 3325 ut
3186 3272 3355 3325 melos
3398 3282 3563 3325 omne
3602 3272 3841 3326 cantite-

557 3360 701 3416 tioue
724 3358 1065 3429 conjunctum
1098 3354 1262 3410 fuisse
1294 3354 1433 3410 idem
1468 3365 1695 3409 testatur
1724 3354 1775 3408 in
1808 3354 1905 3410 lib.
1946 3370 1979 3409 ι
2002 3353 2149 3409 Con-

555 3454 868 3517 fessiunum,
901 3465 1022 3520 cap.
1052 3449 1140 3505 55.
1197 3448 1422 3504 Psalmis
1478 3448 1938 3504 interserebantur
1983 3447 2147 3503 etiam

555 3545 757 3619 hymni,
784 3544 875 3614 qui
907 3545 974 3599 ab
997 3553 1216 3597 auctore
1245 3541 1587 3598 Ambrosiani
1611 3542 1743 3597 dicti
1771 3550 1917 3597 sunt.
1960 3541 2035 3594 De
2062 3541 2149 3598 his

554 3639 800 3696 omnibus
824 3637 976 3693 testis
1005 3645 1089 3692 est
1118 3636 1371 3691 Paulinus
1399 3636 1451 3689 in
1478 3634 1743 3689 Ambrosii
1780 3634 1893 3686 Vita
1932 3651 1943 3685 :
1975 3652 1995 3686 ι
2034 3633 2147 3689 Hoc

555 3732 606 3786 in
637 3740 875 3801 tempore
908 3729 1080 3798 primo
1108 3726 1413 3797 antiphonre
1439 3725 1517 3797 (id
1547 3735 1629 3781 est
1657 3726 1892 3781 alternus
1919 3728 2137 3795 cantus)

554 3825 757 3895 hymni,
790 3838 852 3878 ac
886 3822 1077 3892 vigiliae
1117 3822 1165 3874 in
1188 3821 1413 3876 ecclesia
1458 3818 1840 3874 Mediolauensi
1873 3819 2153 3887 celebrari

554 3925 852 3986 eruperunt.
893 3932 913 3967 ι
947 3913 1013 3967 Et
1042 3914 1349 3967 Ambrosius
1381 3914 1495 3981 ipse
1541 3912 1591 3965 in
1624 3911 1994 3965 Hexaemeron
2044 3911 2137 3965 lib.

554 4016 643 4075 tit,
672 4021 790 4076 cap.
825 4005 879 4074 5,
921 4005 1214 4061 Ecclesium
1264 4003 1400 4059 mari
1443 4014 1739 4074 comparat,
1776 4004 1828 4057 in
1876 4018 1977 4071 qua
2006 4019 2028 4056 t
2062 4020 2146 4058 re.

553 4098 852 4170 sponsoriis
880 4102 999 4167 (seu
1027 4097 1234 4151 alterno
1264 4093 1447 4168 cantu)
1500 4096 1842 4165 psalmorum,
1875 4108 2031 4150 cantu
2064 4096 2141 4149 vi-

554 4207 759 4257 rorum,
791 4190 1095 4253 mulierum,
1125 4188 1415 4261 virginum,
1444 4189 1803 4257 parvulorum,
1838 4203 2147 4245 consonans

555 4285 815 4339 undarum
845 4285 1026 4352 fragor
1064 4284 1310 4337 resultat.
1349 4300 1367 4334 t
1405 4280 1546 4338 Idem
1578 4282 1896 4355 hymnorum
1922 4298 2142 4338 suorum

554 4379 798 4437 meminit
838 4379 889 4435 in
932 4378 1191 4449 opusculo
1234 4378 1300 4434 de
1349 4378 1553 4447 Spiritu
1598 4388 1805 4448 sancto,
1848 4379 1987 4436 etin
2033 4380 2149 4450 epi-

566 4472 701 4527 stola
724 4469 812 4524 52.

627 4565 715 4619 i-i.
757 4566 885 4632 Quae
928 4566 1174 4632 superius
1196 4579 1262 4618 ex
1285 4573 1446 4619 cantu
1486 4564 1812 4632 psalmorum
1856 4563 2141 4620 Mediolani

2250 3380 2441 3420 narum
2467 3364 2730 3429 suavium,
2766 3364 2963 3434 quibus
2993 3362 3299 3418 Davidieum
3325 3362 3647 3419 Psalterium
3679 3361 3845 3435 εει

2251 3459 2636 3528 frequentatur,
2678 3459 2747 3511 ab
2766 3458 2986 3512 auribus
3014 3457 3147 3511 meis
3173 3456 3439 3510 removeri
3468 3455 3650 3521 velim,
3683 3464 3849 3525 atque

2252 3549 2417 3619 ipsius
2465 3548 2719 3604 Ecclesia
2757 3567 2769 3600 :
2822 3549 3092 3617 tutiusque
3139 3548 3269 3602 mibi
3318 3548 3533 3601 videtur
3581 3548 3727 3615 quod
3772 3546 3849 3603 de

2254 3640 2614 3697 Alexandrino
2647 3641 2901 3710 episcopo
2946 3640 3241 3693 Athanasio
3278 3652 3424 3707 saepe
3472 3638 3606 3692 mihi
3635 3639 3847 3693 dictum

2251 3733 2615 3799 commemini,
2637 3733 2726 3801 qui
2756 3740 2862 3786 tam
2904 3732 3117 3786 modico
3144 3732 3287 3786 ﬂexu
3311 3732 3463 3785 vocis
3499 3728 3731 3785 faciebat
3756 3742 3850 3785 su-

2254 3842 2383 3881 nare
2407 3829 2659 3881 lectorem
2691 3826 2904 3891 psalmi,
2938 3836 2994 3878 ut
3019 3823 3381 3893 pronuntianti
3410 3822 3641 3893 vicinior
3672 3833 3841 3888 esset,

2251 3934 2409 3988 quam
2437 3918 2672 3973 canenti.
2712 3935 2731 3969 ι
2761 3917 2911 3970 Alius
2936 3917 3096 3987 igitur
3115 3925 3231 3971 erat
3262 3924 3388 3969 tunc
3418 3916 3470 3969 in
3498 3915 3748 3970 Ecclesia
3772 3916 3845 3968 ri-

2253 4019 2359 4078 tus,
2391 4012 2603 4081 quando
2654 4010 3071 4064 Alexandrinum
3122 4009 3449 4080 Augustinus
3498 4008 3840 4078 praterebat.

2256 4105 2489 4173 Denique
2537 4104 2590 4158 in
2644 4103 2818 4157 Africa
2869 4103 3087 4171 psalmis
3132 4102 3297 4155 etiam
3328 4100 3843 4155 ὶηιεηυὶεωὺιθιιῐ

2252 4200 2411 4253 certis
2442 4198 2632 4253 diebus
2664 4197 2947 4261 lectiones,
2981 4213 3001 4247 ι
3038 4209 3159 4265 quae
3208 4196 3278 4249 ita
3324 4203 3481 4250 erant
3525 4207 3743 4258 armum,
3787 4200 3840 4246 ut

2253 4290 2373 4345 alite
2397 4305 2521 4345 esse
2551 4305 2655 4345 non
2680 4299 2920 4361 possent,
2957 4307 2978 4341 ι
3012 4289 3088 4342 ait
3130 4288 3272 4342 idem
3323 4288 3655 4356 Augustinus
3685 4287 3839 4339 initio

2252 4382 2600 4452 eapositionis
2624 4382 2676 4436 in
2701 4380 2927 4450 primam
2950 4379 3193 4434 Joannis.
3224 4378 3280 4432 In
3307 4376 3537 4434 concilio
3564 4376 3843 4445 Carthagi-

2252 4476 2403 4529 nensi
2446 4491 2502 4530 ttt
2531 4475 2779 4529 statuitur
2822 4486 3029 4528 canone
3076 4470 3141 4524 b7
3177 4489 3191 4524 :
3224 4470 3291 4526 Ut
3320 4480 3506 4541 prater
3534 4470 3843 4540 Scriptum:

2251 4566 2546 4632 canonicos,
2578 4564 2709 4619 nihil
2731 4565 2785 4619 in
2807 4564 3019 4618 ecclesia
3048 4564 3247 4633 tegatur
3280 4562 3374 4615 sub
3402 4563 3607 4615 nomine
3636 4562 3845 4616 dicina-

555 4657 797 4713 instituto
821 4656 918 4711 sibi
946 4658 1209 4712 accidisse
1229 4667 1411 4733 narrat
1434 4658 1785 4727 Augustinus,
1801 4656 1869 4710 ab
1888 4657 2143 4725 baptismi
2169 4647 2230 4712 Ι
2250 4674 2364 4711 rum
2383 4657 2790 4725 Scripturarum.
2820 4655 2953 4722 Quae
2980 4655 3214 4709 clausula
3238 4670 3343 4711 non
3374 4653 3611 4709 excludit
3643 4663 3843 4710 tracta-

555 4750 721 4817 ipsius
750 4759 979 4818 tempus,
1009 4749 1059 4803 id
1083 4759 1167 4804 est
1199 4749 1266 4802 ad
1309 4765 1505 4804 annum
1551 4749 1651 4804 587
1681 4748 1961 4805 referenda
1994 4758 2137 4804 sunt.

558 4843 817 4898 Eumdem
862 4846 1021 4897 ritum
1069 4843 1119 4897 in
1172 4841 1406 4897 Africam
1459 4844 1574 4913 ipse
1606 4843 1806 4898 invexit
1833 4842 2139 4912 episcopus.

556 4935 830 4991 Alternum
857 4950 1015 5005 porro
1042 4932 1207 4991 fuisse
1237 4936 1539 5008 Colligimus
1566 4953 1631 4992 es
1656 4938 1774 5008 ejus
1797 4938 2143 4993 enarratione

556 5027 609 5080 in
641 5026 893 5092 psalmum
925 5040 1068 5090 xxvr,
1103 5042 1246 5079 num.
1284 5028 1300 5079 l
1332 5045 1342 5079 :
1381 5046 1401 5081 t
1439 5027 1612 5085 Voces
1643 5028 1756 5083 ista}
1780 5026 2144 5098 psalmi,quas

556 5117 882 5180 audivimus,
904 5127 957 5171 et
983 5132 1047 5173 ex
1075 5133 1221 5187 parte
1249 5120 1600 5186 cantavimus,
1639 5138 1657 5172 ι
1693 5129 1799 5175 etc.
1828 5119 1960 5175 Tum
1984 5136 2140 5176 enar-

555 5208 723 5264 rando
748 5210 1009 5279 psalmum
1044 5225 1187 5276 XLVI,
1229 5226 1376 5264 num.
1408 5213 1426 5266 l
1462 5229 1473 5265 :
1514 5230 1531 5263 ‹
1573 5212 1754 5282 itaque
1782 5212 1834 5267 in
1874 5211 1976 5268 hoc
1999 5212 2142 5283 psal-

556 5320 665 5369 mo,
698 5319 853 5373 quem
878 5313 1149 5359 cantatum
1172 5305 1492 5371 audivimus,
1517 5304 1605 5360 cui
1625 5304 1893 5361 cantando
1920 5320 2144 5375 respon-

556 5395 750 5463 dimus,
776 5410 838 5451 ea
859 5410 1044 5452 sumus
1067 5398 1258 5454 dicturi
1279 5414 1397 5469 qua:
1420 5397 1607 5455 nostis.
1645 5420 1664 5452 ι
1703 5400 1803 5455 ΜῙὶ
1827 5415 1956 5471 ergo
1977 5415 2141 5454 unum

556 5501 791 5556 versum,
835 5490 924 5544 alii
972 5490 1137 5545 alium
1182 5492 1413 5547 vicissim
1445 5492 1831 5554 decantubaut;
1861 5508 1921 5547 ac
1947 5492 2143 5549 deinde

556 5590 677 5649 post
709 5581 965 5647 psalmum
998 5596 1140 5653 Saepe
1166 5586 1430 5652 ettpositiu
1459 5586 1525 5639 ab
1560 5585 1809 5656 episcopo
1846 5585 1979 5641 facta
2012 5587 2142 5642 sub-

558 5672 1243 5741 sequebatur.Cantabatur
1275 5680 1436 5751 390
1461 5686 1637 5734 autem
1668 5695 1695 5733 a
1730 5681 1922 5752 populo
1944 5690 2143 5748 stante,

558 5780 627 5821 ex
660 5780 907 5825 sermone
932 5767 967 5822 3
989 5771 1039 5825 in
1066 5773 1326 5840 psalmum
1355 5784 1533 5836 xxxvi,
1570 5789 1716 5829 num.
1743 5774 1818 5832 2:
1857 5793 1873 5825 ι
1911 5772 2144 5829 Certene
2188 5760 2191 5763 λ

560 5872 744 5917 verum
786 5868 869 5917 est
912 5861 1055 5933 quod
1100 5863 1360 5917 cantavi?
1390 5872 1538 5921 certe
1580 5880 1760 5921 verum
1812 5864 2057 5936 estquod
2091 5868 2143 5922 in

2250 4762 2332 4807 tus
2363 4759 2670 4806 sanctorum
2702 4749 2942 4814 Patrum,
2974 4763 3076 4803 nec
3104 4748 3363 4804 lectiones
3385 4756 3683 4819 martyrum
3716 4763 3843 4820 pas-

2248 4844 2482 4906 sionum,
2523 4856 2658 4912 quas
2704 4840 2808 4908 legi
2860 4840 3122 4908 permittit
3168 4839 3457 4895 concilium
3497 4841 3839 4906 Africanum.

2250 4951 2364 4989 cum
2390 4933 2728 4988 anniversarii
2752 4932 3060 4987 dicamut
3102 4931 3444 4987 celebrentur.
3491 4930 3666 4987 Canae
3710 4946 3839 4990 vero

2250 5043 2313 5083 ac
2336 5026 2584 5096 religiose
2611 5041 2641 5079 a
2669 5026 2913 5080 Patribus
2955 5027 3145 5096 synodi
3180 5026 3501 5081 Milevitana:
3540 5029 3642 5081 sub
3674 5027 3840 5082 Inno-

2250 5123 2427 5176 centio
2458 5120 2477 5173 Ι
2507 5120 2778 5175 decretum
2810 5130 2913 5185 est,
2937 5134 3144 5174 mnone
3168 5118 3253 5184 η,
3280 5129 3338 5176 ut
3359 5120 3517 5175 nullae
3543 5135 3739 5190 preces
3756 5120 3842 5175 di-

2250 5226 2439 5269 cantur
2466 5212 2517 5265 in
2540 5211 2787 5276 ecclesia,
2821 5211 2918 5265 nisi
2947 5227 3058 5281 quin
3085 5228 3118 5265 αι
3141 5212 3555 5282 prudentioribus
3580 5222 3833 5279 tractata,

2250 5306 2327 5359 vel
2368 5305 2706 5375 comprobata
2743 5305 2797 5357 in
2840 5304 3036 5375 synodo
3083 5303 3317 5373 fuerim:
3341 5320 3405 5357 ne
3456 5303 3588 5373 forte
3640 5303 3843 5375 dicit“

2251 5408 2428 5454 contra
2457 5398 2637 5467 ﬁdem,
2664 5396 2740 5453 vel
2770 5414 2857 5465 per
2886 5398 3259 5468 ignorantiam,
3285 5398 3363 5451 vel
3401 5412 3492 5466 per
3530 5398 3703 5452 nam
3730 5407 3843 5452 ια-

2252 5493 2395 5546 dium
2415 5492 2478 5544 sit
2510 5491 2868 5559 compositum.

2324 5586 2412 5639 16.
2454 5582 2536 5637 Ab
2565 5582 2744 5637 Africa
2774 5595 2878 5635 non
2908 5592 3015 5635 tam
3043 5578 3316 5649 disparata
3340 5590 3456 5635 erat
3484 5578 3741 5649 Hispania
3772 5580 3836 5634 lo-

2249 5691 2435 5731 corum
2475 5674 2755 5733 intervallo
2781 5689 2938 5743 quam
2988 5671 3252 5744 psallendi
3282 5673 3410 5739 ritu,
3442 5672 3615 5743 qualis
3645 5672 3698 5725 in
3732 5671 3833 5727 Mor

2253 5769 2497 5825 zarabico
2540 5782 2682 5822 nunc
2738 5766 3007 5822 Breviario
3056 5766 3364 5823 exhibetur.
3416 5764 3547 5820 Nam
3601 5779 3727 5820 cum
3782 5765 3831 5819 in

2253 5864 2451 5932 Africa,
2485 5863 2624 5917 sicut
2661 5870 2712 5916 et
2742 5862 2793 5915 in
2825 5869 2935 5917 toto
2980 5860 3131 5931 orbe,
3168 5859 3359 5930 psalmi
3390 5867 3495 5914 tam
3540 5859 3590 5913 in
3622 5866 3834 5912 noctu.
