4060 6346
173 404 320 472 389

1259 417 1350 474 DE
1388 416 1618 474 suaso
1661 412 2060 475 GALLICANO
2098 413 2520 490 DISQUISITIO.

3379 427 3488 488 390

175 536 311 602 nis,
329 550 490 606 quam
509 534 562 588 in
587 532 789 588 diurnis
813 530 1050 588 ﬁdelium
1075 533 1426 589 conventibus
1450 543 1795 598 canerentur,
1824 535 1876 590 Α
1901 535 1948 602 gi
1959 533 2054 590 lias
2076 548 2384 596 nocturnas.
2420 541 2654 596 Isidorus
2683 557 2752 597 ex
2780 537 3001 614 reliquis
3039 541 3256 610 amotis,
3291 554 3486 613 praeter

173 629 268 685 ita
301 639 364 684 nt
398 647 415 678 ι
454 627 677 696 primus,
707 627 932 695 medius,
962 638 1014 684 et
1037 629 1357 684 novissimus
1381 639 1522 684 esset
1547 626 1742 692 David,
1773 645 1790 678 ι

179 729 348 775 teste
375 718 764 790 Chrysostumo
803 721 946 788 apud
989 721 1322 786 Mozarabes,
1372 722 1560 775 saltem
1609 735 1799 776 recen-

181 813 400 880 tiores,
426 828 530 866 non
561 812 630 865 ita
662 822 842 880 utpote
869 813 957 882 qui
989 827 1086 867 nec
1119 813 1168 868 in
1211 812 1427 882 vigiliis,
1456 827 1556 868 nec
1589 812 1640 866 in
1674 826 1799 866 ves-

186 907 354 974 peris
377 904 540 958 ullum
565 902 824 971 psalmum
850 904 1224 974 praescribunt.
1247 901 1574 983 ineuntibus
1594 913 1794 966 autem,

183 1005 404 1065 praeter
451 994 901 1065 Compietorium,
957 993 1142 1050 officiis
1201 995 1284 1050 bic
1340 994 1474 1048 ordo
1522 1005 1792 1048 servatur.

185 1079 389 1141 Primo
411 1083 573 1156 Kyrie
593 1083 780 1139 eli-ison
813 1084 1109 1151 praemisso,
1157 1094 1366 1140 secreto
1413 1083 1637 1140 recitant
1673 1100 1796 1138 ora-

188 1179 406 1235 tionem
441 1176 767 1256 Dominicam
808 1173 970 1250 392
993 1192 1114 1231 cum
1155 1176 1478 1230 salutatione
1509 1175 1749 1243 angelica
1778 1192 1795 1242 ;

187 1275 495 1342 statimque
535 1272 789 1327 inchoant
828 1270 1065 1326 ofﬁcium
1114 1272 1180 1326 ab
1217 1271 1302 1325 his
1351 1271 1572 1326 verbis:
1606 1271 1674 1324 In
1706 1286 1796 1323 no-

187 1372 341 1426 mine
371 1365 577 1423 Domini
608 1367 770 1421 nostri
797 1365 925 1420 Iesu
956 1363 1146 1419 Christi
1174 1365 1343 1419 iumen
1391 1381 1507 1419 cum
1552 1380 1694 1434 pace,
1727 1361 1795 1417 ad

188 1478 324 1533 quin
345 1461 701 1533 respondetur
726 1476 740 1514 :
779 1453 883 1512 Deo
910 1458 1122 1530 gratias.
1149 1457 1433 1512 Nocturna).
1463 1470 1655 1526 preces
1680 1455 1800 1510 bre-

193 1557 440 1611 vissima:
466 1562 711 1610 constant
756 1551 1070 1620 quibusdam
1117 1549 1446 1620 antiphonis,
1481 1558 1537 1605 et
1569 1564 1797 1617 respon-

192 1649 391 1717 soriis,
422 1663 538 1719 qum
569 1641 708 1702 Laus
735 1654 790 1700 et
823 1643 1002 1701 Sonus
1029 1644 1398 1715 appellantur;
1432 1643 1558 1697 item
1599 1642 1800 1712 hymno

195 1749 260 1796 et
290 1742 514 1804 cantico,
547 1739 688 1812 quod
719 1739 862 1793 aliud
891 1750 972 1794 est
1002 1754 1031 1792 a
1059 1735 1271 1792 cantico
1304 1733 1618 1802 Zachariae,
1663 1749 1801 1804 prte-

199 1846 452 1905 terquatn
477 1835 527 1888 in
558 1831 693 1888 festo
720 1831 1074 1886 Praecursoris
1104 1847 1118 1886 :
1150 1828 1310 1884 sicuti
1330 1827 1596 1882 canticum
1624 1827 1794 1881 beatae

1901 628 2184 698 Vesperas,
2217 631 2657 703 Completnrium,
2683 633 2902 706 Vigilias
2939 643 3253 702 nocturnas,
3284 645 3338 690 et
3365 652 3484 692 ma-

1900 722 2100 777 tutinas
2139 723 2366 787 Laudes.
2416 736 2664 782 recenset
2709 735 2912 782 tantum
2948 726 3207 792 Tertiam,
3241 727 3484 797 Sextam,

1899 824 1953 868 et
1995 814 2223 881 Nonam,
2272 817 2470 873 omissa
2520 819 2712 874 Primae
2766 819 2962 874 nedum
3006 821 3230 876 Aurora:
3281 815 3486 887 ofﬁcio.

1899 905 2038 974 quod
2070 907 2291 963 Aurorae
2315 907 2556 963 ofﬁcium
2585 919 2711 964 ante
2736 909 2966 964 Primam
2994 894 3048 966 in
3071 911 3352 966 Breviario
3376 911 3491 968 Mo-

1849 1021 1866 1042 -
1899 997 2144 1053 zarabico
2164 999 2434 1069 singulare
2464 1001 2849 1070 praescribitur.
2881 1002 3042 1072 Atqui
3084 1003 3134 1056 in
3165 1006 3246 1062 his
3269 1004 3482 1062 diurnis

1899 1092 2091 1147 ofﬁciis
2120 1092 2352 1149 Isidorus
2383 1104 2492 1151 tres
2521 1095 2782 1151 duntaxat
2817 1096 3051 1165 psalmos
3079 1097 3342 1166 assignat,
3369 1113 3487 1154 res-

1901 1185 2211 1252 ponsorium
2236 1187 2692 1251 unum,lectiones
2721 1202 2786 1243 ex
2819 1187 3001 1243 Veteri
3023 1188 3277 1260 Novoque
3297 1191 3490 1246 Testa-

1898 1287 2084 1331 mento
2110 1276 2266 1342 duas,
2289 1277 2485 1334 deinde
2532 1279 2758 1346 Laudes,
2792 1279 3072 1352 hymnum,
3103 1292 3262 1352 atque
3291 1284 3493 1339 oratio-

1901 1384 2044 1436 nem,
2067 1384 2186 1438 qua:
2210 1371 2390 1426 omnia
2413 1387 2534 1426 cum
2556 1372 2892 1430 Mozarabico
2922 1375 3028 1428 ritu
3058 1375 3342 1444 hodierno,
3374 1393 3485 1436 non

1899 1449 2246 1516 conveniunt.
2304 1463 2570 1518 Caeterum
2624 1464 2809 1521 lsidori
2874 1477 3115 1536 tempore
3169 1466 3287 1524 haec
3343 1472 3486 1540 apud

1901 1549 2162 1619 iiiSpanos
2193 1553 2477 1623 disciplina
2523 1566 2660 1622 erat,
2697 1566 2750 1608 nt
2783 1574 2803 1608 t
2839 1557 3052 1625 quando
3093 1560 3356 1630 psallitur,
3389 1561 3488 1632 ait,

1902 1646 2154 1711 psallatur
2197 1647 2264 1702 ab
2299 1647 2574 1711 omnibus;
2607 1663 2731 1704 cum
2760 1657 2968 1714 oratur,
2999 1664 3182 1706 oretur
3209 1654 3277 1709 ab
3307 1655 3484 1710 omni-

1899 1735 2029 1802 bus;
2058 1751 2182 1791 cum
2212 1737 2370 1792 lectio
2394 1738 2606 1808 legitur,
2635 1738 2775 1794 facto
2801 1739 3036 1806 silentio,
3065 1757 3216 1812 aeque
3243 1742 3492 1802 audiatur

1901 1843 1932 1882 a
1987 1829 2230 1900 cunctis,
2271 1849 2291 1884 ι
2328 1831 2380 1885 in
2439 1830 2535 1886 lib.
2591 1847 2608 1885 ι
2661 1831 2730 1887 de
2794 1833 3174 1890 ecclesiasticis
3244 1835 3488 1904 Ofﬁciis,

195 1908 394 1985 Marias
429 1927 483 1982 in
520 1925 761 1996 vesperis
807 1938 1075 1995 nunquam
1105 1921 1321 1988 dicitur,
1362 1928 1713 1990 przeterquam
1745 1917 1798 1975 in
1833 1907 1882 1972 Β
1907 1936 2028 1988 cap.
2063 1921 2151 1976 10.

213 2017 368 2076 festis
413 2019 584 2074 beatae
625 2016 824 2072 Marize.
863 2013 921 2070 In
951 2015 1068 2070 aliis
1097 2014 1243 2069 horis
1275 2012 1548 2067 canonicis
1579 2011 1793 2081 quidam

211 2113 406 2185 psalmi
464 2112 780 2175 recitantur,
823 2107 1048 2178 adjectis
1087 2107 1245 2162 etiam
1297 2104 1496 2169 Laude,
1537 2103 1706 2172 Sono,
1741 2113 1796 2160 et.

209 2204 545 2274 antipbonis.
591 2201 778 2257 Ofﬁcia
831 2210 1092 2256 nocturna
1145 2208 1198 2252 et
1248 2197 1548 2266 vesrwrtina
1599 2197 1800 2250 claudit

202 2295 377 2352 oratio
411 2293 702 2360 Dominica,
736 2309 852 2364 quae
883 2292 1022 2348 elata
1049 2306 1180 2346 voce
1207 2289 1474 2353 recitatur,
1509 2289 1707 2358 populo
1730 2289 1795 2343 ad

204 2389 440 2461 singulas
469 2390 758 2460 petitiones
810 2386 1169 2457 respondente
1215 2385 1391 2450 Amen,
1429 2395 1793 2455 praeterquam

207 2479 276 2536 ad
311 2477 505 2536 Panem
526 2477 1042 2542 nostrum,etc.,ubi
1073 2471 1464 2547 respondetur:
1497 2471 1632 2541 Quia
1660 2471 1798 2528 Deus

206 2590 281 2640 es,
321 2584 375 2626 ut
417 2574 471 2627 in
522 2571 704 2626 missa.
761 2567 818 2623 In
877 2565 1020 2624 ﬁne:
1050 2563 1117 2622 In
1146 2567 1350 2620 nomine
1383 2564 1592 2619 Domini
1637 2557 1801 2619 nostri

207 2664 335 2722 Iesu
365 2661 554 2720 Christi
575 2662 902 2736 perﬁciamus
924 2677 1041 2714 cum
1062 2677 1203 2732 pace.
1232 2660 1310 2715 Ad
1339 2657 1479 2730 quod
1507 2657 1800 2727 respondet

208 2760 474 2832 populus:
509 2753 616 2811 Deo
644 2755 859 2828 gratias.
912 2751 1067 2808 Plura
1111 2754 1177 2808 de
1227 2751 1406 2806 ofﬁcio
1453 2749 1798 2805 llluzarabuin

209 2854 302 2926 qui
331 2857 492 2918 volet,
526 2852 665 2922 legat
693 2861 895 2906 tomum
931 2858 1259 2920 postremum
1308 2846 1658 2902 Bibliotheca:
1689 2843 1794 2898 Pa-

212 2958 351 3005 trum
394 2945 607 3002 defectu
654 2941 911 3000 Breviarii
961 2939 1302 3002 Mozarabici,
1347 2941 1497 3007 t-ujus
1529 2953 1647 2992 rara
1678 2946 1802 2992 sunt

212 3033 564 3106 exemplaria,
597 3044 688 3088 aut
722 3030 1013 3100 cardinalis
1047 3031 1204 3084 Bonae
1238 3029 1430 3082 librum
1465 3041 1502 3081 ιι
1527 3027 1595 3082 de
1619 3027 1800 3082 divina

214 3127 531 3203 psalmodia,
552 3142 669 3195 cap.
698 3124 892 3190 18,ubi
918 3125 989 3178 ait
1017 3123 1120 3178 hoc
1151 3122 1388 3176 ofﬁcium
1417 3119 1592 3176 adhuc
1621 3121 1802 3191 vigere

218 3235 282 3278 ac
330 3219 532 3277 servari
564 3215 739 3273 Toleti
773 3218 823 3269 in
855 3217 1089 3286 quinque
1121 3215 1391 3284 parmciis,
1422 3222 1477 3269 et
1508 3214 1559 3267 in
1603 3212 1802 3268 sacello

1975 2013 2059 2068 18.
2102 2010 2447 2080 Fructuosus,
2481 2015 2535 2070 in
2567 2017 2764 2088 regula:
2810 2018 2997 2088 primae
3041 2033 3161 2089 cap.
3189 2014 3251 2087 2,
3283 2017 3352 2075 ab
3382 2015 3482 2078 lsi-

1901 2107 2034 2182 doro
2057 2106 2110 2161 in
2144 2108 2435 2175 nonnullis,
2485 2113 2579 2164 sed
2614 2110 2663 2163 in
2699 2107 2938 2180 pluribus
2964 2127 2992 2164 a
3021 2109 3351 2169 Mozarabicu
3383 2115 3489 2172 ritu

1900 2196 2097 2254 differt.
2131 2199 2293 2272 394
2341 2197 2395 2254 ln
2441 2198 2542 2255 hoc
2586 2211 2764 2256 autem
2798 2218 2921 2257 cunt
2964 2199 3169 2259 isidoro
3215 2208 3491 2275 convenit,

1900 2291 2041 2363 quod
2073 2289 2314 2347 Psalmos
2361 2293 2412 2346 in
2467 2293 2748 2348 nocturnis
2793 2291 3003 2364 Vigiliis
3047 2297 3364 2365 praescribit,
3397 2297 3492 2357 sed

1902 2383 2082 2454 plures
2111 2399 2269 2453 quam
2299 2384 2565 2453 Isidorus;
2600 2395 2782 2442 ternos
2806 2399 2936 2442 vero
2961 2387 3016 2442 in
3044 2385 3273 2454 diurnis,
3297 2399 3353 2444 ut
3377 2389 3489 2457 ille,

1901 2477 2115 2532 ofﬁciis.
2135 2476 2194 2531 id
2227 2476 2518 2546 peculiare,
2559 2477 2699 2549 quod
2728 2477 2963 2534 Primam
3011 2485 3064 2546 et
3113 2479 3492 2542 Duodecimam

1901 2570 2158 2640 aSsignat,
2189 2583 2321 2638 quas
2343 2569 2432 2625 ille
2461 2570 2851 2639 praetermittit;
2881 2579 2938 2626 et
2959 2571 3339 2629 Duodecltnam
3371 2575 3492 2646 quis

1901 2660 2024 2716 dem
2054 2677 2084 2717 a
2113 2659 2351 2731 VeSpera
2373 2662 2681 2734 distinguit,
2709 2677 2829 2719 cum
2856 2664 3001 2720 horai
3027 2667 3304 2722 canonica:
3325 2667 3392 2722 ab
3416 2681 3484 2724 eo

1902 2765 2252 2812 recensentur
2279 2757 2382 2811 hoc
2402 2757 2561 2811 modo
2593 2776 2606 2812 :
2639 2753 2841 2826 Tertia,
2885 2759 3072 2823 Sexta,
3118 2759 3294 2825 Nona,
3341 2762 3488 2818 Duo-

1901 2847 2110 2902 decima
2161 2848 2438 2914 videlicet,
2487 2856 2646 2918 atque
2701 2850 2960 2918 Vesiiera.
3011 2852 3310 2910 Concilium
3360 2868 3493 2912 vero

1906 2938 2258 3005 Emeritense,
2302 2953 2508 2995 canone
2537 2941 2594 3006 2,
2629 2941 2982 3012 Vesperarum
3003 2933 3248 2999 'ol'ﬁciutn
3279 2946 3347 3000 ad
3377 2961 3494 3002 ino-

1902 3029 2030 3085 dum
2082 3030 2304 3086 aliarum
2349 3032 2720 3099 ecclesiarum,
2755 3035 2957 3090 scilicet
3011 3036 3370 3104 Mozarabum,
3402 3049 3494 3094 ea-

1905 3135 2128 3192 rumque
2178 3130 2284 3178 tres
2327 3131 2526 3191 partes,
2583 3125 2990 3196 Lucernnriutn,
3035 3126 3412 3198 Vespertinum
3439 3138 3498 3188 et

1905 3213 2108 3268 Sanum
2139 3215 2436 3285 distinguit.
2474 3215 2624 3278 Sicut
2657 3219 2712 3272 in
2737 3216 2874 3272 Fide
2893 3230 3095 3288 sancta,
3125 3222 3368 3291 inquiunt
3398 3224 3498 3279 Pa-

219 3311 490 3372 Francisci
519 3307 774 3366 Ximenez
802 3309 1110 3378 cardinaiis,
1139 3305 1731 3386 itemqueSalmanticm
1755 3306 1806 3364 in
1833 3297 1882 3363 C
1916 3318 2044 3376 tres,
2086 3321 2267 3366 nostra
2309 3318 2382 3364 est
2411 3309 2746 3378 ananimitas,
2775 3313 2851 3368 ita
2881 3330 2971 3383 pro
2993 3326 3170 3370 sancto
3201 3315 3298 3371 Dei
3338 3318 3502 3389 ofﬁcio

219 3405 412 3466 sacello
438 3406 676 3462 doctoris
721 3402 1140 3469 Talabriceusis,
1190 3400 1332 3472 quod
1373 3405 1454 3456 est
1487 3401 1536 3455 in
1568 3399 1805 3457 claustro

224 3498 440 3570 majoris
470 3493 733 3553 ecclesiae.

295 3585 380 3644 l7.
421 3584 537 3643 iloe
567 3585 893 3643 Breviarium
926 3585 980 3641 in
1024 3585 1258 3643 editione
1285 3583 1575 3643 cardinalis
1621 3583 1810 3645 Xime-

225 3696 324 3738 nez
355 3678 704 3737 inscribitur:
741 3675 975 3749 Ofﬁcium
1003 3676 1275 3732 Gothicam
1317 3679 1419 3733 sive
1467 3679 1686 3734 mixtum
1733 3691 1814 3733 se-

225 3777 445 3830 cundum
473 3771 701 3845 regulam
731 3771 862 3826 beati
891 3771 1099 3826 Isidori.
1120 3769 1230 3826 Sed
1253 3785 1445 3826 vereor
1467 3779 1523 3825 ut
1546 3769 1813 3840 ejusmodi

227 3865 380 3930 ritus,
412 3865 587 3936 qualis
613 3863 666 3920 in
693 3866 784 3921 illo
809 3865 1080 3920 Breviario
1109 3864 1412 3934 descriptus
1443 3875 1544 3927 est,
1580 3870 1645 3917 ita
1679 3863 1815 3919 anti-

228 3969 358 4028 quus
390 3940 481 4022 sit,
503 3965 563 4012 ut
587 3957 651 4011 ad
685 3957 873 4012 lsidori
899 3965 1138 4029 tempora
1169 3955 1561 4027 possitrefcrri.
1591 3957 1817 4012 Constat

233 4049 488 4120 siquidem
513 4065 575 4104 ex
607 4049 724 4118 ejus
754 4051 971 4120 Regula:
1000 4065 1118 4120 cap.
1147 4050 1179 4103 ‘7
1208 4050 1440 4119 psalmus
1471 4049 1522 4104 in
1552 4049 1697 4103 omni
1726 4061 1817 4120 sy-

237 4143 358 4198 naxl
408 4142 658 4198 recitatos
707 4141 889 4198 fuisse.
951 4141 1006 4195 in
1057 4143 1375 4212 chpertinis
1431 4141 1576 4196 enim
1623 4139 1815 4215 officiis

228 4239 402 4309 primo
436 4255 456 4291 ι
493 4237 896 4302 Lucernarium,
932 4255 951 4288 ι
984 4235 1145 4308 393
1177 4233 1228 4288 id
1258 4246 1341 4289 est
1365 4237 1598 4304 precatio
1623 4239 1690 4288 ad
1723 4247 1814 4288 ac-

232 4329 534 4388 cendendas
580 4330 866 4384 lucernas:
903 4347 920 4380 ι
959 4329 1156 4383 deinde
1205 4326 1390 4395 psalmi
1430 4327 1566 4390 dun,
1595 4337 1817 4395 respon-

241 4422 438 4477 sorium
465 4436 651 4487 unum,
685 4411 916 4485 Laudes,
951 4419 1181 4489 hymnus
1209 4427 1368 4486 atque
1390 4415 1565 4473 oratio
1587 4416 1817 4473 dicenda

240 4521 336 4569 est.
364 4531 383 4566 ι
411 4513 464 4568 ln
483 4512 756 4568 nocturnis
778 4517 956 4566 autem
971 4508 1177 4577 Vigiiiis
1197 4510 1427 4580 primum
1457 4527 1475 4560 ι
1497 4520 1606 4566 tres
1621 4505 1817 4566 Psalmi

243 4607 482 4663 canonici
511 4605 766 4660 recitandi
796 4612 950 4669 sunt;
983 4602 1178 4660 deinde
1208 4610 1318 4656 tres
1354 4601 1536 4657 missae
1579 4602 1815 4672 psalmo-

1915 3404 2058 3457 debet
2104 3413 2212 3458 esse
2258 3403 2469 3458 intentio
2513 3402 2677 3474 (forte
2704 3408 2992 3478 consensio)
3039 3424 3256 3462 summa.
3290 3411 3501 3482 Oportet

1913 3498 2089 3568 igitur,
2131 3498 2339 3551 utsicut
2381 3498 2434 3552 in
2484 3496 2602 3552 aliis
2644 3500 2870 3555 ecclesiis
2919 3504 3203 3572 vespertino
3253 3513 3498 3572 tempore,

1913 3598 2028 3663 post
2057 3589 2229 3644 lumen
2256 3591 2504 3656 oblatum,
2533 3593 2678 3662 prius
2709 3593 2895 3649 dicitur
2937 3593 3321 3665 Vespertinum,
3344 3613 3499 3670 quam

1918 3680 2116 3738 Sonam
2155 3683 2211 3738 in
2254 3683 2430 3738 diebus
2469 3683 2646 3755 festis;
2676 3696 2752 3740 ita
2776 3697 2826 3740 et
2854 3688 3052 3742 anobis
3097 3689 3420 3744 custodiatur
3443 3691 3501 3746 in

1914 3776 2102 3830 nostris
2135 3775 2380 3829 ecclesiis.
2435 3777 2628 3832 Beatus
2656 3779 2823 3835 abbas
2853 3781 2906 3834 in
2939 3779 3035 3835 lib.
3061 3797 3076 3834 ι
3102 3781 3356 3836 adversus
3389 3782 3501 3838 Eii-

1918 3870 2170 3940 pandurn,
2203 3870 2270 3926 de
2312 3869 2487 3925 ofﬁcio
2517 3872 2655 3940 apud
2689 3871 2949 3942 iiiSpanos
2991 3883 3116 3930 ante
3159 3878 3416 3932 stccuium
3445 3887 3500 3934 ιι

1919 3961 2112 4018 usitato
2152 3961 2268 4018 haec
2313 3961 2512 4022 habet:
2549 3979 2568 4015 ι
2611 3961 2667 4020 Si
2700 3965 2756 4019 in
2786 3967 3106 4036 vespertinis
3138 3967 3502 4026 lucernarium

1917 4063 2043 4110 ante
2087 4051 2255 4110 altare
2305 4052 2580 4119 obtulerit,
2628 4071 2735 4112 non
2767 4068 2941 4126 potest
2979 4059 3134 4116 aliter
3165 4058 3371 4129 oti‘erri,
3401 4057 3508 4119 nisi

1918 4143 2114 4202 dixerit
2145 4162 2158 4201 :
2190 4145 2257 4201 In
2284 4151 2490 4201 nomine
2523 4147 2730 4201 Domini
2759 4150 2921 4202 nostri
2949 4148 3074 4205 Iesu
3103 4148 3294 4206 Christi
3333 4153 3506 4209 lumen

1919 4256 2035 4294 eum
2081 4255 2223 4311 pace.
2275 4241 2329 4296 Si
2377 4241 2534 4296 etiam
2589 4244 2860 4312 completo
2906 4241 3110 4312 ofﬁcio,
3167 4261 3272 4299 nun
3329 4253 3508 4316 potest
3558 4263 3560 4265 '

1918 4333 2099 4405 egredi
2126 4337 2242 4390 sine
2271 4335 2371 4390 hac
2393 4335 2684 4401 solutione,
2729 4338 2830 4392 nisi
2860 4339 3006 4408 prius
3048 4338 3280 4395 dixerit:
3313 4337 3380 4394 In
3411 4356 3508 4395 no-

1919 4427 2056 4481 mine
2097 4425 2304 4481 Domini
2327 4427 2487 4482 nostri
2508 4426 2633 4482 Iesu
2663 4428 2851 4484 Christi
2883 4445 3060 4485 camus
3081 4446 3200 4485 cum
3240 4447 3384 4501 pace.
3419 4431 3510 4490 Sic

1921 4519 1975 4572 in
2002 4517 2336 4586 vespertinis,
2387 4519 2462 4573 sic
2511 4521 2560 4574 in
2610 4519 2906 4586 matutinis,
2942 4522 3017 4575 sic
3044 4523 3298 4576 omnibus
3333 4523 3498 4589 horis,

1922 4609 2112 4680 quibus
2135 4611 2442 4666 necessaria
2466 4609 2637 4667 ofﬁcia
2669 4614 2750 4668 vel
2776 4613 3030 4669 canonica
3059 4614 3110 4668 in
3133 4614 3361 4670 ecclesia
3383 4632 3508 4684 per-

243 4713 378 4764 rum,
409 4706 598 4768 quarta
627 4697 984 4762 canticorum,
1009 4695 1189 4764 quinta
1217 4694 1593 4750 Matutinorum
1620 4695 1823 4751 ofﬁcio-
1844 4683 1900 4748 Β
1927 4711 2176 4769 aguntur.
2218 4721 2236 4754 ι
2274 4703 2337 4757 Et
2394 4703 2507 4758 haec
2557 4705 2771 4772 quidem
2833 4705 3092 4759 hactenus
3147 4683 3396 4760 dicunt";
3452 4708 3510 4764 in

243 4807 378 4849 rum.
423 4791 560 4862 Quid
610 4792 680 4847 sit
723 4791 823 4847 hoc
857 4792 975 4846 loco
1007 4790 1190 4856 missa,
1240 4790 1528 4845 obscurum
1575 4800 1675 4845 est.
1709 4790 1822 4848 Hoc

234 4886 554 4942 vocabulum
585 4883 874 4956 aliquando
897 4884 1208 4952 lectionem,
1239 4879 1528 4951 aliquando
1550 4895 1680 4936 vero
1710 4883 1822 4937 col-

235 4980 423 5033 lectam
474 4993 570 5033 seu
621 4977 943 5042 orationem,
1005 4991 1388 5045 nonnunquam
1446 4975 1816 5031 dimissionem

239 5071 516 5142 significat.
563 5071 850 5126 Menardus
880 5069 1023 5124 hunc
1051 5071 1226 5124 locum
1273 5069 1341 5123 de
1381 5067 1618 5124 Collecta
1675 5079 1820 5124 recte

241 5174 648 5236 interpretatur:
679 5183 697 5217 ι
718 5161 775 5219 in
802 5162 1096 5220 Dominicis
1120 5179 1245 5219 vero
1267 5164 1478 5228 diebus,
1513 5164 1594 5218 Vri
1615 5162 1822 5219 festivi-

238 5257 438 5313 tatibus
460 5265 780 5327 martyrum,
808 5255 1161 5311 soiemnitatis
1192 5267 1352 5310 causa
1384 5255 1606 5326 singulae
1633 5270 1824 5324 super-

241 5351 499 5408 addautur
529 5351 730 5406 missae.
761 5348 958 5406 Verum
995 5345 1050 5403 in
1095 5346 1301 5417 Vigiliis
1339 5347 1600 5403 recitandi
1647 5347 1824 5403 aderit

237 5457 385 5511 usus,
413 5443 469 5501 in
499 5441 774 5500 ﬂuminis
791 5439 1021 5498 canettdi
1063 5439 1432 5508 psallendique
1460 5440 1819 5495 consuetudo.

231 5534 514 5594 laniones
541 5543 722 5592 autem
745 5550 818 5591 es
851 5532 1028 5589 Veteri
1057 5543 1111 5588 et
1133 5531 1282 5586 Novo
1305 5531 1654 5585 Testaumite
1679 5540 1820 5586 teu-

237 5643 366 5701 μοι-ο
401 5632 564 5688 ofﬁcii
610 5629 937 5701 quotidianus
975 5629 1168 5684 diebus
1209 5627 1532 5691 recitentur;
1582 5624 1822 5682 Subit-to

239 5731 413 5780 autem
437 5733 496 5780 et
525 5724 804 5780 Dominico
823 5738 890 5779 ex
915 5723 1064 5777 Novo
1088 5727 1290 5775 tantum
1329 5717 1764 5787 pronuntientur.
1793 5733 1816 5770 ι

224 5818 361 5875 λιες
387 5819 567 5874 omnia
597 5819 757 5888 longe
775 5820 1084 5888 discrepant
1108 5834 1134 5870 a
1161 5816 1379 5886 vulgato
1403 5813 1677 5869 Breviario
1704 5815 1820 5870 Μο·

242 5911 514 5982 Mum,
539 5914 594 5970 in
619 5929 726 5984 quo
748 5912 938 5984 psalmi
966 5911 1123 5975 nulli,
1158 5907 1320 5965 nulla:
1343 5905 1598 5963 lectiones
1627 5905 1693 5962 ad
1724 5905 1819 5963 Vi.

1923 4793 2102 4849 ofﬁcio
2131 4794 2493 4860 Mozarabum,
2527 4797 2668 4862 quod
2721 4795 2774 4850 in
2830 4795 2951 4850 aliis
2978 4795 3206 4849 multum
3251 4795 3510 4855 recedit!

1924 4889 2121 4959 regulis
2153 4887 2338 4943 Isidori
2361 4896 2414 4941 et
2438 4887 2738 4942 Fructuosi.

1996 4982 2083 5035 19.
2128 4983 2274 5036 Dicat
2303 4979 2484 5034 forsan
2510 4979 2704 5049 aliquis
2729 4979 2784 5034 in
2815 4980 2901 5035 his
2937 4980 3136 5046 regulis
3176 4981 3506 5035 monasticae

1925 5075 2057 5128 ritus
2084 5075 2428 5144 praescriptos
2471 5075 2653 5139 fuisse,
2707 5089 2811 5131 non
2855 5087 3222 5141 communem,
3253 5076 3426 5146 qualis
3457 5077 3512 5133 in

1928 5165 2228 5233 Hispanicis
2283 5166 2536 5221 Ecclesiis
2585 5166 2988 5223 observabatur.
3038 5168 3400 5223 Gentii-matur
3447 5168 3501 5225 id

1924 5272 1990 5316 ex
2023 5258 2236 5313 concilii
2263 5259 2606 5312 Bracarensis
2639 5258 2796 5328 primi
2825 5273 3032 5316 canone
3069 5259 3088 5311 i
3135 5259 3512 5328 mixtionum,-

1927 5350 2014 5405 ubi
2041 5349 2370 5414 decernitur,
2420 5349 2490 5404 Ut
2528 5362 2658 5404 unus
2700 5349 2860 5422 395
2906 5360 3059 5418 atqu
3098 5349 3232 5404 idem
3261 5349 3516 5417 psaitendi

1927 5443 2056 5498 ordo
2080 5444 2137 5497 in
2163 5444 2427 5496 matutinis
2471 5445 2548 5496 uel
2596 5444 2896 5510 vespertinis
2941 5442 3120 5512 Oﬁciis
3169 5453 3441 5511 terreatur;
3470 5453 3518 5502 α

1927 5550 2032 5588 non
2059 5536 2269 5589 diversa:
2295 5550 2358 5588 ac
2379 5536 2610 5601 privatio,
2649 5549 2806 5602 neque
2838 5536 3266 5590 monasteriorum
3295 5553 3514 5594 consue-

1925 5629 2124 5683 tudines
2165 5643 2282 5680 cum
2306 5627 2652 5681 ecclesiastica
2676 5628 2778 5680 sint
2817 5626 3096 5686 permixta.
3130 5627 3327 5684 Venia
3356 5629 3518 5684 las-ob

1927 5735 2192 5793 qusquam
2223 5722 2514 5777 verisimile
2543 5732 2646 5784 est,
2685 5718 2968 5786 isidoram,
2989 5722 3084 5791 qui
3107 5731 3388 5793 “opus
3411 5737 3514 5793 pro

1929 5814 2036 5869 ritu
2067 5813 2402 5869 Mozarabico
2423 5809 2707 5877 laboravit,
2739 5823 2795 5865 ut
2819 5811 2938 5880 ejus
2981 5824 3171 5869 auctor
3204 5816 3477 5869 balteum
3499 5829 3512 5860 .:

1931 5922 2056 5973 non,
2085 5907 2321 5975 inquam,
2351 5902 2645 5961 verisimile
2688 5912 2772 5961 est
2811 5905 2867 5959 in
2902 5907 3248 5962 monasteriis
3289 5907 3358 5959 ab
3399 5905 3515 5964 ιω.
