4060 6346
564 286 667 351 891

1276 292 1624 353 APPENDIX
1662 292 1754 351 AD
1791 292 2018 351 OPEHA
2059 287 2305 350 SANCTI
2345 293 2657 356 GERMAM
2697 298 3144 365 PARISIENSIS.

564 409 936 484 praseriptum
970 408 1134 467 fuisse
1161 410 1322 467 ritum
1353 422 1459 467 tam
1485 412 1755 469 diversum
1784 413 1852 469 ab
1879 427 1946 468 eo
1975 413 2064 483 qui
2091 412 2146 468 in
2175 409 2233 472 Α
2325 420 2416 479 22.
2459 423 2633 481 Unum
2661 433 2773 494 est,
2812 429 3114 497 versionem
3145 430 3288 489 illam
3318 431 3615 492 Gallicanis
3646 451 3715 494 ac
3739 440 3875 509 qui-

563 501 682 560 aliis
737 500 997 558 Ecclesiis
1044 503 1233 559 eodem
1298 517 1518 560 auctore
1579 505 1769 561 fuisset
1832 504 2149 561 institutus:

563 596 798 653 maxime
819 612 941 653 cum
974 596 1026 651 in
1060 595 1162 652 hoc
1188 597 1393 669 antiqui
1421 599 1601 654 Patres
1632 614 1845 667 semper
1871 599 2151 669 conspira-

562 688 758 755 verint,
793 697 850 744 ut
872 689 924 743 in
954 686 1147 743 divinis
1178 688 1369 744 officils
1397 688 1699 756 uniformis,
1724 691 1913 747 saltem
1940 692 1993 747 in
2020 709 2150 748 una-

561 794 773 852 quaque
796 782 1091 852 provincia,
1117 783 1252 837 ritus
1275 782 1671 840 observaretur.
1697 787 1857 841 Certe
1888 786 1938 841 in
1965 788 2149 843 conci-

561 872 637 929 lio
658 889 713 930 tv
734 873 1013 941 Toletano,
1046 873 1323 940 canoneﬂ,
1348 884 1603 931 statutum
1629 888 1731 943 est,
1767 876 1833 931 Ut
1856 895 1990 933 unus
2022 879 2150 933 ordo

2259 513 2483 575 busdam
2536 521 2868 582 Germanicis
2925 526 3179 582 Ecclesiis
3236 526 3305 583 ab
3352 528 3468 600 ipso
3524 528 3870 601 Hieronymo

2256 614 2608 670 contraditam
2654 615 2817 672 fuisse
2848 618 2900 673 in
2930 620 3193 675 sententia
3227 621 3515 691 Bernouis,
3547 638 3681 680 cum
3730 624 3868 680 Wa-

2256 700 2478 759 lal'ridus
2510 722 2627 761 eam
2666 724 2692 762 a
2726 710 2986 781 Gregorio
3014 712 3270 783 episcopo
3298 715 3602 772 Turonensi
3640 717 3697 772 in
3731 717 3866 773 Gal~

2253 796 2351 854 lias
2396 799 2659 857 invectam
2705 804 2866 876 397
2922 806 3116 861 tradat.
3172 807 3370 865 Verum
3421 818 3544 879 post
3606 810 3869 882 Gregorii

2256 900 2465 961 tempus
2510 893 2559 947 id
2618 894 2818 951 factum
2874 897 3117 965 videtur,
3167 910 3315 958 certe
3362 912 3481 973 post
3534 904 3867 977 Hieronymi

559 967 741 1023 οναηάί
769 977 919 1038 αιηιιε
944 967 1200 1039 psallendi
1233 985 1325 1037 ρετ
1366 986 1568 1024 omnem
1598 969 1916 1035 Ηίιραηίίιηι
1946 983 1992 1026 ει
2020 970 2148 1069 σαζ·
2199 965 2483 1042 ’tetatem.
2536 987 2702 1058 Hujus
2745 992 2821 1046 rei
2855 1005 3166 1063 argumenta
3199 965 3700 1069 nobis-suppeditat

558 1059 686 1116 liam
713 1072 1114 1127 conservaretur,
1146 1079 1277 1141 unus
1312 1064 1494 1117 modus
1518 1065 1570 1116 in
1602 1064 1874 1118 missarum
1905 1066 2147 1120 solemni-

556 1155 763 1222 tatibus,
788 1157 997 1210 unusin
1024 1156 1321 1224 vespertinis
1349 1157 1713 1227 matutinisque
1741 1158 1947 1227 ofﬁciis.
1983 1159 2143 1228 Atqui

555 1245 609 1302 in
635 1247 805 1303 Gallia
835 1249 995 1304 etiam
1026 1248 1367 1306 Narbonensi
1399 1251 1633 1317 psalmos
1657 1268 1871 1320 semper
1897 1252 1964 1306 ad
1997 1252 2145 1323 Vigi-

553 1340 651 1398 lias
679 1352 970 1400 nocturnas
1023 1346 1276 1401 recitatos
1327 1346 1493 1402 fuisse
1533 1362 1636 1402 non
1678 1347 1885 1415 dubito,
1929 1348 2141 1403 tametsi

552 1432 724 1490 lateor
760 1436 961 1491 nullam
1007 1437 1168 1507 hujus
1202 1439 1279 1495 rei
1312 1439 1424 1495 fieri
1456 1440 1782 1496 mentionem
1817 1442 1870 1495 in
1901 1440 2141 1497 conciliis

549 1526 842 1596 Agathensi
871 1535 928 1583 et
949 1527 1304 1596 Narbonensi,
1338 1530 1389 1586 in
1427 1532 1619 1603 quibus
1660 1533 1727 1589 de
1768 1534 1961 1606 vigiliis
2012 1549 2140 1591 noc-

550 1617 722 1675 turnis
752 1621 1028 1691 signanter
1058 1636 1161 1677 non
1194 1620 1391 1692 agitur.

1285 1735 1313 1808 5
1345 1735 1408 1792 ll.

550 1846 866 1925 Psalmodia:
895 1854 1041 1925 origo
1070 1863 1117 1907 et
1147 1871 1444 1925 pragressus
1472 1855 1526 1910 in
1550 1855 1837 1912 Gallicanis
1869 1858 2134 1924 Ecclesiis,

619 1921 993 1996 gugduitensi;
1022 1921 1324 1992 Arelatensi,
1366 1926 1672 1996 Viennensi,
1717 1942 1762 1985 et
1796 1921 2133 1985 Massiliensi.

624 1992 723 2048 Ubi
752 1995 816 2048 de
845 1993 1103 2051 Psalterio
1127 1996 1422 2053 Gallicana.

616 2110 793 2166 20.1n
836 2111 1216 2169 ecclesiasticis
1266 2114 1457 2170 ritibus
1506 2116 1893 2183 investigandis
1938 2118 2134 2185 passim

543 2203 945 2272 comprobatum
975 2208 1281 2274 experimur
1302 2208 1520 2264 etl'atum
1547 2211 1760 2267 concilii
1784 2228 1831 2264 vl
1864 2211 2131 2277 Toletani,

541 2292 593 2349 ill
621 2310 825 2353 canone
850 2297 905 2363 6,
946 2313 1140 2369 nempe
1179 2302 1549 2373 longinquitate
1586 2320 1721 2373 stupe
1753 2304 1869 2373 ﬁeri
1895 2305 2136 2375 temporis

541 2396 597 2440 ut
641 2405 743 2442 non
787 2399 958 2461 pateat
999 2392 1141 2446 ratio
1177 2394 1409 2465 originis.
1462 2395 1516 2450 Id
1579 2396 1739 2451 modo
1786 2396 2135 2466 probavimus

539 2483 788 2551 exemplo
816 2499 1067 2541 cursuum
1096 2487 1612 2556 ecclesiasticorum,
1640 2505 1867 2559 quorum
1898 2491 2131 2545 obscura

540 2575 829 2645 primordia
860 2578 912 2633 in
945 2580 1179 2637 Ecclesia
1238 2581 1518 2650 universa,
1560 2598 1662 2639 nec
1690 2584 1860 2652 magis
1907 2592 2029 2638 nota
2079 2586 2131 2639 in

537 2667 763 2739 singulis
793 2670 1065 2738 Ecclesiis,
1098 2673 1292 2728 nedum
1327 2676 1379 2730 in
1407 2676 1706 2744 Gallicana,
1739 2676 1885 2749 quod
1912 2676 1965 2732 in
1996 2693 2133 2748 prte-

537 2774 662 2816 sens
686 2761 1008 2833 investigare
1038 2767 1383 2838 aggredimur

609 2854 695 2910 Ξί.
726 2856 782 2912 ln
824 2858 1009 2927 primis
1059 2858 1194 2915 Galli
1224 2862 1515 2930 antiquitus
1567 2863 1820 2934 peculiari
1884 2863 2130 2919 Psalterii

536 2948 783 3004 versione
805 2952 884 3005 usi
907 2962 1051 3021 sunt,
1077 2954 1284 3009 scilicet
1305 2970 1365 3009 ea
1392 2972 1513 3025 quae
1536 2973 1563 3011 a
1584 2967 1773 3012 sancto
1798 2956 2129 3030 Hieronymo

535 3041 812 3097 emendata
841 3044 1005 3116 396
1038 3053 1140 3101 est.
1175 3046 1483 3103 Audiendus
1528 3049 1627 3104 hac
1669 3048 1735 3104 de
1764 3065 1824 3104 re
1871 3049 2129 3105 Walafri-

532 3133 634 3189 dus
678 3134 872 3192 Strabo
900 3140 967 3194 de
1002 3138 1185 3195 Rebus
1213 3142 1613 3209 ecclesiasticis,
1644 3158 1762 3215 cap.
1785 3144 1890 3201 23:
1919 3164 1937 3198 ι
1973 3146 2126 3203 Psal-

2247 1078 2431 1147 gorius
2458 1079 2573 1149 ipse
2622 1081 2674 1137 in
2722 1082 2953 1140 llistoria
3008 1102 3128 1154 sua,
3174 1088 3264 1145 ubi
3310 1105 3415 1145 non
3462 1106 3574 1147 uno
3628 1090 3693 1147 in
3741 1090 3867 1150 loco

2250 1168 2580 1229 Psalmorum
2633 1177 2927 1235 versiculos
2972 1181 3137 1238 refert
3164 1199 3230 1239 ex
3270 1186 3371 1241 alia
3403 1186 3661 1244 versione
3696 1204 3864 1259 quam

2247 1262 2544 1325 Gallicana.
2588 1270 2730 1327 Duos
2777 1283 2980 1329 tantum
3028 1276 3351 1347 insigniores
3386 1281 3631 1349 proferre
3679 1282 3845 1347 juvat

2249 1356 2400 1415 Unus
2424 1360 2571 1419 locus
2602 1376 2681 1420 est
2706 1366 2759 1420 in
2794 1367 2887 1423 lib.
2921 1386 2971 1435 v,
3000 1386 3120 1441 cap.
3158 1370 3245 1438 Η,
3275 1373 3364 1428 llbi
3394 1390 3584 1431 versus
3607 1376 3686 1431 18
3716 1386 3778 1433 et
3799 1376 3865 1432 l9

2245 1454 2439 1523 psalmi
2469 1474 2616 1512 Lxxll
2640 1460 2855 1516 adducit
2888 1463 2939 1519 in
2991 1465 3131 1521 hunc
3178 1468 3395 1523 modum
3427 1488 3440 1523 :
3481 1470 3867 1528 Verumtamen

2246 1557 2453 1617 prapter
2484 1549 2805 1606 dolositatem
2826 1556 3041 1624 posuisti
3061 1558 3133 1612 eis
3155 1560 3323 1624 mala;
3346 1561 3582 1631 Λεξίεείεεὶ
3602 1579 3704 1619 eos
3734 1567 3866 1620 dum

2244 1640 2607 1698 allevarentur.
2642 1645 2913 1712 Quomodo
2945 1650 3071 1719 facti
3109 1664 3225 1707 sunt
3254 1654 3310 1708 iu
3338 1656 3742 1724 desolationem,
3776 1678 3867 1716 αα

2244 1732 2346 1787 bito
2392 1735 2723 1805 defecerunt;
2775 1741 3033 1809 perierunt
3080 1755 3287 1815 propter
3347 1748 3653 1819 iniquitates
3716 1770 3866 1810 suis.

2172 1813 2221 1873 B
2247 1825 2399 1880 Alter
2446 1827 2595 1884 locus
2624 1841 2708 1885 cst
2738 1831 2788 1885 in
2838 1832 3077 1901 ejusdem
3113 1813 3358 1895 Historiae
3388 1813 3482 1895 lih.
3527 1858 3604 1911 vt,
3634 1858 3774 1914 cap.
3808 1846 3865 1912 5,

2243 1916 2332 1972 ubi
2386 1919 2779 1977 hemistichium
2845 1940 3032 1983 versus
3082 1930 3209 1986 noni
3252 1947 3318 1988 ex
3366 1934 3572 2004 psalmo
3622 1952 3738 1992 xcv
3788 1940 3867 1995 ita

2242 2007 2429 2065 habet:
2466 2011 2718 2069 Dominus
2745 2020 2974 2086 regnavit
3000 2022 3216 2090 aliquo.
3245 2024 3375 2091 Qua:
3405 2027 3513 2083 duo
3541 2029 3661 2085 loca
3695 2031 3864 2089 aliter

2242 2101 2491 2173 leguntur
2521 2107 2574 2161 in
2622 2110 2866 2167 versione
2900 2112 3119 2185 Vulgata
3149 2132 3245 2173 seu
3296 2119 3569 2177 Gallicana
3598 2143 3611 2177 :
3643 2127 3863 2198 magis-

2242 2210 2347 2265 que
2373 2199 2700 2255 conveniunt
2728 2216 2851 2257 cum
2894 2207 3143 2262 versione
3173 2208 3436 2278 Romana,
3472 2214 3522 2269 in
3554 2232 3659 2287 qua
3716 2236 3862 2289 prse-

2242 2290 2460 2346 missnm
2492 2293 2886 2352 hemistichium
2936 2302 3155 2358 totidem
3202 2307 3383 2363 verbis
3423 2308 3569 2377 jacet
3602 2330 3616 2366 :
3651 2329 3858 2371 versus

2238 2392 2415 2438 autem
2448 2384 2514 2439 18
2542 2387 2728 2454 psalmi
2759 2391 3042 2447 Lxxtl'hoc
3074 2394 3236 2451 modo
3264 2415 3275 2449 :
3319 2397 3685 2459 Verumtamen
3733 2425 3859 2471 pro—

2238 2487 2350 2545 pter
2395 2477 2540 2534 dolos
2578 2481 2877 2554 disposuiin
2924 2487 2996 2541 eis
3035 2488 3193 2544 mala.
3251 2490 3452 2550 Eadem
3505 2495 3623 2554 fere
3685 2500 3861 2559 lectio

2236 2569 2521 2640 utrobique
2565 2572 2619 2628 in
2668 2586 2924 2647 argenteo
2969 2579 3167 2638 Codice
3211 2596 3398 2642 nostro
3447 2588 3497 2644 ill
3552 2598 3857 2663 purpureis

2234 2666 2563 2722 membranis
2582 2681 2825 2740 exarata,
2857 2673 2907 2729 id
2939 2686 3020 2731 est
3048 2678 3099 2731 in
3133 2677 3225 2733 illo
3249 2679 3515 2739 Psalterio
3540 2687 3688 2757 quod
3725 2704 3857 2745 san-

2231 2758 2305 2813 cti
2361 2756 2611 2816 Germani
2667 2764 2990 2823 Parisiorum
3040 2773 3275 2843 episcopi
3344 2776 3510 2834 fuisse
3562 2756 3850 2840 creditur.

2230 2850 2437 2908 Prioris
2464 2855 2605 2911 enim
2636 2857 2735 2913 loci
2770 2859 2885 2917 hrec
2916 2862 3071 2919 lectio
3112 2875 3197 2921 est
3225 2869 3275 2921 in
3307 2867 3399 2925 illo
3449 2868 3653 2930 Codice
3683 2891 3703 2928 :
3745 2874 3851 2931 Ve-

2230 2956 2518 3003 rumtamen
2545 2961 2751 3023 propter
2776 2952 3102 3012 dolositatem
3144 2961 3358 3025 posuisti
3383 2964 3491 3021 illis
3530 2970 3693 3025 mala.
3736 2969 3849 3030 Va-

2228 3038 2397 3094 rietas
2418 3039 2470 3094 in
2497 3041 2583 3097 his
2602 3044 2805 3111 verbis,
2825 3049 3082 3113 perierunt
3108 3059 3315 3123 propter
3335 3056 3647 3125 injustitiant
3667 3080 3846 3121 sm.

2229 3130 2554 3192 Posterioris
2584 3146 2764 3194 autem
2807 3141 2909 3197 loci
2938 3143 3123 3201 eadem
3172 3163 3393 3217 prorsus
3441 3152 3605 3211 lectio
3650 3168 3741 3214 est
3792 3160 3845 3216 in

534 3240 651 3282 tuos
676 3238 850 3284 autem
878 3246 999 3285 cum
1047 3234 1338 3288 secundum
1369 3232 1513 3289 LXX
1541 3235 1865 3313 interpretes
1893 3237 2120 3295 Romani
2150 3215 2199 3279 θ
2227 3219 2427 3282 Codice
2454 3225 2825 3287 θθτωπηθηεί-
2862 3234 3058 3292 Eadem
3088 3241 3337 3297 VCI’SiOne
3363 3258 3491 3302 Usus
3518 3257 3602 3304 est
3637 3250 3843 3308 Fortu-

533 3316 706 3374 adhuc
723 3320 970 3389 habeant,
994 3322 1129 3377 Galli
1154 3334 1208 3379 et
1228 3324 1615 3382 Germanorum
1635 3328 1793 3399 aliqui
1818 3332 2119 3389 secundum

533 3412 954 3468 emendationem
977 3430 1133 3484 quam
1166 3416 1526 3489 l~lieronymus
1557 3420 1716 3477 Pater
1746 3422 1812 3476 de
1835 3421 1981 3478 LXX
2008 3424 2124 3480 edi-

532 3503 675 3559 tione
715 3507 1037 3573 composuit,
1071 3507 1387 3564 Psalterium
1416 3520 1635 3567 cantant
1667 3528 1684 3568 :
1712 3528 1872 3582 quam
1918 3514 2124 3586 Grego-

531 3596 638 3651 rius
669 3595 992 3653 Turonensis
1036 3600 1314 3670 episcopus
1339 3616 1368 3657 a
1401 3602 1641 3671 partibus
1690 3604 1949 3663 Romanis
1997 3624 2120 3665 mu-

533 3694 732 3743 luatam
760 3689 814 3745 in
842 3690 1128 3746 Galliarum
1156 3692 1355 3747 dicitur
1387 3694 1658 3750 Ecclesias
1697 3699 2057 3756 transtulisse.
2091 3721 2112 3755 ι

532 3777 609 3835 De
652 3795 710 3837 re
754 3782 869 3851 ipsa
917 3783 1101 3840 eadem
1144 3794 1228 3841 est
1267 3786 1530 3842 Bernonis
1578 3788 1865 3859 Augiensis
1911 3792 2121 3849 abbatis

531 3874 795 3927 sententia
823 3891 837 3935 ;
870 3874 935 3929 de
964 3884 1205 3945 tempore
1233 3892 1361 3933 vero
1392 3894 1497 3949 quo
1530 3879 1647 3935 haec
1673 3883 1855 3939 versio
1884 3899 1913 3937 a
1946 3884 2115 3942 Gallis

531 3973 744 4033 recepta
776 3975 880 4033 est,
909 3966 994 4024 hic
1022 3983 1144 4023 cum
1177 3968 1477 4026 Walafrido
1511 3988 1617 4028 non
1661 3978 1950 4035 consentit.
1985 3978 2118 4035 Ber-

530 4063 687 4116 nonis
712 4063 868 4118 verba
894 4077 960 4119 eo
990 4063 1256 4120 lubentius
1286 4064 1461 4122 refero
1484 4108 1500 4133 ,
1549 4069 1693 4139 quod
1738 4080 1959 4140 accepta
2010 4073 2121 4128 sint

527 4171 592 4213 ex
618 4156 737 4227 ejus
758 4158 979 4227 epistola
998 4159 1195 4215 inedita
1216 4160 1283 4216 ad
1302 4162 1672 4231 Meginfridum
1695 4174 1750 4222 et
1779 4167 2115 4237 Bennouem,

528 4249 620 4306 ubi
650 4251 718 4307 de
746 4251 1069 4325 Hieronymo
1091 4268 1254 4325 agens
1284 4271 1297 4309 :
1334 4274 1351 4307 ι
1390 4254 1534 4312 inter
1572 4267 1789 4325 cetera,
1821 4263 2011 4331 inquit,
2047 4279 2115 4319 ex

528 4344 808 4400 emendata
838 4344 980 4401 LXX
1005 4346 1360 4417 lnterpretum
1409 4350 1766 4408 translatione
1793 4352 2111 4411 Psalterium

526 4453 593 4496 ex
624 4437 811 4494 Grmco
837 4439 887 4493 in
913 4439 1155 4496 Latinum
1181 4442 1360 4507 vertit,
1392 4443 1630 4514 illudque
1653 4447 1976 4504 cantandum
2000 4464 2118 4505 om-

528 4530 682 4587 nibus
714 4530 898 4587 Gallia:
927 4547 991 4588 ac
1026 4534 1347 4605 quibusdam
1391 4534 1693 4595 Germaniae
1726 4540 1977 4599 Ecclesiis
2007 4551 2110 4599 tra-

2225 3328 2402 3387 natus,
2429 3328 2566 3376 teste
2603 3323 2721 3393 ejus
2752 3324 2953 3394 hymno
2978 3328 3047 3384 de
3068 3332 3260 3389 Cruce.
3306 3335 3383 3393 Ex
3426 3354 3535 3409 quo
3580 3342 3847 3419 intelligi-

2223 3427 2343 3468 mus
2372 3429 2438 3471 eo
2468 3423 2709 3487 tempore
2757 3436 2865 3490 quo
2910 3422 3200 3495 Gregorius
3229 3431 3559 3491 Turonensis
3604 3440 3843 3500 antistes

2223 3505 2512 3564 Historiam
2543 3525 2693 3567 suam
2724 3516 3009 3584 scribebat,
3045 3520 3360 3581 Psalterium
3391 3528 3458 3584 ab
3494 3529 3837 3607 Hieronymo

2222 3600 2588 3669 emendatum,
2630 3606 2770 3672 quod
2802 3606 3139 3668 Gallicanum
3188 3628 3432 3688 vocatur,
3464 3600 3836 3685 nondumvre-

2220 3702 2434 3761 ceptum
2482 3692 2537 3749 in
2594 3694 2763 3752 Gallia
2818 3700 3004 3759 fuisse.
3055 3705 3229 3762 Medio
3277 3710 3455 3783 itaque
3508 3715 3833 3788 Gregorium

2223 3784 2365 3841 inter
2389 3796 2444 3843 et
2465 3785 2816 3850 Walafridum
2846 3794 3128 3853 intervallo
3151 3800 3444 3858 admissum
3470 3815 3574 3870 est.
3600 3784 3835 3869 fortasse

2222 3890 2386 3945 opera
2427 3881 2597 3935 sancti
2626 3882 2881 3939 Bonifacii
2910 3886 3205 3957 Moguntlni
3238 3895 3539 3961 pontificis,
3574 3901 3665 3971 qui
3697 3902 3829 3960 illud

2223 3968 2511 4029 Gallicanis
2537 3974 2978 4051 Germanicisque
3013 3982 3268 4041 Ecclesiis
3299 3988 3599 4047 tradiderit.

2291 4067 2456 4139 398
2472 4067 2562 4124 25.
2596 4072 2835 4129 Alterum
2861 4075 2911 4130 in
2948 4076 3203 4135 Bernonis
3223 4081 3403 4139 verbis
3424 4086 3826 4147 observandum

2222 4157 2355 4214 illud
2383 4170 2487 4227 est,
2516 4179 2709 4235 nempe
2738 4165 3009 4225 Romanos
3030 4171 3147 4241 ejus
3171 4182 3429 4246 tempore,
3459 4178 3512 4234 id
3540 4190 3625 4235 est
3650 4185 3830 4240 medio

2221 4254 2419 4310 saculo
2467 4270 2524 4311 xl
2552 4272 2666 4314 sua:
2695 4262 2929 4318 versioni
2960 4265 3253 4323 adhaesisse
3296 4287 3310 4323 :
3342 4286 3444 4340 qua
3474 4287 3541 4328 ex
3572 4277 3829 4333 versione

2221 4344 2530 4414 antiphonae
2559 4364 2681 4418 quae
2725 4350 2777 4405 in
2807 4360 2965 4408 cantu
2993 4355 3236 4414 Romano
3264 4361 3592 4421 adhibentur
3633 4384 3826 4426 excer-

2220 4441 2325 4503 pta:
2348 4434 2473 4490 sint.
2508 4439 2666 4509 Atqui
2696 4440 2798 4497 hoc
2828 4444 3127 4502 Romanum
3160 4448 3476 4508 Psalterium
3507 4458 3626 4512 usui
3654 4460 3753 4516 fuit
3772 4461 3825 4518 in

2226 4523 2382 4581 Urbis
2418 4529 2659 4587 ecclesiis
2688 4533 2753 4589 ad
2802 4538 3167 4604 pontificatum
3214 4542 3290 4599 Pii
3336 4545 3415 4614 ν,
3465 4549 3620 4619 cujus
3666 4552 3821 4622 jussu

523 4620 679 4677 didit.
713 4622 780 4678 Et
808 4623 877 4679 ob
916 4622 1018 4680 hoc
1048 4604 1386 4683 Gallicanum
1428 4628 1748 4688 Psalterium
1793 4635 2107 4706 appellavit,

2232 4614 2413 4687 ibique
2443 4633 2653 4691 recepta
2682 4636 2763 4680 est
2794 4626 3010 4698 Vulgata
3038 4646 3132 4687 seu
3163 4604 3433 4693 Gallicana
3458 4604 3646 4710 editio,
3666 4604 3823 4711 'p};

522 4713 781 4773 Romanis
808 4716 982 4773 adhuc
1004 4732 1071 4774 ex
1096 4729 1349 4790 corrupta
1380 4722 1589 4792 vulgata
1620 4723 1858 4782 editione
1902 4727 2109 4785 Psalte-

519 4806 658 4863 rium
689 4808 1025 4877 canentibus,
1056 4825 1123 4865 ex
1156 4825 1259 4882 qua
1288 4810 1514 4868 Romani
1542 4825 1757 4872 cantum
1784 4833 2110 4890 composue-

518 4911 665 4971 runt,
695 4903 956 4971 nobisque
980 4918 1132 4959 usum
1172 4906 1423 4963 cantandi
1449 4909 1916 4968 contradiderunt.
1949 4912 2108 4970 Unde

517 4997 708 5053 accidit
733 4997 877 5068 quod
908 4998 1066 5054 verba
1090 5015 1210 5068 quae
1240 5001 1292 5057 in
1334 5001 1543 5060 diurnis
1593 5005 1681 5062 vel
1725 5004 1780 5062 in
1828 5009 2107 5065 nocturnis

515 5084 706 5143 ofﬁciis
736 5087 964 5145 canendi
1010 5104 1163 5146 more
1195 5092 1555 5163 modulantur,
1604 5095 2100 5167 intermisceantur,

513 5187 569 5236 et
592 5179 816 5238 confuse
862 5183 1061 5239 nostris
1108 5184 1326 5254 psalmis
1373 5186 1708 5257 inserantur,
1740 5198 1798 5246 ut
1841 5208 1872 5248 a
1924 5195 2102 5251 minus

516 5276 701 5345 peritis
729 5276 873 5333 haud
901 5276 1058 5335 facile
1088 5279 1259 5349 possit
1286 5279 1552 5349 discerni,
1582 5284 1712 5354 quid
1742 5294 1941 5342 nostrae
1961 5326 1978 5354 ,
2009 5289 2098 5345 vel

513 5367 771 5430 Romani:
796 5375 1083 5431 conveniat
1106 5375 1349 5432 editioni.
1383 5377 1534 5445 Quod
1565 5378 1684 5448 pius
1712 5377 1872 5436 Pater
1902 5396 1965 5436 ac
2008 5397 2103 5451 pe-

513 5461 945 5536 ritus‘magister
974 5468 1184 5525 intuens
1207 5509 1222 5535 ,
1256 5480 1364 5526 tres
1394 5469 1657 5525 editiones
1689 5471 1743 5555 in
1794 5487 1902 5527 uno
1948 5473 2101 5529 volu-

512 5553 662 5610 mine
679 5560 1010 5627 composuit;
1035 5569 1094 5616 et
1113 5559 1443 5616 Gallicanum
1474 5559 1815 5629 Psalterium,
1839 5564 1980 5634 quod
2004 5581 2104 5624 nos

507 5632 776 5718 canimus,
804 5649 1072 5708 ordinavit
1094 5652 1150 5708 in
1177 5668 1282 5710 una
1310 5653 1580 5722 columna,
1616 5654 1670 5708 in
1698 5653 1871 5710 altera
1900 5656 2097 5715 Roma-

507 5722 666 5824 ;ltuut,
700 5739 756 5796 in
787 5742 940 5798 tertia
970 5742 1275 5800 Hebraeum.
1312 5763 1331 5798 ι
1360 5744 1628 5800 Hactenus
1673 5745 1851 5804 Berno
1883 5749 1935 5806 in
1985 5752 2100 5824 epi-

508 5798 778 5892 ‘stola'ms.
810 5834 1006 5907 quibus
1029 5798 1287 5896 inversis
1313 5798 1422 5895 duo
1447 5798 1853 5899 natalia:

2219 4716 2462 4775 terquam
2491 4711 2543 4767 in
2577 4730 2677 4770 una
2727 4718 2908 4775 Romm
2941 4720 3196 4781 Vaticana
3245 4730 3477 4787 ecclesia
3500 4775 3516 4799 ,
3558 4747 3615 4790 et
3658 4748 3817 4795 extra

2217 4798 2415 4857 Urbem
2440 4804 2491 4859 in
2514 4805 2898 4868 Mediolanensi
2924 4830 2938 4869 :
2969 4832 3088 4884 quae
3111 4828 3333 4891 utraque
3357 4827 3635 4897 antiquum
3658 4846 3817 4888 suum

2218 4892 2532 4954 Psalterium
2564 4902 2816 4972 retinent,
2851 4909 2925 4962 uti
2973 4911 3133 4967 etiam
3163 4917 3390 4972 ecclesia
3435 4924 3607 4976 sancti
3652 4924 3815 4982 Marci

2213 4987 2354 5056 apud
2386 4988 2654 5050 Venetias.
2701 4996 2941 5069 Denique
2972 5002 3060 5059 ille
3091 5006 3510 5075 antiphonarum
3546 5013 3819 5073 Romana-

2212 5100 2331 5140 rum
2356 5102 2485 5145 usus
2505 5106 2569 5145 ex
2599 5091 2837 5152 Romana
2864 5097 3105 5157 Ecclesia
3138 5102 3190 5157 in
3216 5103 3543 5164 Gallicanam
3569 5111 3814 5170 invectus

2209 5189 2294 5275 est
2319 5197 2413 5249 per
2440 5184 2755 5258 Pippinum,
2784 5192 2871 5247 cui
2922 5193 3120 5253 Paulus
3162 5212 3297 5269 papa
3346 5202 3715 5275 Antiphouale
3757 5216 3815 5268 et

2210 5272 2544 5345 Responsale
2573 5297 2638 5338 ex
2672 5283 2815 5343 Urbe
2843 5288 3058 5346 direxit.

2277 5385 2367 5441 24.
2400 5388 2493 5446 His
2519 5393 2586 5448 de
2618 5395 2877 5457 Psalterio
2908 5402 3183 5463 Gallicano
3214 5413 3526 5483 prtemissis,
3551 5415 3666 5489 jam
3698 5420 3808 5478 dis-

2208 5481 2527 5581 quiretldum
2556 5498 2638 5545 est
2689 5507 2795 5561 quo
2829 5496 3017 5554 ordine
3055 5501 3316 5568 quibusve
3363 5481 3807 5581 modis'publica-

2206 5588 2325 5630 rum
2368 5576 2420 5632 in
2455 5578 2744 5640 Gallicanis
2795 5586 3047 5646 Ecclesiis
3097 5609 3316 5664 precum
3362 5576 3626 5658 institutio
3674 5604 3806 5662 facta

2205 5667 2296 5734 sit,
2333 5684 2503 5738 quave
2532 5676 2739 5733 ratione
2771 5686 3111 5746 processerit.
3138 5687 3195 5744 Si
3222 5690 3293 5746 ab
3319 5694 3542 5749 exordio
3569 5698 3825 5768 recepta?

2202 5761 2478 5834 religionis
2509 5767 2593 5824 hic
2623 5772 2754 5828 ritus
2801 5776 3065 5835 admissus
3094 5794 3256 5850 esset,
3292 5786 3667 5860 Lugdunensis
3692 5794 3803 5849 Ec-

2201 5854 2363 5970 clesia
2397 5861 2596 5930 primas
2622 5866 2725 5923 sibi
2759 5869 2857 5926 hac
2883 5871 2936 5928 ill
2962 5889 3037 5945 re,
3063 5884 3118 5931 ut
3147 5877 3201 5935 in
3236 5881 3348 5955 ipsa
3373 5854 3655 5957 religione,
3680 5889 3797 5945 vin-
