4060 6346
225 357 341 415 595

1242 355 1332 414 DE
1369 353 1594 414 CURSU
1638 354 2030 413 GALLICANO
2071 352 2497 422 DlSQUlSlTlO.

3412 355 3520 412 594

217 473 449 531 dicaret.
475 471 580 528 Sed
603 471 701 528 etsi
731 471 785 528 in
813 471 1040 542 publicis
1070 471 1308 528 ﬁdelium
1330 474 1684 532 conventibus
1702 471 1814 543 jam
1843 475 1895 533 Α
1919 473 1976 530 In
2009 471 2182 542 primo
2206 489 2272 530 ex
2300 472 2383 528 bis
2405 471 2579 530 tribus
2599 473 2748 532 libris
2770 474 2965 530 asserit
2989 472 3330 546 vindicatque
3358 490 3518 530 usum

216 562 350 620 inde
378 564 447 619 ab
479 563 734 620 Ecclesiae
763 567 1033 621 nascentis
1075 566 1298 623 exordio
1347 567 1540 637 psalmi
1589 567 1815 638 aliaeque

220 675 417 733 preces
443 658 679 715 recitatae
707 660 813 715 sint
833 702 849 727 ,
881 669 1058 717 tamen
1091 661 1247 732 longe
1274 661 1375 717 alia
1408 671 1523 718 erat
1573 677 1638 717 eo
1684 670 1820 718 tem-

220 768 359 824 pore
387 768 545 824 quam
574 753 921 824 subsequenti
968 753 1270 826 disciplina.
1299 754 1486 826 Neque
1515 756 1659 811 enim
1690 771 1818 810 can—

218 855 314 903 tus
340 847 392 902 in
420 861 517 902 usu
547 855 674 902 tunc
699 856 837 914 erat,
860 862 959 903 nec
990 858 1136 904 certa
1157 849 1486 920 psalmorum
1517 857 1608 904 aut
1633 849 1819 906 lectio-

221 953 353 994 num
393 938 696 1009 dispositio.
748 957 768 992 ‹
810 938 1087 995 Primitiva
1136 939 1406 1011 (quippe)
1460 942 1698 997 Ecclesia
1746 941 1818 996 ita

224 1027 516 1097 psallebat,
573 1037 633 1084 ut
678 1029 890 1085 modico
934 1029 1074 1085 ﬂexu
1123 1030 1269 1086 vocis
1316 1031 1518 1089 faceret
1565 1048 1820 1090 resonare

223 1119 566 1189 psallentem,
599 1122 672 1175 ita
719 1129 776 1175 ut
805 1121 1168 1190 pronuntianti
1215 1123 1444 1179 vicinior
1485 1133 1629 1180 esset
1659 1141 1819 1195 quam

219 1215 461 1283 canenti,
502 1232 520 1266 ι
551 1214 624 1268 ait
651 1214 899 1269 Babanus
927 1215 980 1270 in
1024 1215 1121 1273 lib.
1153 1216 1221 1271 de
1265 1216 1604 1274 Institutione
1651 1219 1823 1273 Cleri-

221 1324 410 1366 corum
439 1323 558 1380 cap.
581 1308 818 1380 48(Vid.
843 1309 1137 1380 Augustin.,
1160 1326 1338 1380 supra,
1363 1328 1483 1382 pag.
1503 1311 1652 1382 591).
1677 1311 1820 1368 Idem

223 1403 442 1470 subdit,
471 1403 615 1474 quod
643 1419 706 1459 ex
740 1402 946 1459 Isidoro
976 1405 1183 1474 accepit
1209 1420 1225 1458 :
1265 1422 1285 1456 ι
1324 1403 1550 1473 Propter
1576 1403 1824 1459 carnales

223 1504 406 1550 autem
433 1495 489 1550 in
518 1495 778 1561 Ecclesia,
815 1509 920 1550 non
951 1504 1168 1565 propter
1215 1495 1543 1566 spirituales,
1592 1511 1824 1551 consue-

227 1590 367 1645 tudo
393 1590 644 1645 cantandi
670 1600 751 1647 est
778 1589 1020 1646 instituta
1046 1607 1062 1656 ;
1095 1600 1154 1646 ut
1179 1592 1302 1662 quia
1343 1593 1520 1647 verbis
1550 1607 1656 1648 non
1685 1608 1827 1649 com-

225 1690 556 1754 panguntur,
576 1683 840 1738 suavitate
851 1684 1224 1738 modulaminis
1241 1695 1575 1740 moveantur.
1590 1704 1608 1737 ι
1630 1685 1824 1740 Parum

229 1774 419 1844 itaque
446 1776 608 1846 399
646 1775 940 1832 verisimile
964 1785 1048 1830 est
1075 1775 1129 1831 id
1159 1776 1299 1845 quod
1332 1777 1518 1832 scribit
1542 1786 1696 1833 vetus
1725 1791 1825 1831 au-

1921 563 2177 621 Ecclesia:
2225 565 2618 636 Lugdunensis,
2671 582 2790 638 quae
2841 567 2982 622 nulla
3032 567 3256 630 cantica,
3303 565 3406 621 nisi
3448 583 3515 622 ex

1917 653 2170 724 Psalmis,
2200 656 2377 713 nullos
2403 657 2631 729 hymnos
2653 673 2684 714 a
2713 668 2884 728 poetis
2907 659 3156 726 scriptos,
3185 656 3358 711 nullas
3380 672 3520 726 pra:-

1920 754 2158 817 terquam
2189 763 2256 804 ex
2285 765 2437 805 sacra
2467 750 2745 821 Scriptura
2777 751 3034 806 lectiones
3063 750 3115 805 in
3141 749 3238 805 Dei
3267 749 3517 805 laudibus

1923 849 2046 894 tunc
2073 841 2408 898 admittebat.
2438 862 2459 897 ‹
2487 843 2592 899 Sed
2621 855 2674 899 et
2703 845 2997 901 reverenda
3025 844 3248 900 concilia
3279 853 3515 914 patrum,

1857 995 1862 998 _
1924 931 2115 1002 inquit,
2148 935 2464 1005 decernunt,
2516 952 2849 1020 nequaquam
2903 937 3146 1007 plebeios
3186 936 3423 1006 psalmos
3468 937 3522 990 in

1921 1023 2160 1080 Ecclesia
2204 1026 2596 1094 decantandos;
2630 1038 2685 1084 et
2730 1029 2860 1083 nihil
2912 1029 3122 1098 poetice
3160 1029 3521 1098 compositum

1922 1116 1976 1172 in
2025 1117 2218 1173 divinis
2266 1119 2512 1176 laudibus
2545 1121 2930 1191 usurpandum.
2968 1140 2988 1175 ι
3024 1121 3121 1177 llic
3169 1123 3318 1177 locus
3360 1120 3525 1190 respi-

1923 1215 1997 1269 cit
2025 1229 2283 1271 canonem
2316 1215 2692 1272 duodecimum
2721 1217 2938 1271 concilii
2971 1215 3128 1287 primi
3155 1216 3520 1281 Bracareusis,

1923 1323 2028 1377 quo
2058 1306 2396 1375 decernitur,
2430 1307 2498 1363 Ut
2526 1318 2670 1363 extra
2721 1308 2982 1378 Psalmos,
3038 1309 3114 1362 vel
3161 1308 3527 1362 canonicarum

1927 1399 2322 1471 Scripturarum
2354 1403 2491 1457 Novi
2514 1413 2561 1458 et
2603 1403 2796 1460 Veteris
2823 1404 3157 1471 Testamenti,
3187 1407 3314 1459 nihil
3335 1406 3526 1476 poetice

1925 1495 2262 1559 compositum
2285 1495 2337 1547 in
2377 1492 2606 1549 Ecclesia
2655 1495 2932 1565 psallatur,
2963 1497 3088 1550 sicut
3120 1505 3166 1550 et
3194 1497 3355 1550 sancti
3401 1497 3527 1565 ﬂm-

1925 1586 2119 1655 cipiunt
2167 1603 2424 1650 canones,
2485 1603 2674 1655 nempe
2721 1589 2936 1642 concilii
2987 1587 3277 1643 Laodiceni
3308 1630 3322 1654 ,
3370 1588 3526 1657 cujus

1927 1693 2097 1732 canon
2128 1676 2195 1732 59
2225 1679 2445 1748 plebeios
2469 1673 2773 1748 psalmos'in
2797 1679 3036 1735 Ecclesia
3062 1679 3181 1733 cani
3211 1687 3355 1734 vetat
3380 1696 3393 1744 ;
3426 1693 3526 1734 nec

1930 1772 2063 1827 alios
2096 1773 2260 1829 libros
2289 1773 2488 1828 Prazter
2518 1773 2778 1829 Canonem
2806 1775 2929 1844 legi.
2964 1774 3084 1830 Alia
3115 1774 3214 1828 fuit
3245 1773 3526 1842 disciplina

229 1875 355 1923 ctor
381 1867 520 1938 apud
552 1868 956 1938 Spelmannum,
994 1867 1279 1924 Photinum
1308 1869 1746 1939 Lugdunensem,
1773 1880 1830 1926 et
1858 1858 1909 1921 Β
1935 1868 2146 1921 concilii
2177 1883 2228 1921 tv
2255 1866 2499 1923 Toletani
2529 1869 2582 1924 in
2611 1883 2816 1925 canone
2843 1870 2930 1936 l2,
2961 1871 3064 1924 alia
3089 1870 3249 1926 etiam
3274 1884 3530 1940 quorum-

230 1958 588 2030 Trophimum
614 1958 984 2016 Arelatensem
1019 1961 1302 2030 episcopos
1342 1970 1587 2016 auctores
1637 1959 1822 2028 fuisse,

231 2063 294 2108 ut
320 2068 509 2109 cursus
561 2055 828 2110 Asiaticus
875 2055 929 2110 in
980 2055 1092 2110 suis
1141 2054 1386 2110 ecclesiis
1433 2055 1826 2111 institueretur.

231 2145 358 2201 Alio
382 2144 608 2215 proinde
638 2146 755 2215 ejus
781 2146 861 2202 rei
889 2148 1040 2218 origo
1071 2146 1354 2215 quaerenda
1383 2156 1485 2202 est.

306 2238 399 2296 25.
428 2239 506 2296 De
533 2239 907 2312 Lugdunensis
935 2240 1180 2295 ecclesiae
1208 2255 1370 2296 cursu
1399 2239 1529 2294 nihil
1559 2239 1830 2309 antiquius

233 2333 471 2387 occurrit
489 2346 648 2400 quam
671 2331 813 2400 quod
833 2331 1028 2400 legitur
1049 2332 1102 2386 in
1128 2332 1413 2387 collatione
1432 2332 1828 2401 episcoporum,

235 2438 382 2479 anno
417 2423 521 2479 499
552 2422 729 2479 habita
758 2437 940 2478 coram
971 2422 1303 2480 Cundobado
1335 2423 1657 2492 Burgundia:
1702 2437 1832 2492 rege

237 2516 502 2572 adversus
532 2517 782 2572 Arianos.
817 2515 1100 2589 Designata
1130 2532 1160 2572 a
1192 2533 1318 2589 rege
1347 2517 1562 2573 collatio
1590 2516 1656 2571 ad
1689 2517 1832 2572 diem

237 2608 438 2665 festum
477 2609 648 2664 sancti
688 2607 846 2664 Justi.
899 2607 958 2664 ln
1011 2608 1189 2680 vigilia
1238 2609 1408 2677 ipsius
1452 2608 1830 2678 solemnitatis,

237 2703 480 2772 episcopi
525 2703 877 2760 decreverunt
903 2702 972 2758 ad
1013 2703 1132 2773 ejus
1159 2704 1462 2772 sepulcrum
1497 2711 1833 2773 pernoctare,

240 2807 300 2852 ut
330 2797 518 2852 futura.-
547 2797 845 2854 collationis
875 2810 1184 2853 successum
1229 2795 1340 2852 Deo
1369 2794 1831 2851 commendarent.

246 2909 267 2944 ι
302 2889 497 2946 Evenit
542 2899 721 2946 autem
751 2899 809 2945 ut
852 2903 914 2944 ea
943 2898 1121 2958 nocte,
1154 2903 1278 2944 cum
1322 2887 1492 2943 lector
1540 2886 1838 2942 secundum

239 2997 450 3038 morem
481 2982 743 3052 inciperet
797 2981 1084 3038 lectionem
1125 2995 1154 3034 a
1184 2979 1387 3051 Moyse,
1439 2979 1623 3034 incidit
1663 2978 1718 3033 in
1749 2978 1839 3033 illa

237 3075 408 3130 verba
429 3073 639 3128 Domini
669 3091 680 3125 :
707 3073 813 3128 Sed
837 3088 929 3144 ego
955 3073 1209 3126 indurabo
1230 3087 1318 3125 cor
1338 3073 1472 3140 ejus,
1503 3079 1608 3127 etc.
1639 3068 1841 3125 Deinde

239 3180 366 3222 cum
396 3173 518 3236 post
555 3165 788 3235 psalmos
816 3165 1130 3219 decantatos
1156 3163 1413 3218 recitaret
1441 3178 1504 3216 ex
1536 3160 1838 3230 prophetis,

1928 1961 2050 2017 dam
2081 1962 2268 2018 Gallia:
2320 1964 2694 2030 conciliorum,
2728 1974 2787 2020 ut
2817 1966 3156 2038 Agathensis,
3187 1982 3394 2023 canone
3437 1967 3528 2028 30,

1928 2061 1983 2107 et
2011 2052 2365 2120 Turonensis,
2389 2069 2595 2109 canone
2619 2056 2711 2120 25,
2745 2055 2833 2110 ubi
2862 2056 3065 2126 hymni,
3086 2067 3141 2114 et
3162 2059 3378 2127 quidem
3404 2061 3533 2112 Am-

1928 2142 2166 2198 brosiani
2214 2146 2280 2199 ad
2327 2146 2680 2202 ecclesiastica
2732 2147 2904 2202 ofﬁcia
2952 2150 3264 2218 probantur,
3311 2151 3419 2205 imo
3478 2161 3533 2205 et

1930 2235 2154 2290 aliorum
2188 2246 2489 2304 auctorum,
2521 2239 2607 2308 qui
2639 2241 2784 2311 digni
2813 2251 2928 2295 sunt
2959 2243 3126 2312 forma
3150 2244 3367 2297 cantari.
3395 2243 3534 2314 Ago-

1929 2329 2128 2386 bardus
2156 2329 2316 2402 ἀοι
2345 2331 2524 2397 addit,
2573 2333 2741 2388 cuivis
2770 2343 2958 2388 contra
3000 2335 3253 2390 sentienti
3286 2335 3535 2390 sufﬁcere

1931 2423 2154 2489 debere,
2197 2424 2339 2493 quod
2371 2441 2390 2474 ‹
2430 2424 2568 2479 sicut
2595 2425 2647 2479 in
2677 2424 2870 2481 diebus
2896 2426 2964 2481 ad
2995 2428 3187 2483 missas
3219 2429 3430 2483 nonnisi
3456 2428 3535 2481 di-

1933 2516 2054 2571 vina
2079 2515 2404 2585 generaliter
2431 2516 2640 2585 eloquia
2681 2517 3056 2584 decantantur,
3088 2521 3160 2575 ita
3191 2530 3245 2575 et
3275 2521 3328 2574 in
3361 2520 3535 2574 nocti-

1936 2609 2035 2663 bus
2056 2608 2122 2662 ad
2149 2622 2328 2663 sacras
2358 2608 2467 2664 Deo
2500 2608 2720 2679 Vigilias
2749 2609 3078 2667 exhibendas
3108 2628 3171 2668 ea
3219 2613 3405 2684 procul
3435 2613 3538 2668 du-

1935 2700 2027 2756 bio
2057 2702 2139 2756 lex
2170 2700 2362 2757 debeat
2391 2701 2687 2757 observari.
2728 2721 2747 2755 ι
2783 2703 2927 2758 ldem
2960 2705 3153 2774 probat
3192 2705 3246 2760 in
3292 2709 3538 2776 sequenti

1938 2795 2077 2850 libro
2107 2793 2175 2849 de
2219 2794 2568 2851 Correctione
2615 2795 3021 2865 Antiphonarii,
3050 2796 3141 2851 ubi
3171 2796 3286 2852 haec
3330 2798 3493 2853 verba
3524 2814 3536 2849 :

1946 2904 1967 2939 α
2001 2885 2116 2942 Νοιι
2146 2901 2275 2957 ergo
2301 2887 2671 2958 cujuscunque
2700 2886 2967 2959 ﬁgmentis
2986 2933 3000 2955 ,
3031 2889 3125 2946 sed
3156 2889 3386 2958 Spiritus
3412 2905 3540 2945 san-

1942 2981 2016 3036 cti
2044 2980 2272 3046 eloquiis
2306 2981 2552 3050 Majestas
2579 2982 2759 3036 divina
2805 2982 3067 3038 laudanda
3095 2991 3194 3037 est.
3236 3001 3254 3033 ι
3292 2983 3358 3037 Et
3389 2984 3544 3052 paulo

1943 3083 2065 3144 post
2108 3073 2291 3128 laudat
2317 3075 2579 3145 quosdam
2615 3094 2632 3127 ι
2671 3077 2948 3145 religiosos
2975 3077 3134 3144 viros,
3170 3076 3260 3146 qui
3291 3076 3547 3144 subjectis

1944 3167 2046 3222 sibi
2074 3168 2327 3224 fratribus
2354 3179 2679 3238 praeceptum
2714 3172 2817 3225 tale
2846 3170 3133 3238 dederunt,
3173 3187 3191 3221 ι
3229 3179 3285 3225 ut
3316 3189 3335 3221 ‹
3372 3170 3550 3225 nullus

241 3268 598 3316 occurrerunt
619 3261 778 3315 verba
801 3259 1014 3314 Domini
1032 3259 1097 3313 ad
1127 3258 1336 3313 Esaiam
1363 3257 1591 3312 dicentis
1622 3272 1637 3312 :
1673 3254 1836 3324 Vade,
1866 3243 1913 3306 C
1946 3270 2234 3331 praesumat
2281 3261 2648 3330 responsoria,
2679 3270 2770 3316 aut
2818 3264 3160 3332 antiphouas,
3210 3278 3330 3333 qua:
3373 3265 3550 3318 solent

240 3364 292 3410 et
321 3355 456 3410 dices
486 3353 676 3424 populo
704 3356 825 3409 huic
854 3371 871 3408 :
900 3355 1090 3409 Audite
1115 3354 1401 3420 audientes,
1445 3362 1550 3408 etc.
1599 3353 1840 3422 Cumque

242 3447 426 3503 adhuc
451 3447 644 3519 psalmi
672 3447 898 3504 fuissent
927 3448 1216 3514 decantati,
1248 3457 1302 3504 et
1339 3448 1542 3518 legeret
1571 3462 1639 3501 ex
1669 3446 1842 3500 Evan-

242 3540 408 3613 gelio,
432 3542 619 3597 incidit
637 3542 687 3596 in
714 3544 900 3613 verba,
932 3542 1124 3611 quibus
1147 3542 1392 3597 Salvator
1422 3542 1715 3608 eXprobrat
1744 3540 1838 3596 Ju-

243 3633 382 3689 daeis
410 3633 875 3691 incredulitatem:
914 3634 1000 3688 γω
1022 3635 1110 3688 tibi
1137 3633 1431 3699 Carazaim,
1468 3644 1574 3690 etc.
1604 3633 1843 3704 Denique

247 3742 373 3784 eum
403 3727 563 3783 lectio
587 3729 740 3784 ﬁeret
763 3745 830 3785 ex
855 3730 1130 3798 Apostolo,
1153 3731 1496 3800 pronuntiata
1527 3737 1652 3783 sunt
1681 3727 1844 3781 verba

248 3817 340 3874 illa
377 3820 498 3874 :An
542 3820 745 3875 divitias
791 3820 1030 3874 bonitatis
1078 3823 1217 3892 ejus,
1251 3831 1356 3875 elc.
1410 3819 1563 3886 Quod
1610 3833 1732 3873 cum
1777 3816 1846 3872 ab

250 3911 503 3966 omnibus
531 3913 797 3982 episcopis
828 3913 1168 3969 observatum
1216 3913 1428 3980 fuisset,
1480 3921 1847 3982 cognoverunt

252 3999 512 4059 lectiones
540 4002 660 4058 illas
701 4003 782 4059 sic
831 4006 1160 4072 occurrisse,
1216 4005 1431 4061 volente
1480 4005 1730 4070 Domino,
1791 4013 1847 4058 ut

254 4097 458 4151 scirent
484 4096 787 4153 induratum
826 4113 946 4155 esse
994 4114 1090 4155 cor
1130 4100 1292 4170 regis.
1332 4119 1352 4152 ι
1400 4099 1479 4155 Ex
1524 4099 1626 4154 hoc
1655 4099 1846 4170 insigni

255 4186 379 4242 loco
426 4188 660 4259 quinque
705 4189 961 4247 discimus
1006 4191 1074 4246 de
1126 4193 1342 4263 antiqua
1392 4192 1654 4263 psallendi
1708 4191 1849 4261 apud

257 4281 644 4353 Lugdunenses
668 4285 976 4356 disciplina.
1019 4285 1278 4354 Primum,
1313 4289 1367 4342 in
1399 4286 1604 4356 Vigiliis
1635 4294 1848 4342 noctur—

258 4374 348 4430 nis
375 4384 603 4445 quatuor
630 4377 919 4433 lectionum
965 4393 1162 4448 genera
1202 4378 1341 4434 facta
1372 4377 1567 4443 fuisse,
1599 4377 1850 4433 nimirum

258 4481 328 4523 ex
360 4466 744 4537 Heptateucho,
775 4484 842 4526 ex
895 4469 1195 4539 Prophetis,
1237 4484 1305 4525 ex
1351 4467 1671 4538 Evangelio,
1699 4476 1753 4522 et
1780 4482 1850 4523 ex

264 4561 542 4630 Apostolo.
577 4562 774 4618 Deinde
801 4563 1056 4619 lectiones
1083 4564 1199 4619 illas
1221 4563 1437 4618 fortuito
1460 4564 1511 4617 in
1533 4562 1681 4616 illum
1706 4562 1852 4617 diem

1944 3354 2108 3423 aliqui
2136 3353 2436 3423 composito
2474 3367 2612 3408 sono
2655 3369 2752 3424 pro
2799 3353 2974 3422 libitu,
3018 3369 3122 3408 non
3175 3371 3244 3409 ex
3293 3357 3549 3408 canonica

1943 3443 2217 3514 Scriptura
2251 3453 2522 3513 assumpta
2553 3454 2766 3510 canere,
2804 3446 2856 3499 in
2888 3446 3306 3514 congregatione
3337 3449 3434 3501 ista
3465 3448 3551 3502 vel

1945 3536 2232 3599 meditari,
2268 3536 2350 3592 vel
2380 3536 2579 3593 dicere.
2622 3556 2642 3589 ι
2680 3538 2810 3604 Quae
2865 3537 3029 3592 verba
3071 3547 3199 3594 sunt
3243 3548 3553 3594 sanctorum

1945 3627 2096 3683 Pauli
2125 3638 2180 3683 et
2200 3629 2465 3700 Stephani
2491 3631 2542 3683 in
2575 3631 2776 3700 regula:
2805 3645 2915 3683 suae
2942 3644 3060 3699 cap.
3093 3631 3179 3685 14.
3213 3630 3440 3685 Demum
3468 3631 3537 3686 ita

1945 3723 2217 3778 concludit
2264 3723 2616 3793 Agobardus:
2652 3739 2672 3774 ι
2707 3723 3043 3791 Quapropter
3069 3767 3084 3792 ,
3128 3724 3420 3779 auxiliante
3459 3721 3554 3778 Dei

1947 3818 2135 3888 gratia,
2167 3817 2316 3872 omni
2345 3817 2522 3872 studio
2553 3816 2763 3885 pietatis
2808 3817 3112 3872 instandum
3144 3827 3304 3887 atque
3357 3819 3546 3872 obser-

1946 3911 2179 3966 vandum
2196 3919 2297 3976 est,
2324 3911 2534 3965 utsicut
2549 3909 2614 3964 ad
2637 3910 3260 3980 celebrandajmissarum
3288 3911 3552 3966 solemnia

1950 4005 2110 4060 habet
2144 4004 2380 4060 Ecclesia
2413 4003 2612 4058 librum
2663 4005 3039 4075 mysteriorum
3072 4004 3176 4060 ﬁde
3226 4004 3512 4074 purissima
3534 4046 3548 4067 ,

1951 4107 2005 4153 et
2029 4097 2289 4154 concinna
2341 4096 2604 4152 brevitate
2632 4097 2917 4166 digestum,
2946 4097 3107 4153 habet
3158 4107 3210 4153 et
3253 4098 3446 4152 librum
3479 4098 3556 4153 le-

1950 4191 2212 4256 Ctionum,
2241 4204 2306 4246 ex
2338 4190 2535 4246 divinis
2561 4190 2714 4246 libris
2747 4205 2983 4263 congrua
3012 4191 3218 4247 ratione
3247 4191 3556 4253 collectum,

1953 4284 2025 4338 ita
2057 4284 2219 4340 etiam
2253 4293 2306 4338 et
2334 4285 2475 4339 hunc
2519 4285 2734 4339 tertium
2773 4285 3056 4341 ofﬁcialem
3105 4284 3362 4351 libellum,
3398 4285 3448 4340 id
3477 4295 3562 4340 est

1955 4375 2426 4446 Antiphonarium,
2461 4375 2756 4432 habeamus
2782 4377 3030 4432 omnibus
3058 4377 3305 4431 humanis
3337 4379 3561 4447 ﬁgmen-

1956 4469 2024 4524 tis
2053 4477 2109 4524 et
2151 4470 2447 4546 mendaciis
2475 4480 2850 4541 expurgatum,
2880 4480 2933 4526 et
2964 4487 3058 4538 per
3089 4479 3255 4526 totum
3301 4472 3426 4524 anni
3453 4472 3562 4526 cir-

1957 4560 2135 4616 culum
2152 4577 2216 4617 ex
2243 4563 2541 4631 purissimis
2568 4574 2769 4617 sancta:
2785 4562 3076 4631 Scripturae
3097 4561 3273 4616 verbis
3298 4560 3564 4617 sufﬁcien-

263 4649 540 4722 incidisse,
567 4652 702 4708 forte
725 4653 868 4725 quod
887 4653 1300 4710 Pentateuchum
1324 4664 1375 4710 et
1399 4665 1685 4724 sequentes
1711 4651 1852 4717 libri,
1886 4633 1940 4693 Ῑ)
1964 4654 2171 4708 tissime
2199 4654 2542 4720 ordinatum;
2576 4662 2840 4724 quatenus
2893 4654 2945 4706 in
2988 4652 3160 4707 sacris
3207 4651 3399 4708 ofﬁciis
3445 4669 3566 4723 per~

263 4744 568 4816 ﬂootum
598 4747 892 4817 prophetae,
941 4747 1249 4816 Evangelia,
1300 4755 1354 4802 et
1400 4747 1550 4802 Pauli
1606 4746 1858 4816 Epistolas

266 4848 658 4907 consequenter
703 4839 1038 4908 legerentur;
1066 4847 1122 4895 et
1166 4839 1218 4894 in
1248 4839 1492 4910 sequenti
1520 4837 1705 4894 ofﬁcio
1737 4837 1860 4894 inde

267 4929 433 4988 lectio
458 4930 736 5000 inciperet,
767 4932 858 4987 ubi
898 4932 950 4986 in
982 4931 1246 5003 superiori
1276 4933 1544 4988 desiisset.
1585 4931 1859 4998 Tertium,

268 5031 561 5080 nocturnas
607 5024 824 5094 Vigilias
872 5040 900 5079 a
959 5025 1190 5081 lectione
1236 5026 1542 5096 incmpisse.
1600 5024 1860 5091 Quartum

269 5131 429 5183 vero,
460 5116 779 5172 lectionibus
807 5117 1142 5174 Psalmorum
1172 5130 1388 5174 cantum
1421 5118 1588 5174 fuisse
1615 5119 1864 5186 interpo-

269 5210 460 5269 situm.
493 5210 746 5276 Quintum
795 5210 1046 5281 denique,
1097 5212 1272 5268 nullas
1301 5213 1371 5270 de
1399 5216 1652 5284 passione
1698 5210 1870 5266 sancti

270 5300 412 5358 Justi
443 5301 699 5358 lectiones
729 5302 917 5360 factas.
949 5304 1100 5372 Quod
1147 5319 1306 5374 quam
1335 5305 1406 5362 ob
1453 5322 1567 5363 rem
1615 5307 1873 5363 observe-

274 5409 418 5459 mus,
442 5409 510 5450 ex
539 5396 990 5467 consequentibus
1022 5396 1372 5468 intelligetur.

352 5487 442 5545 26.
473 5490 556 5546 Ab
594 5505 661 5548 eo
689 5499 932 5561 tempore
978 5491 1046 5547 ad
1076 5493 1329 5548 saeculum
1358 5508 1414 5549 ix
1455 5494 1586 5549 nihil
1614 5494 1683 5549 de
1713 5506 1875 5548 cursu

282 5584 628 5656 Lugduueusi
657 5586 867 5656 reperio
894 5585 950 5642 in
982 5595 1213 5642 vetustis
1258 5589 1640 5652 monumentis,
1683 5594 1883 5656 praeter

280 5679 361 5745 id,
388 5677 530 5748 quod
559 5678 714 5734 nobis
734 5679 972 5751 suggerit
998 5680 1313 5751 Agobardus
1336 5679 1453 5751 ejus
1478 5681 1624 5735 urbis
1655 5679 1882 5733 antistes

1967 4750 2254 4820 agendis...
2284 4767 2387 4804 una
2416 4765 2445 4802 a
2477 4749 2631 4804 nobis
2655 4757 2814 4817 atque
2830 4747 3017 4803 eadem
3035 4747 3369 4802 custodiatur
3397 4746 3568 4804 forma

1968 4844 2290 4907 orationum,
2323 4844 2490 4897 forma
2527 4843 2849 4910 lectionum,
2882 4852 2936 4898 et
2964 4841 3136 4898 forma
3179 4841 3567 4899 ecclesiastica-

1967 4950 2085 4991 rum
2115 4935 2561 4989 modulationum.
2597 4952 2613 4985 i

2040 5025 2131 5080 27.
2159 5025 2311 5080 Hunc
2331 5025 2489 5079 ritum
2523 5026 2575 5078 in
2606 5024 2874 5094 aliquibus
2903 5025 3062 5082 etiam
3093 5041 3235 5083 nunc
3261 5027 3457 5083 retinet
3485 5040 3565 5082 ec-

1973 5117 2136 5173 clesia
2191 5117 2591 5186 Lugdunensis;
2627 5117 2722 5172 sed
2777 5118 2830 5172 in
2877 5119 3185 5190 plerisque,
3227 5120 3459 5176 maxime
3515 5121 3568 5176 in

1974 5209 2308 5264 Psalmorum
2360 5209 2780 5276 distributione,
2831 5226 2952 5265 cum
3000 5210 3241 5265 Romana
3287 5213 3567 5268 convenit.

1974 5299 2161 5356 Nullos
2184 5302 2411 5370 hymnos
2430 5299 2610 5370 habet,
2630 5302 2729 5356 nisi
2747 5301 2811 5354 ad
2833 5301 3256 5374 Completorium
3280 5300 3576 5366 ;lectiones

1976 5408 2041 5450 ex
2074 5395 2221 5450 Actis
2249 5401 2555 5448 sanctorum
2593 5395 2828 5450 admittit

2054 5488 2146 5546 28.
2172 5489 2432 5544 Eumdetn
2457 5489 2625 5545 ferme
2649 5491 2807 5544 ritum
2831 5497 3011 5544 servat
3036 5487 3276 5544 Ecclesia
3301 5488 3573 5546 Viennen-

1984 5585 2080 5648 sis,
2112 5599 2234 5654 quaa
2264 5583 2437 5639 nullos
2467 5583 2668 5653 pariter
2714 5582 2943 5651 hymnos
2973 5580 3140 5647 canit,
3166 5581 3268 5638 nisi
3308 5582 3376 5637 ad
3403 5580 3573 5638 Com-

1987 5678 2292 5748 pletorium,
2325 5676 2485 5749 402
2513 5677 2692 5732 varios
2723 5690 2820 5746 pro
2872 5675 3033 5729 variis
3075 5675 3248 5732 festis.
3280 5677 3337 5732 ln
3387 5674 3568 5734 ofﬁcio

287 5771 342 5827 in
371 5769 506 5826 libro
532 5770 602 5826 de
630 5770 806 5826 divina
848 5771 1175 5842 Psalmodia,
1222 5775 1457 5846 itemque
1487 5773 1538 5829 in
1569 5771 1689 5827 aliis
1738 5769 1890 5826 libris
1989 5785 2088 5840 pro
2117 5771 2344 5824 mortuis
2374 5769 2640 5838 Vesperas
2669 5767 2898 5823 collocat
2918 5774 3038 5836 post
3066 5766 3295 5824 Laudes.
3318 5765 3474 5823 Unde
3521 5767 3576 5821 itt

288 5866 357 5922 de
383 5865 729 5923 Correctioue
760 5866 1155 5938 Antiplmnarii,
1199 5877 1254 5925 et
1297 5880 1480 5927 contra
1531 5862 1886 5930 Amalarium,

579 5987 848 6053 Ρηκοι..
884 5987 988 6050 LX
1007 5987 1143 6048 ΧΠ.

1994 5863 2215 5920 solemni
2277 5863 2646 5920 anniversario
2705 5859 2948 5919 omnium
3047 5859 3420 5919 defunctorum
3473 5858 3578 5913 Ve—
