4060 6346
553 461 646 518 595
1215 453 1564 514 APPENDIX
1602 452 1693 506 an
1732 443 1962 503 OPERA
2003 437 2254 497 SANCTI
2295 436 2600 492 GERMANI
2647 431 3087 494 PARlSlENSlS.
3719 437 3819 493 ssc

551 595 731 654 speras
755 579 936 637 differt
960 579 1014 635 in
1041 580 1185 635 diem
1211 577 1502 634 secundam
1530 569 1871 629 Novembris.
1906 564 1976 622 Et
2007 562 2125 634 qui-
2151 561 2200 622 Δ
2229 558 2438 632 altaque
2481 568 2534 654 et
2581 557 2848 615 modulata
2897 570 3047 622 voce,
3106 556 3275 654 instar
3325 553 3647 614 clericorurn
3675 599 3689 622 ,
3743 554 3827 611 alii

552 652 669 732 diem
726 674 830 730 hoc
890 673 1078 732 ordine
1108 671 1528 744 praescribuutur
1564 670 1616 724 in
1658 672 1872 723 vetusto
1927 659 2128 720 Ordine
2232 655 2438 719 Graece,
2470 653 2559 709 alii
2590 653 2796 716 Latine,
2831 666 3016 744 prosae
3049 652 3480 744 antiphonasque
3520 660 3828 744 cantarent,

552 768 794 825 Romano
819 782 923 826 ms.
954 767 1012 824 In
1039 741 1190 824 Actis
1212 765 1384 823 sancti
1405 761 1550 820 Clari
1577 756 1909 828 abbatis,qui
1931 753 2131 813 saeculo

2260 755 2291 801 tt
2309 763 2414 803 non
2434 746 2691 803 haberem
2709 742 2940 815 spatium
2965 742 3018 798 in
3041 741 3264 798 ecclesia
3288 741 3480 800 fabulis
3503 742 3784 810 owupari.
3807 760 3827 796 ι

553 875 625 916 vn
653 860 856 928 floruit,
886 869 1238 915 recensentur
1272 855 1552 926 utriusque
1603 867 1763 910 sexus
1807 845 2132 906 monasteria
2234 839 2492 894 Nimirum
2535 853 2639 896 non
2697 835 2871 928 solum
2918 834 3093 892 Latini
3139 835 3408 902 sermonis
3458 835 3718 928 homines
3765 834 3836 890 ibi

556 927 862 1018 duodecim,
885 952 937 1006 in
967 950 1158 1022 quibus
1181 960 1496 1004 numerosus
1534 946 1732 1001 chorus
1763 941 2004 996 assiduas
2026 937 2134 993 Deo
2235 941 2406 999 erant,
2437 930 2531 986 sed
2559 930 2718 985 etiam
2751 927 2920 986 Graeci
2950 929 3448 1022 proptercoloniam
3469 927 3835 1022 Phoceu-9m.

554 1041 743 1100 laudes
799 1020 1153 1112 persolvebat.
1183 1038 1259 1094 De
1305 1033 1599 1092 cathedrali
1650 1033 1819 1090 sancti
1875 1026 2134 1095 Mauricii,
2237 1037 2354 1094 qua:
2383 1021 2668 1080 Massiliam
2691 1022 3105 1112 immigraverat.
3135 1020 3320 1090 Neque
3339 1033 3465 1078 vero
3495 1034 3594 1090 per
3631 1020 3687 1074 id
3715 1031 3844 1075 tear

555 1139 780 1207 aliisque
798 1111 1038 1206 ejusdem
1069 1133 1213 1188 urbis
1239 1131 1484 1188 ecclesiis
1512 1131 1625 1186 haec
1673 1125 1854 1182 subdit
1909 1130 2133 1179 auctor:
2237 1128 2338 1207 pus
2360 1113 2546 1170 Latina
2571 1113 2749 1207 lingua
2771 1113 2826 1176 in
2854 1111 3040 1168 Galliis
3068 1113 3140 1168 ita
3159 1112 3438 1207 familiaris
3457 1123 3600 1176 erat,
3622 1123 3699 1207 ut
3723 1114 3840 1178 qui-

562 1249 582 1284 ι
617 1203 785 1296 Porro
816 1203 871 1283 in
898 1225 1059 1282 domo
1099 1225 1287 1294 majori
1309 1230 1618 1278 sanctorum
1671 1226 1965 1288 martyrum
2011 1229 2139 1282 apo-
2243 1205 2322 1261 vis
2363 1221 2481 1261 eam
2533 1205 2736 1273 absque
2791 1213 3118 1273 praeceptore
3177 1203 3558 1274 intelligerent.
3619 1204 3844 1259 Testem

557 1322 800 1380 stolicam
823 1319 986 1376 vitam
1013 1325 1277 1386 tenentes,
1301 1315 1355 1370 in
1373 1327 1642 1383 unumque
1663 1310 1903 1364 viventes
1927 1301 2140 1375 plurimi

2260 1297 2404 1370 ωε
2430 1300 2529 1352 huc
2553 1298 2765 1369 appello
2789 1297 3128 1370 Gregorium,
3155 1297 3342 1354 Gallia:
3369 1307 3571 1354 nostra
3605 1298 3848 1366 scripto-

559 1414 738 1471 clerici
763 1421 951 1480 erant;
980 1412 1055 1467 ita
1084 1419 1142 1466 ut
1171 1409 1363 1466 turmis
1387 1406 1678 1477 dispositis,
1713 1401 2014 1458 ofﬁciorum
2041 1395 2145 1452 mi-

2260 1405 2358 1445 rem
2389 1389 2676 1462 insignem,
2717 1389 2810 1459 qui
2831 1390 2884 1446 in
2911 1404 3033 1459 cap.
3067 1387 3134 1444 ω
3160 1387 3230 1444 de
3261 1387 3398 1445 Vitis
3425 1387 3650 1445 Patrum
3685 1401 3853 1458 agens

560 1507 778 1564 nisteria
805 1511 1148 1576 peragerent.
1173 1500 1327 1572 Apud
1353 1507 1596 1556 sanetum
1627 1497 1888 1552 Severum
1919 1502 2143 1562 quoque
2246 1481 2314 1538 de
2343 1481 2638 1538 Brachione
2667 1482 2882 1548 abbate,
2909 1482 3000 1554 qui
3045 1499 3065 1536 ι
3103 1497 3226 1538 cum
3256 1490 3402 1540 esset
3445 1482 3625 1539 adhuc
3682 1481 3853 1536 hic“!

565 1606 736 1654 ctetus
761 1596 1076 1652 clericorum
1090 1590 1427 1648 venerabilis.
1454 1590 1567 1644 Alia
1582 1601 1795 1659 quoque
1818 1582 2144 1640 venerabilia
2249 1576 2352 1646 (sic
2387 1577 2668 1648 legendum
2697 1591 2763 1633 ex
2785 1576 2911 1647 Ms.)
2946 1578 2998 1632 in
3029 1586 3185 1633 nocte
3211 1577 3294 1634 bis
3321 1585 3412 1638 aut
3438 1586 3521 1636 ter
3550 1576 3623 1634 de
3673 1585 3852 1632 strata

563 1703 870 1748 sanctorum
924 1691 977 1745 in
1031 1704 1194 1744 unum
1249 1683 1681 1742 conversantium
1739 1678 2043 1737 habitacula
2077 1675 2144 1732 ad

567 1786 843 1857 sexaginta
864 1826 878 1852 ,
903 1783 1004 1840 sub
1027 1796 1151 1838 cura
1183 1778 1449 1852 pontiﬁcis
1477 1778 1740 1848 degentia,
1773 1776 1828 1831 in
1853 1772 2149 1830 Viennensi

571 1876 792 1956 dimcesi
822 1875 952 1931 satis
983 1872 1349 1930 ordinabiliter
1375 1872 1474 1926 sita
1507 1881 1680 1926 crant.
1715 1869 1804 1926 Sic
1833 1879 1959 1923 tunc
1992 1876 2127 1922 tem-

2251 1685 2348 1726 suo
2375 1685 2725 1742 consurgens,
2757 1679 2914 1727 terrea
2936 1680 3236 1742 prostratus
3257 1673 3559 1734 oratiotmm
3585 1669 3856 1727 fundebat

2252 1764 2320 1820 ad
2365 1765 2678 1831 Dominum;
2726 1765 3001 1824 nesciebat
3048 1773 3254 1832 mm,
3297 1765 3392 1831 ait,
3431 1765 3559 1838 quid
3599 1775 3853 1831 caneret,

2254 1858 2374 1928 quia
2404 1859 2608 1916 litteras
2637 1859 2939 1930 ignorabat,
2979 1878 2999 1913 ι
3033 1859 3083 1915 id
3106 1868 3190 1919 est
3209 1860 3442 1930 linguam
3467 1859 3744 1916 Latinam.

569 1950 715 2048 poris
741 1968 807 2022 ad
828 1967 1053 2036 gloriam
1082 1965 1466 2035 omnipotentis
1495 1963 1589 2018 Dei
1613 1960 1928 2018 Viennensis
1963 1958 2143 2014 Eccie-
2172 1953 2221 2015 Β
2270 2043 2300 2048 μ
2320 1950 2405 2048 31l-
2427 1950 2718 2048 Iiedeosd
2746 1950 3063 2048 Caesarium,
3091 1952 3183 2048 qui
3214 1953 3281 2008 de
3305 1951 3553 2048 instituta
3579 1951 3858 2022 psallendi

571 2062 651 2117 sia
682 2061 927 2116 ﬂorebat.
965 2078 984 2112 ι
1018 2058 1098 2114 Ad
1130 2058 1244 2114 haec
1265 2072 1414 2112 sacra
1459 2057 1597 2122 loca,
1624 2071 1743 2126 quae,
1772 2055 1994 2110 Viennae
2041 2052 2149 2108 illis

572 2153 906 2224 temporibus
929 2162 1099 2217 erant,
1125 2152 1393 2221 pertinere
1418 2150 1627 2204 videtur
1647 2148 1786 2202 Aviti
1818 2143 2143 2202 sanctissimi

569 2246 684 2316 ejus
713 2245 945 2313 episcopi
998 2242 1352 2314 fragmentum
1385 2239 1455 2294 5:
1497 2258 1516 2291 ι
1556 2239 1828 2293 Noverunt
1884 2236 2151 2307 siquidem

573 2345 781 2406 sceptra
813 2334 988 2390 saeculi
1034 2334 1199 2388 nostri
1232 2335 1285 2388 in
1316 2347 1420 2402 quo
1444 2331 1512 2386 sit
1541 2331 1708 2384 virtus
1741 2328 1994 2397 temporis
2037 2327 2150 2390 sui;

570 2445 795 2502 quorum
832 2426 1332 2501 iuerpugnabiliter,
1357 2432 1499 2480 recte
1546 2432 1600 2477 ut
1660 2420 1998 2484 conﬁdimus,
2033 2420 2154 2490 plus

571 2525 685 2579 haec
705 2523 965 2590 basilicis,
989 2536 1150 2592 quam
1169 2519 1582 2590 propugnaculis
1606 2517 1733 2572 urbs
1757 2516 2014 2571 munitur.
2035 2514 2156 2569 Cin-

569 2620 711 2685 gitur
740 2613 973 2684 undique
995 2627 1268 2668 sacrarum
1295 2611 1489 2666 aedium
1517 2610 1776 2664 tutamine
1801 2608 1951 2664 dives
1973 2621 2155 2662 acces-

571 2722 701 2770 sus;
729 2717 783 2762 et
810 2706 877 2760 ad
907 2714 1200 2774 portarum,
1233 2702 1475 2772 quamvis
1513 2700 1831 2770 patentium,
1857 2697 2037 2753 limina
2072 2707 2154 2753 tu-

569 2801 728 2865 tiora,
763 2798 863 2853 nisi
895 2798 1094 2854 sanctis
1145 2797 1487 2866 janitoribus,
1522 2810 1625 2851 non
1660 2793 1886 2850 venitur.
1921 2791 2157 2848 Desistat

572 2891 698 2946 hinc
749 2891 906 2961 plane
953 2899 1081 2944 nutu
1127 2904 1359 2959 superno
1410 2902 1539 2942 usus
1584 2901 1872 2942 armorum.
1912 2904 1931 2937 ι
1968 2884 2024 2939 ln
2073 2883 2156 2938 his

574 2997 734 3051 porro
764 2983 964 3038 sanctis
993 2982 1127 3036 locis
1159 2979 1420 3051 psallendi
1453 2978 1612 3033 ritum
1628 2979 1859 3050 viguisse
1881 2977 2154 3047 colligitur

571 3089 634 3130 ex
661 3075 741 3129 his
773 3073 1053 3144 fragmenti
1077 3073 1108 3126 Ἰ
1143 3072 1319 3127 verbis
1349 3087 1363 3125 :
1401 3089 1419 3122 ‹
1449 3070 1615 3124 Gallia
1668 3076 1850 3124 nostra
1883 3067 2154 3123 ilorescat.

571 3167 725 3223 Orbis
779 3167 1048 3222 desideret
1097 3165 1238 3236 quod
1273 3165 1420 3220 locus
1466 3161 1687 3218 invexit.
1721 3160 2024 3231 lncipialur
2059 3162 2156 3214 ho-

571 3259 661 3313 die
707 3259 972 3315 exustioni
1020 3257 1290 3313 aeternitas
1316 3299 1330 3322 ,
1363 3255 1596 3325 dignitas
1649 3254 1871 3321 regioni.
1911 3253 2158 3306 Laudan-

2252 2043 2529 2114 disciplina
2559 2043 2720 2100 animi
2761 2047 2842 2099 sui
2877 2044 3114 2099 lmtitiam
3141 2045 3220 2100 sic
3261 2044 3488 2104 effundit
3516 2047 3569 2100 in
3591 2059 3860 2101 sermone

2252 2136 2357 2190 288
2387 2136 2692 2206 appendicis
2720 2151 2869 2192 novae
2910 2137 3348 2206 Augustiuianat:
3382 2136 3675 2206 Gaudium,
3710 2139 3860 2210 quod

2253 2228 2385 2285 mihi
2423 2230 2680 2286 Dominus
2727 2231 2794 2287 de
2840 2240 3018 2287 vestra
3061 2241 3245 2288 sancta
3272 2241 3330 2288 et
3363 2233 3510 2290 ﬁdeli
3556 2234 3862 2290 devotione

2255 2322 2541 2388 concessit,
2567 2321 2742 2382 verbis
2762 2340 2870 2380 non
2891 2335 3156 2389 prmvateo
3170 2323 3459 2396 explicare.
3482 2324 3679 2380 Plures
3701 2327 3855 2381 eilia

2255 2425 2408 2472 erant
2438 2416 2564 2470 anni
2591 2416 2728 2486 quod
2761 2431 2855 2485 pro
2884 2417 2985 2472 hac
3013 2432 3074 2474 re
3101 2419 3364 2473 aestuabat
3392 2418 3570 2473 anima
3611 2433 3767 2484 mea,
3798 2429 3858 2475 et

2257 2517 2364 2563 tota
2394 2509 2574 2564 cordis
2598 2509 2891 2565 intentione
2919 2509 3292 2572 desiderabam
3323 2519 3382 2565 ut
3400 2511 3554 2569 istam
3581 2510 3861 2580 psallendi

2256 2602 2693 2657 consuetudinem
2725 2601 2876 2656 vobis
2905 2604 3023 2672 pius
3053 2602 3312 2660 Dominus
3347 2604 3655 2674 inspiraret.
3698 2603 3860 2661 Unde

2259 2692 2520 2749 benedico
2547 2693 2828 2750 Dominum
2861 2710 3058 2762 meum,
3083 2704 3136 2752 et
3163 2703 3388 2766 quantas
3412 2710 3630 2767 possum
3648 2697 3861 2768 iugiter

2258 2788 2456 2860 gratias
2501 2803 2622 2857 ago,
2669 2789 2759 2858 qui
2807 2789 3052 2859 dignatus
3104 2799 3189 2846 est
3240 2791 3462 2860 implere
3511 2791 3859 2848 desiderium

2259 2899 2456 2940 meum.
2480 2884 2614 2938 Cum
2642 2885 2785 2940 enim
2818 2899 2913 2940 vos
2939 2900 3039 2955 ego
3066 2885 3138 2942 ita
3178 2885 3407 2955 psallere
3454 2887 3858 2954 desiderarem,

2259 2991 2366 3045 quo
2393 2975 2552 3031 modo
2572 2975 2629 3030 in
2657 2976 2772 3031 aliis
2799 2977 2986 3032 vicinis
3004 2978 3312 3033 civitatibus
3343 2979 3689 3048 psallebatur,
3731 2982 3861 3036 tali-

2261 3075 2343 3128 ter
2371 3068 2510 3123 Deus
2535 3069 2852 3138 praeparavit
2874 3070 3111 3125 animum
3141 3081 3400 3137 vestrum,
3434 3079 3491 3124 ut
3529 3070 3636 3125 hoc
3683 3071 3858 3126 etiam

2262 3163 2474 3228 melius,
2507 3163 2736 3218 Domino
2765 3163 3070 3233 adiuvante,
3101 3164 3434 3234 complestis.
3469 3182 3489 3216 ι
3525 3163 3605 3219 Ad
3653 3165 3779 3220 hac
3808 3167 3859 3222 ia

2262 3271 2509 3314 sermone
2529 3257 2630 3313 tto
2656 3274 2673 3313 :
2704 3276 2724 3310 ς
2757 3256 2824 3312 Et
2857 3257 2979 3314 ideo
3007 3272 3137 3327 rogo
3159 3273 3274 3326 vos,
3303 3259 3494 3314 fratres
3521 3259 3858 3324 charissimi,

575 3353 715 3408 tibus
760 3353 811 3406 in
842 3351 1093 3421 praesenti
1143 3349 1337 3405 saeculo
1386 3349 1575 3413 Deum,
1604 3346 1895 3402 laudaturis
1952 3345 2150 3415 pariter
2179 3340 2228 3406 C
2257 3352 2324 3408 ad
2346 3351 2564 3422 Vigilias
2586 3349 2873 3406 matutinas
2894 3351 3132 3421 surgite:
3157 3351 3224 3405 ad
3240 3351 3492 3418 Tertiam,
3516 3351 3583 3406 ad
3605 3352 3858 3420 Sextam,

573 3446 624 3500 in
675 3447 874 3512 futuro,
910 3454 1129 3500 renovet
1175 3444 1342 3515 magis
1390 3443 1767 3512 obitus,quam
1796 3439 2042 3494 terminet
2067 3453 2156 3494 ae-

574 3537 791 3607 tionem,
825 3557 842 3589 ι
871 3547 975 3592 etc.
1000 3537 1144 3598 Idem
1195 3537 1248 3591 in
1299 3533 1602 3604 fragmento
1629 3532 1682 3599 6,
1716 3534 1958 3589 meminit
1993 3532 2155 3604 403

576 3645 595 3678 ι
626 3628 777 3683 lectae
809 3627 1072 3697 passionis
1109 3645 1127 3678 ι
1161 3636 1470 3680 sanctorum
1517 3623 1915 3694 Agauuensium
1984 3623 2038 3678 in
2066 3638 2158 3678 eo-

575 3733 694 3772 rum
730 3717 1036 3784 festivitate,
1056 3716 1198 3788 quod
1220 3735 1238 3768 ι
1269 3732 1338 3771 ex
1366 3714 1768 3771 consuetudinis
1821 3714 2002 3770 debito
2038 3733 2056 3768 ι
2077 3712 2158 3769 fa-

582 3819 728 3865 ctum
761 3810 910 3865 dicit.

643 3901 735 3956 29.
768 3900 918 3966 Quod
971 3909 1157 3955 sancto
1208 3899 1506 3968 Trophimo
1547 3899 1941 3956 Arelatensium
1986 3901 2158 3970 primo

577 3991 1196 4062 episcOpotribuitvetus
1227 3999 1412 4044 auctor
1439 3989 1581 4059 apud
1612 3990 2020 4060 Spelmannum,
2050 4006 2156 4048 non

577 4091 713 4145 adeo
742 4090 1017 4159 antiquum
1041 4088 1250 4143 videtur
1305 4087 1626 4142 institutum.
1672 4087 1824 4157 Apud
1870 4085 2152 4144 Sidonium

578 4182 963 4253 Apollinarem,
995 4181 1047 4236 in
1078 4181 1169 4236 lib.
1204 4196 1276 4248 tv,
1305 4179 1531 4251 epistola
1564 4179 1648 4246 ll,
1679 4178 2010 4235 Claudianus
2040 4196 2156 4237 mo-

577 4274 802 4342 nachus,
829 4273 1067 4328 Mamerti
1101 4271 1418 4328 Viennensis
1438 4271 1675 4343 episcopi
1691 4286 1981 4344 germanus
2001 4281 2055 4328 et
2083 4270 2160 4326 vi-

579 4365 779 4443 carius,
811 4363 1073 4434 laudatur,
1097 4364 1238 4435 quod
1272 4363 1505 4434 psalmos
1537 4363 1901 4434 pracinuerit,
1937 4371 1992 4420 et
2043 4363 2153 4420 lec-

574 4457 754 4514 tiones
782 4473 870 4529 per
898 4473 1092 4513 annum
1123 4457 1472 4514 ordinaverit.

822 4570 1120 4628 Psalmorum
1142 4570 1219 4632 hic
1239 4569 1514 4632 modulator,
1532 4576 1585 4619 et
1609 4571 1899 4632 phonascus,

826 4633 951 4681 Ante
976 4632 1162 4694 altaria,
1185 4631 1336 4681 fratre
1355 4630 1657 4694 gratulante,

815 4694 1090 4751 instructas
1109 4693 1275 4744 docuit
1295 4706 1471 4743 sonare
1495 4693 1695 4743 classes.

820 4755 908 4818 llic
929 4756 1229 4807 solemnibus
1252 4757 1426 4818 annuis
1450 4756 1656 4818 paravit,

815 4817 937 4878 Quae
960 4827 1057 4881 quo
1081 4825 1304 4880 tempore
1317 4816 1460 4866 lecta
1474 4816 1811 4870 convenirent.

572 4923 875 4980 Secundum
898 4921 1272 4989 Claudiauum,
1297 4922 1462 4976 divini
1491 4923 1544 4977 in
1600 4923 1686 4977 illa
1717 4921 1963 4978 Ecclesia
1992 4922 2160 4979 ofﬁcii

578 5019 931 5090 atnpliﬁcator
955 5017 1258 5072 censendus
1289 5025 1368 5071 est
1397 5025 1609 5072 sanctus
1637 5015 1904 5076 Caesarius
1954 5020 2161 5087 episco-

577 5125 698 5183 pus,
720 5121 855 5167 teste
881 5110 1148 5181 Cypriano
1174 5111 1426 5182 episcopo
1451 5111 1732 5166 Tolonensi
1767 5111 1817 5165 in
1838 5111 1970 5166 libro
1989 5113 2160 5181 primo

575 5208 643 5263 de
668 5209 783 5277 ejus
808 5205 949 5261 Vita.
979 5203 1068 5260 Sic
1097 5206 1237 5261 enim
1269 5206 1461 5278 legitur
1483 5206 1713 5261 num.l()
1741 5223 1754 5262 :
1780 5224 1798 5257 ι
1839 5207 1913 5261 De
1945 5205 2152 5276 profec-

573 5297 714 5353 tibus
746 5297 922 5365 itaque
948 5303 1258 5352 cunctorum
1293 5296 1553 5352 sollicitus
1584 5307 1639 5352 et
1669 5297 1918 5364 providus
1969 5297 2158 5352 Pastor

574 5391 752 5444 statim
775 5389 1002 5443 instituit
1029 5397 1088 5443 ut
1115 5390 1355 5459 quotidie
1384 5387 1599 5457 Tertia,
1626 5389 1929 5459 Sextteque,
1969 5400 2024 5446 et
2049 5389 2152 5444 No-

574 5495 658 5535 nae
697 5494 830 5548 opus
873 5479 924 5534 in
954 5480 1119 5536 sancti
1144 5480 1396 5552 Stephani
1422 5481 1634 5534 basilica
1659 5480 1837 5536 clerici
1869 5497 1985 5535 cum
2012 5481 2164 5553 hym-

574 5574 656 5628 nis
679 5559 955 5628 cantarent
983 5593 997 5640 ;
1030 5573 1150 5628 utsi
1177 5573 1294 5644 quis
1337 5573 1472 5628 forte
1501 5572 1830 5628 saecularium
1865 5573 1945 5627 vel
1988 5577 2161 5644 poeni-

576 5666 796 5722 tentium
827 5676 1062 5722 sanctum
1094 5682 1228 5736 opus
1258 5664 1475 5732 exsequi
1532 5664 1786 5728 ambiret,
1820 5665 2021 5736 absque
2062 5683 2158 5723 ex-

575 5761 849 5815 cusatione
870 5762 1043 5830 aliqua
1071 5759 1377 5828 quotidiano
1403 5757 1662 5811 interesse
1694 5767 1874 5826 posset
1903 5757 2096 5814 ofﬁcio.
2137 5779 2154 5811 ›

575 5855 642 5908 Ει
662 5871 803 5908 nunt.
833 5852 1108 5921 sequenti:
1140 5871 1157 5902 ε
1191 5849 1398 5920 Adiecit
1427 5849 1585 5904 etiam
1614 5858 1773 5918 atque
1800 5851 2073 5920 compulit,
2109 5865 2164 5908 ut

575 5947 828 6000 laicorum
886 5943 1211 6012 popularitas
1262 5941 1496 5994 Psalmos
1541 5950 1594 5994 et
1640 5940 1864 6012 hymnos
1922 5956 2162 6012 pararet,

2262 3445 2328 3500 ad
2353 3443 2556 3500 Nonam
2585 3455 2710 3500 ante
2732 3444 2909 3498 omnia
2932 3445 3239 3500 convenite.
3272 3443 3458 3500 Nullus
3498 3458 3560 3500 se
3581 3459 3618 3498 a
3661 3457 3859 3501 nocte

2262 3552 2427 3608 opere
2469 3538 2769 3605 subtrahat,
2811 3537 2914 3592 nisi
2959 3552 3118 3607 quem
3168 3536 3471 3599 infirmitas,
3500 3545 3594 3592 aut
3640 3537 3857 3603 publica

2261 3630 2484 3699 utilitas,
2510 3639 2600 3684 aut
2627 3629 2765 3684 forte
2791 3639 2934 3686 certa
2966 3639 3018 3684 et
3042 3629 3260 3699 grandis
3287 3630 3580 3684 necessitas
3609 3628 3856 3685 tenueris

2261 3731 2598 3791 occupatum.
2627 3721 2737 3778 Nec
2757 3722 2927 3777 solum
2962 3721 3112 3774 vobis
3137 3719 3386 3786 sufﬁciat,
3415 3720 3556 3789 quod
3586 3721 3641 3775 in
3663 3721 3852 3775 eccle-

2261 3815 2339 3870 sia
2386 3815 2592 3871 divinas
2622 3815 2879 3870 lectiones
2908 3812 3135 3877 auditis;
3163 3813 3258 3868 sed
3284 3814 3444 3870 etiam
3491 3814 3548 3869 in
3597 3813 3853 3870 domibus

2263 3909 2458 3965 vestris
2486 3917 2578 3963 aut
2607 3908 2707 3977 ipsi
2734 3908 2915 3977 legite,
2945 3917 3038 3963 aut
3060 3907 3196 3963 alios
3222 3908 3460 3978 legentes
3483 3908 3763 3978 requirite,
3799 3917 3856 3964 es

2261 4001 2490 4057 libenter
2531 4001 2732 4056 audite.
2788 4019 2809 4056 ι
2862 4000 2938 4056 ita
2986 4000 3251 4058 Caesarius
3279 4001 3343 4056 ad
3395 4001 3558 4057 laicos
3606 4001 3856 4059 homines

2263 4092 2491 4148 civitatis
2540 4091 2865 4148 Arelatensis
2919 4108 2933 4144 :
2993 4093 3081 4162 qui
3141 4110 3161 4145 ε
3218 4091 3524 4162 frequenter
3571 4094 3740 4149 etiam
3784 4094 3854 4148 ad

2264 4184 2552 4240 Matutinus
2589 4193 2642 4238 et
2675 4182 3056 4240 Lucernarium
3095 4193 3315 4254 propter
3357 4185 3706 4242 advenientes
3759 4201 3851 4243 re-

2263 4274 2460 4330 citabat
2514 4275 2761 4331 homilias
2795 4316 2809 4341 ,
2871 4293 2891 4329 ι
2945 4291 3009 4332 ex
3061 4275 3328 4346 Cipt‘iano
3379 4275 3635 4347 episcopo
3689 4277 3855 4336 Tolo-

2262 4358 2416 4426 nensi
2467 4368 2522 4426 in
2569 4370 2689 4439 ejus
2728 4368 2846 4426 Vita
2871 4411 2887 4439 ,
2929 4385 3074 4427 num.
3126 4369 3196 4440 4,
3232 4389 3252 4424 ι
3289 4379 3348 4428 ut
3367 4371 3542 4429 nullus
3583 4384 3731 4430 esset
3761 4375 3853 4444 qui

2263 4475 2323 4516 se
2344 4463 2410 4518 de
2433 4462 2727 4532 ignorantia
2749 4473 3049 4520 excusaret.
3087 4485 3106 4520 ι
3139 4465 3194 4521 in
3225 4465 3308 4521 his
3336 4466 3534 4537 Vigiliis
3571 4469 3853 4524 matutinis

2264 4566 2368 4606 non
2415 4552 2583 4606 solum
2615 4552 2919 4623 Scripturas
2961 4569 3178 4626 sacras,
3243 4557 3337 4614 sed
3359 4559 3520 4614 etiam
3567 4561 3853 4629 passiones

2266 4643 2429 4718 ωδ
2461 4654 2753 4716 martyrum
2783 4648 2947 4705 lectas
2977 4648 3140 4706 fuisse
3165 4665 3231 4706 ex
3262 4651 3453 4708 eodem
3495 4651 3744 4709 Caesarie
3770 4656 3852 4711 in-

2185 4724 2245 4788 D
2267 4737 2552 4808 telligimus
2579 4737 2632 4794 in
2666 4754 2914 4806 sermone
2941 4741 3048 4797 500
3075 4745 3555 4814 appendicisaovae
3595 4747 3854 4820 Angusti-

2267 4831 2441 4892 niana:
2476 4848 2488 4890 :
2527 4850 2546 4884 ‹
2581 4834 2719 4888 Ante
2745 4833 2947 4903 aliquot
2972 4834 3086 4890 dies
3114 4846 3334 4906 propter
3367 4852 3486 4905 eos,
3523 4841 3617 4909 qui
3645 4851 3739 4896 aut
3766 4856 3853 4912 ps-

2269 4923 2364 4978 des
2384 4922 2586 4992 dolent,
2613 4936 2702 4988 aut
2727 4926 2901 4997 aliqua
2921 4926 3164 4998 corporis
3202 4929 3563 5001 inaequalitate
3583 4934 3849 4998 laborant,

2267 5026 2484 5088 paterna
2517 5019 2713 5089 pietate
2739 5021 3004 5080 sollicitus
3021 5023 3300 5080 c’onsilium
3347 5025 3491 5093 dedi,
3523 5036 3578 5083 et
3619 5030 3850 5097 quodam

2272 5110 2430 5164 modo
2459 5112 2773 5181 supplicavi,
2807 5121 2865 5176 ut
2889 5114 3102 5183 quando
3143 5126 3234 5172 aut
3281 5119 3556 5186 passiones
3608 5121 3849 5189 prolixae,

2268 5208 2360 5264 aut
2377 5210 2520 5256 certe
2535 5203 2725 5271 aliqua:
2742 5203 2998 5264 lectiones
3017 5205 3286 5277 longiores
3303 5209 3571 5279 leguntur,
3591 5210 3688 5280 qui
3709 5220 3854 5267 stara

2268 5308 2372 5348 non
2419 5304 2677 5364 possunt,
2732 5297 3002 5366 humiliter
3053 5309 3106 5358 et
3152 5315 3274 5356 cum
3318 5301 3533 5358 silentio
3561 5304 3849 5373 ardentm,

2267 5383 2481 5437 attentis
2509 5385 2726 5442 auribus
2753 5388 2970 5452 audiant
2991 5405 3111 5459 quae
3133 5391 3561 5462 legunturJ'Nunc
3586 5409 3720 5451 vero
3749 5396 3850 5452 alio

2267 5491 2387 5548 quae
2416 5477 2482 5532 de
2510 5478 2714 5536 ﬁliabus
2744 5485 2940 5540 nostris
2963 5494 3173 5553 putant,
3203 5486 3346 5556 quod
3375 5486 3477 5544 hoc
3501 5497 3597 5543 aut
3631 5501 3848 5556 omnes,

2269 5580 2361 5626 aut
2380 5580 2525 5628 certe
2555 5573 2736 5642 plures
2767 5589 2885 5644 qua:
2909 5589 3054 5632 sanae
3083 5587 3206 5634 sunt
3252 5593 3502 5649 corpore,
3542 5579 3849 5650 frequenter

2269 5663 2467 5719 debent
2493 5664 2690 5722 facere.
2710 5666 2840 5722 Nam
2870 5666 2957 5726 ubi
2989 5669 3208 5726 verbum
3240 5669 3340 5726 Dei
3364 5670 3590 5741 coeperit
3611 5671 3846 5736 recitari,

2272 5755 2424 5823 quasi
2453 5752 2505 5808 itt
2536 5754 2743 5809 lectulis
2765 5754 2898 5822 suis,
2922 5756 2993 5810 ita
3018 5758 3202 5827 jacere
3228 5759 3430 5824 volunt,
3463 5776 3483 5812 ι
3521 5769 3631 5815 etc.

2343 5847 2433 5904 51.
2464 5845 2540 5901 Ex
2572 5847 2653 5903 his
2695 5850 3015 5919 colligimus,
3039 5851 3214 5920 primo
3244 5853 3574 5920 publicarum
3627 5867 3840 5921 precum

2277 5941 2661 5997 institutionem
2710 5958 2812 5996 non
2865 5947 3039 6001 minus
3089 5948 3142 6000 in
3200 5949 3423 6016 gratiam
3466 5948 3645 6018 populi
3693 5961 3842 6018 quam
