4060 6346
179 426 286 484 597

1171 423 1260 483 DE
1296 423 1522 482 CURSU
1563 420 1973 490 GALLICANO
2014 422 2448 492 DlSQUlSlTlO.

3350 425 3456 480 398

176 545 310 602 cieri
338 540 530 600 factam
562 544 742 604 fuisse.
768 543 967 604 Deinde
988 545 1276 602 lectionum
1307 556 1548 617 tempore
1576 545 1762 599 ﬁdeles
1791 542 1846 603 A
1870 543 2111 598 chalibus
2134 543 2474 613 praecipiunt,
2497 543 2731 614 itemque
2756 558 2853 613 pro
2900 541 3127 612 singulis
3165 541 3459 603 Dominicis

178 639 395 692 sretisse
422 635 476 690 in
510 636 691 708 pedes,
716 639 954 708 exceptis
983 638 1236 694 infirmis.
1265 637 1345 692 Ad
1395 639 1512 692 haec
1569 637 1766 691 nullam

177 728 271 786 hic
298 730 363 786 de
390 729 582 787 Primae
612 731 789 787 officio
810 730 926 787 fieri
955 733 1302 800 mentionem,
1327 732 1465 787 sicut
1486 747 1582 788 nec
1609 732 1770 786 etiam

175 822 236 879 in
285 822 660 881 constitutione
704 823 948 894 lnjuriosi
991 825 1228 896 episcopi
1272 826 1647 892 Turonensis,
1699 822 1768 879 de

175 930 285 987 qua
332 914 567 972 inferius.
605 914 882 972 Postremo
931 914 1070 972 hanc
1117 916 1379 986 psallendi
1425 931 1668 972 normam
1712 916 1765 972 in

176 1006 370 1064 vicinis
395 1004 672 1074 Ecclesiis,
705 1015 989 1080 antequam
1031 1009 1084 1066 in
1107 1009 1435 1076 Arelatensi,
1467 1010 1630 1066 fuisse
1689 1011 1771 1064 in-

174 1099 438 1156 stitutam.

251 1194 342 1251 32.
372 1193 487 1251 Non
518 1193 742 1252 multum
767 1194 932 1251 distat
975 1195 1190 1253 Arelate
1217 1194 1448 1252 Massilia
1467 1237 1482 1262 ,
1509 1195 1605 1252 ubi
1653 1210 1770 1252 me-

177 1290 272 1346 dio
295 1289 490 1346 saeculo
518 1306 550 1344 v
573 1299 819 1346 versatus
841 1301 921 1346 est
941 1288 1250 1346 Cassianus.
1283 1290 1334 1346 ls
1361 1291 1571 1346 duobus
1609 1290 1666 1346 in
1695 1290 1774 1346 lo-

179 1383 256 1438 cis
282 1399 470 1440 cursus
515 1381 774 1440 Gallicani
818 1385 1087 1454 meminit,
1115 1393 1171 1441 et
1227 1384 1400 1454 primo
1446 1384 1663 1457 quidem
1713 1385 1766 1439 in

179 1475 274 1531 lib.
304 1491 340 1530 n
388 1474 808 1542 lnstitutionum,
837 1474 1017 1547 cap.8
1044 1494 1056 1528 :
1086 1493 1106 1530 ι
1145 1476 1278 1532 illud
1330 1478 1491 1532 etiam
1531 1476 1674 1547 quod
1718 1474 1772 1534 in

181 1565 282 1622 bac
310 1567 580 1637 provincia
613 1566 865 1634 vidimus,
894 1576 953 1624 ut
982 1583 1090 1623 uno
1117 1576 1391 1636 cantante,
1417 1569 1470 1624 in
1529 1569 1772 1626 clausula

179 1661 378 1731 psalmi
395 1675 578 1716 omnes
602 1659 877 1718 adstantes
907 1662 1190 1718 concinant
1219 1676 1340 1717 cum
1362 1663 1620 1730 clamore,
1648 1662 1775 1716 Glo-

177 1755 262 1809 ria
292 1751 439 1808 Patri
461 1761 506 1808 et
536 1752 674 1808 Filio
698 1762 745 1808 et
777 1753 996 1824 Spiritui
1026 1764 1227 1821 sancto,
1249 1770 1514 1826 nusquam
1531 1770 1627 1825 per
1652 1771 1773 1811 om-

179 1860 302 1901 nem
333 1845 603 1902 Orientem
628 1843 951 1913 audivimus,
975 1845 1069 1900 sed
1100 1861 1221 1901 cum
1276 1845 1521 1902 omnium
1554 1847 1772 1904 silentio

1872 643 1927 688 et
1956 634 2246 705 majoribus
2277 633 2675 690 festivitatibus.
2705 632 2788 689 Ab
2813 633 3004 688 eodem
3033 632 3272 690 Caesarie
3325 649 3457 690 con-

1872 732 1963 786 diti
2011 742 2134 788 sunt
2171 747 2408 789 canones
2434 731 2645 788 concilii
2679 747 2712 787 n
2746 730 3019 796 Vasensis,
3043 729 3196 799 cujus
3244 744 3454 786 canone

1871 825 1906 880 5
1935 824 2204 892 statuitur,
2238 834 2294 880 ut
2321 824 2483 897 Kyrie
2512 825 2718 882 eleison
2746 824 2814 878 ad
2836 822 3138 893 Matutinos,
3166 833 3212 880 et
3233 823 3300 878 ad
3331 823 3458 878 mis-

1872 935 1977 986 sas,
2010 928 2056 974 et
2079 921 2148 976 ad
2183 918 2463 992 Vesperam
2516 920 2885 990 [requentetun
2916 918 3049 983 Eam
3098 917 3168 974 ob
3198 931 3312 974 rem
3341 917 3453 972 Au-

1872 1011 2059 1066 reliani
2088 1011 2268 1082 regula
2299 1010 2351 1066 id
2374 1010 2662 1082 aliquando
2687 1020 2792 1079 ter,
2811 1009 3099 1082 aliquando
3120 1011 3283 1066 etiam
3315 1008 3455 1085 duo-

1873 1103 2052 1160 decies
2081 1105 2255 1176 repeti
2278 1104 2450 1177 jubet.
2487 1105 2740 1175 Ejusdem
2767 1105 2982 1162 concilii
3007 1120 3183 1164 canon
3209 1105 3242 1160 5
3267 1107 3458 1162 decer-

1873 1198 1974 1264 nit,
2005 1197 2072 1251 Ut
2120 1198 2171 1252 in
2199 1198 2432 1254 omnibus
2479 1198 2728 1254 clausulis
2773 1199 3090 1270 psalmorum
3130 1209 3244 1268 post
3273 1196 3456 1255 Gloria

1875 1289 2076 1343 dicatur
2116 1288 2268 1346 Sicut
2298 1296 2419 1345 erat
2475 1290 2528 1346 in
2570 1290 2818 1346 universis
2861 1288 2980 1361 ejus
3021 1289 3314 1362 provincia:
3367 1304 3457 1345 ec-

1875 1384 2062 1440 etesiis.

1947 1477 2036 1531 55.
2061 1476 2262 1532 Praeter
2281 1490 2346 1534 ea
2373 1475 2660 1534 Ferreolus
2686 1477 2985 1535 Ucetiensis
3011 1477 3254 1540 antistes.
3283 1475 3340 1533 in
3368 1489 3459 1533 re-

1874 1569 2012 1641 gulte
2035 1583 2150 1626 suae
2169 1585 2289 1639 cap.
2326 1568 2430 1624 18:
2467 1588 2486 1623 t
2524 1569 2684 1626 Gesta
2713 1579 3032 1641 martyrum,
3061 1569 3258 1641 inquit,
3297 1569 3352 1624 id
3379 1576 3464 1623 est

1875 1663 2151 1733 passiones
2171 1670 2479 1724 sanctorum
2508 1662 2765 1726 fidelium.
2795 1679 2915 1733 quae
2936 1664 3286 1734 quorumdam
3314 1677 3465 1718 cutu-

1875 1758 2123 1828 paginata
2167 1755 2347 1812 studio
2372 1766 2427 1812 et
2476 1771 2728 1812 sermone
2782 1757 2990 1828 digesta
3046 1765 3190 1824 sunt,
3224 1767 3465 1827 tempore

1876 1863 1982 1918 quo
2009 1848 2165 1904 nobis
2193 1848 2336 1904 diem
2365 1848 2700 1919 migrationis
2731 1864 2920 1906 eorum
2950 1849 3077 1906 anni
3105 1858 3245 1907 meta
3274 1865 3465 1907 cursus

179 1936 246 1992 ab
273 1949 338 1990 eo
394 1936 483 2007 qui
540 1944 739 2002 cantat,
768 1935 918 1991 finito
969 1936 1174 2006 psalmo
1198 1977 1214 2004 ,
1248 1936 1545 1992 orationem
1578 1951 1772 1995 succe-
1806 1941 1848 2003 Β
1874 1941 1956 1997 sui
2003 1940 2209 2012 legibus
2245 1950 2617 2012 repraesentat,
2669 1943 2944 2000 recenseri
2975 1943 3028 2000 in
3086 1943 3320 2000 oratorio
3371 1957 3467 1998 au—

179 2029 344 2098 dere;
373 2029 472 2086 hac
501 2044 629 2090 vero
658 2029 1050 2100 glorificatione
1078 2029 1361 2087 Trinitatis
1385 2033 1755 2088 tantummodo

180 2123 355 2179 solere
381 2124 704 2193 antiphonas
728 2125 1023 2194 terminari,
1063 2144 1082 2178 ι
1115 2125 1168 2181 id
1201 2136 1305 2190 est,
1338 2126 1385 2182 si
1415 2127 1553 2184 bene
1605 2129 1772 2185 inter-

181 2227 381 2287 pretor,
413 2228 627 2274 cantum
657 2220 946 2275 alternum.
973 2219 1106 2276 Nam
1154 2221 1297 2276 hunc
1323 2221 1630 2290 antiphonre
1676 2237 1776 2278 no-

181 2311 326 2367 mine
352 2311 488 2378 apnd
512 2312 844 2380 antiquiores
867 2322 1114 2368 auctores
1137 2313 1360 2382 intelligi
1397 2313 1562 2386 5.06
1610 2329 1773 2385 supe-

183 2401 303 2457 rius
350 2400 601 2457 vidimus.
629 2403 778 2458 Alter
834 2403 982 2458 locus
1012 2412 1096 2458 est
1125 2404 1176 2458 in
1201 2404 1294 2458 lib.
1319 2406 1397 2470 in,
1429 2419 1547 2473 cap.
1593 2404 1647 2471 4,
1675 2404 1765 2460 ubi

184 2492 296 2550 duo
324 2507 420 2560 nos
450 2494 604 2550 docet
645 2492 946 2552 Cassianus.
1003 2496 1264 2558 Primum.
1315 2499 1628 2552 matutinam
1681 2511 1771 2552 so—

181 2586 533 2653 lemnitatem,
559 2588 612 2644 id
639 2597 720 2645 est
749 2588 976 2655 Laudes,
1008 2607 1026 2642 ι
1055 2591 1286 2659 expletis
1319 2591 1594 2646 nocturnis
1626 2591 1767 2660 psal-

181 2682 290 2738 mis
317 2691 371 2737 et
399 2681 755 2748 orationibus,
791 2692 909 2752 post
935 2682 1200 2738 modicum
1231 2685 1488 2755 temporis
1519 2683 1777 2740 interval-

184 2771 316 2835 lum,
357 2791 376 2823 ι
406 2771 458 2825 in
488 2771 672 2827 Gallia:
689 2773 1030 2827 monasteriis
1061 2772 1225 2827 fuisse
1249 2774 1600 2829 celebratam.
1621 2774 1774 2842 Quod

184 2864 345 2920 etiam
375 2867 428 2919 in
452 2864 631 2934 regula
658 2879 751 2918 sua
784 2865 1027 2934 praecipit
1052 2874 1270 2920 sanctus
1303 2865 1662 2933 Benedictus;
1694 2876 1775 2920 at-

188 2974 292 3030 que
313 2958 379 3013 de
409 2958 728 3013 Emeritensi
764 2957 1003 3013 Ecclesia
1034 2957 1226 3014 hiemis
1259 2966 1502 3028 tempore
1541 2958 1594 3013 in
1626 2973 1776 3015 more

189 3052 358 3108 fuisse
380 3050 542 3104 tradit
561 3050 756 3105 Paulus
781 3050 1046 3104 Diaconus
1069 3051 1122 3106 in
1145 3049 1236 3105 lib.
1263 3050 1330 3106 de
1352 3050 1597 3106 Patribus
1622 3053 1779 3106 Eme-

189 3149 500 3216 ritensibus,
527 3164 646 3217 cap.
681 3149 733 3204 1.
765 3147 1069 3204 Secundum
1126 3157 1230 3214 est,
1260 3147 1482 3203 alteram
1513 3166 1531 3199 (
1566 3147 1782 3204 matuti-

191 3256 316 3296 nam
367 3241 758 3298 solemnitatem
793 3282 808 3306 ,
868 3260 887 3294 ›
947 3240 1086 3312 quod
1147 3239 1338 3295 Primae
1400 3240 1636 3295 officium
1676 3249 1777 3308 est,

1877 2031 2144 2087 dientibus
2173 2030 2382 2087 cunctis
2411 2031 2632 2087 omnino
2675 2032 3037 2090 decernimus.
3076 2053 3096 2090 ι
3125 2033 3276 2103 Quod
3299 2035 3469 2091 etiam

1876 2123 1944 2192 de
1974 2123 2264 2180 Viennensi
2293 2132 2348 2179 et
2373 2124 2676 2180 Arelatensi
2705 2122 2967 2181 Ecclesiis
2994 2127 3243 2195 superius
3271 2127 3460 2182 obser-

1876 2217 2136 2276 vavimus.
2173 2217 2413 2288 Denique
2463 2216 2696 2274 Faustus
2743 2232 2808 2273 ex
2867 2217 3133 2273 monacho
3186 2218 3470 2274 Lerinensi

1875 2311 2161 2381 episcopus
2208 2309 2510 2380 Regiensis,
2543 2319 2682 2366 teste
2711 2310 2935 2366 Sidonio
2961 2311 3013 2365 in
3072 2309 3166 2365 lib.
3199 2325 3273 2376 tx,
3306 2309 3467 2380 epist.

1875 2406 1932 2474 ὅ,
1963 2405 2062 2460 fuit
2089 2424 2109 2459 ι
2129 2421 2348 2478 precum
2380 2407 2588 2475 peritus
2607 2404 2999 2471 insulanarum,
3019 2418 3151 2472 quas
3197 2405 3263 2458 de
3300 2403 3466 2470 palte—

1877 2509 1988 2555 stra
2029 2497 2327 2556 eremitidis
2356 2506 2410 2554 et
2433 2497 2501 2552 de
2531 2506 2720 2554 senatu
2751 2495 3124 2552 Lerinensium
3167 2495 3459 2550 cellulano-

1877 2610 2016 2660 rum,
2049 2597 2105 2649 in
2157 2593 2346 2649 urbem
2385 2606 2600 2664 quoque
2643 2590 2844 2663 (suam)
2887 2590 3179 2655 transtulit,
3213 2589 3347 2644 nihil
3393 2588 3464 2645 ab

1877 2689 2069 2747 abbate
2096 2696 2330 2744 mutatus
2387 2703 2480 2758 per
2524 2687 2879 2743 sacerdotem.
2917 2706 2936 2739 ι
2971 2685 3064 2740 His
3093 2686 3345 2742 omnibus
3370 2684 3468 2741 ad-

1877 2781 2101 2852 iungere
2134 2796 2228 2848 par
2257 2788 2342 2836 est
2359 2779 2689 2849 metropoles
2736 2777 3164 2844 Narbonensem,
3187 2777 3462 2847 Burdega-

1883 2874 2110 2941 lensem,
2140 2882 2199 2930 et
2252 2873 2664 2940 Bituricensem,
2700 2887 2926 2942 quarum
2958 2871 3197 2942 episcopi
3250 2872 3303 2925 in
3334 2884 3470 2925 con-

1880 2968 2005 3023 cilio
2035 2967 2328 3038 Agatbensi
2355 2967 2484 3023 anni
2510 2966 2641 3034 506,
2665 2981 2873 3022 canone
2913 2966 2984 3022 ὅθ
3004 3007 3020 3033 ,
3052 2965 3385 3029 sancierunt,
3409 2971 3472 3020 ut

1881 3063 2022 3119 idem
2056 3062 2188 3117 ordo
2212 3063 2265 3116 in
2286 3061 2481 3116 divinis
2504 3059 2695 3116 ofﬁciis
2721 3060 2917 3129 ubique
2943 3066 3272 3121 servaretur,
3307 3069 3467 3125 quem

1883 3174 2145 3216 canonem
2178 3160 2445 3230 integrum
2484 3159 2539 3214 in
2563 3157 3020 3227 consequentibus
3049 3156 3364 3211 referemus.
3389 3150 3474 3208 Ad

1887 3253 2001 3306 haec
2032 3252 2321 3321 Gregorius
2346 3252 2397 3306 in
2425 3251 2676 3307 Historia:
2699 3251 2794 3307 lib.
2814 3266 2853 3316 ι,
2876 3265 2996 3319 cap.
3019 3247 3112 3315 29,
3146 3246 3310 3302 tradit
3331 3243 3474 3314 apud

198 3354 216 3388 ι
257 3335 312 3389 in
341 3333 577 3388 occiduis
609 3333 689 3387 vel
733 3333 966 3388 maxime
1022 3333 1329 3404 regionibus
1360 3351 1378 3384 r
1412 3332 1774 3387 observatam.
1810 3329 1857 3396 ο
1885 3346 2174 3418 Biturigas,
2202 3345 2365 3417 ωε
2391 3360 2422 3400 a
2456 3346 2642 3415 primis
2673 3353 2909 3414 accepta,
2962 3343 3086 3397 ﬁdei
3117 3339 3470 3410 temporibus,

193 3429 265 3485 Et
313 3437 491 3484 tamen
535 3428 800 3484 Caesarius
829 3469 843 3492 ,
876 3437 934 3482 ut
990 3426 1148 3481 modo
1201 3427 1431 3482 vidimus
1460 3467 1474 3491 ,
1530 3423 1785 3481 Cassiano

196 3521 420 3577 inferior
471 3533 668 3589 :etate,
722 3523 924 3578 nullam
982 3523 1172 3578 Primre
1225 3522 1350 3577 facit
1406 3522 1784 3588 mentionem;

197 3615 293 3670 sed
329 3624 506 3671 tamen
560 3616 612 3674 in
660 3615 956 3688 appendice
1006 3615 1206 3686 regulae
1263 3631 1376 3671 suae
1426 3629 1544 3672 eam
1594 3614 1782 3670 diebus

200 3707 494 3765 Dominicis
515 3723 577 3764 ae
605 3709 757 3766 festis
786 3708 1106 3780 praescribit,
1142 3717 1198 3762 ut
1224 3717 1407 3778 postea
1457 3707 1783 3762 videbimus.

265 3804 475 3860 53.Non
492 3804 989 3874 praetermittendns
1004 3803 1104 3859 hoc
1116 3804 1234 3858 loco
1246 3804 1477 3867 Museus,
1491 3802 1673 3874 seu(ut
1683 3816 1792 3871 per-

203 3907 444 3955 vetustus
457 3898 638 3956 Codex
657 3899 891 3973 praefert)
909 3899 1232 3970 Maseus,qui
1251 3918 1270 3952 ‹
1292 3899 1506 3956 hortatu
1521 3895 1794 3954 sanetiVe-

207 3999 344 4054 nerii
379 3999 612 4069 episcopi
639 3997 1032 4070 (Massiliensis)
1056 3998 1326 4069 excerpsit
1345 4012 1410 4054 ex
1426 3996 1628 4052 sanctis
1656 3995 1796 4050 Scri-

202 4094 376 4166 pturis
407 4095 683 4164 lectiones,
708 4095 868 4151 totius
895 4094 1020 4150 anni
1043 4092 1246 4150 festivis
1266 4104 1418 4163 aptas
1441 4090 1650 4155 diebus,
1677 4104 1794 4145 res-

210 4190 469 4260 ponsoria
518 4190 677 4245 etiam
727 4199 780 4245 et
808 4188 1137 4259 psalmorum
1167 4185 1402 4255 capitula
1462 4183 1793 4252 temporibus

202 4291 262 4338 et
283 4281 602 4340 lectionibus
647 4280 1018 4352 congruentia.
1041 4279 1192 4345 Quod
1218 4290 1352 4346 opus
1403 4285 1508 4330 tam
1541 4286 1792 4330 necessa-

202 4377 346 4432 rium
374 4389 404 4430 a
433 4376 635 4431 lectore
676 4376 728 4430 in
770 4372 1011 4429 Ecclesia
1056 4369 1458 4440 comprobatur,
1492 4376 1551 4421 ut
1574 4363 1795 4436 expedi-

206 4478 319 4526 tum
352 4477 403 4523 et
426 4467 837 4525 sollicitudinem
864 4465 1040 4531 tollat,
1064 4472 1120 4519 et
1150 4476 1354 4518 moram
1380 4480 1395 4527 ;
1423 4459 1666 4530 plebique
1713 4457 1796 4512 in-

199 4568 352 4631 gerat
397 4560 708 4624 scientiam,
738 4565 793 4613 et
846 4556 1145 4613 celebritati
1185 4553 1458 4609 decorem.
1522 4569 1539 4603 ι
1571 4549 1698 4603 Haec
1727 4563 1791 4603 ex

201 4655 471 4712 Gennadii
497 4669 616 4724 cap.
643 4653 733 4720 79,
769 4653 859 4710 ubi
880 4651 1106 4708 observa
1135 4650 1397 4706 lectiones
1427 4645 1494 4702 ad
1536 4647 1652 4702 dies
1673 4654 1793 4700 tan-

199 4758 318 4805 tum
347 4748 568 4804 festivos
597 4745 889 4817 designari,
917 4760 1022 4800 non
1046 4742 1112 4798 ad
1137 4742 1371 4798 feriales.

277 4844 369 4898 3i.
391 4840 505 4908 Qua
532 4842 736 4897 ratione
757 4838 1002 4895 ordinata
1020 4836 1220 4892 fuerint
1245 4833 1491 4890 Massiliae
1510 4830 1694 4888 divina
1717 4830 1791 4884 of-

197 4938 478 5004 ﬁcia,non
529 4936 734 5007 liquet;
790 4944 845 4989 at
873 4934 941 4990 de
971 4932 1272 4989 Arelatensi
1325 4929 1431 4985 ritu
1480 4926 1791 4998 conjectare

197 5045 489 5101 possumus
517 5043 584 5084 ex
615 5027 813 5099 regulis
839 5025 1064 5082 Casarii
1091 5032 1145 5080 et
1171 5023 1464 5088 Aureliani,
1491 5020 1581 5090 qui
1634 5020 1791 5090 longe

197 5121 472 5179 diversum
512 5135 543 5176 a
569 5119 913 5191 Lugdunensi
946 5119 1163 5174 modum
1205 5115 1578 5186 praescribunt.
1614 5112 1787 5168 Ambo

196 5229 336 5272 vero
359 5214 494 5270 duos
517 5221 720 5270 tantum
759 5222 1050 5269 nocturnos
1099 5209 1294 5280 passim
1336 5210 1390 5264 in
1419 5207 1626 5280 Vigiliis
1655 5219 1788 5261 noc-

198 5307 379 5363 turnis
407 5306 702 5376 assignant,
723 5313 778 5362 et
804 5305 1061 5361 lectiones
1105 5311 1331 5372 uterque
1383 5303 1578 5358 missas
1609 5299 1790 5369 appel-

196 5398 337 5452 lant.
380 5396 446 5452 Et
471 5397 571 5452 tria
611 5395 824 5467 quidem
881 5393 1008 5449 folia
1036 5392 1100 5448 ad
1147 5407 1576 5461 unamquamque
1621 5391 1792 5459 exigit

196 5491 506 5558 Caesarius;
534 5499 643 5548 tres
666 5499 758 5547 aut
785 5499 1015 5559 quatuor
1037 5489 1274 5558 paginas,
1304 5501 1400 5557 pro
1450 5501 1701 5542 mensura
1731 5485 1794 5539 li-

196 5585 308 5651 bri,
339 5583 680 5648 Aurelianus,
706 5581 866 5654 407
894 5583 984 5652 qui
1039 5581 1300 5637 lectiones
1343 5579 1410 5634 de
1451 5576 1794 5648 passionibns

200 5685 503 5748 martyrum
565 5677 616 5731 in
643 5690 827 5732 eorum
868 5673 1017 5730 festis
1069 5672 1397 5744 praescribit.
1423 5679 1478 5726 ut
1537 5672 1795 5738 permittit

201 5771 423 5824 tertium
438 5769 722 5825 concilium
744 5769 1181 5839 Carthaginense.
1203 5767 1282 5822 Ad
1309 5766 1425 5822 haec
1443 5761 1708 5818 Caesarius
1737 5771 1792 5819 et

205 5861 535 5918 Aurelianus
577 5862 632 5916 in
679 5860 951 5917 matutinis
975 5859 1250 5915 Laudibus
1281 5858 1546 5913 canticum
1583 5855 1790 5926 Magni-

199 5957 327 6032 ﬂeat
357 5963 412 6012 et
460 5956 718 6027 hymnum
745 5950 926 6011 Gloria
971 5954 1022 6008 in
1053 5951 1264 6008 excelsis
1319 5963 1416 6020 pro
1449 5951 1634 6006 diebus
1671 5963 1791 6018 pas-

1887 3439 2118 3494 clericos
2148 3438 2424 3493 ordinatos
2445 3436 2637 3503 fuisse,
2677 3438 2766 3506 qui
2802 3455 2822 3488 t
2875 3436 3037 3492 ritum
3071 3433 3331 3511 psallendi
3360 3444 3479 3486 sus-

1888 3541 2167 3603 ceperunt.
2206 3549 2225 3583 ι

1963 3622 2051 3678 56.
2088 3623 2212 3678 Haec
2242 3623 2356 3678 fere
2385 3631 2510 3676 sunt
2533 3635 2654 3692 quae
2677 3621 2743 3676 de
2765 3616 3127 3690 Lugdunensi,
3163 3615 3471 3683 Viennensi,

1891 3716 2213 3783 Arelatensi,
2239 3715 2464 3784 aliisque
2480 3715 2670 3768 vicinis
2690 3713 2934 3769 ecclesiis
2966 3712 3118 3767 nobis
3143 3711 3479 3766 observanda

1892 3816 2245 3865 occurrerunt
2277 3823 2290 3862 :
2322 3823 2385 3863 ex
2417 3807 2614 3876 quibus
2657 3805 3028 3876 intelligimus,
3059 3803 3235 3872 primo
3263 3802 3477 3873 quidem

1893 3905 2128 3973 psalmos
2157 3902 2226 3957 ab
2255 3917 2362 3957 uno
2411 3902 2612 3956 lectore
2666 3899 2953 3968 aliquando
2982 3897 3150 3953 fuisse
3201 3896 3475 3962 recitatos,

1893 4005 2124 4051 testante
2171 3995 2446 4060 Cassiano,
2503 4002 2556 4048 et
2598 4000 2717 4063 post
2746 3992 2906 4047 tinem
2952 3991 3284 4061 singulorum
3312 3989 3478 4042 versi-

1893 4093 2134 4147 culorum
2164 4088 2344 4144 Gloria
2368 4087 2520 4142 Patri
2557 4087 2625 4143 ab
2672 4087 2921 4141 omnibus
2941 4092 3248 4147 cantatum;
3283 4079 3479 4137 deinde

1893 4199 2020 4240 vero
2047 4198 2163 4239 eam
2199 4181 2510 4252 psalmodiae
2531 4179 2867 4249 disciplinam
2891 4176 3240 4243 successisse,
3276 4183 3333 4230 ut
3361 4188 3477 4230 om-

1895 4292 1991 4332 nes
2017 4284 2294 4340 canerent,
2325 4272 2468 4345 quod
2494 4271 2764 4327 Caesarius
2794 4272 3010 4326 Arelate
3054 4269 3351 4324 vicinarum
3380 4268 3481 4324 Ee-

1895 4366 2178 4423 clesiarum
2208 4364 2458 4436 exemplo
2485 4363 2736 4420 instituit.
2768 4359 2920 4418 Nune
2948 4361 3015 4418 ad
3050 4361 3182 4418 alias
3207 4361 3481 4418 Ecclesiae

1895 4461 2317 4532 progrediamur.
2609 4530 2638 4601 ὁ
2679 4528 2744 4585 ω

1899 4647 1978 4704 De
2005 4647 2199 4718 origine
2253 4656 2297 4699 et
2351 4643 2716 4718 propagatione
2756 4641 3048 4696 diuinorum
3098 4639 3390 4718 officiorum
3430 4641 3483 4695 in

1817 4717 1872 4781 Ὠ
1965 4712 2297 4789 Lugdunensi
2323 4712 2569 4781 secunda,
2594 4715 2764 4781 tertia,
2789 4722 2837 4767 et
2865 4721 3053 4781 quarta
3071 4750 3087 4776 ,
3116 4720 3161 4765 et
3187 4712 3242 4765 in
3267 4719 3484 4776 utraque

1971 4789 2196 4862 Belgica.

1969 4906 2058 4961 57.
2115 4899 2432 4958 Psalmodiae
2477 4896 2850 4966 antiquitatem
2884 4893 2938 4952 in
2993 4893 3228 4950 secunda
3259 4893 3481 4966 Lugdu-

1899 4996 2078 5065 nensi,
2108 4996 2161 5050 id
2191 5002 2275 5050 est
2322 4993 2374 5046 in
2424 4988 2842 5059 Rothomagensi
2873 4986 3133 5054 Ecclesia,
3164 4988 3367 5044 nullum
3410 4987 3479 5042 il-

1903 5091 2124 5148 lustrius
2145 5085 2486 5146 commendat
2516 5083 2900 5150 testimonium,
2933 5096 3091 5154 quam
3133 5081 3342 5138 Paulini
3369 5081 3483 5150 epi-

1905 5187 2041 5242 stola
2069 5183 2132 5238 ad
2165 5181 2472 5237 Victricium
2498 5179 2612 5248 ejus
2646 5177 2794 5234 urbis
2820 5177 3157 5248 episcopum.
3189 5194 3207 5228 (
3243 5173 3481 5240 Denique

1899 5295 2044 5336 nunc
2070 5277 2480 5345 Rothomagum,
2506 5281 2560 5329 et
2589 5272 2776 5326 vicinis
2821 5280 2945 5326 ante
2995 5268 3303 5338 regionibus
3333 5264 3478 5319 tenui

1899 5373 2114 5429 nomine
2141 5367 2531 5441 pervulgatum,
2563 5366 2618 5420 in
2672 5362 2974 5433 longinquis
3003 5360 3166 5415 etiam
3195 5357 3483 5430 provinciis

1899 5464 2156 5521 nominari
2189 5459 2563 5517 venerabiliter
2612 5456 2880 5518 audimus,
2912 5461 2965 5508 et
3012 5454 3150 5505 inter
3207 5450 3367 5508 urbes
3398 5465 3484 5506 sa-

1900 5561 2061 5614 cratis
2085 5556 2218 5612 locis
2243 5552 2448 5610 nobiles
2482 5565 2600 5604 cum
2633 5548 2812 5603 divina
2835 5545 2990 5602 laude
3015 5545 3302 5604 numerari.
3329 5543 3480 5599 [laud

1900 5651 2187 5714 immerito,
2218 5662 2338 5702 cum
2368 5655 2530 5700 totam
2555 5642 2663 5697 illic
2690 5684 2702 5706 ,
2728 5637 2902 5710 qualis
2955 5639 3007 5692 in
3036 5637 3254 5694 Oriente
3279 5653 3478 5692 memo-

1901 5755 2068 5807 ratur.
2104 5742 2407 5800 llierusales
2439 5738 2653 5802 faciem,
2682 5733 3050 5808 aposmlorum
3097 5746 3311 5804 quoque
3339 5745 3480 5800 pra:-

1901 5839 2125 5893 sentiam
2161 5835 2405 5890 meritutn
2433 5841 2535 5885 tua:
2572 5826 2884 5884 Sanctitatis
2919 5825 3200 5888 adduxerit
3229 5841 3238 5873 :
3266 5820 3354 5892 qui
3387 5834 3484 5889 pe-

1904 5933 2166 6000 regrinam
2209 5925 2481 5982 memoriis
2521 5923 2634 5977 suis
2675 5919 2890 5984 urbem,
2936 5921 3125 5974 all'ectu
3180 5921 3485 5969 sanctorum
