4060 6346
552 485 656 543 399
1212 475 1554 536 APPENDIX
1592 474 1686 531 AD
1722 470 1949 528 OPERA
1983 463 2232 526 SANCTI
2270 461 2584 523 GERMANI
2621 456 3073 519 PARISIENSIS.
3738 453 3841 509 ιοθ

551 603 859 676 spirituum,
881 604 937 654 et
955 595 1149 652 affectu
1175 606 1394 663 Operum
1418 591 1747 654 divinorum,
1777 585 1995 642 sedibus
2024 581 2139 637 suis
2164 578 2220 637 Δ
2240 578 2566 676 hymnorum
2589 576 2913 676 composuit,
2944 569 3466 676 testeI-I'ieron-ymo,
3489 576 3699 676 etpost
3723 582 3845 676 iam

552 659 887 767 cbmparant,
916 690 1006 761 qui
1033 689 1086 744 in
1118 698 1169 743 te
1212 659 1344 755 ipso
1377 682 1709 755 aptissimum
1734 677 1832 733 sibi
1887 676 2139 731 diverso-
2240 671 2467 728 Isidoro.
2500 667 3049 767 Exciderunthymni
3096 664 3204 767 illi;
3236 662 3332 767 sed
3357 677 3453 719 ens
3480 661 3694 715 viderat
3726 659 3851 766 Ilie-

554 757 695 847 riuni
720 757 1156 857 repererunt..."
1189 779 1293 836 libi
1316 776 1630 848 quotidiano
1676 772 1946 843 sapienter
1993 767 2133 838 psal-
2244 778 2521 857 ronymus,
2556 778 2771 857 ‘ex‘quo
2815 761 3095 857 discimus,
3126 758 3179 814 in
3240 758 3566 857 hymnorum
3611 757 3851 857 carmine

555 850 906 952 lentiuni-per
941 879 1253 946 frequentes
1280 870 1539 928 ecclesias
1583 877 1637 924 et
1692 866 2021 922 monasteria
2052 873 2144 952 se—
2246 855 2431 911 Gallos
2480 855 2741 952 indociles
2788 853 2856 909 ab
2885 852 3090 952 Hilario
3143 852 3347 952 vocari,
3372 862 3434 905 ut
3488 850 3609 920 ipse
3662 850 3853 952 lli-ero:

556 943 1011 1036 creta'concentu,
1038 943 1357 1024 castissimis
1384 963 1562 1019 ovium
1585 969 1794 1015 tuarum
1816 967 1873 1014 et
1892 951 2147 1013 cordibus
2249 964 2441 1021 nymus
2473 959 2699 1005 testatur
2729 949 2781 1003 in
2813 946 3129 1019 praefatione
3151 944 3273 1001 libri
3300 962 3333 999 ιι
3378 943 3767 1001 commentarii
3790 944 3855 998 ad

558 1072 896 1127 delectantur
926 1064 1090 1136 409
1115 1070 1168 1117 et
1218 1057 1460 1124 vocibus,
1501 1076 1521 1110 ι
1576 1055 1783 1111 scilicet
1822 1052 1978 1107 amici
2029 1047 2151 1103 Dei.
2251 1041 2489 1097 Galatas.
2524 1040 2674 1098 Unus
2700 1056 2766 1136 ex
2800 1040 2883 1095 bis
2933 1043 3139 1136 integer
3193 1038 3427 1110 hymnus
3457 1038 3604 1093 inter
3665 1035 3855 1092 Ililarii

556 1164 691 1222 Erat
714 1173 843 1229 ergo
872 1133 981 1228 jam
1004 1133 1156 1219 tunc,
1182 1151 1234 1208 id
1262 1161 1345 1208 est
1372 1150 1473 1205 sub
1528 1150 1690 1205 finem
1742 1145 1923 1202 saeculi
1955 1160 2029 1210 tv,
2094 1143 2151 1198 in
2252 1151 2415 1206 opera
2446 1135 2601 1190 nobis
2632 1134 2871 1205 reliquus
2899 1144 3005 1202 est,
3037 1133 3280 1189 iambicis
3300 1133 3549 1187 versibus
3575 1142 3861 1229 constans,

562 1254 656 1311 illa
688 1251 907 1307 civitate
928 1245 1270 1318 quotidianus
1315 1240 1653 1312 psallentium
1699 1246 2018 1301 concentus,
2045 1247 2152 1290 non

560 1346 723 1403 modo
769 1345 822 1400 in
864 1338 1229 1405 monasteriis,
1283 1336 1379 1393 sed
1431 1335 1592 1390 etiam
1636 1333 1691 1388 in
1744 1331 1862 1387 aliis
1887 1330 2154 1397 ecclesiis,

560 1440 810 1508 exemplo
855 1433 1264 1498 monachorum,
1299 1443 1432 1499 quos
1461 1427 1585 1482 huic
1614 1424 1933 1482 institutioni
1957 1438 2145 1480 exem-

564 1532 712 1604 plum
742 1527 1038 1602 praebuisse
1071 1524 1225 1580 facile
1254 1532 1399 1578 esset
1427 1521 1818 1576 demonstrare.

636 1622 726 1677 38.
757 1620 834 1675 De
878 1616 1109 1674 ecclesia
1147 1613 1474 1682 Turonensi,
1498 1628 1618 1684 quae
1647 1613 1804 1669 tertia
1834 1622 1916 1668 est
1946 1611 2160 1683 Lugdu-

566 1711 774 1775 nensis,
806 1712 860 1766 id
906 1708 1182 1764 memoriae
1238 1703 1472 1781 prodidit
1527 1702 1815 1771 Gregorius
1844 1702 1945 1757 sub
2002 1701 2163 1756 finem

564 1806 818 1866 Historiae
848 1815 983 1868 suae,
1014 1799 1340 1869 Injuriosutn
1391 1797 1704 1867 episcopum
1760 1794 1957 1849 ibidem
2008 1791 2168 1847 insti-

570 1902 739 1955 tuisse
774 1915 793 1948 ι
830 1895 1068 1950 Tertiam
1090 1901 1143 1947 et
1169 1891 1386 1947 Sextam
1414 1908 1431 1940 ι
1469 1890 1521 1943 in
1551 1887 1636 1941 illa
1668 1885 1931 1952 Ecclesia,
1970 1902 1988 1935 ι
2023 1880 2167 1954 quod

2256 1231 2345 1301 qui
2378 1230 2503 1284 ﬁlia:
2530 1230 2647 1299 ejus
2676 1228 2833 1284 Abra:
2885 1228 3083 1283 missus
3112 1226 3327 1282 dicitur.
3358 1226 3415 1281 In
3461 1240 3528 1281 co
3575 1224 3788 1295 hymno
3809 1222 3868 1275 tit

2259 1324 2463 1378 mentio
2495 1321 2791 1384 Matutinze,
2821 1321 2905 1375 cui
2936 1320 3084 1375 horze
3104 1319 3149 1373 is
3179 1328 3390 1389 aptatus
3420 1329 3522 1372 est.
3555 1317 3865 1371 Memoratu

2259 1418 2481 1486 dignum
2511 1414 2587 1481 id,
2628 1414 2771 1485 quod
2805 1411 3129 1468 Baudonivia
3153 1412 3207 1466 in
3242 1414 3347 1467 line
3394 1412 3516 1466 libri
3561 1426 3597 1465 ιι
3647 1411 3722 1464 de
3745 1407 3869 1462 Vita

2263 1518 2461 1566 sancte
2477 1506 2819 1578 Radegundis
2843 1505 3027 1574 tradit,
3056 1505 3261 1561 scilicet
3290 1519 3495 1560 morem
3522 1513 3655 1557 tunc
3691 1501 3865 1555 fuisse

2271 1620 2291 1655 ι
2330 1604 2385 1657 in
2410 1601 2695 1657 festivitate
2726 1600 2867 1656 beati
2898 1599 3086 1655 Hilarii
3111 1600 3331 1671 reliquis
3371 1597 3729 1653 monasteriis
3750 1596 3865 1650 cir-

2266 1695 2529 1751 cumcirca
2558 1692 2719 1767 ιιι
2747 1693 3024 1763 proximis,
3054 1708 3227 1763 usque
3275 1694 3326 1747 in
3361 1691 3594 1747 mediam
3650 1699 3875 1745 noctem

2270 1787 2488 1855 Vigilias
2512 1787 2817 1853 celebrare;
2844 1796 2897 1842 et
2917 1785 2985 1841 de
3014 1785 3189 1842 media
3218 1793 3377 1841 nocte
3421 1796 3881 1854 unumquemque

2279 1882 2530 1938 abbatem
2556 1896 2676 1936 cum
2705 1880 2815 1936 suis
2845 1880 3098 1935 fratribus
3125 1878 3193 1935 ad
3240 1894 3397 1933 suum
3426 1880 3735 1933 revertisse
3767 1891 3883 1930 mo-

573 1986 756 2052 modo,
780 1983 981 2047 subdit,
1011 1983 1063 2036 in
1096 1981 1186 2036 Dei
1214 1979 1430 2034 nomine
1476 1985 1807 2047 perseverat.
1844 1994 1863 2027 ι
1901 1973 2027 2028 Haec
2060 1976 2165 2030 sub
2196 1960 2246 2021 Β
2277 1976 2575 2031 nasterium
2599 1974 2665 2030 ad
2689 1989 2841 2029 suum
2866 1988 3080 2029 cursum
3132 1970 3532 2028 celebrandum.
3572 1989 3591 2022 ι
3627 1969 3885 2036 Denique

574 2093 776 2134 annum
807 2075 932 2131 550.
966 2074 1130 2128 Paulo
1171 2083 1309 2142 post,
1341 2071 1389 2125 id
1419 2080 1503 2126 est
1532 2086 1673 2125 anno
1730 2069 1859 2136 567,
1881 2070 2168 2126 concilium

575 2173 889 2227 Turonense
914 2184 948 2223 ιι
973 2166 1219 2222 ordinem
1268 2161 1529 2232 psallendi
1560 2161 1909 2231 przescripsit,
1935 2162 2025 2229 qui
2061 2170 2170 2215 tam

574 2268 631 2321 in
654 2268 767 2338 ipsa
789 2264 997 2320 basilica
1024 2270 1204 2316 sancta
1236 2258 1377 2314 beati
1408 2257 1649 2322 Martini,
1682 2274 1837 2329 quam
1860 2258 1915 2310 iu
1943 2256 2065 2310 aliis
2090 2271 2174 2309 ec-

582 2356 750 2412 clesiis
799 2362 1124 2410 servaretur.
1153 2350 1319 2419 Hujus
1351 2349 1429 2404 rei
1484 2348 1652 2419 gratia
1686 2349 1940 2403 conditus
1981 2355 2065 2403 est
2086 2361 2176 2402 ca-

577 2467 688 2507 non
712 2447 867 2515 l8,in
890 2461 995 2515 quo
1022 2444 1149 2515 quid
1172 2442 1396 2513 singulis
1426 2441 1550 2495 anni
1590 2438 1867 2495 mensibus
1899 2439 1968 2491 ad
1998 2436 2176 2492 Matu-

580 2540 747 2593 tinum
770 2535 1105 2607 psallendum
1138 2533 1229 2598 sit,
1262 2531 1548 2596 delinitur,
1576 2530 1719 2585 nulla
1757 2530 1985 2584 aliarum
2011 2531 2175 2585 hora-

584 2644 702 2687 rum
734 2626 1011 2683 mentione
1042 2625 1205 2692 facta,
1230 2623 1331 2678 nisi
1374 2621 1555 2677 Sextae
1584 2631 1640 2677 et
1672 2621 2039 2687 Duodecima},
2079 2620 2174 2677 sed

587 2730 799 2778 tantum
824 2718 1190 2789 comparando
1207 2722 1453 2771 veterum
1484 2713 1554 2768 de
1584 2712 1745 2769 Sexta
1773 2722 1828 2769 et
1850 2712 2177 2768 Duodecima

580 2814 896 2870 institutum
928 2826 1051 2867 cum
1075 2809 1324 2865 Matutini
1349 2809 1748 2874 observatione,
1776 2822 1933 2878 quam
1966 2807 2180 2863 concilii

588 2906 778 2968 Patres
808 2906 1177 2968 inStituerunt,
1210 2917 1405 2973 nempe
1450 2911 1507 2957 ιιι
1536 2916 1642 2957 non
1685 2904 1864 2956 minus
1897 2915 2055 2970 quam
2078 2915 2177 2955 sex

590 2998 784 3070 psalmi
813 2998 870 3054 in
900 2996 1181 3061 Matutino,
1216 2994 1267 3049 id
1313 3004 1397 3050 est
1425 2995 1476 3049 in
1508 3003 1774 3050 nocturno
1825 2991 2027 3058 officio,
2059 3009 2182 3063 per-

589 3091 889 3154 solvantur,
915 3103 1035 3143 cum
1068 3087 1133 3142 ad
1187 3087 1401 3142 Sestam
1448 3095 1503 3142 et
1532 3085 1915 3140 Duodecimam
1957 3086 2181 3140 totidem

593 3180 834 3250 psalmos
857 3177 1076 3233 Patrum
1112 3185 1305 3231 statuta
1330 3177 1705 3246 praeceperint,
1731 3176 1942 3231 scilicet
1980 3175 2184 3248 Egyp-

590 3270 811 3335 tiorum,
841 3267 909 3323 de
947 3268 1139 3336 quibus
1177 3267 1463 3322 Cassianus
1509 3268 1561 3322 in
1592 3268 1729 3323 libro
1753 3268 1800 3331 ‘n
1838 3282 2055 3322 suarum
2094 3264 2184 3322 In-

2272 2072 2327 2127 in
2359 2069 2599 2125 Ecclesia
2627 2066 2927 2124 Pictavensi
2958 2065 3317 2121 Collectarum
3353 2078 3481 2120 usus
3512 2062 3768 2117 nondum
3800 2060 3886 2114 in-

2273 2164 2506 2220 valuisse
2536 2161 2745 2219 videtur
2800 2171 3043 2231 tempore
3100 2158 3339 2215 Fulbcrti
3397 2157 3631 2227 episcopi
3661 2156 3887 2211 Carnu-

2278 2258 2485 2325 tensis,
2517 2266 2575 2311 ut
2628 2256 2823 2326 colligo
2871 2269 2936 2308 ex
2992 2252 3220 2321 epistola
3267 2250 3336 2306 79
3390 2250 3457 2305 ad
3505 2248 3888 2319 Hildegarium

2276 2352 2446 2405 sancti
2473 2350 2657 2405 Hilarii
2701 2347 2949 2404 ecclesiae
2973 2345 3236 2401 decannm
3295 2360 3309 2399 :
3364 2362 3384 2396 ι
3450 2342 3641 2398 Finitis
3699 2350 3891 2395 autem

2278 2441 2526 2511 capitulis
2551 2485 2567 2511 ,
2599 2448 2723 2511 post
2776 2439 3078 2495 orationem
3133 2435 3493 2501 Dominicam,
3518 2435 3609 2489 ubi
3656 2434 3893 2498 dicitur,

2280 2531 2528 2597 Domine,
2583 2532 2771 2586 exaudi
2810 2532 3093 2585 orationem
3120 2544 3305 2595 meam,
3338 2526 3516 2582 statim
3560 2534 3717 2581 esset
3767 2525 3894 2581 sub-

2281 2625 2453 2681 denda
2482 2625 2676 2688 oratio.
2714 2639 2834 2694 quat
2863 2639 2930 2679 ex
2960 2623 3098 2678 libro
3119 2621 3555 2677 Sacramentario
3587 2619 3890 2674 recitatur.

2284 2720 2475 2776 Patere
2506 2731 2683 2776 tamen
2713 2718 3009 2775 Ecclesiam
3050 2718 3283 2773 retinere
3335 2730 3489 2771 suum
3530 2730 3688 2770 usum
3716 2729 3898 2786 usque

2285 2814 2352 2869 ad
2382 2828 2646 2884 praesens.
2679 2830 2698 2865 ι

2356 2908 2445 2965 to.
2478 2908 2557 2963 Ad
2581 2916 2821 2978 quartam
2853 2905 3262 2977 Lugdunensem
3286 2915 3414 2961 tunc
3440 2904 3761 2974 pertinebat
3791 2904 3895 2958 Pa-

2285 3001 2537 3057 risiorum
2569 3002 2776 3069 civitas,
2811 2999 2967 3069 cujus
2995 2999 3129 3055 cleri
3159 2998 3378 3075 fervens
3424 3000 3479 3053 in
3511 2998 3718 3053 divinis
3780 2998 3899 3052 lau.

2286 3092 2446 3149 dibus
2474 3092 2847 3162 persulvendis
2904 3092 3141 3148 studium
3190 3093 3344 3148 testis
3393 3090 3640 3159 locuples
3688 3089 3897 3145 asserit

2290 3174 2585 3242 Venantius
2616 3186 2961 3240 Fortunatus.
2996 3184 3043 3240 ls
3095 3184 3149 3240 in
3201 3182 3387 3241 libello
3438 3183 3505 3238 de
3526 3181 3670 3266 .Vita
3707 3180 3896 3237 sancti

2293 3278 2549 3333 Germani
2580 3277 2736 3348 hujus
2775 3277 2923 3334 urbis
2966 3277 3229 3348 episcopi,
3252 3291 3375 3332 eum
3419 3277 3603 3331 laudat
3632 3277 3703 3332 ab
3736 3276 3900 3332 inde-

592 3360 954 3424 stitutionum,
980 3358 1242 3428 capitibus
1270 3359 1376 3414 ὅθι
1396 3359 1450 3423 (ἰ,
1466 3358 1554 3414 ubi
1579 3358 1719 3414 hunc
1740 3373 2020 3415 numerum
2054 3359 2188 3415 duo-
2212 3363 2262 3429 ο
2296 3370 2436 3426 fessa
2467 3369 2782 3439 Vigmawm
2810 3372 3135 3435 constantia,
3168 3383 3289 3439 quam,
3318 3384 3383 3424 ea
3406 3375 3547 3435 erat,
3580 3378 3639 3423 αι
3670 3385 3691 3419 ο
3729 3370 3899 3437 quin-

592 3451 765 3506 decim
793 3451 1141 3521 psalmorum,
1175 3460 1279 3504 tam
1307 3450 1377 3502 in-
1406 3450 1757 3518 vespertinis,
1789 3466 1947 3518 quam
1978 3451 2035 3505 in
2087 3465 2185 3506 no-

592 3544 796 3601 cturnis
819 3541 1206 3599 conventiculis
1236 3541 1645 3597 custodiendum
1669 3542 1845 3610 angeli
1869 3542 2184 3612 magisterio

592 3638 895 3694 institutum
922 3636 1087 3691 fuisse
1114 3634 1328 3690 dicitur.
1370 3632 1475 3689 Ubi
1518 3643 1781 3688 nocturna
1806 3634 2182 3690 conventicula

596 3746 701 3788 non
727 3731 829 3785 alia
855 3738 982 3785 sunt
1009 3744 1166 3800 quam
1200 3727 1521 3783 Matutinum
1576 3727 1792 3783 concilii
1824 3728 2181 3797 Turonensis,

592 3821 748 3893 cujus
780 3820 968 3876 Patres
993 3820 1060 3874 ad
1085 3818 1230 3875 hunc
1269 3819 1446 3874 locum
1502 3828 1874 3889 respexerunt.
1899 3820 2083 3892 Itaque
2113 3820 2185 3877 ad

602 3913 836 3971 Tertiam
864 3922 921 3968 et
948 3912 1194 3977 Sextam,
1224 3926 1359 3982 quas
1389 3911 1684 3981 Injuriosus
1732 3915 1784 3968 in
1813 3914 1927 3968 dies
1970 3915 2186 3971 ordina-

600 4013 769 4070 verat,
812 4003 1100 4060 concilium
1132 4002 1329 4074 adjecit
1353 4003 1580 4075 singulis
1608 4006 1771 4060 etiam
1803 4005 1968 4077 410
1993 4005 2187 4062 diebus

588 4093 938 4156 ‘Matutinum.
970 4098 1114 4153 Ante
1143 4096 1195 4151 id
1228 4105 1437 4165 tempus
1473 4096 1575 4152 sub
1601 4097 1867 4167 Perpetuo
1913 4108 2188 4170 metropo-

597 4191 692 4249 lita
723 4189 963 4245 habitum
985 4197 1069 4245 est
1090 4202 1233 4243 anno
1258 4186 1366 4243 465
1386 4189 1673 4244 concilium
1715 4190 2056 4259 Veneticum,
2087 4208 2184 4249 cu-

598 4298 690 4353 jus
717 4296 924 4337 canone
944 4279 1014 4336 I5
1038 4281 1301 4336 sancitum
1332 4290 1415 4336 est
1444 4282 1512 4336 Ut
1535 4283 1671 4337 idem
1699 4284 1828 4338 ordo
1856 4303 2119 4341 sacrorum
2141 4296 2189 4343 et

598 4373 859 4444 psallendi
880 4376 1231 4428 observaretur
1254 4374 1392 4426 intra
1413 4376 1749 4445 provinciam,
1778 4388 1826 4433 et
1847 4380 1979 4433 sicut
2002 4396 2183 4450 unam,

595 4465 844 4536 inquiunt
867 4463 1077 4537 Patres,
1109 4481 1226 4519 cum
1255 4464 1524 4522 Trinitatis
1571 4470 1888 4539 confessione
1922 4472 2078 4541 ﬁdem
2106 4484 2187 4529 te-

598 4575 800 4630 nemus,
831 4574 989 4613 unam
1016 4567 1063 4614 et
1093 4558 1387 4629 ofﬁciorum
1416 4561 1647 4634 regulam
1690 4572 1969 4620 teneamus.
2001 4568 2067 4621 Et
2094 4582 2189 4623 ca-

597 4669 741 4710 none
770 4651 841 4713 14
869 4670 883 4707 :
914 4652 982 4709 Ut
1011 4652 1204 4720 clerici,
1240 4654 1329 4725 qui
1366 4654 1423 4708 in
1450 4655 1652 4709 civitate
1680 4659 1892 4726 fuerint,
1925 4660 2191 4717 matutinis

2284 3463 2536 3534 quaginta
2568 3462 2804 3530 psalmos
2834 3464 2916 3518 vel
2945 3462 3175 3533 amplius
3203 3461 3257 3517 in
3289 3462 3491 3529 templo
3517 3460 3604 3515 sui
3649 3463 3898 3530 pectoris

2288 3554 2515 3611 Domino
2542 3555 2892 3621 decantaret,
2932 3573 2952 3609 ι
2982 3555 3033 3610 id
3081 3565 3166 3611 est
3210 3556 3481 3621 recitaret,
3520 3572 3540 3607 ι
3597 3564 3900 3626 antequam

2286 3647 2526 3716 reliquos
2554 3646 2623 3702 de
2646 3662 2842 3718 sopore
2861 3656 3234 3702 commoneret
3260 3662 3548 3718 assurgere
3574 3663 3591 3703 :
3634 3666 3654 3700 ι
3685 3648 3898 3704 deinde

2288 3748 2347 3794 ut
2380 3756 2400 3790 ι
2436 3753 2495 3793 se
2542 3737 2876 3795 mutantibus
2916 3737 3149 3804 clericis,
3182 3737 3302 3794 sine
3329 3739 3715 3812 Avicissitudine
3768 3741 3893 3812 ipse

2286 3831 2605 3889 decantandi
2665 3831 3029 3887 modulamina
3098 3846 3204 3887 non
3260 3808 3451 3887 finiret.
3504 3850 3523 3885 ι
3587 3808 3882 3888 Postremo

2294 3944 2313 3979 ι
2348 3928 2505 3983 tertia
2534 3925 2707 3982 noctis
2750 3927 2878 3981 hora
2906 3924 3213 3996 ingrediens
3243 3926 3296 3981 in
3328 3926 3632 3986 ecclesiam.
3662 3941 3773 3981 non
3806 3938 3896 3983 est

2288 4038 2538 4095 egressus
2564 4022 2791 4078 ulterius
2836 4022 3182 4093 psallentium
3225 4022 3295 4080 ab
3319 4021 3529 4086 ordine,
3562 4021 3743 4078 donec
3772 4024 3895 4078 cla-

2288 4127 2538 4172 rescente
2561 4117 2672 4185 die,
2701 4117 3019 4173 decantatus
3049 4118 3367 4175 solemnlter
3380 4131 3571 4173 cursus
3600 4118 3895 4173 universus

2290 4218 2757 4266 consummaretur
2785 4224 2858 4265 ex
2888 4224 3115 4267 canone.
3148 4229 3168 4263 ι
3203 4209 3299 4266 Hic
3339 4209 3409 4265 de
3441 4208 3623 4264 multis
3654 4223 3755 4263 uos
3786 4208 3890 4263 ad-

2290 4313 2476 4359 monet
2497 4302 2850 4359 Fortunatus.
2878 4301 3085 4368 Primo,
3109 4302 3369 4373 episcopo
3415 4301 3582 4356 moris
3630 4298 3800 4355 fuisse
3832 4309 3891 4355 ut

2292 4395 2519 4450 clericos
2562 4410 2690 4450 suos
2744 4394 2809 4449 ad
2859 4393 3081 4464 Vigilias
3137 4402 3425 4448 nocturnas
3480 4391 3781 4457 excitaret,
3813 4406 3880 4447 ac

2293 4485 2523 4557 proinde
2544 4484 2646 4541 sub
2672 4484 2864 4541 eodem
2894 4492 3034 4540 tecto
3070 4484 3411 4540 cobabitasse
3438 4497 3649 4539 omnes.
3679 4484 3888 4542 Deinde

2294 4579 2523 4635 clericos
2543 4578 2645 4634 sibi
2669 4577 2899 4633 invicem
2926 4577 2978 4633 in
3005 4577 3234 4632 canendi
3260 4577 3406 4633 vices
3427 4575 3780 4633 successisse.
3806 4575 3891 4632 Ad

2296 4671 2412 4726 haec
2438 4671 2594 4727 tertia
2620 4671 2792 4725 noctis
2834 4672 2965 4725 hora
3012 4668 3231 4740 Vigilias
3278 4669 3443 4726 fuisse
3500 4668 3789 4724 inchoatas
3838 4670 3890 4724 in

598 4745 802 4817 hymnis
830 4744 1085 4799 intersint.
1116 4744 1235 4800 Jam
1262 4757 1394 4815 ergo
1440 4747 1493 4801 in
1552 4748 1826 4817 provincia
1882 4750 2187 4811 Turonensi
2216 4769 2272 4831 ι)
2298 4761 2547 4817 Ecclesia'
2581 4760 2895 4815 Parisiaca:
2936 4774 3056 4831 qua:
3112 4759 3381 4815 laudabile
3438 4764 3540 4815 hoc
3588 4761 3889 4815 institutum

597 4839 732 4894 ordo
762 4835 1021 4908 psallendi
1050 4846 1167 4892 erat
1217 4838 1508 4905 institutus,
1535 4839 1631 4896 sed
1689 4840 1916 4900 fortasse
1947 4861 2056 4901 non
2091 4863 2189 4918 pro

598 4929 826 5001 singulis
850 4928 1060 4997 diebus,
1093 4928 1189 4984 sed
1210 4943 1310 4999 pro
1336 4928 1526 4987 diebus
1548 4930 1722 4988 festis.
1765 4933 1920 4992 Unde
1950 4937 2190 5010 Injurio-

599 5036 692 5078 sus
716 5018 770 5076 in
792 5021 908 5077 dies
927 5020 1142 5078 fetiales
1172 5020 1412 5078 Tertiam
1438 5031 1495 5079 et
1516 5023 1734 5082 Sextam
1764 5029 2017 5087 instituit.

672 5135 763 5193 39.
795 5136 1097 5194 Turonensi
1134 5138 1390 5196 Ecclesize
1415 5140 1708 5212 adjungere
1734 5144 1866 5201 mihi
1913 5147 2072 5204 liceat
2104 5150 2191 5206 Pi-

538 5279 576 5318 ,»
599 5239 929 5298 ctavensem,
962 5244 1081 5301 qute
1107 5232 1233 5291 licet
1284 5234 1439 5290 alteri
1465 5238 1782 5308 metropoli,
1826 5255 2019 5310 nempe
2050 5241 2189 5298 Bur-

544 5332 565 5406 i.
599 5323 895 5394 degalensi,
927 5324 1190 5396 subjecta,
1226 5341 1473 5397 magnam
1504 5338 1680 5387 tamen
1709 5346 1829 5387 cum
1868 5347 1931 5389 ea
1961 5333 2190 5391 afﬁnita-

600 5423 707 5469 tem
740 5413 922 5482 habet,
951 5422 1063 5471 tum
1098 5416 1169 5471 ob
1202 5417 1474 5484 viciniam,
1502 5430 1613 5475 tum
1636 5422 1707 5476 ob
1734 5431 1978 5479 sanctum
2002 5424 2188 5482 Marti-

602 5523 755 5574 mnn,
788 5524 945 5579 quem
987 5508 1294 5565 Turonibus
1320 5513 1590 5568 concessit
1629 5512 1861 5569 Hilarius
1915 5520 2190 5577 sanctissi«

605 5612 725 5653 mus
748 5598 1090 5656 Pictavorum
1123 5603 1370 5657 antistes.
1399 5602 1531 5658 Iiuic
1561 5604 1703 5661 inter
1729 5607 1930 5676 primos
1956 5610 2194 5681 psalmo-

601 5690 703 5745 ιιὶιυ
730 5691 991 5761 originem
1024 5707 1145 5749 esse
1189 5692 1529 5750 tribuendam
1574 5698 1958 5769 conjiciebam,
1988 5712 2098 5759 tum
2123 5720 2192 5763 ex

601 5793 669 5838 eo
700 5783 842 5851 quod
870 5782 923 5838 in
948 5783 1230 5857 Phrygiam
1262 5787 1333 5844 ob
1361 5788 1679 5847 catholicam
1712 5792 1870 5850 fidem
1899 5798 2191 5870 relegatus,

601 5876 748 5933 hunc
774 5877 1037 5947 psallendi
1068 5894 1273 5936 morem
1299 5898 1363 5938 ex
1389 5884 1512 5940 Asia
1544 5884 1599 5942 in
1651 5886 1876 5945 Galliam
1927 5893 2081 5949 facile
2111 5895 2194 5949 in-

602 5969 804 6028 vehere
823 5971 999 6039 potuit
1031 5989 1043 6027 :
1076 5981 1189 6031 tum
1223 5977 1347 6046 quia
1396 5976 1710 6065 Latinorum
1742 5984 1948 6052 primus
1992 5985 2189 6044 librum

2297 4857 2459 4911 etiam
2492 4869 2633 4910 nunc
2676 4854 2928 4924 religiose
2970 4863 3189 4925 servat,
3223 4864 3516 4911 nocturnas
3558 4854 3784 4927 Vigiliss
3824 4854 3885 4909 ad

2296 4946 2530 5002 mediam
2560 4955 2773 5001 noctem
2809 4945 3191 5015 persolvendo.
3224 4946 3503 5003 Postremo
3530 4947 3673 5001 sacri
3700 4959 3890 5001 cursus

2298 5050 2564 5091 canonem
2587 5044 2715 5090 tunc
2738 5045 2911 5090 ratum
2942 5035 3105 5108 512
3131 5050 3195 5091 ac
3222 5035 3387 5091 fixum
3418 5036 3605 5092 fuisse.
3640 5035 3719 5091 De
3745 5034 3890 5105 Lupo

2299 5130 2879 5199 Seuonensiepiscopo
2917 5129 2971 5185 id
2994 5130 3158 5185 etiam
3210 5129 3403 5186 litteris
3452 5129 3731 5184 mandavit
3777 5128 3889 5199 ejus

2306 5223 2442 5280 Vitae
2465 5226 2713 5294 scriptor,
2744 5223 2921 5294 ipsum
2945 5242 2964 5275 ι
2994 5237 3060 5278 ea
3084 5226 3213 5279 hora
3242 5238 3345 5293 qua
3372 5223 3522 5279 clero
3547 5221 3887 5278 incumbebat

2308 5319 2570 5373 matutina
2593 5332 2851 5390 peragere
2902 5317 3186 5385 solemnia,
3212 5318 3326 5373 suis
3376 5317 3625 5373 manibus
3677 5316 3885 5387 signum

2296 5410 2564 5481 pulsasse.
2597 5429 2617 5464 ι

2370 5506 2463 5562 41.
2492 5506 2812 5563 Praeclarum
2838 5521 2970 5564 vero
2997 5514 3080 5563 est
3100 5505 3344 5577 ejusdem
3384 5503 3516 5562 cieri
3552 5504 3881 5561 Parisiacen-

2297 5601 2375 5657 sis
2401 5600 2473 5656 ob
2500 5600 2769 5656 assiduam
2795 5600 3147 5670 psalmodiam
3178 5599 3415 5672 elogium
3462 5597 3602 5670 apud
3632 5596 3881 5654 eumdem

2297 5691 2671 5760 Fortunatum,
2706 5694 2757 5748 in
2784 5692 2878 5748 lib.
2911 5708 2971 5762 ιι,
3005 5694 3243 5751 carmine
3272 5694 3376 5749 10:

2483 5806 2623 5857 Celsa
2644 5805 2877 5857 Parisiaci
2900 5804 3022 5855 cleri
3043 5808 3323 5869 reverentia
3347 5805 3535 5869 pollens

2548 5869 2779 5931 Ecclesia
2804 5870 3024 5931 genium,
3049 5868 3220 5929 gloria,
3244 5867 3439 5929 munus,
3461 5867 3637 5926 bonos;

2481 5932 2710 5984 Carmine
2734 5930 2963 5994 Davidico
2986 5932 3146 5994 divina
3171 5940 3393 5994 poemata
3423 5941 3666 5991 pangeus,

2547 5994 2779 6044 Cursihus
2799 5992 3004 6045 assiduis
3023 5991 3399 6045 dulce'revolvit
3421 6004 3561 6052 Opus.
