4060 6346
462 449 586 513 Inde
608 449 916 513 sacerdotes,
943 449 1172 503 leviticus
1193 450 1309 501 hinc
1329 453 1475 502 micat
1496 450 1650 501 ordo:

523 510 637 576 Illos
657 512 876 570 canities.
901 510 994 562 bos
1011 514 1132 564 stola
1157 514 1354 576 pulchra
1380 516 1523 576 tegit.

461 572 658 638 llli__jam
682 577 840 637 senio,
868 583 1031 625 tamen
1056 577 1102 624 bi
1125 572 1257 626 bene
1281 572 1500 626 vestibus
1523 575 1708 638 albent,

526 636 589 685 Ut
611 638 802 700 placeat
825 636 1013 686 Summo
1036 639 1163 700 picta
1189 651 1364 688 corona
1388 639 1514 688 Deo.

463 697 518 748 In
541 697 703 748 medio
727 700 999 748 Germanus
1021 697 1160 750 adest
1183 702 1390 750 antistes
1412 703 1616 757 honore,

525 762 618 820 Qui
642 762 774 822 regit
803 762 912 810 hinc
930 762 1162 826 juvenes,
1187 764 1398 826 subrigit
1419 764 1533 812 inde
1556 775 1705 812 senes

268 867 360 924 Ex
391 867 738 937 sequentibus
768 867 1015 924 versibus
1045 867 1226 938 colligi
1269 867 1503 930 videtur,
1532 867 1859 936 psalmorum

265 969 489 1016 cantum
517 975 546 1012 a
578 959 750 1014 media
794 969 953 1014 nocte
1005 948 1073 1014 ad
1103 976 1273 1015 lucem
1321 962 1631 1015 continuum
1674 961 1861 1017 fuisse.

267 1057 448 1127 Atque
472 1054 578 1108 huc
605 1053 834 1110 fortasse
878 1064 1082 1124 spectat
1133 1055 1274 1125 quod
1329 1071 1397 1110 ex
1434 1054 1685 1110 Germani
1746 1055 1866 1110 Vita

265 1163 402 1204 mox
427 1147 727 1211 retulimus,
760 1147 987 1202 clericos
1014 1147 1115 1202 sibi
1162 1147 1216 1202 in
1248 1147 1490 1202 canendo
1513 1148 1858 1203 successisse.

463 1259 606 1309 Miles
629 1259 686 1308 ad
713 1272 843 1308 arma
868 1259 1023 1320 celer,
1049 1263 1244 1322 signum
1269 1273 1378 1307 mox
1409 1261 1555 1311 tinnit
1578 1262 1625 1308 in
1648 1273 1812 1322 aures,

525 1323 682 1381 Erigit
706 1333 913 1370 excusso
933 1325 1147 1371 membra
1173 1335 1352 1383 sopore
1379 1330 1501 1370 toro.

463 1383 668 1445 Advolat
687 1392 800 1432 ante
823 1384 942 1432 alios
966 1386 1196 1445 mysteria
1222 1397 1357 1432 sacra
1385 1387 1643 1444 requirens

523 1444 752 1505 Undique
775 1447 983 1509 quisque
1008 1444 1096 1495 Suo
1121 1445 1299 1509 templa
1327 1447 1538 1506 petenda
1564 1446 1682 1497 loco.

461 1507 704 1571 Flagranti
728 1507 890 1555 studio
907 1507 1140 1570 populum
1162 1507 1334 1556 domus
1358 1510 1526 1568 irrigat
1553 1522 1768 1571 omnem,

522 1570 858 1630 Certatimque
885 1577 1084 1619 monent
1105 1571 1216 1630 quis
1240 1572 1369 1630 prior
1390 1575 1462 1618 ire
1488 1571 1630 1619 valet.

467 1631 746 1695 Pervigiles
769 1639 938 1695 noctes
963 1632 1021 1679 ad
1048 1634 1201 1693 prima
1226 1632 1509 1693 crepuscula
1529 1634 1768 1695 iungens,

525 1692 767 1743 Construit
793 1692 1205 1755 angelicos’turba
1231 1692 1447 1743 verenda
1472 1692 1662 1744 choros.

269 1795 459 1866 Neque
489 1803 691 1849 tantum
724 1810 937 1862 vocum,
964 1794 1058 1850 sed
1115 1798 1276 1851 etiam
1309 1799 1638 1852 musicorum
1667 1799 1863 1853 instru-

269 1900 571 1945 mentorum
631 1905 784 1945 usum
825 1890 882 1945 in
932 1877 1199 1946 Parisiaca
1235 1892 1475 1946 Ecclesia
1527 1901 1650 1950 tunc
1696 1892 1862 1952 fuisse

271 1980 454 2036 subdit
479 1981 617 2036 idem
650 1967 831 2037 Poeta.

448 2095 610 2216 5}3
639 2095 761 2146 Hinc
784 2107 908 2157 puer
930 2097 1126 2158 exiguis
1146 2102 1440 2161 attemperat
1458 2111 1642 2160 organa
1665 2100 1862 2162 cannis;

545 2169 638 2215 nde
659 2179 815 2216 senex
842 2167 1028 2216 largam
1055 2175 1212 2216 raptat
1232 2170 1294 2216 ab
1318 2182 1403 2216 ore
1432 2171 1615 2216 tubam.

560 2169 638 2230 ide
659 2179 815 2216 senex
842 2167 1028 2228 largam
1055 2175 1212 2230 raptat
1232 2170 1294 2217 ab
1318 2182 1403 2216 ore
1432 2171 1615 2220 tubam.

457 2228 732 2292 Cimbalicae
755 2243 902 2279 voces
925 2228 1124 2278 calamis
1143 2232 1413 2280 miscentur
1435 2235 1608 2292 acutis,

515 2291 904 2353 DiSparibusque
930 2294 1082 2353 tropis
1105 2292 1264 2340 tistula
1287 2293 1429 2341 dulce
1457 2291 1611 2342 sonat.

460 2352 707 2419 Tympana
725 2367 867 2419 rauca
891 2352 1062 2402 senum
1088 2354 1289 2416 puerilis
1307 2357 1430 2419 tibia
1451 2357 1664 2419 mulcet,

513 2417 675 2476 Atque
697 2417 943 2466 hominum
968 2425 1200 2478 reparant
1217 2418 1365 2466 verba
1394 2431 1565 2467 canora
1590 2417 1758 2481 lyram.

264 2523 548 2578 Postremo
579 2537 683 2575 non
712 2535 882 2576 soium
921 2521 1150 2576 clericos
1174 2563 1188 2585 ,
1223 2521 1316 2576 sed
1347 2522 1507 2578 etiam
1539 2523 1700 2578 laicos
1728 2539 1857 2580 can-

264 2614 447 2671 tandis
470 2614 560 2668 Dei
583 2613 828 2668 laudibus
846 2611 1058 2668 dedisse
1077 2627 1294 2682 operam
1313 2623 1600 2670 constatex
1615 2615 1857 2686 sequenti

267 2722 429 2764 versu
454 2724 468 2762 Σ

389 2821 636 2872 Pontificis
662 2819 850 2871 meritis
874 2819 1056 2881 clerus,
1078 2829 1219 2883 piens
1241 2819 1402 2883 psallit
1425 2825 1478 2872 et
1497 2822 1668 2871 infans.

333 2925 428 2981 4'2.
467 2926 591 2980 Haec
641 2935 763 2980 sunt
816 2941 934 2996 quas
972 2926 1039 2980 de
1087 2927 1308 2995 antiquo
1365 2942 1529 2982 cursu
1579 2926 1856 2984 Gallicano

261 3022 403 3091 apud
433 3019 684 3089 probatos
728 3028 973 3074 auctores
1005 3019 1242 3091 reperire
1273 3021 1425 3076 nobis
1457 3022 1625 3076 licuit.
1675 3023 1854 3077 Crete-

261 3129 380 3169 rum
414 3128 477 3166 ex
528 3112 647 3167 aliis
677 3112 1023 3182 intelligimus
1052 3115 1227 3166 serius
1267 3112 1404 3181 apud
1457 3113 1714 3181 quasdam
1757 3113 1858 3168 Ec-

261 3205 457 3261 clesias
469 3205 832 3275 quotidianum
854 3205 1107 3274 psallendi
1129 3219 1333 3259 morem
1354 3205 1644 3260 admissum
1665 3205 1851 3262 fuisse.

260 3300 318 3355 In
370 3298 606 3353 Ecclesia
661 3297 975 3353 Virdunensi
1027 3298 1219 3351 Paulus
1267 3299 1703 3368 episcopus,qui
1751 3301 1849 3356 sub

261 3407 460 3446 annum
505 3391 608 3446 647
660 3391 840 3445 vivere
885 3391 1065 3457 desiit,
1097 3390 1237 3445 hunc
1285 3391 1446 3445 ritum
1492 3391 1739 3458 instituit,
1764 3402 1856 3449 aut

261 3494 409 3538 certe
436 3483 689 3548 restituit,
712 3482 924 3550 praediis
955 3483 1091 3538 hanc
1124 3484 1176 3537 in
1203 3498 1315 3538 rem
1344 3498 1372 3536 a
1400 3483 1702 3552 Dagoberto
1729 3500 1855 3555 rege

261 3585 315 3630 et
343 3590 373 3628 a
406 3573 659 3629 Grimone
683 3575 734 3627 in
762 3574 941 3629 dotem
965 3576 1349 3629 canonicorum
1375 3575 1694 3644 impetratis.
1721 3575 1852 3632 Nam

261 3677 388 3722 ante
415 3665 467 3721 id
499 3679 706 3736 tempus
727 3667 951 3721 ecclesia
976 3667 1066 3720 illa
1096 3685 1114 3717 ι
1147 3667 1216 3720 ita
1245 3669 1405 3722 rebus
1431 3666 1685 3722 destituta
1713 3677 1850 3736 erat,

262 3773 318 3815 ut
351 3776 508 3816 nemo
537 3760 853 3814 clericorum
881 3767 1024 3813 esset
1043 3760 1133 3827 qui
1165 3759 1378 3812 assidue
1407 3759 1586 3828 (utsic
1609 3759 1854 3828 praecipit

261 3852 658 3908 ecclesiasticus
688 3851 845 3919 ordo)
880 3852 1164 3905 missarum
1194 3851 1472 3916 solemnia,
1510 3853 1595 3906 vel
1621 3867 1849 3907 consue-

261 3954 374 4002 tum
427 3946 755 4015 psalmorum
800 3944 930 3998 inibi
979 3945 1276 4014 compleret
1324 3960 1582 4011 cursum;
1614 3945 1707 4000 sed
1741 3960 1850 4015 pra:

261 4040 440 4108 inopia
471 4039 555 4092 vix
587 4048 790 4093 etcum
838 4053 1028 4110 magno
1074 4039 1258 4094 labore
1301 4054 1394 4108 per
1439 4040 1682 4108 singulos
1735 4039 1854 4093 dies

262 4130 578 4186 adveniebat
624 4129 816 4199 aliquis
861 4127 1088 4184 forensis
1141 4130 1439 4200 presbyter,
1480 4138 1536 4184 et
1577 4129 1853 4196 citissime,

261 4222 502 4291 satisque
523 4222 831 4276 indecenter
859 4220 1111 4275 horarum
1126 4222 1370 4277 etmissaa
1390 4220 1549 4276 simul
1575 4221 1856 4290 complens

262 4314 461 4379 officia,
507 4312 755 4368 mercede
804 4322 1040 4382 accepta,
1093 4313 1465 4368 revertebatur
1492 4312 1560 4367 ad
1609 4313 1853 4383 propria.

263 4408 524 4462 Similiter
552 4409 818 4461 secundus
848 4414 903 4460 et
933 4405 1142 4470 tertius,
1171 4405 1481 4474 cmterique,
1509 4405 1685 4460 donec
1714 4406 1856 4460 idem

265 4501 400 4558 ordo
417 4499 670 4554 confusus
692 4513 720 4551 a
745 4497 1040 4552 novissimo
1061 4497 1258 4552 rediret
1277 4498 1343 4551 ad
1367 4499 1617 4566 primum.
1633 4517 1653 4550 ι
1677 4497 1859 4554 Hacte-

265 4609 366 4648 nus
397 4608 461 4648 ex
493 4592 658 4661 ipsius
693 4590 843 4646 Pauli
874 4591 1046 4657 Actis,
1082 4606 1200 4660 qua:
1234 4591 1284 4645 in
1333 4592 1531 4646 saaculo

265 4687 533 4740 habentur

343 4802 426 4856 6'5.
469 4799 576 4854 Nec
602 4799 713 4854 fere
745 4797 854 4853 alio
882 4799 1044 4852 modo
1084 4795 1174 4855 hic
1210 4799 1342 4853 ritus
1367 4798 1422 4853 in
1451 4798 1696 4853 Ecclesia
1742 4803 1856 4853 An-

266 4891 640 4947 tissiodorensi
662 4890 762 4945 sub
794 4890 952 4945 finem
983 4891 1167 4946 saeculi
1197 4906 1270 4945 vn
1297 4888 1394 4944 fuit
1424 4890 1721 4946 institutus.
1756 4890 1860 4946 Te-

267 4985 435 5041 tricus
487 4986 683 5055 quippe
732 4982 1057 5053 episcopus,
1113 4985 1285 5054 primo
1328 4998 1439 5038 suae
1505 4983 1860 5038 ordinationis

264 5091 430 5142 anno,
463 5076 742 5132 constituit
784 5087 838 5130 ut
865 5075 1107 5142 abbates,
1140 5076 1595 5148 archipresbyteri
1624 5085 1677 5132 et
1702 5091 1858 5146 paro-

263 5171 358 5227 chi
403 5169 568 5242 414
606 5170 813 5225 rurales
841 5185 960 5225 cum
988 5169 1276 5224 dominicis
1309 5172 1390 5241 (ut
1419 5171 1551 5226 Acta
1582 5170 1859 5238 episc0po-

265 5279 385 5320 rum
437 5248 655 5334 habent")
707 5263 950 5328 clericis,
1002 5263 1056 5317 in
1104 5263 1329 5318 ecclesia
1379 5265 1548 5320 sancti
1599 5250 1859 5332 Stephani

266 5359 506 5413 divinum
555 5359 922 5428 persolverent
971 5357 1241 5424 officium;
1291 5359 1363 5413 ita
1411 5368 1468 5413 ut
1525 5373 1621 5413 sua
1664 5344 1861 5428 cuique

266 5449 616 5515 monasterio,
642 5448 1131 5519 archipresbytero,
1152 5447 1236 5502 vel
1263 5449 1497 5518 paroclio
1520 5449 1858 5504 hebdomada

266 5542 626 5601 incumberet.
653 5541 926 5613 assignato
947 5540 1170 5613 singulis
1198 5539 1467 5609 stipendio
1493 5556 1560 5596 ex
1589 5541 1861 5597 dominico

273 5637 514 5692 cellario.

339 5751 432 5808 M.
493 5751 691 5806 Eodem
749 5758 990 5819 tempore
1047 5749 1189 5820 apud
1241 5749 1477 5804 Rhemos
1528 5746 1861 5818 'Rigobertus

271 5846 516 5917 pontifex
549 5864 569 5898 ι
605 5843 936 5918 canonicaui_
956 5844 1171 5901 clericis
1199 5844 1521 5916 religionem
1551 5841 1804 5906 restituit,
1835 5859 1855 5894 ι

1301 333 1392 391 DE
1431 334 1656 393 CUHSU
1696 334 2090 394 GALLICANO
2131 337 2556 407 DISQUISITIO.

3457 345 3566 406 ‘02

1893 456 1946 514 Α
1973 453 2158 523 eisque
2191 474 2212 508 ε
2251 455 2568 512 sufﬁcientia
2591 457 2868 514 ‘victualia
2918 459 3237 528 constituit,
3266 468 3320 516 et
3366 460 3564 530 praedia

1972 551 2215 618 quaedam
2269 551 2372 606 illis
2415 553 2681 619 contulit,
2726 569 2930 609 necnon
2979 556 3230 609 aerarium
3281 570 3566 611 commune

1972 644 2154 698 usibus
2197 658 2381 700 eorum
2433 647 2680 702 instituit.
2713 667 2730 700 ι
2786 649 2858 702 Ita
2915 647 3248 703 Frodoardus
3295 648 3348 703 in
3398 648 3493 704 lib.
3526 665 3564 705 ιι

1971 752 2089 806 cap.
2117 738 2204 793 11.
2231 743 2299 793 At
2331 741 2604 810 Rigoberti
2637 742 2766 796 Vita:
2793 743 3024 812 scriptor
3051 745 3211 813 paulo
3241 743 3395 798 aliter
3417 744 3560 799 idem

1969 838 2249 884 attestatur
2273 830 2358 886 his
2380 833 2592 887 verbis:
2624 852 2642 885 ς
2673 833 2993 889 Canonicam
3018 835 3229 891 clericis
3250 837 3565 906 religionem

1971 921 2219 976 instituit.
2254 923 2411 978 Juxta
2441 940 2723 981 numerum
2753 941 2963 995 quoque
2987 941 3173 982 eorum
3194 970 3208 995 ,
3234 939 3429 999 quotus
3472 929 3566 984 illo

1971 1017 2022 1070 in
2055 1025 2295 1085 tempore
2327 1028 2464 1084 erat,
2495 1019 2813 1074 sufficientia
2848 1031 2902 1075 et
2931 1021 3184 1076 continua
3213 1022 3292 1077 eis
3320 1022 3565 1076 victualia

1969 1109 2269 1176 constituit,
2303 1119 2566 1180 quatenus
2608 1112 2787 1167 divino
2829 1113 2992 1167 cultui
3039 1113 3256 1169 liberius
3286 1125 3447 1185 atque
3477 1115 3566 1170 in-

1953 1203 2200 1256 stantius
2266 1202 2516 1258 insistere
2581 1205 2895 1273 quivissent.
2952 1205 3108 1260 Prius
3161 1205 3357 1276 quippe
3405 1222 3564 1276 quam

1969 1293 2288 1361 exoptabilis
2338 1294 2428 1348 hic
2477 1295 2615 1351 altor
2643 1311 2704 1352 ac
2734 1287 2884 1366 pater
2913 1312 3097 1352 eorum
3129 1298 3426 1365 adveniret,
3460 1314 3564 1352 non

1969 1385 2046 1440 eis
2098 1385 2324 1441 dabatur
2353 1388 2644 1442 cauonicus
2686 1389 2874 1458 panis,
2910 1400 2963 1442 et
2994 1403 3098 1442 non
3139 1399 3313 1453 erant,
3347 1397 3406 1441 ut
3441 1397 3566 1442 sunt

1971 1477 2149 1543 hodie,
2181 1480 2448 1543 canonici,
2498 1478 2592 1534 sed
2643 1481 2782 1535 sicut
2834 1481 3201 1536 matricularii.
3257 1483 3318 1535 Et
3349 1480 3414 1534 ad
3449 1480 3563 1536 haec

1969 1586 2056 1626 res
2087 1572 2330 1642 proprias
2359 1587 2481 1627 cum
2530 1571 2923 1638 habitatoribus
2953 1589 3136 1629 earum
3167 1575 3275 1628 illis
3316 1575 3561 1640 contulit,

1968 1665 2056 1734 qui
2103 1666 2332 1737 singulis
2379 1667 2790 1724 necessitatibus
2816 1684 3003 1724 eorum
3037 1678 3298 1738 perpetuo
3327 1669 3563 1725 deservi-

1970 1768 2110 1814 rent.
2145 1759 2359 1814 Primus
2387 1760 2774 1816 Rhemensium
2803 1761 2888 1815 hic
2918 1763 3202 1831 episcopus
3227 1761 3394 1816 fertur
3415 1777 3563 1817 com-

1892 1846 1941 1909 B
1970 1867 2131 1907 mune
2183 1854 2267 1908 eis
2314 1852 2611 1908 instituisse
2661 1851 2950 1918 azrarium,
2980 1853 3304 1924 generaliter
3350 1852 3562 1908 illorum

1969 1943 2153 1998 usibus
2184 1944 2235 1997 in
2264 1944 2460 1999 szecala
2491 1944 2852 2014 profuturum.
2882 1963 2903 1997 ι
2936 1944 3087 2010 Quod
3121 1944 3441 2012 Rigobertus
3475 1946 3562 2000 hic

1967 2036 2195 2102 dicitur,
2237 2037 2551 2092 canonicam
2601 2037 2817 2100 clericis
2863 2036 3174 2107 religionem
3221 2038 3558 2106 instituisse,

1964 2133 2098 2199 sive,
2130 2140 2188 2186 ut
2214 2131 2563 2187 Frodoardus
2593 2131 2794 2196 habet,
2826 2133 3143 2196 restituisse,
3178 2133 3228 2186 id
3259 2132 3330 2186 ita
3361 2132 3558 2189 intelli-

1961 2224 2192 2295 gendum
2223 2233 2326 2294 est,
2354 2233 2414 2279 ut
2441 2240 2533 2279 eos
2559 2225 2625 2279 ad
2658 2239 2996 2280 communem
3031 2225 3192 2279 vitam
3226 2240 3549 2294 composue-

1963 2316 2071 2382 rit,
2126 2331 2412 2371 commune
2454 2316 2532 2372 eis
2575 2316 2858 2371 tribuendo
2906 2317 3156 2371 aerarium
3187 2335 3199 2369 :
3227 2332 3346 2372 cum
3395 2327 3552 2372 antea

1962 2407 2166 2464 reditus
2212 2424 2530 2464 communes
2577 2423 2683 2464 non
2734 2409 3031 2469 haberent,
3061 2408 3155 2463 sed
3181 2408 3372 2476 stipem
3401 2424 3551 2464 suam

1961 2503 2016 2558 in
2065 2503 2182 2558 dies
2227 2504 2294 2557 ab
2331 2503 2585 2572 episcopo
2632 2503 2958 2571 acciperent,
2988 2501 3128 2556 sicut
3177 2502 3550 2568 matricularii.

1961 2595 2206 2651 ecclesia:
2245 2596 2490 2664 catalogo
2525 2595 2764 2664 ascripti.
2816 2594 3008 2648 Beatus
3048 2593 3321 2663 Remigius
3356 2594 3407 2648 in
3453 2608 3552 2648 suo

1962 2689 2128 2758 ipsius
2158 2697 2476 2744 testamento
2505 2688 2708 2744 clerum
2731 2687 2979 2742 ecclesia:
3008 2687 3330 2742 Rhemensis
3355 2697 3418 2741 et
3436 2701 3551 2740 ma-

1961 2783 2259 2838 tricularios
2288 2783 2534 2852 designat
2557 2781 2639 2836 his
2661 2781 2838 2836 verbis
2865 2797 2878 2833 :
2907 2798 2926 2832 ι
2963 2779 3320 2836 Subdiaconis
3347 2779 3552 2834 solidos

1958 2875 2266 2942 duodecim,
2300 2876 2591 2931 lectoribus
2632 2874 2833 2929 solidos
2873 2874 3007 2928 ducs
3031 2913 3046 2938 ,
3098 2875 3333 2928 ostiariis
3370 2882 3424 2928 et
3464 2874 3552 2943 ju-

1959 2969 2201 3024 nioribus
2230 2969 2429 3024 solidos
2456 2969 2592 3023 duos
2617 2969 2780 3039 juheo
2795 2968 2928 3022 dari.
2947 2966 3338 3038 Pauperibusin
3361 2967 3550 3019 matri-

1959 3061 2078 3117 cula
2106 3062 2312 3130 positis,
2342 3061 2504 3133 415
2531 3071 2655 3116 ante
2681 3061 2823 3116 fores
2845 3060 3086 3116 ecclesiae
3109 3059 3551 3128 exspectantibus

1960 3153 2176 3222 stipem,
2208 3155 2314 3209 duo
2363 3154 2545 3218 solidi,
2578 3154 2720 3208 unde
2764 3167 2823 3207 se
2867 3154 3130 3218 reficiant,
3176 3153 3496 3207 inferentur.
3525 3170 3546 3204 ι

1887 3242 1934 3305 C
1969 3245 2226 3300 Similiter
2273 3245 2480 3315 agendo
2507 3245 2575 3300 de
2627 3246 2868 3300 Ecclesia
2915 3245 3254 3313 Lugdunensi
3286 3260 3381 3299 seu
3413 3244 3553 3300 Lau-

1957 3336 2220 3401 dunensi,
2267 3337 2411 3390 solos
2465 3336 2848 3402 subdiaconus,
2898 3337 3149 3402 lectores,
3207 3336 3455 3391 ostiarius
3494 3344 3552 3390 et

1951 3429 2194 3499 juniores
2223 3429 2482 3494 nominat,
2515 3429 2659 3483 nulla
2712 3430 3144 3497 presbyterorum
3174 3438 3264 3480 aut
3295 3427 3551 3480 diacono-

1956 3537 2074 3576 rum
2115 3521 2388 3576 mentione
2416 3520 2574 3575 facta.
2609 3521 2711 3576 Per
2740 3520 2790 3574 id
2820 3529 3029 3589 tempus
3055 3520 3258 3573 clerum
3291 3516 3549 3572 Ecclesia

1957 3614 2278 3670 Rhemensis
2319 3613 2386 3667 ad
2412 3613 2589 3668 officia
2627 3611 2802 3666 divina
2831 3612 2962 3668 satis
3007 3624 3352 3666 numerosum
3383 3609 3549 3664 fuisse

1957 3710 2081 3765 inde
2109 3708 2286 3776 colligi
2317 3715 2508 3776 potest.
2542 3705 2647 3761 Sed
2679 3722 2798 3760 cum
2832 3713 3130 3773 temporum
3165 3700 3416 3773 procellis
3448 3701 3548 3754 im-

1956 3802 2197 3856 minutus
2243 3799 2454 3865 fuisset,
2489 3814 2610 3852 eum
2653 3798 2887 3852 restituit
2936 3802 3151 3850 sanctus
3203 3793 3544 3865 ltigobertus.

1957 3894 2041 3947 Ab
2064 3890 2223 3958 hujus
2251 3899 2498 3959 tempore
2524 3896 2713 3946 auctus
2733 3897 2816 3943 est
2839 3889 2957 3943 sine
2983 3887 3146 3942 dubio
3169 3886 3219 3939 in
3251 3883 3549 3939 ltbemensi

1958 3984 2200 4040 Ecclesia
2231 3985 2441 4039 divinus
2470 3983 2666 4048 cultus,
2699 3984 2789 4053 qui
2818 3983 3024 4037 fortean
3053 3985 3200 4052 prius
3230 3982 3299 4036 ob
3329 3982 3551 4037 canoni-

1955 4093 2142 4134 corum
2189 4079 2462 4146 penuriam
2511 4090 2612 4130 non
2661 4075 2734 4130 ita
2781 4075 3039 4130 solemnis
3077 4084 3209 4129 erat.
3238 4073 3391 4130 Nunc
3415 4087 3548 4129 vero

1959 4178 2104 4224 tanta
2133 4170 2242 4224 illic
2293 4170 2572 4239 majestate
2601 4178 2654 4223 et
2696 4169 2893 4222 rituum
2926 4167 3190 4238 gravitate
3217 4167 3544 4236 celebratur,

1960 4266 2157 4334 quanta
2186 4262 2272 4316 vix
2307 4263 2360 4316 in
2392 4261 2498 4315 ulla
2528 4259 2633 4314 alia
2657 4258 2954 4314 cathedrali
2983 4258 3235 4315 ecclesia.

2680 4372 2706 4442 §
2746 4371 2832 4427 1v.

1963 4486 2269 4541 Divinarum
2308 4486 2585 4556 officiorum
2614 4485 2866 4608 instita/tio
2906 4485 2958 4538 in
2985 4481 3362 4554 parochialibus
3411 4481 3555 4536 aliis-

2565 4573 2662 4608 aue
2681 4562 2782 4608 recc
2807 4557 2944 4608 esiis.

2565 4573 2662 4622 que
2681 4557 2944 4621 (ecclesiis.

2565 4599 2660 4622 .,..ν
2681 4599 2944 4621 μην-ης

1566 4607 1636 4645 v"
1669 4599 1855 4646 "05er
1879 4623 1934 4684 Ι)
2031 4652 2120 4706 45,
2161 4649 2294 4706 cum
2340 4650 2514 4705 ofﬁcia
2567 4649 2741 4703 divina
2776 4664 2880 4704 non
2908 4646 3080 4715 magis
3118 4645 3183 4699 ad
3230 4645 3548 4700 clericorum

1962 4758 2183 4813 pensum
2233 4758 2390 4812 quam
2434 4741 2501 4795 ad
2545 4740 2784 4794 fidelium
2816 4738 3120 4806 exemplum
3156 4737 3395 4789 instituta
3423 4736 3552 4800 sint,

1963 4850 2068 4889 non
2121 4850 2308 4905 parum
2335 4834 2589 4886 intererat
2620 4839 2678 4884 ut
2705 4844 2810 4883 non
2843 4830 3013 4882 solum
3045 4828 3097 4881 in
3127 4826 3549 4892 cathedralibus,

1963 4926 2057 4979 sed
2087 4926 2247 4980 etiam
2278 4924 2328 4977 in
2361 4921 2757 4992 parochialibus
2787 4921 3011 4989 aliisque
3037 4919 3281 4974 ecclesiis
3313 4919 3555 4980 celebra-

1965 5025 2175 5082 rentur,
2200 5009 2464 5085 quatenus'
2495 5028 2590 5083 per
2632 5013 2877 5068 ecclesia:
2905 5013 3167 5082 cujusque
3197 5011 3472 5066 facultates
3500 5012 3554 5065 id

1964 5106 2172 5160 liceret.
2208 5105 2438 5174 Hujusce
2487 5104 2717 5158 instituti
2767 5104 2968 5159 nullum
2999 5103 3286 5181 'antiquius
3338 5102 3555 5156 invenio

1965 5206 2406 5264 monumentum,
2456 5211 2614 5266 quam
2666 5197 2719 5251 in
2770 5196 2997 5252 concilio
3047 5193 3368 5265 Epaonensi,
3403 5191 3556 5261 cujus

1963 5303 2169 5345 canone
2194 5288 2265 5342 25
2293 5289 2342 5344 id
2367 5289 2715 5344 constitutum
2746 5299 2828 5343 est
2869 5307 2882 5341 :
2927 5287 3235 5343 Sanctorum
3256 5285 3482 5353 reliquiae
3503 5286 3556 5340 in

1965 5385 2204 5439 oratoriis
2244 5383 2508 5438 vilioribus
2555 5399 2658 5437 non
2689 5391 2977 5452 ponantur,
3005 5379 3106 5431 nisi
3138 5379 3316 5445 forsan
3341 5376 3556 5432 clericos

1965 5479 2310 5548 cujuscunque
2335 5474 2593 5544 parochim
2618 5473 2808 5526 uicinos
2833 5485 2938 5524 esse
2966 5468 3249 5534 contingat,
3271 5467 3361 5536 qui
3391 5468 3554 5521 sacris

1965 5568 2215 5621 cineribus
2246 5565 2502 5635 psallendi
2546 5561 2834 5632 frequentia
2883 5555 3217 5627 famulentur.
3252 5557 3364 5610 Mos
3396 5557 3559 5623 igitur

1968 5673 2032 5712 eo
2063 5669 2303 5725 tempore
2333 5663 2469 5721 erat,
2500 5653 2550 5707 id
2574 5662 2659 5707 est
2687 5650 2885 5704 saeculo
2915 5663 2965 5699 v1
2988 5647 3226 5711 ineunte,
3252 5657 3308 5701 ut
3338 5649 3393 5700 in
3425 5645 3558 5700 locis

1969 5748 2056 5802 ubi
2083 5758 2387 5802 sanctorum
2419 5744 2661 5815 reliquiae
2688 5737 3102 5794 asservabantur
3123 5778 3139 5802 ,
3171 5737 3347 5792 ofﬁcia
3376 5737 3557 5790 divina

1968 5857 2064 5912 per
2112 5839 2365 5912 proprios
2424 5844 2516 5892 aut
2579 5834 2800 5890 vicinos-
2829 5830 3056 5888 clericos
3108 5830 3556 5897 persolverentur.
