4060 6346
461 248 568 306 403

1070 244 1418 304 APPENDIX
1457 244 1551 304 ΔΙ)
1592 243 1828 304 οΡΕιΑ
1865 238 2070 301 SANC'i

2178 238 2470 297 senum!
2508 232 2960 296 PARISIENSIS.

3655 230 3757 290 ιιι

460 374 836 431 Consentanea
886 379 972 429 est
1010 372 1135 427 huic
1178 371 1385 428 sanctio
1431 370 1648 428 concilii
1675 366 2048 425 Cabilouensis
2075 363 2131 423 Δ
2156 360 2343 417 ﬁdeles
2387 359 2456 414 ad
2507 364 2800 413 nocturnas
2846 362 3034 421 preces
3082 348 3405 419 surgebant,
3437 358 3509 403 es
3541 346 3759 404 Tertul-

461 464 644 522 medio
672 463 872 521 secqu
896 478 968 520 vn
1014 462 1182 537 516
1220 463 1500 529 celebrati,
1533 463 1585 517 in
1614 475 1824 517 canone
1870 458 1963 525 i3,
1991 458 2055 512 de

461 556 702 612 oratoriis
740 572 857 628 qua
879 572 969 627 per
1009 555 1159 611 villas
1190 557 1343 625 ﬁunt,
1374 563 1429 609 ut
1459 554 1562 609 sint
1591 555 1645 608 in
1670 560 1919 624 potestate
1948 552 2057 621 epi-

459 664 768 720 scoporum;
796 649 887 719 qui
925 665 990 704 ea:
1028 648 1358 720 facultatibus
1402 648 1589 703 ibidem
1612 648 1839 704 collectis
1869 662 2058 716 procu-

459 751 573 797 rent
598 749 658 796 ut
684 742 903 813 otﬁcium
933 740 1165 795 divinum
1202 741 1361 810 possit
1402 739 1628 813 impleri,
1652 749 1700 795 et
1744 754 1897 795 sacra
1928 739 2059 795 liba-

462 837 607 892 mina
636 838 951 893 consecrari.

541 954 631 1010 46.
672 955 975 1012 Concilium
1014 954 1347 1011 Emeritam
1391 948 1447 1009 in
1478 953 1767 1019 Lusitania,
1800 960 1919 1023 post
1948 965 2061 1008 me.

465 1049 614 1105 dium
646 1050 902 1105 saeculum
931 1062 1003 1104 vn
1032 1048 1100 1104 de
1124 1048 1463 1117 parochianis
1490 1047 1821 1120 presbyteris
1850 1047 2056 1113 statuit,

462 1160 670 1203 canone
718 1144 804 1211 i9,
843 1145 914 1202 Ut
942 1144 1008 1201 de
1032 1142 1262 1201 ecclesite
1300 1156 1409 1200 sua!
1455 1144 1659 1216 familia
1705 1145 1916 1200 clericos
1963 1143 2062 1198 sibi

465 1240 680 1309 faciant,
712 1252 835 1308 quos
862 1248 952 1307 per
981 1237 1168 1293 bonam
1195 1239 1509 1292 voluntatem
1548 1238 1622 1291 ita
1654 1237 1905 1305 nutriant,
1939 1244 2062 1291 utet

465 1333 685 1403 ofﬁcium
711 1342 943 1388 sanctum
966 1331 1121 1406 digne
1146 1340 1414 1404 peragant,
1445 1338 1493 1386 et
1520 1331 1589 1385 ad
1618 1331 1881 1387 servitium
1909 1347 2061 1384 suum

464 1435 609 1498 aptos
637 1444 720 1484 eos
752 1427 986 1484 habeant.
1031 1425 1161 1485 item
1203 1429 1342 1499 apud
1374 1427 1575 1499 Anglos
1600 1469 1615 1493 ,
1644 1440 1785 1483 anno
1811 1427 1938 1495 787,
1970 1426 2062 1481 de-

467 1531 674 1577 cretum
705 1528 787 1577 est
814 1522 867 1578 in
898 1522 1112 1578 cbncilii
1142 1520 1518 1577 Celichitensis
1549 1532 1669 1591 cap.
1702 1519 1758 1587 7,
1795 1519 1865 1576 Ut
1887 1536 2063 1576 omnes

466 1606 691 1667 ecclesite
716 1612 939 1684 publica:
963 1614 1223 1667 canonicis
1259 1612 1399 1667 horis
1427 1624 1635 1667 cursum
1661 1614 1810 1666 suum
1840 1628 1955 1665 cum
1982 1628 2062 1666 re-

466 1705 693 1758 verentia
718 1704 954 1759 habeant.
980 1702 1133 1759 Unde
1164 1704 1440 1776 Eadgarus
1460 1720 1555 1760 rex
1584 1704 1784 1760 saeculo
1808 1720 1843 1759 x
1872 1705 2037 1761 edixit

471 1811 593 1867 cap.
623 1795 721 1861 45,
757 1816 775 1849 ι
807 1796 879 1854 Ut
908 1799 1025 1868 quis
1056 1800 1209 1855 stat's
1253 1799 1580 1869 temporibus
1626 1814 1912 1871 campanas
1942 1802 2060 1873 pul-

473 1899 575 1954 set,
607 1900 662 1946 et
693 1898 752 1946 ut
781 1892 955 1946 omnis
1000 1894 1127 1947 tunc
1169 1893 1423 1949 sacerdos
1453 1901 1668 1952 cantum
1711 1910 1864 1951 suum
1903 1896 2065 1952 hora-

474 1984 613 2038 rium
661 1983 715 2038 in
768 1984 992 2041 ecclesia
1024 1983 1234 2055 psallat.
1272 2004 1288 2037 ι
1321 1983 1433 2041 No“
1465 1987 1566 2041 alia
1604 1988 1741 2057 apud
1774 2001 1870 2043 nos
1902 1986 2062 2045 disci-

471 2077 638 2147 plina.
664 2076 792 2133 Nam
814 2076 953 2147 apud
972 2075 1324 2147 Reginonem,
1344 2078 1395 2134 in
1416 2078 1748 2135 Coiiectione
1771 2094 2063 2151 canonum,

470 2169 565 2224 lib.
596 2184 632 2233 ι,
661 2182 781 2237 cap.
809 2168 938 2236 208,
968 2170 1196 2226 refertur
1239 2169 1448 2227 concilii
1494 2169 1871 2227 Namneteusis
1904 2182 2069 2240 caput

472 2262 560 2329 19,
586 2263 638 2317 in
669 2261 784 2318 haec
810 2262 971 2318 verba
1004 2280 1020 2317 :
1050 2261 1344 2335 Presbyter,
1375 2280 1525 2319 mane
1564 2264 1860 2319 matutinali
1905 2265 2068 2335 oﬁicio

471 2356 691 2428 expleto,
740 2372 953 2427 pensum
982 2358 1237 2413 servitutis
1270 2373 1376 2413 sua:
1405 2356 1633 2412 canendo
1665 2356 1743 2428 (id
1778 2360 1860 2413 est
1892 2358 2067 2427 priva-

473 2451 565 2504 tim
590 2448 893 2521 recitando)
920 2447 1172 2515 Primam,
1201 2448 1452 2517 Tertiam,
1487 2450 1725 2516 Sextam,
1756 2450 2069 2521 Nonamque

472 2540 767 2613 persolvat;
794 2542 869 2596 ita
914 2547 1083 2596 tamen
1123 2556 1179 2595 ut
1222 2549 1426 2613 postea,
1460 2543 1604 2598 horis
1644 2543 2067 2611 competentibus,

474 2638 622 2699 iuxta
648 2633 1054 2705 possibilitatem,
1085 2640 1176 2687 aut
1202 2650 1234 2687 a
1258 2648 1331 2699 se,
1354 2636 1448 2689 aut
1475 2648 1507 2686 a
1534 2634 1851 2689 scholaribus
1874 2634 2073 2704 publice

475 2727 850 2797 compleantur.
879 2725 1113 2781 Verbum
1146 2725 1377 2781 rapiendo
1415 2727 1740 2797 interpretor
1766 2727 1832 2783 de
1863 2716 2069 2797 privata

477 2818 815 2883 recitatione,
842 2833 942 2874 nec
961 2818 1118 2873 aliam
1151 2819 1651 2889 interpretationem
1677 2822 1956 2891 sequentia
1983 2836 2072 2890 pa-

476 2912 701 2966 tiuntur.
721 2910 812 2967 Sic
834 2918 1011 2966 autem
1036 2911 1151 2966 haec
1172 2926 1275 2966 vox
1306 2910 1532 2984 aliasque
1554 2911 1757 2968 similes
1782 2912 2071 2983 aliquando

480 3014 765 3061 sutuuntur
803 3005 941 3077 apud
970 3004 1233 3077 ejusmodi
1262 3012 1534 3076 auctores,
1567 3016 1623 3063 ut
1656 3008 1787 3063 alias
1822 3007 2070 3077 probavi-

480 3111 624 3153 mus.
657 3096 722 3154 Et
751 3098 871 3169 quia
903 3096 1019 3153 haec
1042 3097 1348 3155 observatio
1370 3100 1597 3172 alicujus
1629 3102 1882 3157 momenti
1911 3101 2068 3159 estin

479 3197 668 3246 nostro
699 3199 1035 3261 argumento,
1064 3202 1225 3246 unum
1256 3189 1421 3248 aﬁero
1452 3191 1812 3249 indubitatum
1842 3188 2070 3266 Remigii

482 3280 967 3339 Autissiodurensis
998 3283 1243 3339 monachi
1277 3285 1665 3352 testimonium,
1695 3288 1785 3357 qui
1816 3287 1867 3341 in
1898 3287 2073 3356 expli-

481 3378 693 3435 catione
723 3388 885 3448 super
911 3375 1183 3435 (Zenonem
1218 3378 1398 3435 missa:
1418 3426 1431 3447 ,
1464 3380 1553 3436 ubi
1581 3380 1845 3437 rationem
1874 3380 2069 3446 reddit,

480 3485 576 3526 cur
604 3468 788 3526 Cauon
842 3469 1001 3526 tacite
1050 3469 1343 3527 recitetur:
1373 3486 1392 3525 t
1422 3468 1661 3541 Idcirco,
1692 3472 1882 3543 inquit,
1930 3472 2075 3531 venit

480 3562 815 3619 consuetudo
834 3562 887 3618 in
914 3558 1174 3630 Ecclesia,
1193 3571 1251 3619 ut
1271 3564 1433 3620 tacite
1455 3564 1567 3634 ipsa
1590 3560 1892 3621 obsecratio
1915 3574 2076 3638 atque

480 3657 819 3713 consecratio
845 3671 877 3712 a
908 3652 1068 3730 4'17
1099 3656 1378 3715 sacerdote
1398 3667 1664 3725 cantetur,
1683 3674 1749 3716 ne
1773 3660 1934 3717 verba
1966 3668 2074 3716 tam

480 3760 631 3805 sacra
662 3749 1002 3806 vilescerent.
1035 3768 1054 3803 ι
1087 3749 1201 3805 Non
1233 3751 1387 3808 aliter
1433 3752 1691 3824 accipitur
1719 3751 1952 3810 Verbum
1982 3771 2077 3809 ca-

482 3841 640 3898 nendl
665 3841 717 3897 in
750 3841 1005 3911 praedicto
1033 3846 1241 3901 canone
1258 3836 1472 3902 cnncilii
1493 3836 1866 3904 Namnetensis
1889 3866 1903 3915 ;
1930 3850 2073 3921 quod

483 3954 592 4010 quo
620 3938 861 4009 tempore
890 3934 1217 3995 celebratum
1249 3940 1351 4007 sit,
1382 3934 1643 3996 incertum
1691 3952 1796 3998 est.
1842 3939 1954 4000 Hoc
1981 3959 2075 3999 ca-

483 4030 712 4101 pitulum
765 4030 988 4087 totidem
1033 4031 1211 4088 verbis
1260 4032 1422 4089 refert
1468 4032 1789 4089 HinCmarus
1828 4036 1879 4090 in
1914 4035 2074 4108 primi

484 4121 807 4193 Capltularis
854 4123 1081 4181 articulo
1107 4116 1162 4181 9.
1195 4126 1363 4183 Porro
1394 4126 1746 4199 psalmodiam
1792 4126 1843 4182 in
1877 4128 2073 4185 rurali-

486 4215 588 4271 bus
617 4215 776 4272 etiam
826 4208 1073 4274 ecclesiis
1120 4220 1316 4276 sacculo
1362 4224 1434 4275 vu
1481 4218 1713 4290 viguisse
1757 4218 1883 4277 illud
1914 4238 2074 4294 argu-

486 4319 668 4368 mento
688 4320 793 4378 est,
810 4314 953 4383 quod
973 4322 1189 4371 sanctus
1213 4308 1415 4385 Eligius
1435 4314 1806 4372 Noviomeusis
1828 4317 2073 4387 antistes,

492 4423 513 4458 ι
545 4418 667 4461 cum
696 4404 963 4463 dimceses
990 4421 1137 4476 suas,
1166 4426 1186 4461 ι
1216 4408 1269 4462 id
1295 4417 1376 4463 est
1406 4407 1705 4477 parochias,
1732 4426 1750 4459 ι
1782 4418 1841 4463 ιιι
1867 4408 2077 4477 episco-

487 4495 572 4564 pis
599 4509 715 4551 mos
746 4504 852 4563 est,
871 4496 1141 4560 visitaret;
1176 4516 1193 4550 ι
1231 4496 1301 4552 ob
1332 4513 1523 4569 pravos
1552 4499 1828 4569 cujusdam
1854 4494 2075 4573 presby-

491 4587 598 4641 teri
645 4601 846 4653 mores,
877 4604 899 4640 ι
931 4589 983 4645 in
1015 4602 1119 4644 una
1166 4591 1387 4648 basilica
1437 4591 1712 4648 interdixit
1742 4607 1955 4649 cursum
1989 4594 2072 4649 vel

488 4677 837 4750 oblationem,
864 4700 883 4733 ι
916 4688 973 4735 ut
1001 4680 1191 4753 legitur
1226 4684 1278 4738 in
1302 4684 1418 4753 ejus
1448 4679 1583 4740 Vitae
1614 4684 1706 4741 lib.
1737 4701 1794 4754 ti,
1830 4701 1946 4757 cap.
1980 4686 2070 4742 20.

561 4771 653 4828 Π.
696 4772 838 4829 Sane
883 4774 1123 4830 Riculqu
1160 4775 1356 4833 Saecqu
1403 4780 1458 4832 ix
1501 4777 1782 4847 episcopus
1830 4776 2080 4834 Suessio~

487 4867 674 4923 uensis
702 4864 944 4922 eamdem
976 4866 1091 4923 fere
1120 4870 1553 4927 constitutionem
1587 4870 1749 4925 habet
1780 4868 2008 4926 articulo
2038 4867 2093 4940 5~

486 4962 555 5016 ad
602 4973 729 5017 suos
768 4958 1033 5031 parochos
1062 4970 1125 5015 ει
1163 4958 1366 5018 Habete
1394 5005 1408 5030 ,
1457 4964 1683 5033 quaeso,
1735 4963 1971 5017 studium
2027 4963 2080 5017 in

486 5056 725 5126 psalmos
752 5052 1037 5121 cantando,
1087 5052 1143 5108 iii
1188 5052 1397 5109 divinos
1432 5046 1595 5110 libros
1624 5052 1876 5127 legendo,
1909 5054 1960 5108 in
1991 5067 2081 5108 ca-

488 5148 708 5203 nonicas
738 5144 896 5201 horas
920 5145 1296 5213 custodiendo,
1328 5145 1382 5200 id
1413 5152 1494 5201 est
1526 5144 1783 5213 Primam,
1818 5145 2077 5214 Tertiam,

490 5240 731 5305 Sextam,
765 5239 1051 5295 missarum
1093 5237 1399 5306 quotidiana
1441 5226 1820 5306 Celebratiune,
1856 5238 2079 5305 Nonum,

490 5332 760 5405 Vesperas
786 5342 840 5391 et
861 5328 1301 5404 Completorlum,
1329 5338 1488 5404 atque
1512 5333 1825 5389 matutinale
1849 5324 2081 5387 ofﬁcium

494 5423 864 5493 decantando;
895 5434 948 5483 ct
974 5423 1192 5483 invitate
1219 5425 1575 5497 parochianos
1603 5424 1833 5489 vestros,
1860 5433 1917 5480 ut
1946 5425 1989 5480 si
2017 5423 2084 5479 ad

496 5516 632 5575 alios
679 5534 872 5574 cursus
918 5521 1101 5575 venire
1150 5530 1255 5576 nun
1306 5516 1613 5587 sufficiunt,
1657 5517 1847 5573 saltem
1893 5514 2085 5574 missas

496 5614 684 5672 audire
711 5611 1042 5683 frequentius
1072 5608 1413 5681 studeant,ei
1441 5612 1757 5681 Dominicis,
1780 5622 1938 5685 atque
1967 5612 2086 5669 aliis

496 5706 684 5765 diebus
712 5705 880 5771 festis,
914 5702 1201 5773 Vespéra’s,
1231 5690 1512 5760 biatutinas
1541 5712 1594 5759 et
1619 5702 1809 5759 missas
1837 5696 2087 5776 frequent-

497 5806 613 5856 tare
642 5812 748 5857 non
776 5794 1250 5868 praetermittam.»
1295 5793 1489 5853 Primis
1541 5784 1799 5853 ECcl’es‘iz‘e
1846 5786 2082 5863 satculis,

2156 455 2323 524 lieno,
2345 454 2398 510 in
2426 450 2703 523 Apologia:
2734 460 2854 517 cap.
2884 442 2953 513 ἐς
2983 459 3048 502 ex
3084 442 3239 498 Plinii
3265 442 3494 514 epistola
3528 442 3599 497 ad
3631 443 3762 499 Tra-

2154 547 2361 618 ianum,
2395 545 2463 600 de
2491 540 2852 605 Christianis;
2883 547 2939 594 et
2988 536 3202 593 Eusebii
3248 536 3345 591 lib.
3378 550 3464 603 tu,
3496 550 3622 606 cap.
3655 535 3762 602 35;

2159 649 2320 710 atque
2340 634 2630 708 Nicephori
2656 633 2749 689 lib.
2771 646 2823 687 in
2847 645 2966 702 cap.
2994 629 3080 696 Π,
3108 629 3302 701 quibus
3332 628 3471 684 adde
3500 626 3765 683 Hilarium

2159 731 2215 787 in
2267 730 2529 801 psalmum
2574 742 2761 792 cxvnt,
2793 734 2849 780 et
2894 723 3237 779 Ambrosium
3282 722 3450 777 variis
3500 721 3561 775 in
3614 722 3767 776 locis.

2158 822 2427 882 Solemnis
2458 829 2573 877 erat
2604 818 2768 875 etiam
2796 816 3107 873 Lucernarii
3141 817 3269 871 liora
3302 817 3401 871 sub
3436 817 3607 871 linem
3642 808 3769 878 diei,

2162 924 2303 972 teste
2348 913 2640 970 Prudentio
2694 926 2817 966 cum
2866 910 3027 976 aliis,
3072 918 3355 978 antequam
3405 908 3773 979 VeSperarum

2164 1018 2469 1066 nostrarum
2502 1007 2634 1061 ritus
2691 1008 2838 1061 esset
2868 1001 3163 1057 institutus.
3216 992 3459 1070 Scriptor
3484 997 3774 1057 Constitu-

2166 1102 2368 1157 tionuin
2419 1097 2839 1170 apostolicarum
2867 1136 2883 1161 ,
2911 1094 2963 1149 in
3016 1092 3107 1148 lib.
3142 1110 3253 1159 Vill,
3284 1110 3402 1164 cap.
3436 1093 3531 1155 54,
3585 1092 3779 1149 ﬁdeles

2165 1209 2354 1250 omnes
2409 1191 2699 1247 universim
2749 1189 3029 1260 alloquens
3055 1205 3070 1242 :
3100 1206 3120 1239 ι
3162 1185 3546 1253 Precationes,
3579 1187 3778 1256 inquit,

2165 1288 2323 1344 facite
2344 1302 2525 1351 mane,
2541 1286 2719 1351 tertia,
2733 1293 2907 1349 sexta,
2924 1300 3087 1349 nona,
3106 1298 3350 1352 vespere,
3365 1296 3532 1351 atque
3550 1282 3624 1337 ad
3650 1281 3782 1352 galli

2166 1391 2404 1437 cantum.
2428 1399 2445 1433 ι
2500 1380 2665 1452 418
2689 1380 2879 1453 Postea
2911 1376 3298 1447 refrigescente
3324 1376 3520 1445 pietate
3538 1416 3558 1441 ,
3584 1374 3785 1431 diebus

2168 1474 2316 1530 festis
2343 1488 2405 1527 ac
2429 1472 2721 1527 Dominicis
2745 1471 2929 1525 ﬁdeles
2951 1485 2981 1523 a
3004 1467 3282 1524 Matutinis
3302 1469 3494 1523 abesse
3515 1466 3785 1536 religiom'

2170 1568 2455 1623 duxerunt.
2486 1564 2638 1620 Unde
2670 1562 2940 1618 Ebroinus
2963 1561 3052 1617 die
3081 1561 3381 1627 Dominico,
3410 1574 3535 1615 cum
3571 1561 3648 1615 ab
3677 1562 3785 1615 hoc

2170 1666 2548 1721 Matutinarum
2581 1662 2760 1718 ofﬁcio
2810 1662 2861 1715 in
2894 1660 3038 1717 :edes
3067 1676 3191 1715 suas
3232 1646 3452 1725 rediret,
3482 1657 3554 1714 ab
3588 1657 3790 1712 adver-

2043 1748 2059 1775 ’
2090 1749 2142 1813 Β
2169 1759 2328 1814 sariis
2359 1765 2578 1813 necatus
2605 1765 2707 1811 est.
2753 1752 2905 1809 Nunc
2950 1769 3016 1809 eo
3048 1752 3262 1808 devenit
3294 1751 3490 1821 pietas,
3522 1759 3589 1805 ut
3641 1750 3792 1820 quia

2167 1850 2329 1905 missa
2383 1848 2466 1903 vel
2528 1847 2731 1916 privata
2787 1861 2894 1900 non
2945 1842 3407 1899 abfueritdiebus
3460 1840 3793 1913 praeceptis,

2167 1942 2382 2013 egregie
2412 1930 2693 2008 religiosus
2726 1938 3004 1992 habeatur.
3040 1934 3193 2002 Quod
3228 1944 3403 1991 tamen
3434 1935 3575 1989 citra
3610 1933 3795 1988 οπεο-

2168 2050 2281 2090 sam
2330 2035 2532 2091 dictum
2563 2034 2629 2089 sit
2680 2033 2889 2103 piorum
2921 2030 3225 2094 hominUm,
3253 2029 3344 2100 qui
3392 2039 3577 2084 nostra
3614 2030 3791 2083 etiam

2169 2135 2346 2194 aetate,
2383 2126 2682 2197 priscorum
2705 2122 3135 2180 Christianorum
3162 2120 3478 2192 religionem
3502 2135 3566 2177 ac
3598 2134 3796 2176 mores

2168 2235 2267 2292 pro
2296 2219 2513 2276 modulo
2536 2218 2834 2275 imitantur.

2904 2329 3038 2402 δν.

2171 2446 2478 2502 Divinarum
2526 2444 2806 2517 oﬂiciorum
2856 2445 2910 2499 in
2960 2442 3249 2517 Gallicanis
3286 2442 3511 2498 ecclesiis
3561 2441 3797 2514 antiqua

2671 2518 2931 2572 ordinatio
2963 2516 3287 2572 describitur.

2248 2635 2341 2689 48.
2386 2635 2658 2691 Hactenus
2709 2633 2836 2703 quid
2883 2633 2951 2690 de
2998 2648 3161 2689 cursu
3208 2632 3483 2690 Gallicana
3524 2633 3579 2687 in
3613 2630 3794 2687 variis

2176 2726 2434 2783 Ecclesiis
2472 2728 2764 2783 observare
2805 2724 2973 2793 licuit,
3008 2727 3125 2781 rudi
3165 2742 3330 2797 opere
3375 2727 3785 2796 exposuimus;

2173 2820 2271 2875 sed
2298 2821 2350 2875 in
2397 2834 2502 2889 quo
2533 2819 2618 2874 hic
2644 2833 2835 2875 cursus
2861 2819 3220 2886 consisteret,
3256 2818 3487 2875 nondum
3514 2832 3584 2874 ex
3608 2832 3789 2888 supe-

2176 2913 2410 2969 rioribus
2436 2915 2566 2968 satis
2604 2912 2861 2969 distincte
2895 2913 3228 2984 intelligitur.
3272 2914 3329 2968 ld
3366 2927 3493 2969 vero
3522 2924 3795 2969 accurate

2177 3004 2483 3061 describere
2510 3004 2730 3060 difﬁcile
2759 3014 2845 3060 est
2868 3045 2884 3073 ,
2916 3016 3026 3060 tum
3057 3005 3183 3076 quia
3226 3005 3432 3061 diversi
3464 3006 3692 3061 fuerunt
3738 3007 3794 3063 in

2177 3098 2341 3155 variis
2368 3098 2659 3156 Galliarum
2690 3099 2948 3156 Ecclesiis
2990 3099 3123 3155 ritus
3150 3143 3163 3166 ,
3199 3110 3309 3156 tum
3337 3102 3460 3170 quia
3490 3116 3589 3156 nos
3617 3102 3797 3171 hujus

2180 3193 2257 3248 rei
2291 3199 2471 3245 vetera
2504 3202 2851 3247 monumenta
2880 3191 3155 3249 deﬁciunt.
3182 3193 3289 3250 Sed
3314 3201 3494 3251 tamen
3517 3195 3791 3263 generale

2179 3284 2449 3356 quoddam
2476 3286 2738 3343 Gallicani
2765 3300 2955 3342 cursus
2981 3286 3258 3356 specimen
3287 3287 3388 3341 sub
3413 3300 3519 3342 uno
3544 3300 3795 3355 conspe-

2178 3388 2267 3433 ctu
2298 3378 2383 3434 hic
2431 3394 2631 3450 ponere
2676 3381 2850 3435 visum
2892 3387 2998 3447 est,
3045 3378 3112 3433 ad
3160 3378 3420 3450 majorem
3472 3379 3794 3449 argumenti

2180 3471 2321 3542 quod
2355 3481 2644 3528 tractamus
2677 3472 3111 3528 illustrationem.

2251 3566 2343 3622 49.
2379 3567 2649 3637 Principio
2672 3566 2723 3622 id
2752 3568 2985 3622 maxime
3010 3573 3267 3621 curarunt
3288 3564 3489 3637 ubique
3515 3565 3794 3635 episcOpi,

2181 3660 2323 3715 utin
2369 3659 2555 3731 quavis
2604 3658 2873 3729 provincia
2927 3657 3211 3714 uniformis
3242 3658 3295 3713 in
3341 3657 3545 3714 divinis
3592 3658 3799 3715 ofﬁciis

2180 3756 2314 3811 ritus
2361 3763 2687 3810 servaretur.
2745 3754 2972 3811 Exstant
3022 3755 3164 3809 varia
3213 3753 3315 3809 hac
3352 3753 3421 3809 de
3452 3768 3512 3809 re
3562 3754 3797 3810 decreta

2179 3862 2301 3903 cum
2344 3850 2483 3916 apud
2524 3846 2725 3912 Gallos,
2762 3855 2873 3901 tum
2923 3847 3064 3916 apud
3117 3846 3405 3915 Hispanos.
3440 3845 3671 3916 insignis
3702 3855 3797 3902 est

2181 3939 2236 3994 in
2280 3940 2464 4009 primis
2495 3938 2808 3994 constitutio
2853 3939 3098 3994 Toletani
3145 3939 3362 3995 concilii
3389 3956 3477 4006 tv,
3502 3940 3659 4009 cujus
3686 3940 3793 3995 Pa-

2183 4041 2290 4088 tres
2320 4041 2439 4102 post
2468 4032 2766 4101 expositam
2797 4032 3120 4087 catholicam
3152 4031 3314 4087 ﬁdem
3340 4031 3473 4086 nihil
3504 4033 3791 4102 antiquius

2181 4123 2516 4192 habuerunt,
2550 4135 2710 4195 quam
2765 4134 2823 4179 ut
2869 4124 3192 4179 uniformem
3245 4123 3507 4193 psallendi
3561 4124 3791 4179 modum

2180 4217 2520 4274 adstruerent
2561 4232 2771 4273 canone
2800 4218 2831 4271 9
2863 4215 3115 4271 :Plaeuit
3152 4225 3206 4271 nt
3246 4230 3419 4271 omnes
3466 4216 3789 4281 sacerdotes,

2179 4314 2268 4384 qui
2315 4313 2581 4369 catholica
2623 4314 2743 4383 ﬁdei
2773 4312 2938 4384 419
2974 4313 3172 4367 unitate
3204 4310 3611 4381 conplectimur,
3657 4290 3790 4364 ιιίιιίι

2178 4407 2320 4463 ultra
2346 4406 2601 4461 diversum
2622 4416 2713 4459 aut
2732 4406 2998 4459 dissonum
3029 4404 3084 4457 in
3108 4402 3468 4459 ecclesiasticis
3487 4417 3789 4456 sacramen-

2182 4500 2244 4553 tis
2272 4515 2523 4571 agamus;
2553 4515 2615 4553 ne
2635 4497 2869 4567 qucelibet
2897 4504 3081 4551 nostra
3108 4496 3376 4551 diversitas
3405 4495 3545 4566 apud
3574 4496 3787 4565 ignotos

2180 4608 2267 4645 seu
2296 4592 2525 4646 carnales
2563 4589 2852 4645 schismatis
2882 4604 3109 4643 errorem
3151 4588 3386 4642 videatur
3413 4588 3705 4655 ostendere,
3733 4606 3789 4661 ιε

2179 4685 2352 4739 multis
2375 4692 2531 4739 exstet
2560 4685 2611 4737 in
2642 4681 2944 4737 scandalum
2972 4683 3191 4736 varietas
3225 4680 3597 4736 Ecclesiarum.
3633 4681 3783 4735 Unus

2182 4792 2303 4849 ergo
2346 4776 2471 4830 ordo
2513 4776 2695 4829 orandi
2740 4785 2890 4845 atque
2928 4773 3183 4845 psallendi
3214 4789 3244 4825 a
3272 4772 3416 4826 nobis
3462 4788 3552 4839 per
3581 4789 3786 4828 omnem

2188 4869 2499 4941 Hispaniam
2521 4879 2565 4924 et
2590 4868 2814 4923 Galliam
2842 4877 3199 4933 conservetur;
3229 4883 3361 4921 unus
3386 4868 3564 4921 modus
3592 4867 3648 4921 in
3671 4870 3788 4921 mis-

2188 4982 2366 5019 sarum
2392 4964 2819 5031 solemnitatibus,
2845 4978 2977 5016 unus
2998 4962 3051 5015 in
3080 4952 3399 5031 uespertinis,
3426 4961 3788 5030 matutinisque

2189 5050 2366 5130 ofﬁciis
2391 5072 2409 5113 .'
2432 5073 2522 5111 nec
2549 5054 2749 5110 diversa
2772 5056 2839 5109 sit
2871 5057 3007 5109 ultra
3035 5056 3090 5108 in
3120 5056 3264 5109 nobis
3292 5054 3635 5133 ecclesiastica
3668 5071 3786 5109 con-

2188 5150 2426 5217 suetudo,
2441 5150 2561 5221 quia
2583 5166 2683 5201 una
2705 5148 2808 5217 ﬁde
2827 5148 3149 5202 continemur
3169 5153 3215 5201 et
3236 5162 3412 5219 regno.
3440 5124 3556 5200 Hoc
3578 5142 3719 5199 enim
3743 5156 3786 5200 ct

2192 5242 2388 5312 antiqui
2430 5257 2648 5297 canones
2692 5242 3053 5307 decreverunt,
3079 5248 3134 5292 ut
3174 5253 3487 5308 unaquaque
3524 5239 3786 5309 provincia

2194 5347 2241 5409 et
2270 5334 2546 5409 psallendi,
2571 5342 2617 5387 et
2650 5333 2974 5388 ministrandi
3017 5347 3194 5404 parem
3239 5329 3661 5385 consuetudinem
3695 5330 3781 5383 ha-

2198 5433 2327 5487 beat.
2378 5430 2489 5485 lloc
2538 5428 2813 5485 decretum
2856 5427 3147 5501 conditum,
3179 5436 3262 5499 est
3310 5440 3418 5481 non
3459 5424 3637 5481 solum
3688 5439 3781 5495 pro

2198 5524 2485 5595 llispaniis,
2515 5522 2611 5580 sed
2637 5523 2796 5579 etiam
2825 5536 2921 5592 pro
2944 5516 3113 5576 Gallia
3134 5516 3491 5590 Narbonensi,
3516 5534 3639 5590 qua:
3661 5530 3782 5575 tunc

2198 5618 2595 5689 Visigothorum
2628 5629 2794 5686 regno
2823 5613 3214 5669 continebatur.

2272 5715 2361 5776 50.
2405 5706 2502 5783 Qui
2534 5710 2643 5769 sint
2673 5698 2745 5767 illi
2774 5706 3003 5767 canones
3037 5710 3062 5764 a
3096 5706 3370 5765 Toletanis
3404 5702 3653 5783 Patribus
3674 5698 3783 5760 lau-

2195 5806 2345 5877 dati,
2376 5796 2715 5878 intelligimu'si
2760 5792 2826 5863 ex
2876 5790 3106 5863 decretis
3150 5795 3376 5860 aliorum
3411 5782 3778 5865 concilioiutii,
