4060 6346
225 343 333 408 405

1227 337 1318 394 DE
1353 333 1576 393 CUBSU
1615 329 2003 390 GALLICANO
2040 332 2466 402 DISQUISITIO.

3393 333 3496 390 406

223 479 424 536 nempe
451 457 792 518 Bracarensis
820 459 873 514 in
903 454 1175 513 Lusitania
1195 497 1210 522 ,
1241 454 1607 511 Gerundcnsis
1636 452 1686 507 in
1715 450 1757 506 C
1789 478 1815 490 -
1844 449 1900 511 Δ
1921 458 2216 516 Turonensi
2263 459 2559 532 praemisso.
2609 457 2758 514 lianc
2778 455 2924 514 ulla
2947 469 3071 511 esse
3101 452 3256 510 istius
3283 451 3500 509 concilii

226 558 425 616 talania
449 597 466 626 ,
509 563 565 610 et
609 553 748 626 apud
773 551 952 608 Gallos
988 549 1226 606 Venetici
1259 557 1314 606 ct
1338 546 1690 618 Epaonensis.
1721 543 1812 601 Sic
1913 556 2233 613 κηιεηιίαω
2281 555 2566 627 pel-mdo;
2612 553 2783 623 primo
2834 551 3048 606 parum
3087 548 3393 617 exemplum
3429 562 3498 603 ει
3598 578 3605 585 .

227 651 396 708 habet
418 647 726 704 Veneticum
753 661 893 700 anno
915 644 1021 700 465
1041 643 1366 700 celebratum
1397 641 1450 696 in
1471 654 1674 696 canone
1705 637 1773 693 15
1796 655 1811 692 z

228 743 447 798 Rectum
471 755 668 811 quoque
693 738 951 802 duximus,
993 747 1049 791 ut
1089 736 1166 790 vel
1213 735 1351 788 intra
1389 733 1702 805 provinciam
1724 747 1816 786 no.

226 844 391 890 stram
418 848 681 887 sacrorum
721 833 848 886 ordo
865 841 912 885 et
943 829 1224 901 psallendi,
1247 845 1354 883 una
1378 829 1442 882 sit
1467 824 1818 891 consuetudo;

227 936 278 983 et
307 928 430 982 sicut
465 941 622 979 unam
663 940 780 977 cum
829 921 1094 976 Trinitatis
1144 922 1464 994 confessione
1501 920 1658 990 fidem
1685 928 1822 973 tene-

1916 653 2170 710 Cassiano
2212 652 2436 722 petitum
2482 649 2550 706 ad
2595 646 2925 720 probandum
2951 644 3235 701 duodecim
3267 642 3504 714 psalmo-

1919 761 2039 804 rum
2093 760 2372 803 numerum
2415 744 2556 815 apud
2599 741 2878 814 Egyptios
2910 737 3201 795 monachos
3226 743 3502 806 receptum

1921 845 2030 892 tam
2064 854 2084 889 ‹
2109 835 2164 891 in
2192 835 2490 899 nocturnis,
2520 852 2539 886 ι
2575 847 2732 904 quam
2779 850 2798 884 ι
2826 832 2877 886 in
2924 828 3246 901 vespertinis
3273 839 3507 883 conven-

1922 928 2118 985 ticulis.
2149 945 2172 980 ι
2206 927 2411 984 Deinde
2453 940 2788 997 nequaquam
2835 924 2946 980 veri
2992 921 3172 980 simile
3210 929 3293 978 est
3331 919 3503 976 solum

231 1035 371 1084 mus,
401 1032 555 1070 unam
582 1027 627 1069 et
662 1015 943 1084 ofﬁciorum
963 1014 1194 1086 regulam
1221 1022 1500 1080 teneamus,
1533 1028 1596 1066 ne
1624 1013 1822 1066 variata

1961 1021 2164 1076 .audum
2191 1020 2424 1075 ofﬁcium
2446 1061 2461 1088 ,
2492 1019 2706 1075 omissis
2743 1016 2991 1087 precibus
3018 1015 3324 1081 nocturnis,
3356 1028 3388 1068 a
3408 1013 3508 1069 Pa-

155 1178 160 1181 _
231 1108 602 1174 observatione,
627 1107 680 1161 in
708 1108 878 1176 aliqua
907 1107 1106 1160 devotio
1129 1113 1305 1161 nostra
1333 1106 1624 1177 discrepare
1651 1105 1826 1160 videa-

1927 1116 2099 1172 tribus
2140 1115 2470 1171 Turonensis
2515 1114 2705 1185 synodi
2734 1111 2895 1168 fuisse
2923 1111 3244 1167 institutam.
3285 1107 3366 1164 Ad
3393 1108 3512 1162 bac

235 1215 346 1261 tur.
396 1203 710 1272 Epaonense
754 1214 896 1255 anno
937 1201 1063 1268 517,
1115 1201 1168 1255 in
1200 1214 1408 1256 canone
1436 1199 1544 1255 Q7:
1592 1199 1828 1254 Adcele-

1961 1223 2039 1263 ion
2066 1207 2112 1262 is
2137 1222 2241 1262 non
2265 1215 2381 1262 erat
2411 1206 2648 1260 Laudum
2677 1206 2810 1260 ritus
2839 1215 2934 1273 per
2977 1201 3030 1257 id
3056 1213 3266 1270 tempus
3293 1200 3348 1255 in
3379 1198 3509 1255 Gal-

233 1297 438 1351 branda
465 1297 636 1351 divina
665 1296 856 1367 Oﬁcia,
897 1296 1127 1349 ordinem
1161 1311 1310 1367 quem
1341 1294 1720 1367 metmpolitani
1749 1302 1827 1348 te-

235 1399 382 1454 nent,
411 1388 746 1458 provinciales
769 1388 1030 1442 observare
1058 1388 1328 1441 debebunt.

318 1483 406 1539 51.
447 1482 630 1554 Neque
673 1495 800 1537 vero
845 1481 1016 1536 solum
1068 1480 1121 1535 in
1174 1495 1488 1551 unaquaque
1533 1478 1830 1550 provincia,

1933 1299 2125 1354 licanis
2161 1297 2408 1354 ecclesiis
2432 1338 2448 1363 ,
2495 1298 2668 1366 qualis
2717 1297 2770 1352 in
2816 1308 2884 1351 eo
2924 1293 3154 1350 concilio
3187 1291 3510 1363 assignatur.

1933 1391 2068 1448 Nam
2093 1392 2160 1445 ad
2186 1390 2423 1445 officium
2458 1407 2478 1442 ι
2507 1391 2762 1459 temporis
2790 1386 3038 1444 matutini
3068 1405 3088 1440 ι
3120 1400 3216 1441 seu
3270 1383 3510 1439 landum

1939 1483 2123 1540 Gallus
2150 1483 2510 1540 Arvernorum
2538 1483 2843 1552 episcopus,
2876 1480 3035 1537 morti
3060 1477 3335 1550 proximus
3355 1518 3371 1542 ,
3427 1489 3514 1532 re-

241 1573 341 1632 sed
363 1575 523 1631 etiam
555 1573 607 1629 in
633 1581 738 1629 tota
761 1573 928 1629 Gallia
960 1573 1257 1628 communis
1287 1573 1500 1644 quidam
1525 1572 1660 1627 ritus
1688 1572 1836 1643 vige—
1937 1577 2122 1633 citavit
2157 1596 2175 1630 ‹
2205 1577 2466 1648 psalmum
2496 1575 3014 1648 quinquagesimum,
3042 1573 3466 1630 benedictionem
3487 1589 3509 1625 ι

242 1667 413 1733 bat,si
442 1682 543 1721 non
565 1667 618 1722 in
640 1666 885 1722 omnibus
902 1705 916 1730 ,
941 1667 1126 1720 saltem
1159 1665 1210 1720 in
1232 1666 1500 1734 plerisque
1528 1663 1834 1731 uniformis,

248 1761 343 1830 qui
374 1758 639 1815 communi
667 1756 1025 1828 appellatione
1064 1771 1249 1812 cursus
1281 1755 1584 1810 Gallicanos
1613 1772 1642 1808 a
1670 1752 1838 1824 majo-

1939 1687 2035 1731 seu
2057 1673 2322 1728 canticum
2374 1673 2532 1727 trium
2579 1684 2904 1741 puerorum,
2970 1677 3024 1724 et
3074 1685 3094 1719 ‹
3123 1665 3516 1723 Alleluiaticmn

1943 1767 2228 1836 psalmum,
2261 1785 2280 1818 ι
2327 1765 2381 1820 id
2422 1771 2506 1820 est
2551 1763 2815 1833 psalmum
2840 1773 3035 1816 cxtvnl
3063 1768 3115 1815 et
3140 1759 3276 1814 duos
3295 1771 3523 1827 sequen-

248 1853 403 1909 ribus
432 1854 626 1907 nostris
658 1850 830 1906 dictus
879 1859 993 1916 est,
1025 1860 1082 1904 ut
1119 1851 1173 1904 in
1214 1849 1363 1903 Actis
1393 1850 1558 1903 sancti
1593 1846 1842 1902 Walarici
1871 1841 1922 1903 B
1949 1867 2058 1922 ges,
2093 1860 2182 1927 qui
2213 1857 2437 1911 Alleluia
2464 1872 2556 1926 pro
2581 1856 2734 1911 ιίιιιιο
2759 1855 2979 1920 habent,
3014 1859 3244 1908 ιθεηηιθ
3264 1851 3524 1920 Gregorio

249 1945 461 2000 abbatis
487 1960 502 1998 :
538 1963 557 1996 ι
585 1943 810 2000 Cursum
836 1956 962 1996 vero
995 1951 1096 1996 tam
1125 1941 1579 2002 monasterialem,
1603 1955 1760 2008 quam
1785 1948 1840 1994 et

250 2037 417 2109 420
441 2034 768 2091 Gallicanum
815 2046 1008 2102 magno
1055 2030 1231 2086 studio
1259 2030 1624 2086 indesinenter
1654 2029 1841 2085 obser-

251 2128 431 2182 vabat.
466 2145 485 2179 ι
539 2125 681 2180 ldem
714 2124 780 2178 de
830 2132 1017 2178 sancto
1070 2122 1323 2177 Serenico
1386 2122 1605 2192 legitur,
1651 2136 1842 2191 nempe

254 2221 398 2292 quod
432 2240 450 2273 ι
482 2220 684 2290 absque
713 2220 964 2290 peculiari
989 2219 1390 2288 supplicatione,
1428 2217 1723 2273 Romanum
1745 2232 1844 2273 seu

253 2315 589 2374 Gallicanum
614 2357 630 2381 ,
677 2329 885 2370 necnon
934 2322 988 2369 et
1017 2321 1322 2368 sanctorum
1357 2312 1627 2368 Benedicti
1658 2321 1712 2367 et
1741 2313 1846 2368 Co-

256 2413 490 2468 lumbani
521 2425 740 2468 cursum
785 2411 930 2465 boris
959 2409 1179 2477 singulis
1208 2408 1433 2463 Domino
1461 2407 1782 2462 decantaret.
1818 2423 1840 2458 ι

257 2505 442 2574 Itaque
486 2503 773 2559 Gallicanae
819 2517 1010 2556 omnes
1059 2501 1314 2556 Ecclesiae
1343 2501 1393 2554 in
1424 2515 1588 2554 unum
1617 2501 1846 2570 aliquem

259 2597 479 2652 modum
526 2595 943 2666 conspirabant,
987 2593 1074 2664 qui
1113 2608 1303 2649 cursus
1351 2593 1657 2650 Gallicanos
1701 2593 1845 2649 dice-

257 2690 437 2744 batur.

335 2781 425 2837 52.
468 2781 543 2836 De
572 2782 847 2836 nocturnis
885 2779 1078 2836 ofﬁciis
1121 2779 1174 2834 id
1205 2779 1390 2834 statuit
1417 2793 1557 2833 anno
1584 2779 1685 2835 567
1717 2793 1850 2835 con-

258 2876 446 2933 cilium
477 2874 790 2930 Turonense
830 2890 897 2941 ιι,
930 2888 1134 2929 canone
1178 2874 1272 2929 l8:
1326 2872 1393 2928 Ut
1427 2874 1478 2927 in
1503 2874 1676 2929 diebus
1710 2874 1853 2941 [estis

260 2968 330 3022 ad
349 2967 399 3021 Μ
409 2970 660 3020 atutinum
677 2982 764 3019 sea:
779 2964 1072 3035 antiphona:
1094 2964 1222 3018 binis
1237 2965 1446 3034 psalmis
1467 2967 1800 3034 explicentur.
1813 3005 1852 3021 ..

263 3061 554 3129 Septembri
592 3069 783 3128 septem
829 3060 1124 3130 antiplionte
1159 3059 1288 3112 binis
1330 3059 1574 3129 psalmis;
1644 3060 1855 3113 Octobri

1943 1953 2010 2008 de
2047 1952 2182 2007 Vitis
2237 1952 2453 2006 Patrum
2503 1965 2621 2020 cap.
2655 1952 2710 2003 7.
2745 1949 2948 2004 Prester
2979 1961 3040 2002 ea
3066 1946 3206 2002 idem
3234 1945 3525 2015 Gregorius

1943 2053 2235 2099 nocturnas
2262 2042 2457 2114 publici
2503 2041 2670 2096 ofﬁcii
2708 2051 2893 2110 preces
2922 2052 3026 2093 non
3058 2051 3165 2092 uno
3194 2037 3246 2091 in
3274 2036 3392 2091 loco
3416 2033 3527 2088 Ma-

1944 2138 2142 2194 tutinas
2171 2138 2423 2207 appellat.
2465 2135 2674 2191 Primus
2705 2135 2853 2189 locus
2891 2141 2976 2188 est
3006 2132 3058 2188 in
3091 2130 3184 2185 lib.
3221 2144 3239 2184 ι
3276 2129 3341 2184 de
3367 2128 3527 2183 Mira-

1945 2234 2078 2288 culis
2109 2231 2278 2286 sancti
2323 2230 2532 2285 Martini
2583 2243 2704 2298 cap.
2736 2225 2803 2280 55
2829 2245 2842 2280 :
2887 2244 2906 2279 ε
2935 2224 3114 2280 Tertia
3141 2232 3318 2280 autem
3351 2231 3527 2289 nocte,

1950 2335 2231 2397 postquam
2264 2325 2578 2380 advenimus
2601 2322 2668 2378 ad
2698 2327 2938 2376 sanctam
2967 2319 3276 2384 basilicam,
3312 2315 3532 2385 vigilare

1947 2419 2331 2489 disposuimus,
2354 2417 2495 2488 quod
2518 2426 2576 2472 et
2599 2415 2952 2486 implevimus.
2979 2430 3000 2466 ι
3036 2410 3142 2468 llas
3171 2411 3377 2481 vigilias
3401 2411 3534 2465 Grc-

1950 2514 2102 2582 gorio
2130 2526 2252 2566 cum
2284 2525 2384 2566 suo
2408 2509 2606 2566 clerico
2632 2509 2868 2579 privatas
2888 2507 3053 2562 fuisse
3081 2512 3285 2561 constat
3314 2519 3379 2559 ex
3405 2517 3535 2558 con-

1951 2613 2102 2661 textu
2143 2603 2487 2660 narrationis.
2554 2621 2572 2655 ι
2601 2601 2755 2657 Mane
2803 2609 2980 2656 autem
3005 2599 3165 2665 facto,
3196 2595 3372 2652 subdit
3402 2595 3536 2650 Gre-

1951 2700 2156 2768 gorius,
2183 2700 2336 2769 signo
2374 2698 2438 2753 ad
2483 2697 2765 2752 Matutinas
2794 2703 3087 2760 commoto,
3117 2691 3317 2748 reversi
3349 2704 3537 2746 sumus

1952 2792 2260 2846 dormitum.
2297 2810 2316 2844 ›
2374 2791 2453 2845 Ειι
2493 2789 2700 2860 signum
2745 2787 2904 2858 422
2930 2787 3263 2857 publicarum
3286 2785 3354 2839 de
3383 2791 3539 2839 nocte

1955 2899 2196 2952 precum,
2226 2898 2345 2952 qua:
2371 2883 2457 2937 hic
2483 2881 2755 2935 Matutine:
2782 2889 3062 2935 vocantur.
3105 2877 3254 2934 Alter
3281 2878 3430 2932 locus
3457 2883 3540 2931 cst

1958 2975 2096 3042 apud
2143 2975 2388 3029 eumdem
2435 2973 2754 3039 Gregorium
2804 2972 2856 3024 in
2907 2971 3000 3025 lib.
3043 2971 3110 3024 de
3161 2970 3294 3023 Vitis
3326 2969 3540 3022 Patrum

1957 3082 2076 3136 cap.
2134 3067 2203 3131 8,
2271 3067 2356 3120 ubi
2403 3065 2639 3120 Nicetius
2705 3063 3072 3134 Lugdunensis
3116 3063 3368 3124 antistes,
3415 3073 3536 3114 cum

263 3163 380 3211 octo
403 3154 528 3209 binis
574 3153 818 3222 psalmis;
876 3151 1152 3206 Novembri
1199 3168 1374 3207 novem
1421 3154 1577 3207 ternis
1613 3155 1856 3224 psalmis;
1885 3191 1930 3228 -_
1961 3159 2247 3228 aliquando
2290 3176 2311 3211 α
2342 3157 2668 3213 surrexisset
2712 3155 2778 3210 ad
2829 3155 3142 3211 Matutinum
3171 3197 3186 3224 ,
3217 3153 3542 3223 exspectatis

270 3245 540 3300 Decembri
567 3221 735 3297 decem
759 3245 910 3298 ternis
933 3245 1178 3315 psalmis;
1215 3243 1469 3298 Januario
1496 3256 1542 3298 et
1570 3221 1857 3300 Februario
1883 3221 1932 3287 θ
1964 3221 2171 3306 duabus
2209 3250 2535 3320 antipbonis,
2566 3263 2815 3319 egressus
2861 3249 3096 3320 (dicitur)
3127 3221 3182 3303 in
3219 3221 3541 3309 sacrarium;

267 3338 448 3392 itidem
480 3355 538 3392 us
555 3355 638 3410 [ue
659 3337 725 3391 ad
755 3335 977 3392 Pascha.
1029 3339 1124 3394 Ubi
1154 3339 1323 3394 obiter
1354 3338 1574 3394 adverte
1598 3381 1612 3405 ,
1660 3355 1858 3395 annum

267 3430 519 3487 desinere
567 3431 620 3485 in
669 3428 893 3487 Pascha.
939 3430 1042 3486 Sed
1073 3430 1200 3501 quid
1228 3431 1329 3486 sibi
1356 3432 1675 3488 voluntbaac
1703 3433 1858 3488 simi-

270 3525 446 3593 liaque
473 3523 631 3578 verba
662 3540 676 3577 :
706 3521 813 3578 Sex
855 3524 1150 3591 antip/iona:
1181 3523 1310 3577 binis
1351 3525 1564 3593 psalmis
1597 3527 1861 3595 explicen-

271 3619 404 3672 tur?
444 3619 523 3671 An
565 3615 745 3687 plures
792 3615 1096 3685 antipbona:
1143 3632 1304 3686 quam
1350 3618 1583 3674 Psalmi?
1613 3620 1723 3676 lmo
1749 3620 1860 3676 bini

273 3725 368 3769 aut
396 3713 528 3768 terni
580 3709 770 3782 psalmi
813 3726 909 3782 pro
938 3711 1160 3782 singulis
1195 3710 1520 3782 antiphonis.
1552 3714 1608 3769 ld
1637 3730 1700 3770 ex
1730 3731 1859 3772 cou-

276 3805 626 3877 sequentibus
653 3803 988 3875 intelligitur,
1020 3805 1106 3859 ubi
1140 3804 1370 3874 additur,
1403 3815 1460 3862 ut
1485 3808 1563 3863 vel
1591 3810 1861 3864 duodecim

279 3899 466 3970 psalmi
495 3888 845 3969 expediantur
870 3898 937 3952 ad
968 3895 1299 3954 Matutinnm.
1349 3900 1486 3971 Ergo
1513 3900 1612 3956 sub
1640 3901 1862 3973 singulis

278 3983 588 4062 antiphonis
618 3987 728 4048 bini
750 3984 944 4047 Psalmi
975 3990 1324 4047 canebantur.
1473 4057 1477 4068 Ι

355 4084 440 4141 53.
484 4083 620 4158 Quid
651 4081 839 4140 Patres
880 4081 1067 4154 synodi
1090 4081 1419 4141 Turonensis
1438 4085 1676 4142 Matutini
1706 4101 1863 4143 voca-

281 4177 408 4234 bulo
441 4173 528 4252 bic
554 4176 879 4247 signiﬁcent,
911 4190 1018 4232 non
1045 4175 1178 4234 levis
1199 4177 1604 4234 estditticultas.
1638 4178 1862 4246 Quidam

285 4270 431 4325 hunc
460 4267 635 4326 locum
664 4267 734 4325 dc
772 4278 1034 4325 nocturno
1063 4269 1242 4326 ofﬁcio
1270 4269 1712 4339 interpretantur,
1742 4272 1865 4340 qui-

285 4362 409 4418 dam
441 4361 508 4417 de
534 4347 666 4418 solis
693 4360 967 4418 Laudibus
998 4363 1292 4430 matutinis,
1321 4377 1454 4433 quas
1485 4363 1863 4419 Matutiuorum

285 4455 506 4510 nomine
535 4463 752 4510 sanctus
775 4453 1098 4512 Benedictus
1125 4455 1324 4525 aliique
1355 4466 1560 4511 veteres
1587 4455 1867 4526 designare

286 4545 482 4601 solent.
527 4544 638 4601 iam
687 4543 934 4616 superius
963 4559 1082 4616 pag.
1116 4544 1219 4602 110
1250 4546 1620 4616 praemisimus,
1655 4545 1868 4603 Matuti-

287 4655 418 4694 uum
446 4654 540 4695 seu
571 4637 860 4694 Matutinos
885 4637 1146 4710 ambiguae
1175 4652 1294 4694 esse
1317 4637 1735 4709 signiﬁcationis,
1759 4655 1868 4707 quo

290 4732 508 4790 nomine
547 4730 834 4808 aliquando
880 4731 1212 4804 Laudes(ut
1239 4745 1492 4788 vocamus
1516 4733 1560 4803 ),
1585 4733 1876 4804 aliquando

291 4823 489 4880 Primae
552 4821 784 4879 ofﬁcium
829 4823 1150 4893 exprimitur
1196 4823 1334 4894 apud
1382 4821 1726 4892 Cassianum;
1773 4825 1876 4880 ali-

293 4916 508 4988 quando
533 4930 664 4971 vero
705 4915 878 4986 ipsum
931 4924 1250 4970 nocturnum
1277 4915 1510 4972 ofﬁcium
1534 4956 1552 4983 ,
1584 4917 1728 4986 quod
1757 4931 1876 4972 ma-

296 5009 482 5065 tutinis
512 5008 655 5065 horis
689 5008 954 5066 celebrari
983 5025 1100 5066 mos
1130 5018 1246 5066 erat
1284 5011 1336 5066 in
1369 5010 1660 5067 Dominicis
1689 5011 1877 5067 diebus

296 5113 354 5161 ct
382 5103 528 5159 festis
557 5103 792 5166 minoris.
811 5102 970 5174 421
1002 5104 1374 5160 solemnitatis.
1422 5105 1655 5171 anlicis
1681 5105 1880 5174 ouippc

296 5199 510 5269 generis
557 5208 710 5255 erant
759 5207 1036 5252 nocturnae
1065 5211 1292 5266 preces:
1334 5197 1452 5253 alia:
1475 5197 1686 5269 Vigilia:
1715 5199 1768 5252 in
1795 5213 1882 5254 so-

302 5292 651 5350 leumioribus
676 5292 822 5348 festis
851 5291 1056 5346 usitatae
1074 5332 1090 5356 ,
1121 5291 1199 5346 sic
1227 5290 1402 5359 dictae,
1437 5293 1577 5361 quod
1599 5292 1667 5347 ab
1690 5292 1882 5348 ineun-

306 5398 378 5452 te,
409 5395 500 5443 aut
527 5394 673 5444 certe
701 5398 730 5442 a
756 5383 929 5440 media
959 5391 1116 5438 nocte
1137 5381 1349 5436 circiter
1367 5381 1574 5439 initium
1595 5382 1882 5451 ducerent;

306 5481 426 5535 aliae
449 5479 717 5538 Matutinas
746 5479 801 5534 in
833 5475 1076 5546 proleStis
1103 5483 1159 5530 et
1202 5473 1522 5543 Dominicis,
1551 5476 1741 5546 quibus
1776 5485 1886 5532 tar-

305 5575 428 5634 dius
466 5583 742 5630 nocturna:
773 5586 957 5642 preces
1001 5568 1458 5642 persolvebantur.
1508 5569 1563 5624 ln
1607 5570 1708 5624 hoc
1731 5570 1888 5642 signi-

309 5675 467 5730 ﬁcatu
498 5670 813 5728 Matutinum
855 5667 1081 5723 sumitur
1117 5666 1170 5721 in
1195 5665 1426 5722 concilio
1450 5664 1736 5721 Venetensi
1765 5665 1890 5720 anni

310 5765 439 5832 465,
470 5778 676 5823 canone
707 5760 797 5831 14,
828 5761 917 5817 ubi
948 5760 1251 5831 pracipitur
1278 5767 1333 5813 ut
1361 5757 1531 5812 clerici
1565 5758 1655 5828 qui
1686 5757 1739 5811 in
1770 5757 1891 5812 civi-

314 5869 414 5914 tate
437 5859 624 5926 [uariat
656 5855 922 5913 matutinis
951 5853 1156 5925 hymnis
1195 5851 1467 5919 intersint;
1505 5859 1559 5908 ει
1585 5849 1638 5906 in
1663 5849 1893 5907 concilio

1966 3345 2052 3400 ubi
2079 3343 2206 3399 dum
2235 3343 2527 3408 resideret,
2551 3343 2809 3398 diaconus
2839 3341 3242 3409 responsorium
3273 3339 3540 3409 psalmum

1961 3451 2158 3494 canere
2185 3435 2366 3506 cmpit,
2401 3451 2419 3487 ι
2456 3435 2707 3489 nimirum
2735 3445 2857 3505 post
2885 3433 3192 3488 lectionem.

2033 3530 2122 3586 54.
2167 3529 2351 3599 Itaque
2399 3527 2691 3583 secundum
2719 3525 3087 3596 praescriptum
3131 3522 3341 3578 concilii
3373 3521 3545 3576 Turo-

1965 3623 2168 3688 nensis,
2197 3619 2483 3677 duodecim
2513 3617 2792 3673 minimum
2815 3615 3055 3686 psalmis,
3079 3611 3418 3668 continenter
3444 3613 3546 3668 sub

1963 3730 2057 3771 sex
2079 3712 2388 3784 antipbonis
2429 3711 2670 3769 recitatis
2692 3751 2708 3778 ,
2753 3707 3112 3764 succedebant
3141 3707 3396 3762 lectiones
3423 3713 3546 3761 cum

1961 3808 2076 3863 suis
2117 3804 2495 3875 responsoriis.
2548 3803 2622 3859 De
2670 3816 2853 3858 mense
2897 3801 3134 3870 Augusto
3176 3797 3306 3853 nulli
3353 3797 3552 3865 psalmi

1962 3901 2404 3974 praescribuntur,
2433 3901 2524 3957 sed
2555 3899 2658 3955 hoc
2691 3907 2931 3954 tantum:
2971 3894 3100 3950 Toto
3129 3893 3356 3966 Augusto
3384 3893 3550 3945 mant-

1964 3998 2187 4052 catianes
2216 3995 2383 4063 fiant,
2417 3994 2540 4063 quia
2583 3993 2879 4064 festivitates
2907 3999 3024 4043 sunt
3059 3995 3106 4042 et
3141 3987 3312 4042 missa
3341 3991 3544 4038 sancto-

1966 4106 2102 4143 rum.
2165 4089 2338 4157 (gnem
2368 4086 2542 4142 locum
2567 4085 2801 4154 explicat
2834 4081 3111 4137 Aimoinus
3139 4080 3194 4132 in
3236 4077 3330 4133 lib.
3369 4091 3424 4130 ιιι
3458 4074 3552 4130 lli-

1971 4185 2152 4239 storim
2180 4181 2510 4236 Francdrum
2533 4220 2551 4246 ,
2596 4185 2716 4247 cap.
2765 4176 2827 4229 81
2859 4192 2872 4228 :
2909 4193 2926 4227 ι
2955 4174 3124 4230 Porro
3143 4180 3258 4226 toto
3286 4171 3549 4237 Augusto,

1970 4285 2185 4348 propter
2213 4275 2436 4332 crebras
2486 4263 2802 4328 festivitates
2827 4311 2843 4338 ,
2893 4267 3279 4324 manicationcs
3330 4262 3550 4318 ﬁebant.

1970 4372 2236 4426 Manicare
2259 4375 2440 4424 autem
2487 4380 2646 4422 mane
2694 4361 2915 4434 surgere
2957 4360 3170 4416 dicitur.
3204 4373 3224 4410 ι
3277 4354 3383 4412 Sed
3422 4352 3551 4423 quid

1973 4465 2373 4534 consequenti
2396 4470 2478 4518 est
2498 4501 2515 4529 ,
2540 4467 2600 4516 ut
2625 4458 2747 4528 quia
2783 4465 2896 4513 toto
2919 4459 3156 4526 Augusto
3185 4465 3343 4506 mane
3367 4450 3556 4518 surge-

1980 4557 2228 4626 baturpb
2253 4556 2561 4626 frequentes
2583 4551 2922 4613 festivitates,
2949 4546 3078 4601 nulli
3109 4540 3297 4614 psalmi
3327 4541 3393 4595 ad
3416 4540 3558 4595 hunc

1983 4657 2224 4707 mensem
2255 4644 2706 4718 prmscribanturi
2749 4639 3004 4696 Fert-asse
3045 4635 3185 4705 quod
3233 4633 3414 4688 missae
3437 4633 3564 4687 sati-

1983 4747 2188 4798 ctoru‘m
2220 4747 2348 4796 tunc
2389 4741 2601 4794 summo
2643 4747 2800 4790 mane
2823 4733 3129 4787 dicerentur
3154 4727 3225 4782 ob
3253 4725 3441 4781 messis
3471 4729 3566 4779 ne-

1983 4835 2308 4890 cessitatem.
2361 4830 2491 4885 Nam
2538 4825 2855 4882 festivitates
2890 4820 2995 4875 ilhc
3030 4822 3298 4887 plerasque
3322 4814 3563 4870 celebra-

1989 4926 2134 4981 tione
2174 4923 2353 4978 missae
2393 4916 2832 4973 terminabuntur.
2902 4909 3346 4981 Antiphonarium
3387 4907 3564 4961 Turo-

1990 5032 2155 5073 nense
2201 5018 2514 5070 recens’etui-
2555 5011 2698 5064 inter
2747 5007 2945 5072 libros,
2993 5018 3128 5075 quos
3157 5001 3336 5058 medio
3365 4999 3562 5054 saeculo

1987 5103 2262 5161 vmWido
2320 5103 2483 5158 abbas
2532 5097 2930 5154 Fontanellensi
2980 5094 3308 5150 monasterio
3347 5090 3569 5160 largitus

1989 5207 2089 5255 est.
2123 5195 2275 5264 Quod
2301 5195 2374 5250 de
2414 5193 2616 5249 mensis
2645 5190 2868 5260 Augusti
2906 5189 3088 5242 missis
3107 5183 3430 5256 quotidianis
3463 5190 3572 5235 tra-

1990 5290 2070 5346 dit
2092 5286 2402 5350 concilium,
2431 5285 2586 5354 longe
2629 5281 2832 5339 recedit
2872 5297 2900 5334 τι
2927 5294 3078 5334 more
3106 5274 3566 5338 Gisterciensium,

1993 5383 2046 5438 id
2070 5392 2153 5438 est
2182 5377 2601 5436 Barbellensium
2626 5409 2644 5445 ,
2696 5376 2750 5430 in
2795 5372 3013 5429 dimccsi
3066 5366 3351 5424 Parisiensi
3383 5377 3564 5420 mona-

1993 5477 2218 5534 chorum
2245 5491 2258 5528 :
2302 5472 2393 5544 qui
2451 5489 2468 5523 ι
2498 5469 2824 5524 messionum
2848 5473 3090 5532 tempore
3120 5459 3403 5515 cessabant
3428 5471 3456 5511 a
3489 5471 3576 5511 so-

1997 5569 2272 5627 lemnitate
2301 5566 2604 5629 missarum,
2628 5581 2646 5615 i
2683 5559 2936 5631 quoniam
2965 5552 3281 5626 colligendis
3305 5551 3576 5622 segetibus

1997 5672 2152 5720 erant
2190 5661 2454 5731 occupati.
2505 5656 2764 5725 Quocirca
2809 5650 3084 5719 Philippus
3130 5649 3394 5718 Augustus
3420 5644 3572 5698 insti-

1999 5757 2100 5811 tuit
2125 5763 2184 5809 ut
2233 5770 2256 5805 ι
2283 5750 2506 5822 singulis
2534 5747 2724 5803 diebus
2751 5757 2938 5807 mane,
2968 5741 3022 5798 iu
3055 5737 3348 5795 remedium
3377 5739 3571 5790 anima:

2001 5848 2166 5922 patris
2185 5846 2268 5906 sui
2288 5842 2543 5902 Ludovici
2573 5838 2661 5898 VII
2677 5880 2693 5908 ,
2721 5837 2815 5910 qui
2839 5836 2958 5894 istic
2984 5832 3223 5905 sepultus
3246 5836 3359 5897 est,
3390 5845 3409 5881 ι
3447 5827 3576 5882 Mis-
