4060 6346
561 345 665 402 407

1263 343 1601 403 APPENDIX
1642 343 1732 399 AD
1770 339 2004 398 OPERA
2043 337 2292 396 SANCTI
2325 336 2634 395 GERMANI
2671 337 3120 397 PARISIENSIS.
3803 337 3875 386 sui

561 479 741 520 sarum
803 465 1060 520 solemnia
1123 463 1539 520 celebrarentur.
1567 482 1584 512 ι
1651 459 1856 526 Quibus
1895 456 2145 526 peractis,
2175 453 2227 512 Α
2253 468 2406 522 num,
2435 453 2716 510 lectionem
2746 464 2800 510 et
2827 454 3154 524 capitellum.
3185 452 3322 510 Ubi
3360 447 3536 504 vides
3571 447 3628 503 in
3667 451 3877 508 omnibus

567 577 591 610 ε
615 559 661 614 si
691 572 822 625 quas
852 557 1108 612 haberem
1133 571 1334 610 messes
1357 575 1375 605 ι
1411 553 1655 608 monachi
1679 596 1691 618 ,
1719 551 1878 623 423
1906 547 2146 618 quotidie

564 660 789 720 possent
831 652 936 706 illis
967 651 1228 706 metendis
1253 662 1470 715 operam
1499 645 1648 699 dare.
1677 664 1694 696 ι
1745 642 1910 711 Hujus
1957 641 2034 694 rei
2062 640 2146 693 di-

563 743 746 812 ploma
772 743 955 798 datum
988 751 1071 798 est
1097 755 1238 796 anno
1267 738 1431 805 H86,
1461 737 1662 792 editum
1692 736 1745 790 in
1778 735 1872 789 lib.
1904 750 1954 788 v1
1977 734 2044 788 de
2070 733 2148 789 Re

563 835 926 904 diplomatica.

639 927 728 981 55.
769 929 850 982 Ad
896 923 1119 999 Vi'gilias
1157 941 1250 981 seu
1296 930 1586 978 nocturnas
1632 934 1819 990 preces
1865 919 2150 988 aliquando

567 1022 670 1092 ipsi
696 1021 934 1090 episcopi
961 1061 976 1085 ,
1022 1019 1305 1089 aliquando
1335 1019 1381 1073 is
1404 1017 1491 1072 cui
1523 1018 1637 1071 hate
1660 1017 1727 1069 ab
1756 1015 1833 1068 eis
1864 1013 2150 1068 commissa

569 1116 759 1181 fuerat,
792 1116 1014 1170 clericos
1043 1114 1366 1170 excitabant.
1419 1112 1495 1166 De
1534 1120 1718 1164 sancto
1759 1111 2027 1164 Germano
2053 1107 2152 1161 Pa-

567 1208 818 1261 risiorum
847 1207 1098 1275 episcopo
1128 1203 1452 1258 Fortunatus
1477 1201 1656 1266 tradit,
1689 1200 1738 1253 id
1765 1216 1860 1267 per
1887 1215 1943 1252 se
1974 1198 2150 1265 ipsum

569 1298 904 1367 praestitisse,
936 1307 990 1351 ut
1014 1295 1261 1365 superius
1287 1295 1534 1348 vidimus.
1571 1291 1838 1346 Caesarius
1869 1291 2152 1345 Arelaten-

565 1395 641 1449 sis
691 1393 828 1447 hanc
871 1407 1054 1446 curam
1101 1390 1379 1459 Stephano
1427 1387 1654 1441 diacono
1701 1384 2038 1453 injunxerat,
2080 1397 2150 1436 ex

571 1486 698 1541 Vitae
724 1485 840 1555 ejus
871 1485 963 1538 lib.
994 1499 1029 1538 ιι
1053 1525 1068 1549 ,
1103 1496 1250 1535 num.
1282 1481 1336 1534 4.
1382 1479 1484 1546 Qui
1525 1478 1789 1532 Caesarius
1820 1475 1871 1528 id
1904 1475 2154 1529 observa-

563 1580 688 1643 bat,
725 1585 822 1631 tut
862 1577 1040 1630 nullus
1071 1589 1321 1638 suorum,
1355 1572 1447 1638 qui
1469 1586 1648 1625 secum
1682 1569 2002 1630 manebant,
2028 1576 2152 1621 ante

567 1671 754 1724 horam
786 1669 1072 1737 legitimam
1122 1668 1504 1720 excitaretur.»
1565 1663 1639 1716 Ita
1682 1670 1897 1716 sanctus
1931 1659 2157 1714 Benedi-

563 1772 684 1816 ctus
713 1760 951 1816 ofﬁcium
982 1757 1316 1827 signiﬁcandi
1366 1755 1524 1809 ofﬁcii
1576 1753 1771 1808 divini‘
1794 1752 2018 1820 imponit
2055 1752 2150 1806 ab-

2252 546 2444 601 ofﬁciis
2462 548 2718 616 hymnum
2734 546 2954 616 psalmis
2975 557 3028 601 et
3046 545 3394 622 antiphonis
3435 542 3725 612 postponi,
3751 558 3878 612 quem

2251 653 2351 694 nos
2381 639 2448 693 ad
2471 637 2699 693 Primam
2727 648 2781 693 et
2817 650 2926 694 tres
2954 639 3383 708 subsequentes
3418 635 3603 689 horas
3634 649 3878 706 praepone-

2251 744 2312 785 re
2333 732 2587 786 solemus.
2618 730 2927 785 Lucernarii
2954 730 3186 784 ofﬁcium
3205 775 3222 797 ,
3276 739 3348 783 ut
3377 727 3753 782 Duodecimn
3774 744 3878 797 pra-

2255 825 2420 888 vium,
2449 824 2816 879 celebrabatur
2852 838 2917 879 eo
2949 833 3189 894 tempore
3244 837 3381 893 quo
3423 822 3684 875 lucernae
3725 837 3877 879 accen-

2255 917 2519 972 debantur
2545 917 2613 971 ad
2649 917 3057 980 Duodecimam,
3089 917 3140 972 id
3169 925 3264 971 est
3299 915 3383 970 ad
3421 914 3734 982 Vesperas.

2329 1011 2418 1066 59.
2462 1009 2517 1065 In
2549 1011 2762 1067 concilii
2810 1011 3137 1067 Turonensis
3179 1024 3430 1065 canone
3489 1009 3817 1078 praelaudato
3837 1013 3876 1065 ﬁt

2255 1102 2459 1158 mentio
2485 1104 2553 1158 de
2579 1102 2743 1158 Sexta
2772 1112 2825 1157 et
2853 1103 3201 1168 Duodecima,
3237 1118 3371 1157 non
3410 1101 3775 1166 deﬁniendo,
3808 1105 3877 1157 sed

2255 1199 2618 1266 comparando
2663 1197 2939 1268 utriusque
2987 1199 3165 1252 officia
3217 1199 3303 1251 ab
3359 1198 3633 1263 antiquis
3669 1198 3875 1253 Panibus

2256 1291 2498 1346 instituta
2527 1291 2688 1362 425
2717 1306 2838 1345 cum
2889 1292 3150 1346 Matutino
3175 1335 3190 1361 ,
3253 1292 3446 1359 cujus
3479 1289 3732 1342 ofﬁcium
3764 1291 3806 1343 in
3830 1308 3876 1345 eo

2257 1382 2485 1438 concilio
2514 1383 2787 1438 delinitur.
2843 1382 2932 1438 Sic
2975 1384 3170 1451 quippe
3217 1390 3730 1451 argumentantur
3755 1379 3874 1446 hujus

2256 1475 2471 1530 concilii
2503 1473 2730 1528 Patres:
2779 1475 2915 1542 Quia
2951 1474 3170 1528 Patrum
3207 1485 3436 1529 statuta
3467 1483 3873 1545 prtecepcruntst

2258 1573 2325 1624 ad
2359 1570 2573 1625 Sextam
2617 1586 2706 1623 sea:
2742 1569 2927 1639 psalmi
2955 1569 3192 1622 dicantur
3231 1584 3372 1622 cum
3424 1567 3676 1620 Alleluia
3703 1607 3717 1631 ,
3748 1575 3790 1618 et
3827 1567 3875 1616 ad

2258 1661 2625 1716 Duodecimam
2665 1663 2930 1715 duodecim
2974 1663 3160 1733 psalmi
3197 1663 3332 1714 item
3361 1676 3500 1712 cum
3536 1659 3786 1725 Alleluia,
3806 1675 3870 1708 cur

2258 1757 2325 1811 ad
2354 1756 2663 1810 Matutinum
2694 1773 2794 1809 non
2819 1757 2939 1809 item
2965 1757 3040 1808 vel
3069 1756 3361 1808 duodecim
3396 1753 3781 1822 explicentur?
3815 1752 3868 1805 Ex

566 1855 700 1921 bati,
737 1862 827 1908 aut
848 1852 1086 1922 diligenti
1117 1849 1273 1904 alicui
1300 1847 1488 1912 fratri,
1521 1848 1604 1902 cui
1649 1846 1814 1900 abbas
1856 1845 2002 1899 vices
2026 1860 2150 1900 suas
2180 1836 2230 1899 Β
2256 1849 2450 1919 quibus
2480 1849 2658 1903 verbis
2687 1847 2906 1902 dubium
2935 1857 3021 1902 est
3049 1863 3115 1900 an
3147 1848 3472 1901 concilium
3507 1845 3732 1900 statutis
3753 1854 3865 1898 vete-

565 1944 915 2003 commiserit.

645 2037 732 2093 56.
773 2035 1065 2091 Concilium
1111 2033 1453 2089 Narbonense
1497 2032 1622 2087 anni
1668 2030 1808 2097 589,
1857 2046 2061 2086 canone
2090 2032 2146 2100 2,

569 2130 828 2199 praecipit,
853 2140 903 2182 ut
934 2130 986 2181 in
1027 2129 1128 2197 ﬁne
1151 2129 1396 2198 cujusque
1425 2127 1607 2195 psalmi
1642 2126 1809 2196 gloria
1853 2126 2070 2192 dicatur,
2099 2134 2149 2181 et

566 2242 657 2294 per
682 2223 946 2274 intervalla
991 2222 1267 2290 majorum.
1318 2218 1447 2273 Nam
1496 2217 1683 2287 psalmi
1733 2218 2048 2284 prolixiores
2097 2220 2147 2272 in

571 2316 704 2370 duas
755 2314 1084 2382 pausationes
1131 2310 1530 2375 dividebantur,
1579 2319 1624 2364 et
1671 2327 1772 2378 per.
1800 2326 2152 2380 quamcunque

569 2408 921 2478 pausationem
975 2402 1175 2458 Gloria.
1227 2401 1490 2455 Trinitatis
1543 2401 1933 2454 decantabatur.
1999 2399 2149 2466 Quod

565 2500 727 2556 etiam
759 2496 945 2551 statuit
973 2505 1187 2552 sanctus
1229 2493 1566 2548 Benedictus.
1611 2491 1692 2546 Ad
1725 2491 1838 2545 haec
1870 2490 2015 2546 Sicut
2046 2500 2153 2546 erat

571 2604 691 2664 post
716 2592 895 2648 Gloria
941 2591 1088 2646 addit
1133 2589 1415 2644 concilium
1457 2585 1693 2642 Vasense
1739 2601 1813 2650 ll,
1855 2599 2060 2640 canone
2092 2587 2148 2641 5.

569 2688 808 2758 Denique
857 2694 1052 2755 praeter
1085 2683 1302 2753 hymnos
1341 2681 1702 2735 Ambrosianus
1730 2679 2015 2734 concilium
2046 2680 2153 2735 Tu-

569 2798 800 2840 ronense
827 2800 864 2838 ιι
895 2798 1020 2838 mox
1043 2780 1338 2843 laudatum,
1373 2791 1579 2832 canone
1608 2773 1711 2839 23,
1742 2773 1970 2830 admittit
1990 2775 2150 2832 etiam

569 2891 664 2932 eos
694 2879 779 2947 qui
806 2876 948 2948 digni
975 2884 1093 2929 sunt
1120 2877 1289 2943 forma
1318 2871 1538 2926 cantari.

677 2971 730 3024 7.
773 2969 964 3023 Primae
990 2965 1223 3021 ofﬁcium
1257 2963 1467 3033 quando
1517 2963 1747 3032 primum
1786 2963 1837 3018 in
1867 2961 2033 3016 Gallia
2061 2976 2149 3016 re.

571 3070 782 3131 ceptum
813 3061 902 3125 sit,
934 3073 1040 3113 non
1071 3064 1301 3113 constat.
1323 3055 1647 3124 Cassianus,
1680 3061 1734 3110 in
1769 3056 1860 3111 lib.
1890 3071 1907 3111 ι
1936 3056 2151 3110 Institu-

573 3156 802 3218 tionum,
833 3167 953 3222 cup.
987 3151 1019 3203 4
1044 3193 1058 3217 ,
1109 3158 1293 3204 auctor
1339 3159 1423 3204 est
1470 3149 1607 3204 lianc
1638 3168 1656 3201 ‹
1678 3149 1987 3205 Matutinam
2021 3148 2151 3219 (quo

2252 1959 2372 1997 rum
2406 1943 2626 1998 Patrum
2655 1941 2886 2013 (scilicet
2912 1938 3292 2005 Orientalium,
3336 1940 3418 1992 de
3454 1937 3668 2008 quibus
3691 1937 3866 1990 Cassia-

2253 2049 2352 2089 nus
2393 2034 2447 2088 in
2495 2033 2628 2087 libro
2677 2033 2736 2103 ιι)
2788 2031 3079 2088 adlucserit
3131 2033 3182 2086 in
3229 2029 3600 2102 assignando
3643 2029 3804 2084 Sexta:
3824 2039 3862 2081 et

2254 2117 2592 2183 Duodecimaa
2617 2124 2812 2180 officio.

2323 2222 2412 2277 60.
2448 2221 2786 2275 Duodecimus
2815 2217 3050 2273 ofﬁcium
3077 2232 3105 2270 a
3139 2216 3542 2287 Completorio
3575 2215 3849 2270 distinctum

2255 2317 2419 2372 fuisse
2446 2326 2664 2385 patetex
2679 2313 2857 2384 regula
2877 2311 3171 2367 Aureliani.
3204 2311 3259 2365 ln
3295 2310 3494 2366 veteri
3528 2309 3727 2364 Missali
3757 2305 3856 2360 Gal-

2257 2410 2433 2464 licano
2482 2409 2600 2462 dua:
2653 2407 2962 2462 referuntur
3014 2407 3287 2460 orationes
3350 2419 3464 2474 pro
3528 2402 3850 2464 Duodecim,

2255 2519 2446 2571 nempe
2492 2518 2588 2572 pro
2639 2501 2847 2572 Vigiliis
2896 2500 3200 2556 Nativitatis
3249 2500 3486 2555 Domini
3540 2507 3598 2554 et
3647 2496 3853 2552 Pascha.

2253 2595 2528 2650 Posterior
2554 2597 2738 2648 horam
2769 2604 2938 2660 notat,
2965 2593 3130 2648 Deum
3156 2593 3553 2663 deprecando,
3583 2601 3639 2646 ut
3662 2602 3847 2661 vergente

2256 2691 2338 2743 die
2367 2703 2548 2743 vocem
2580 2688 2786 2757 rugitus
2823 2687 3102 2752 exaudiat,
3133 2696 3185 2744 et
3214 2689 3632 2760 superveniente
3671 2686 3849 2755 caligine

2256 2785 2414 2836 noctis
2446 2781 2632 2836 ﬁdeles
2669 2782 2884 2836 luminis
2923 2783 3001 2835 sui
3050 2782 3344 2851 splendore
3391 2781 3656 2837 illustret.
3702 2780 3842 2847 itaque

2254 2886 2488 2946 vergente
2518 2874 2620 2938 die,
2665 2873 2717 2928 id
2757 2882 2840 2928 est
2872 2873 3002 2928 hora
3042 2873 3177 2929 lucis
3215 2875 3454 2941 ultima,
3495 2875 3604 2929 hoc
3647 2872 3842 2927 officium

2257 2970 2581 3024 celebratur.

2333 3058 2420 3115 6|.
2455 3057 2721 3113 Caesarius
2745 3058 2811 3112 ad
2843 3057 3223 3114 Lucernarium
3257 3076 3359 3116 seu
3406 3061 3684 3131 Vesperas
3713 3059 3839 3111 bene-

2258 3152 2544 3206 dictionem
2576 3151 2772 3221 populo
2811 3151 3235 3220 impertiebatur,
3268 3168 3335 3208 ex
3373 3155 3522 3208 Vita:
3571 3154 3682 3221 ejus
3728 3150 3833 3203 libro

574 3247 791 3301 nomine
841 3245 1031 3299 Primae
1078 3245 1308 3299 ofﬁcium
1356 3243 1643 3314 intelligit)
1697 3244 1747 3298 in
1795 3243 2032 3297 occiduis
2073 3243 2155 3298 vel
2184 3229 2232 3294 C
2262 3261 2331 3309 ll,
2361 3259 2504 3297 nunt.
2532 3245 2638 3299 l2:
2677 3263 2696 3296 ‹
2725 3243 2944 3298 Factum
2985 3255 3067 3299 est
3105 3255 3161 3298 ut
3190 3245 3430 3315 quodam
3471 3255 3709 3315 tempore
3735 3255 3832 3310 qua-

575 3339 808 3392 maxime
835 3336 1138 3407 regionibus
1173 3337 1504 3392 observatam
1528 3357 1545 3388 ι
1581 3336 1760 3392 fuisse.
1813 3337 1963 3402 Quod
1995 3352 2061 3390 an
2089 3336 2157 3391 de

575 3430 746 3485 Gallia
776 3429 1172 3500 intelligendum
1223 3428 1333 3494 sit,
1387 3429 1630 3484 dubitare
1677 3428 1829 3494 licet,
1859 3443 1980 3482 cum
2013 3428 2157 3482 nulla

577 3522 782 3578 mentio
813 3522 1005 3577 Prima:
1038 3523 1130 3576 ﬁat
1155 3521 1208 3575 in
1234 3521 1618 3576 constitutione
1646 3520 1888 3590 lnjuriosi
1918 3521 2156 3590 episcopi

577 3613 906 3669 Turonensis
928 3655 941 3677 ,
987 3614 1076 3682 qui
1103 3613 1339 3667 Tertiam
1369 3621 1425 3666 et
1452 3611 1670 3666 Sextam
1701 3611 1964 3676 instituit,
2016 3611 2158 3666 nulla

579 3707 775 3762 Primae
800 3706 934 3760 facta
960 3707 1255 3761 mentione.
1281 3704 1432 3771 Quod
1461 3703 1620 3758 etiam
1647 3703 1810 3775 424
1831 3702 1900 3759 de
1928 3702 2161 3759 Casario

581 3799 880 3855 Arelatensi
902 3799 1143 3868 superius
1155 3798 1404 3853 vidimus.
1428 3799 1498 3852 At
1522 3799 1706 3866 reponi
1741 3808 1933 3867 potest,
1961 3799 2161 3854 Prima:

579 3892 796 3960 quidem
821 3891 1052 3946 ofﬁcium
1077 3890 1263 3944 diebus
1284 3891 1578 3954 ferialibus,
1595 3890 1660 3945 de
1678 3891 1872 3959 quibus
1892 3892 2000 3959 agit
2031 3891 2165 3960 lnju-

581 3984 718 4038 riosi
738 3985 1066 4048 constitutio,
1091 3998 1194 4038 non
1225 3983 1390 4038 fuisse
1417 3984 1809 4052 praescriptum,
1836 3983 1929 4038 sed
1957 3993 2161 4038 tantum

583 4077 788 4131 lestivis
829 4092 890 4131 ac
916 4076 1228 4132 Dominicis.
1290 4074 1446 4130 Certe
1475 4073 1739 4130 Caesarius
1768 4078 1818 4128 in
1861 4076 2040 4145 regula
2069 4091 2162 4130 sua

585 4169 670 4222 bis
692 4168 820 4222 solis
852 4175 1045 4236 prmter
1075 4167 1364 4222 Sabbatum
1395 4165 1607 4230 diebus,
1638 4166 1842 4221 scilicet
1871 4167 2163 4235 majoribus

581 4259 735 4314 festis
765 4270 817 4312 et
840 4259 1130 4314 Dominicis
1153 4299 1168 4323 ,
1219 4259 1449 4313 Primam
1500 4259 1798 4328 praescribit
1827 4259 1909 4314 his
1946 4260 2160 4314 verbis:

591 4349 838 4404 «Deinde
881 4349 1105 4404 dicenda
1149 4360 1233 4405 est
1280 4347 1456 4403 Prima
1502 4364 1621 4404 cum
1666 4351 1888 4420 psalmis
1929 4367 2020 4407 sex
2048 4394 2064 4420 ,
2112 4364 2166 4408 et

581 4443 815 4513 hymnus
837 4488 850 4509 ,
904 4441 1175 4514 Fulgentis
1213 4452 1392 4497 auctor
1433 4444 1638 4498 (et/teris
1661 4459 1680 4499 :
1710 4444 1989 4501 Lectiones
2017 4451 2159 4513 dum,

582 4552 689 4591 una
722 4537 790 4592 de
824 4536 1030 4606 Veteri,
1063 4537 1163 4591 alia
1189 4536 1257 4591 de
1285 4535 1432 4592 Novo
1466 4536 1839 4603 Testamento,
1868 4547 1923 4593 et
1942 4539 2162 4608 capitel-

580 4627 712 4686 lutn.
762 4629 873 4685 Hoc
911 4602 1070 4684 modo
1109 4629 1380 4684 Dominica
1407 4629 1493 4684 vel
1527 4629 1763 4685 Sabbato
1791 4602 1846 4685 et
1874 4602 2164 4702 majoribus
2188 4602 2244 4664 Β

581 4723 958 4778 festivitatibus
1003 4722 1116 4777 ﬁeri
1155 4723 1334 4778 debet.
1357 4741 1378 4775 ι
1421 4722 1570 4789 Quod
1599 4723 1644 4777 si
1673 4722 1938 4779 Ctesarius
1969 4723 2164 4778 Primae

586 4817 828 4874 ofﬁcium
858 4815 1358 4870 sanctimonialibus
1400 4830 1498 4884 pro
1539 4815 1727 4870 diebus
1757 4816 2028 4870 ferialibus
2058 4832 2163 4872 non

583 4911 860 4981 imposuit,
885 4909 1052 4963 multo
1076 4910 1250 4963 minus
1276 4908 1513 4964 insolens
1530 4923 1651 4964 esse
1675 4909 1832 4963 debet
1856 4909 1996 4979 quod
2022 4910 2162 4965 idem

579 5004 635 5059 in
665 5002 894 5058 ecclesia
921 5015 1015 5054 sua
1037 5001 1363 5064 cathedrali,
1395 5000 1631 5070 itemque
1657 5000 1954 5071 lnjuriosus
1985 5003 2035 5057 in
2067 5019 2162 5059 sua

580 5095 712 5151 illud
767 5092 970 5149 eisdem
1025 5091 1216 5146 diebus
1269 5092 1780 5161 praetermittendum
1834 5093 2159 5151 censuerint.

585 5189 833 5246 Totidem
872 5186 1110 5257 psalmos
1155 5195 1209 5241 et
1236 5185 1522 5249 lectiones,
1549 5201 1671 5241 cum
1695 5188 1974 5256 capitello,
2007 5205 2160 5244 eum-

583 5284 812 5351 detnque
861 5280 1116 5350 hymnum
1160 5276 1226 5331 ad
1258 5275 1492 5330 Primam
1543 5277 1780 5332 instituit
1819 5279 2162 5350 Aurelianus,

585 5372 679 5426 sed
708 5386 828 5426 eam
857 5369 1046 5425 diebus
1082 5365 1308 5437 singulis
1338 5367 1643 5436 assignasse
1672 5369 1907 5424 videtur.

662 5463 754 5517 58.
796 5461 940 5516 Idem
970 5461 1036 5516 ad
1067 5460 1454 5530 subsequentes
1501 5460 1660 5514 horas
1700 5462 1865 5530 exigit
1912 5477 2004 5518 sex
2028 5465 2166 5533 psal-

586 5570 706 5610 mos
726 5593 744 5619 ,
776 5562 884 5606 tum
917 5562 1036 5619 post
1065 5551 1434 5621 antiphonam,
1468 5550 1724 5622 hymnum
1750 5592 1766 5617 ,
1800 5552 2081 5608 lectionem
2110 5563 2166 5609 et

583 5643 920 5713 Capitolium;
971 5644 1036 5694 ad
1080 5641 1456 5697 Lucernarium
1485 5641 1748 5712 psalmum
1777 5643 2162 5717 directaneutn,

584 5735 902 5802 antipltonas
929 5730 1081 5794 duas,
1113 5731 1392 5802 hymnum,
1422 5743 1476 5788 et
1504 5735 1839 5803 capitellum;
1871 5737 1936 5792 ad
1957 5737 2167 5793 Duode-

587 5826 776 5882 cituam
813 5824 1045 5894 psalmos
1073 5822 1259 5880 decem
1285 5833 1342 5880 et
1385 5837 1526 5895 octo,
1578 5827 1924 5898 antipbonam
1949 5870 1966 5897 ,
2013 5829 2168 5901 hym-

2264 3346 2383 3390 tuor
2412 3337 2461 3390 ei
2500 3335 2739 3404 episcopi
2770 3334 2836 3388 ad
2867 3350 3150 3391 occursum
3197 3338 3495 3407 venirent,
3528 3351 3647 3392 cum
3675 3334 3829 3405 quibus

2262 3429 2327 3482 ad
2372 3428 2750 3482 Lucernarium
2792 3429 2856 3482 ad
2904 3429 3175 3483 basilicam
3223 3432 3402 3486 sancti
3458 3429 3710 3500 Stephani
3753 3425 3826 3478 de-

2263 3521 2488 3576 scendit.
2532 3521 2772 3591 Cumque
2813 3523 3026 3590 expleto
3055 3523 3386 3580 Lucernario
3435 3522 3822 3580 benedictionem

2265 3615 2462 3685 populo
2491 3615 2759 3681 dedisset,
2790 3634 2808 3668 ι
2844 3627 2949 3671 etc.
2983 3617 3184 3672 Praeter
3212 3634 3273 3674 ea
3304 3636 3464 3691 saepe
3496 3617 3730 3673 ltomilias
3754 3620 3823 3665 aut

2265 3708 2378 3776 ipse
2405 3724 2422 3758 ι
2455 3708 2762 3762 memoriter
2784 3725 2803 3759 ι
2835 3710 3119 3777 recitabat,
3144 3719 3265 3776 aut,
3295 3711 3340 3766 si
3367 3712 3588 3783 quando
3616 3703 3821 3761 valetudo

2264 3811 2370 3850 non
2399 3796 2634 3861 sinebat,
2663 3813 2757 3866 per
2781 3799 2916 3853 alios
2939 3800 3153 3855 recitari
3182 3803 3439 3870 curabat,
3467 3812 3573 3856 tam
3609 3817 3627 3851 s
3653 3798 3710 3852 ad
3737 3795 3818 3849 Ma-

2265 3889 2485 3956 tutinos,
2518 3907 2536 3940 ι
2573 3905 2729 3960 quam
2767 3910 2785 3942 ι
2813 3892 2878 3946 ad
2910 3892 3290 3949 Lucernarium
3313 3939 3327 3965 ,
3369 3906 3431 3950 ut
3470 3895 3647 3950 nullus
3673 3898 3812 3950 esset.

2265 3981 2353 4050 qui
2392 3995 2450 4036 se
2493 3981 2559 4036 de
2605 3983 2900 4052 ignorantia
2947 3995 3248 4039 excusaret.
3282 4005 3300 4038 ι
3351 3987 3539 4057 Neque
3584 3983 3632 4039 id
3676 3979 3812 4034 solum

2265 4073 2454 4128 diebus
2499 4073 2722 4139 festivis,
2756 4075 2848 4129 sed
2881 4084 2935 4129 et
2967 4075 3239 4131 ferialibus
3269 4079 3582 4146 praestabat.
3615 4073 3737 4142 Lege
3759 4067 3814 4122 sis

2265 4166 2683 4221 admonitionem
2715 4167 2768 4220 in
2795 4181 3099 4222 sermonem
3128 4168 3196 4220 9.2
3226 4171 3538 4238 appendicis
3569 4179 3706 4221 nova:
3729 4165 3808 4214 Au-

2265 4261 2600 4330 gustinianae.
2650 4263 2723 4316 De
2762 4260 2860 4315 hac
2905 4262 3296 4331 benedictione,
3329 4280 3453 4335 quae
3483 4263 3550 4317 ab
3584 4253 3804 4329 episcopis

2266 4350 2350 4405 vel
2393 4351 2717 4422 presbyteris
2747 4350 2799 4408 itt
2841 4351 2945 4407 ﬁne
2975 4352 3350 4408 Matutinarum
3397 4365 3450 4411 et
3495 4354 3800 4422 Vesperarum

2266 4443 2510 4511 dabatur,
2545 4443 2798 4511 legendus
2842 4455 2924 4499 est
2966 4461 3134 4500 canon
3164 4447 3231 4502 50
3262 4450 3474 4504 concilii
3507 4441 3796 4516 Agathensis.

2269 4535 2334 4589 Et
2362 4538 2482 4606 quia
2510 4539 2738 4590 convenit
2785 4538 3014 4591 ordinem
3055 4538 3216 4611 426
3246 4539 3494 4596 Ecclesia:
3522 4539 3580 4592 ab
3610 4533 3796 4589 omnibus

2267 4630 2529 4698 mqualiter
2552 4630 2826 4698 custodiri,
2857 4633 3166 4685 studendum
3193 4644 3288 4697 est,
3325 4644 3380 4688 ut
3409 4638 3535 4689 sicut
3557 4631 3717 4700 ubique
3737 4623 3794 4690 ﬁl.

2265 4730 2314 4773 et
2344 4729 2453 4790 post
2483 4722 2805 4792 antiphonas,
2837 4721 3169 4777 Collectioncs
3193 4742 3282 4794 per
3310 4729 3534 4779 ordinem
3562 4726 3620 4775 ab
3645 4719 3792 4790 episco-

2267 4815 2344 4883 pis
2366 4813 2443 4866 vel
2476 4815 2776 4884 presbyteris
2806 4813 3076 4878 dicantur;
3108 4825 3152 4867 et
3178 4815 3355 4884 hymni
3396 4814 3617 4870 matutini
3650 4809 3714 4864 vel
3734 4821 3793 4857 ιἐο

2268 4908 2482 4975 spertini
2511 4907 2687 4959 diebus
2711 4909 2942 4961 omnibus
2977 4907 3339 4975 decantentur;
3373 4923 3418 4965 et
3448 4913 3496 4964 in
3524 4901 3788 4962 conclusione

2270 5000 2633 5052 matutinarum
2664 5000 2740 5052 vel
2775 5000 3174 5069 vespertinarum
3217 5002 3518 5066 missarum,
3557 5003 3654 5068 p081
3679 4991 3790 5056 ἀνθ’·

2271 5107 2362 5143 nos
2409 5090 2645 5159 capitella
2685 5091 2750 5143 de
2797 5091 3009 5157 psalmis
3055 5091 3324 5159 dicantur;
3365 5106 3410 5148 et
3456 5091 3580 5166 plebs
3618 5082 3783 5139 collecta

2271 5182 2498 5236 oratione
2524 5183 2592 5235 ad
2617 5198 2879 5248 vesperam
2902 5183 2964 5236 ab
2990 5184 3226 5254 episcOpo
3252 5201 3369 5238 cum
3400 5182 3705 5242 benedictione
3726 5170 3783 5223 di-

2270 5276 2515 5328 mittatur.

2345 5366 2431 5422 62.
2462 5366 2585 5420 Haec
2609 5373 2732 5420 sunt
2757 5381 2874 5436 quae
2903 5366 2970 5422 de
2991 5381 3149 5424 cursu
3176 5369 3450 5427 Gallicano
3473 5366 3595 5440 apud
3620 5366 3778 5417 veteres

2273 5470 2522 5514 auctores
2550 5458 2838 5514 observare
2881 5461 3170 5529 potuimus.
3216 5463 3428 5519 Saecuto
3471 5480 3516 5521 ts
3560 5446 3774 5513 uniformis

2273 5567 2438 5623 penes
2461 5552 2685 5607 clericos
2711 5563 2824 5607 erat
2853 5553 3159 5621 psalmodiae
3185 5555 3485 5626 disciplina,
3510 5563 3557 5608 ut
3582 5564 3634 5604 ex
3659 5548 3773 5599 Aml'

2274 5646 2389 5702 larii
2420 5635 2790 5715 Supplementa
2815 5647 2880 5699 ad
2913 5647 3104 5701 librum
3133 5649 3199 5704 de
3229 5650 3420 5706 divinis
3447 5646 3640 5705 Ofﬁciis,
3666 5634 3770 5689 alii?

2273 5754 2375 5808 que
2414 5739 2762 5807 scriptoribus
2802 5738 3163 5808 intelligimus.
3213 5743 3266 5796 Id
3314 5743 3504 5799 factum
3541 5756 3565 5793 a
3592 5735 3770 5798 tempore

2273 5845 2378 5900 quo
2417 5832 2611 5886 Paulus
2648 5847 2779 5901 papa
2820 5833 2874 5887 in
2912 5831 3139 5889 Galliam
3184 5838 3478 5895 transmisit
3513 5825 3766 5897 Antipho"?
