4060 6346
267 345 384 402 409
1285 340 1376 396 DE
1412 336 1642 397 CURSU
1679 331 2070 394 GALLICANO
2111 333 2528 406 DlSQUlSlTIO.
3436 344 3542 400 410

261 459 408 516 rium
437 454 764 522 Romanum,
793 450 944 522 cujus
970 453 1278 519 exemplum
1307 453 1610 510 Harduinus
1659 450 1858 508 Fonta-
1882 454 1934 512 Α
1963 448 2299 520 languentem
2329 466 2606 510 sacrorum
2637 456 3008 513 ministrorum
3055 457 3307 527 pietatem
3339 458 3542 531 legibus

261 549 430 607 uella:
448 545 688 602 reclusus
712 554 840 600 tunc
863 545 1213 614 descripsisse
1237 553 1588 604 memoratur.
1613 545 1855 601 Psalmo-
1958 542 2234 608 excitaret,
2257 551 2316 597 ut
2336 544 2522 600 saltent
2546 546 2750 617 aliquot
2779 548 2939 604 horas
2963 548 3160 605 divinis
3188 550 3432 606 laudibus
3461 553 3542 608 in-

261 641 375 698 dia:
413 639 603 706 ritum,
631 639 718 706 qui
750 636 909 693 hodie
948 653 1158 709 quoque
1202 639 1254 693 in
1298 638 1567 706 plerisque
1610 636 1854 694 ecclesiis
1955 644 2254 701 sumerent,
2279 651 2506 703 quorum
2525 640 2700 694 omnis
2728 641 2982 710 cogitatio
3005 645 3060 696 in
3084 642 3248 697 Deum
3272 643 3412 700 etde
3435 646 3542 702 Deo

259 732 559 794 Gallicanis
607 732 779 802 viget,
806 729 1090 800 descripsit
1113 729 1405 800 Gregorius
1433 728 1522 784 VII
1550 729 1601 783 in
1628 727 1855 783 concilio

261 827 534 891 Romano,
561 823 713 896 cujus
731 824 1007 881 decretum
1037 822 1265 879 refertur
1287 821 1356 878 de
1381 821 1695 878 Consecrat.
1718 819 1850 876 dist.

261 921 327 990 5,
357 935 472 991 cap.
499 916 571 972 In
595 918 696 971 die.

987 987 1013 1059 ς
1060 987 1147 1043 v1.

260 1083 352 1140 De
381 1082 689 1154 obligatione
717 1082 1017 1137 clericorum
1046 1081 1114 1134 ad
1144 1096 1349 1154 cursum
1376 1063 1611 1154 privatim
1636 1080 1859 1135 recitan-

524 1155 683 1216 dum;
713 1154 798 1208 ubi
827 1154 890 1206 de
916 1153 1268 1207 itinerantibus
1296 1160 1342 1206 et
1371 1151 1612 1220 inﬁrmis.

343 1269 434 1325 65.
460 1268 627 1324 Tanta
655 1265 979 1322 Christianis
1007 1268 1256 1321 omnibus
1301 1266 1462 1320 Deum
1496 1265 1742 1335 precandi
1772 1280 1859 1318 ra-

265 1362 349 1418 tio
375 1371 430 1417 et
472 1363 766 1416 necessitas
810 1359 1095 1425 incumbit,
1134 1368 1192 1413 ut
1233 1360 1412 1429 jugetn
1451 1369 1503 1413 et
1548 1374 1652 1412 non
1695 1357 1860 1412 inter-

261 1458 486 1512 missam
512 1455 580 1509 ab
607 1455 684 1508 eis
714 1453 1014 1508 orationem
1043 1452 1221 1523 exigat
1250 1452 1558 1520 Apostolus,
1586 1464 1860 1521 quantum-

259 1551 350 1604 vis
378 1545 603 1602 diversis
647 1545 948 1600 ﬁuctuantis
978 1560 1040 1600 ac
1093 1545 1303 1598 miserae
1344 1543 1464 1598 vita:
1506 1544 1860 1602 incommodis

261 1658 338 1698 ac
378 1640 518 1696 curis
557 1639 943 1693 distrahantur.
988 1636 1104 1691 Non
1162 1637 1335 1692 minor
1376 1639 1491 1692 sine
1535 1637 1715 1707 dubio,
1750 1639 1860 1692 imo

263 1733 507 1790 strictior
534 1730 761 1785 assiduae
801 1729 1125 1800 precationis
1173 1729 1427 1799 obligatio
1458 1729 1685 1784 clericos
1732 1745 1854 1799 spe‘

1958 740 2079 782 esse
2104 725 2345 782 deberet.
2385 727 2510 785 Sive
2542 746 2667 803 ergo
2693 747 2756 788 ea
2785 734 2872 789 lex
2901 743 3014 802 est,
3047 732 3160 790 sive
3188 737 3542 805 consuetudo,

1957 835 2063 890 qua
2092 819 2322 876 ministri
2350 825 2486 879 sacri
2515 825 2580 879 ad
2612 826 2912 881 recitandas
2955 827 3115 882 horas
3158 828 3439 884 canonicas
3468 838 3549 885 te-

1958 921 2175 977 nentur,
2221 921 2406 970 sancta
2450 925 2506 971 et
2547 917 2866 973 inviolabilis
2908 933 3028 975 esse
3075 919 3271 975 debet:
3313 936 3434 976 cum
3480 921 3551 977 sit

1958 1004 2204 1075 quaedam
2234 1005 2601 1077 interpretatio
2623 1007 2764 1078 juris
2785 1009 2974 1074 divini,
3001 1021 3222 1082 ortaque
3245 1013 3314 1067 sit
3343 1027 3406 1068 ex
3435 1013 3548 1082 ipsa

1961 1095 2278 1151 clericorum
2327 1098 2655 1165 conditione,
2703 1102 2791 1172 qui
2844 1103 2942 1156 toti
2992 1103 3173 1158 divino
3219 1105 3385 1159 cultui
3424 1113 3550 1160 sunt

1960 1189 2270 1257 mancipati.
2293 1190 2400 1245 Sed
2432 1191 2516 1246 bis
2553 1193 2786 1260 omissis,
2818 1195 2926 1250 duo
2954 1197 3108 1251 nobis
3139 1197 3243 1253 hoc
3281 1198 3404 1252 loco
3433 1199 3546 1253 dis-

1960 1282 2216 1350 quirenda
2246 1293 2392 1339 sunt.
2436 1284 2643 1353 Unum,
2676 1303 2781 1356 quo
2809 1302 2878 1342 ex
2922 1299 3159 1359 tempore
3192 1292 3306 1346 haec
3349 1292 3548 1346 divino-

1960 1390 2079 1430 rum
2125 1374 2425 1431 ofﬁciorum
2457 1379 2662 1446 privata
2696 1381 2942 1436 recitatio
2972 1383 3024 1436 in
3060 1383 3292 1438 Ecclesia
3334 1395 3547 1454 recepta

1960 1468 2058 1532 sit,
2091 1470 2388 1536 praesertim
2428 1471 2566 1538 apud
2615 1471 2818 1527 Gallos.
2865 1473 3136 1541 Alterum,
3181 1491 3287 1539 quo
3331 1475 3548 1532 demum

1961 1560 2158 1616 saeculo
2188 1561 2243 1616 in
2273 1563 2442 1632 legem
2472 1566 2706 1620 evaserit
2737 1569 2850 1620 haec
2878 1571 3231 1636 consuetudo,
3259 1578 3313 1625 et
3340 1584 3406 1625 an
3439 1569 3549 1626 fue-

1963 1652 2036 1708 rit
2063 1654 2145 1708 lex
2176 1654 2268 1708 illa
2298 1656 2587 1726 generalis.

2037 1745 2127 1800 65.
2160 1747 2335 1816 Atque
2375 1758 2432 1804 ut
2472 1763 2500 1802 a
2534 1749 2698 1819 priori
2729 1750 3011 1822 incipiam,
3053 1771 3158 1812 non
3187 1773 3294 1812 uno
3332 1759 3386 1814 in
3432 1759 3551 1816 loco

263 1837 410 1895 ctat,
437 1838 617 1900 utpote
637 1829 728 1898 qui
753 1831 903 1898 quasi
931 1828 1144 1899 quidam
1176 1828 1314 1882 inter
1340 1828 1505 1883 Deum
1529 1839 1584 1884 et
1610 1828 1856 1885 homines
1885 1830 1934 1891 Β
1961 1836 2255 1894 Venantius
2279 1838 2601 1896 Fortunatus
2623 1853 2907 1912 memorat,
2932 1845 3200 1903 Germano
3221 1848 3545 1905 Parisiorum

259 1921 564 1992 sequestri,
598 1920 817 1990 speciali
849 1920 1000 1974 titulo
1039 1919 1302 1990 Majestati
1333 1920 1527 1975 divina:
1554 1922 1853 1977 consecrati

260 2026 335 2067 ac
375 2011 660 2081 mancipati
709 2019 861 2077 sunt,
909 2020 1070 2081 atque
1118 2024 1148 2064 a
1199 2012 1430 2066 terrenis
1476 2010 1854 2068 sollicitudinis

258 2106 438 2175 magis
464 2103 625 2176 5.27
655 2104 805 2160 liberi
837 2113 891 2158 et
928 2103 1210 2160 immunes.
1242 2102 1578 2174 Quapropter
1623 2093 1854 2175 apostoli

259 2201 348 2256 sic
372 2200 599 2255 orationi
634 2213 754 2253 sese
783 2197 1067 2253 adstrictos
1110 2211 1231 2256 esse
1275 2197 1613 2266 sentiebant,
1645 2207 1736 2265 ut,
1769 2215 1855 2255 re-

259 2291 393 2348 licta
422 2290 661 2346 diaconis
689 2289 955 2346 inferioris
987 2290 1267 2345 ministerii
1293 2305 1446 2356 cura,
1481 2299 1620 2346 totos
1646 2306 1705 2347 se
1734 2307 1855 2361 pre-

260 2386 467 2443 cationi
490 2395 543 2442 et
569 2385 932 2455 prmdicationi
965 2383 1116 2439 verbi
1146 2383 1238 2440 Dei
1268 2384 1509 2439 addictos
1533 2385 1852 2454 proﬁteren-

260 2489 381 2538 tur.
413 2479 517 2535 Sed
547 2479 795 2549 quoniam
843 2478 1075 2532 humana
1120 2477 1478 2546 imbecillitas,
1512 2488 1671 2546 atque
1720 2478 1856 2534 adeo

259 2574 546 2643 multiplex
583 2572 800 2641 hujusce
832 2571 953 2625 vita:
984 2570 1276 2626 necessitas
1308 2586 1413 2624 non
1458 2570 1656 2637 patitur
1685 2581 1740 2624 ut
1767 2573 1858 2625 ho-

261 2672 444 2730 mines
469 2669 720 2726 continua
750 2671 944 2726 mentis
976 2669 1273 2723 intentione
1303 2666 1356 2720 itt
1396 2665 1490 2722 Dei
1514 2665 1774 2728 .landibus
1803 2673 1857 2721 et

263 2765 514 2822 oratione
539 2772 895 2834 occupentur;
924 2762 1032 2817 imo
1060 2763 1219 2816 etiam
1254 2761 1361 2815 Deo
1387 2761 1557 2832 magis
1579 2768 1856 2829 acceptum

263 2863 342 2917 sit
382 2872 438 2916 ut
474 2860 653 2916 clerici
702 2859 816 2913 aliis
858 2856 1066 2912 ordinis
1104 2856 1186 2912 sui
1228 2854 1441 2919 ofﬁciis,
1479 2869 1596 2925 qua:
1628 2851 1860 2924 proximi

263 2955 466 3010 caritas
490 2953 689 3022 exigit,
725 2949 1014 3009 identidem
1046 2947 1388 3009 incumbant;
1420 2948 1540 3004 ideo
1574 2966 1594 3002 ι
1622 2949 1858 3005 diversas

262 3036 456 3102 orandi
505 3043 685 3110 horas,
717 3062 736 3096 ι
773 3053 829 3097 ut
874 3039 1230 3111 Hieronymus
1264 3041 1330 3094 ad
1376 3039 1726 3094 Eustochium
1774 3039 1856 3094 lo-

263 3138 471 3208 quitur,
506 3155 524 3190 ι
550 3136 746 3191 habere
785 3135 1020 3201 debent,
1068 3141 1126 3187 ut
1167 3133 1211 3187 si
1262 3133 1399 3186 forte
1445 3131 1620 3201 aliquo
1661 3132 1860 3188 fuerint

1958 1929 2239 1999 episcOpo,
2286 1933 2376 2000 qui
2425 1934 2602 1989 medio
2651 1937 2850 1992 saeculo
2881 1954 2935 1993 vt
2980 1939 3140 2007 vixit,
3193 1941 3334 1996 hunc
3378 1941 3547 1999 fuisse

1958 2038 2194 2090 morem,
2225 2034 2284 2080 ut
2311 2027 2678 2095 quotidianum
2718 2045 2932 2085 cursum
2979 2033 3228 2103 religiose
3274 2037 3547 2104 persolve-

1958 2126 2060 2174 ret.
2088 2117 2220 2172 Nam
2252 2118 2304 2172 in
2331 2118 2448 2188 ejus
2478 2119 2612 2175 Vitae
2651 2123 2823 2192 capite
2863 2123 2932 2180 65
2963 2126 3289 2183 mentionem
3320 2127 3448 2182 facit
3477 2128 3547 2184 de

1963 2231 1984 2265 ι
2010 2221 2222 2266 cantato
2249 2227 2409 2267 cursu
2438 2212 2633 2269 Tertiae
2657 2234 2676 2267 ι
2713 2231 2808 2285 per
2833 2216 3177 2286 Germanum,
3213 2219 3263 2273 id
3296 2231 3379 2275 est
3407 2221 3547 2276 reci-

1957 2311 2098 2370 tato;
2128 2313 2182 2358 et
2215 2305 2508 2374 signantius
2545 2306 2720 2374 capite
2749 2307 2856 2363 76:
2895 2325 2915 2360 ‹
2944 2309 3045 2376 Qui
3083 2310 3329 2379 equitans
3371 2311 3424 2366 in
3455 2309 3544 2365 iti-

1957 2413 2108 2464 nere,
2140 2399 2338 2469 inquit,
2371 2413 2584 2468 semper
2609 2400 2676 2454 de
2703 2400 2812 2456 Deo
2839 2401 3037 2469 aliquid
3055 2443 3071 2468 ,
3105 2411 3195 2458 aut
3222 2403 3388 2459 verbo
3416 2418 3547 2458 con-

1959 2489 2109 2556 tulit,
2137 2499 2240 2556 ,aut
2267 2495 2538 2556 cantavit,
2584 2506 2800 2546 cursum
2831 2492 2974 2548 nudo
3002 2493 3176 2562 capite
3205 2494 3412 2560 dicens,
3442 2496 3545 2551 etsi

1959 2578 2050 2632 nix
2079 2588 2170 2634 aut
2208 2581 2380 2636 imber
2409 2591 2647 2651 urgeret.
2678 2601 2698 2634 ι
2732 2582 3022 2653 Gregorius
3052 2600 3181 2642 vero
3224 2585 3554 2643 Turonensis

1959 2673 2030 2729 ita
2055 2674 2237 2728 cursui
2270 2676 2551 2731 recitando
2579 2677 2744 2732 etiam
2775 2676 3017 2734 addictus
3044 2689 3189 2746 erat,
3223 2688 3283 2736 ut
3315 2699 3334 2734 α
3363 2695 3554 2750 exper-

1959 2765 2196 2835 gefactus
2222 2767 2361 2822 circa
2395 2770 2630 2829 medium
2663 2769 2866 2836 noctis,
2891 2769 2958 2824 ad
2979 2786 3192 2827 cursum
3220 2772 3553 2829 reddendum

1959 2869 2230 2929 surgeret,
2259 2880 2278 2912 ι
2316 2863 2366 2914 in
2395 2864 2643 2919 Historia:
2672 2863 2767 2918 lib.
2791 2879 2913 2930 vnt,
2944 2880 3064 2934 cap.
3096 2864 3183 2921 15.
3216 2865 3380 2939 429
3407 2866 3472 2923 Ει
3502 2868 3555 2924 in

1962 2949 2057 3005 lib.
2083 2967 2136 3018 ν,
2165 2966 2282 3018 cap.
2317 2950 2409 3018 l9,
2437 2967 2557 3007 cunt
2588 2953 2634 3008 is
2659 2955 2798 3024 apud
2835 2957 3064 3012 Parisios
3090 2969 3394 3015 versaretur
3423 2967 3556 3014 tem-

1964 3058 2093 3113 pore
2117 3043 2365 3106 concilii:
2395 3061 2415 3096 ι
2448 3043 2524 3098 Ea
2548 3060 2674 3100 vero
2706 3056 2886 3114 nocte,
2916 3048 3108 3117 inquit,
3139 3051 3432 3108 decantatis
3461 3068 3558 3109 no-

1962 3137 2290 3190 cturnahbus
2319 3135 2552 3206 hymnis,
2581 3156 2599 3188 ι
2634 3137 2686 3191 id
2718 3149 2802 3194 est
2842 3141 3086 3209 privatim
3121 3143 3378 3211 recitatis,
3415 3162 3436 3197 ‹
3464 3158 3558 3200 os-

266 3231 679 3304 opereznimiutn
708 3228 942 3297 detenti,
973 3229 1146 3298 ipsum
1175 3241 1269 3282 eos
1293 3225 1359 3280 ad
1385 3225 1619 3280 ofﬁcium
1649 3235 1859 3295 tempus
1886 3222 1934 3286 C
1965 3228 2095 3281 tium
2149 3227 2442 3281 mansionis
2490 3236 2691 3283 nostra:
2743 3231 2994 3299 gravibus
3040 3233 3202 3289 audio
3244 3236 3558 3292 verberibus

267 3327 572 3381 admoneat.
599 3342 619 3377 ι
654 3321 828 3392 Atque
859 3322 960 3377 hoc
987 3321 1202 3377 demum
1237 3328 1392 3390 pacto
1421 3319 1564 3390 iugis
1601 3319 1864 3376 orationis

265 3427 598 3490 praceptum
627 3417 852 3486 implere
877 3423 1128 3486 possunt,
1153 3428 1222 3468 ex
1246 3412 1564 3483 Augustino,
1601 3430 1617 3463 ι
1648 3411 1693 3466 si
1721 3413 1866 3467 nullo

268 3512 359 3567 die
405 3508 830 3565 intermittantur
872 3521 1033 3576 opera
1080 3504 1290 3560 orandi.
1323 3524 1342 3558 ι
1391 3505 1580 3572 Porro,
1625 3504 1865 3561 ut’idem

267 3613 491 3664 sanctus
515 3601 712 3658 Doctor
741 3602 812 3655 ait
842 3600 896 3654 itt
925 3599 1149 3668 epistola
1172 3597 1238 3652 ad
1270 3598 1540 3679 Probam,
1567 3616 1588 3651 ι
1615 3597 1736 3653 ideo
1770 3612 1865 3667 per

270 3706 417 3754 certa
449 3695 725 3750 intervalla
755 3694 1004 3748 horarum
1036 3706 1100 3747 ac
1148 3703 1444 3761 temporum
1486 3691 1648 3746 etiam
1681 3690 1865 3746 verbis

274 3804 524 3860 rogamus
553 3789 756 3854 Deum,
789 3795 846 3841 ut
873 3785 1004 3856 ipsis
1033 3799 1212 3840 rerum
1242 3785 1410 3854 signis
1437 3797 1537 3837 nos
1567 3785 1744 3839 acrius
1771 3799 1867 3839 ex-

274 3882 520 3938 citemus.
571 3871 791 3951 Dignior
829 3878 971 3934 enim
1001 3885 1254 3947 sequetur
1281 3874 1524 3942 effectus,
1568 3889 1725 3946 quem
1755 3875 1863 3932 l‘re-

275 3975 523 4048 quentior
553 3972 806 4044 praecedit
826 3971 1068 4026 allectus.
1097 3989 1116 4023 ι

345 4068 436 4124 64.
463 4067 660 4124 Sancta
690 4065 805 4120 haec
835 4063 1098 4119 institutio
1126 4061 1256 4116 nulli
1303 4076 1410 4116 non
1443 4061 1737 4132 probatur:
1767 4061 1864 4118 sed

277 4158 462 4214 durior
491 4156 676 4212 multts
707 4155 923 4211 videtur
959 4154 1049 4210 illa
1088 4153 1340 4221 obligatio
1368 4168 1472 4224 qua
1514 4153 1611 4208 sub
1653 4152 1869 4210 letbalis

281 4252 483 4325 peccati
523 4266 678 4321 pmna
723 4251 838 4305 haec
879 4250 1179 4310 divinorum
1225 4248 1522 4304 ofﬁciorum
1564 4248 1807 4304 recitatio
1837 4263 1870 4305 a

279 4348 448 4404 sacris
486 4345 744 4402 ministris
782 4337 1033 4414 exigitur.
1076 4341 1315 4404 Censent
1361 4341 1558 4412 quippe
1603 4339 1869 4411 ejusmodi

278 4437 524 4494 homines
572 4436 826 4491 novitiam
867 4435 1004 4490 hanc
1052 4448 1181 4491 esse.
1217 4433 1638 4503 obligationem.
1677 4434 1869 4502 priscis

281 4529 611 4599 temporibus
662 4527 931 4598 ignotam,
986 4541 1084 4581 nec
1134 4521 1240 4580 ulla
1294 4526 1545 4582 Ecclesiae
1602 4527 1867 4582 universa:

1967 3321 2105 3389 cpgi.
2131 3339 2152 3372 ι
2193 3318 2342 3375 idem
2389 3320 2456 3374 de
2495 3335 2556 3376 se
2597 3322 2711 3391 ipse
2753 3330 2982 3378 testatur
3012 3326 3063 3379 in
3104 3326 3200 3381 lib.
3233 3343 3318 3394 tx,
3350 3343 3469 3400 cap.
3499 3328 3554 3386 6.

1967 3415 2151 3484 Neque
2191 3414 2244 3468 id
2293 3415 2544 3484 peculiari
2595 3416 2855 3485 religione
2887 3417 3144 3488 faciebat,
3177 3423 3270 3476 sed
3301 3437 3367 3475 ex
3411 3437 3561 3479 more

1968 3503 2192 3561 aliorum
2236 3507 2598 3561 sacerdotum.
2632 3507 2764 3562 Nam
2792 3510 2847 3563 in
2875 3509 3014 3565 libro
3045 3510 3111 3567 de
3139 3511 3316 3567 Gloria
3345 3513 3559 3569 confes-

1969 3614 2150 3654 sorum
2192 3613 2310 3668 cap.
2355 3601 2444 3666 51,
2477 3599 2586 3670 agit
2626 3600 2692 3656 de
2737 3601 2966 3671 quodam
3001 3604 3340 3676 presbytero,
3374 3607 3464 3676 qui
3506 3607 3562 3663 in

1974 3693 2164 3755 itinere
2204 3694 2548 3760 constitutus,
2589 3709 2710 3748 cum
2752 3694 2894 3764 apud
2943 3711 3228 3767 pauperem
3272 3701 3560 3770 quemdam

1969 3783 2268 3851 bospi‘tatus
2311 3793 2486 3849 esset,
2524 3784 2716 3853 «juxta
2771 3800 2976 3842 morem
3019 3789 3357 3846 sacerdotum
3405 3802 3565 3850 nocte

1969 3877 2039 3933 ab
2088 3886 2259 3932 stratu
2290 3891 2386 3932 suo
2427 3880 2849 3947 consurrexisse,
2880 3892 2932 3938 et
2969 3884 3199 3940 orationi
3237 3885 3506 3944 adstitisse
3535 3907 3555 3943 ι

1968 3955 2298 4040 perhibetur.
2356 3968 2507 4025 Unde
2551 3970 2604 4026 in
2657 3971 2751 4027 lib.
2796 3972 2865 4027 de
2907 3973 3039 4029 Vitis
3085 3975 3331 4045 Patrum,
3361 3981 3564 4050 cap.7,

1976 4058 2267 4132 Gregorius
2295 4059 2646 4131 Lingonensis
2672 4065 2862 4133 praesul
2881 4106 2896 4131 ,
2931 4083 2949 4116 ‹
2980 4075 3134 4122 nocte
3156 4065 3224 4122 de
3251 4078 3418 4124 stratu
3442 4085 3560 4138 suo,

1971 4153 2119 4208 nullo
2145 4154 2430 4219 sentiente,
2463 4168 2811 4225 consurgens,
2842 4156 2908 4210 ad
2938 4159 3235 4214 orationem
3255 4205 3270 4230 ,
3305 4160 3413 4216 Deo
3443 4171 3559 4218 tan-

1973 4254 2083 4300 tum
2127 4254 2280 4311 teste,
2309 4247 2587 4316 pergebat;
2612 4247 2750 4302 ostio
2791 4247 3049 4305 divinitus
3076 4263 3336 4320 reserato,
3361 4263 3562 4310 attente

1971 4336 2236 4407 psallebat
2263 4335 2316 4391 in
2345 4336 2710 4405 baptisterioa
2739 4338 2850 4393 Hoc
2873 4342 3238 4410 psallentium,
3269 4362 3288 4396 ι
3312 4353 3565 4416 tanquam

1973 4431 2258 4484 multarum
2283 4445 2471 4484 vocum
2489 4472 2506 4497 ,
2531 4446 2627 4500 per
2654 4433 2812 4486 trium
2841 4433 3092 4490 horarum
3114 4446 3170 4490 et
3198 4436 3306 4490 fere
3328 4438 3564 4508 amplius

1971 4524 2202 4593 Spatium
2252 4524 2588 4580 audiebatur.
2621 4543 2642 4578 ι
2678 4525 2897 4594 Postea,
2938 4530 3203 4598 «impleto
3231 4545 3427 4597 cursu,
3472 4547 3566 4588 re-

280 4622 400 4695 lege
426 4621 758 4690 impositam,
790 4618 886 4674 sed
912 4633 944 4673 a
972 4618 1302 4674 scholasticis
1331 4626 1386 4674 et
1410 4633 1441 4673 a
1472 4633 1693 4674 casuum
1722 4620 1864 4674 arbi—
1894 4617 1944 4680 Ι)
1970 4626 2185 4674 vertens
2213 4619 2278 4672 ad
2322 4613 2609 4686 lec'tulum,
2640 4621 2710 4675 ita
2740 4635 2799 4676 se
2835 4631 2991 4678 caute
3020 4637 3181 4690 super
3211 4633 3440 4680 stratum
3473 4625 3566 4682 de-

283 4716 379 4769 tris
405 4713 696 4768 inductam.
731 4709 798 4765 Et
835 4709 1047 4780 quidem
1087 4704 1380 4780 optandum
1411 4719 1558 4766 esset
1586 4718 1646 4765 ut
1666 4708 1864 4767 Christi

280 4803 646 4861 ministrorum
683 4800 929 4856 voluntas
955 4801 1028 4856 ita
1057 4811 1252 4870 sponte
1281 4816 1376 4857 sua
1404 4809 1648 4880 curreret
1675 4801 1741 4856 ad
1785 4802 1868 4857 of-

283 4892 402 4952 ﬁcia
435 4895 668 4965 pietatis,
707 4902 763 4948 ut
789 4892 936 4948 nullo
977 4892 1153 4960 legum
1184 4893 1401 4948 stimqu
1438 4893 1724 4964 indigeret.
1759 4893 1865 4950 Sed

282 4997 428 5045 tanta
447 4988 858 5060 est,depravatio
883 4987 1360 5057 consuetudinum,
1385 4997 1528 5042 tanta
1553 4988 1862 5058 opinionum

284 5082 515 5148 vanitas,
551 5089 610 5136 ut
653 5081 826 5152 legum
871 5079 1198 5136 adminicula
1227 5082 1530 5137 necessaria
1557 5081 1664 5136 sint
1689 5080 1756 5135 ad
1787 5095 1867 5136 re-

285 5173 557 5230 vocandos
587 5174 755 5229 bonos
782 5186 982 5240 mores,
1015 5187 1081 5227 ne
1125 5173 1337 5241 penitus
1382 5173 1685 5236 intereant;
1717 5182 1770 5228 et
1797 5173 1865 5228 ad

282 5265 612 5322 retinendam
646 5265 926 5334 pietatem,
959 5263 1122 5336 428
1164 5279 1231 5319 ne
1269 5265 1362 5320 Dei
1408 5264 1605 5321 oblivio
1649 5265 1862 5322 tandem

283 5359 494 5414 animos
538 5366 782 5428 occupet.
829 5356 983 5424 Quod
1026 5371 1155 5413 sane
1199 5371 1520 5426 magnopere
1567 5359 1863 5414 timendum

283 5459 426 5506 esset
452 5450 521 5505 de
549 5450 730 5505 multis
755 5464 974 5515 eorum,
1005 5449 1095 5519 qui
1124 5449 1306 5504 divino
1330 5452 1494 5505 cultui
1541 5453 1860 5522 mancipati,

284 5544 355 5598 ita
383 5556 562 5594 rerum
590 5539 926 5606 saecularium
953 5540 1094 5596 curis
1118 5554 1181 5595 ac
1204 5540 1485 5596 desideriis
1506 5542 1863 5612 abripiuntur,

284 5640 338 5688 ut
377 5631 479 5687 ttisi
520 5632 586 5686 ad
621 5629 785 5687 Deum
819 5632 1142 5702 precandum
1179 5632 1409 5704 quadarn
1449 5633 1568 5704 lege
1613 5633 1874 5691 admone-

283 5735 488 5793 rentur,
520 5728 696 5782 tninus
718 5726 785 5783 de
813 5728 922 5783 Deo
941 5727 1227 5799 cogitaturi
1251 5736 1435 5783 essent
1461 5742 1620 5798 quam
1651 5728 1754 5798 ipsi
1781 5743 1878 5785 sa:-

285 5820 515 5879 culttres.
547 5819 727 5891 Itaque
755 5820 822 5876 ad
851 5820 1104 5879 Ecclesiae
1131 5822 1440 5893 religionem
1471 5821 1787 5894 pertinebat
1816 5830 1877 5878 ut

1977 4712 2239 4781 ponebat,
2269 4721 2328 4766 ut
2357 4728 2572 4783 prorsus
2601 4729 2758 4770 nemo
2787 4717 3034 4770 sentiret.
3067 4735 3086 4768 t
3128 4716 3366 4786 Denique
3396 4719 3563 4789 (quod

1969 4805 2202 4862 maxime
2223 4803 2289 4858 ad
2315 4819 2428 4860 rem
2459 4804 2607 4876 facit)
2653 4806 2939 4876 Gregorius
2984 4807 3310 4863 Turonensis
3339 4811 3561 4867 Salonio

1970 4905 2025 4951 et
2055 4895 2342 4965 Sagittario
2384 4896 2669 4968 episcopis,
2699 4898 2843 4965 quod
2883 4913 3100 4954 cursum
3146 4915 3355 4957 sacrum
3396 4905 3566 4973 negli-

1969 4997 2186 5056 gerent,
2215 4986 2342 5040 vitio
2366 4988 2601 5042 vertitin
2635 4988 2725 5043 lib.
2750 5005 2806 5058 v,
2826 5004 2948 5060 cap.
2971 4988 3039 5044 21
3068 5009 3083 5047 :
3118 5011 3137 5045 ε
3163 4991 3313 5048 Nulla
3339 5009 3562 5064 prorsus

1973 5079 2041 5135 de
2069 5080 2182 5136 Deo
2206 5090 2326 5136 erat
2353 5081 2576 5148 mentio,
2611 5083 2787 5139 nullus
2816 5085 3038 5140 omnino
3064 5101 3254 5144 cursus
3283 5089 3560 5145 memoriae

1973 5173 2289 5230 habebatur.
2315 5192 2335 5228 t

2048 5267 2137 5322 66.
2169 5268 2433 5324 Incertum
2455 5283 2562 5339 quo
2584 5278 2825 5342 tempore
2842 5274 3167 5331 celebratum
3191 5276 3260 5330 sit
3280 5275 3563 5332 concilium

1975 5361 2356 5433 Nauntetense,
2383 5365 2540 5434 cujus
2579 5380 2840 5424 canonem
2871 5370 2937 5424 19
2973 5370 3189 5424 adducit
3217 5371 3434 5425 ineunte
3464 5386 3566 5426 saa-

1971 5455 2094 5510 culo
2124 5471 2157 5511 x
2188 5455 2391 5527 Regino
2416 5457 2582 5513 abbas
2613 5459 2946 5516 Prnmiensis
2971 5461 3024 5516 in
3057 5461 3152 5515 lib.
3181 5476 3230 5527 ι,
3260 5475 3381 5531 cap.
3410 5461 3518 5517 208
3545 5482 3560 5517 :

1980 5549 2276 5622 Presbyter,
2298 5568 2445 5607 mane
2474 5556 2764 5610 matutinali
2792 5557 2953 5626 ofﬁcio
2979 5557 3200 5625 expleto,
3228 5575 3438 5630 pensum
3468 5574 3566 5614 ser-

1979 5645 2150 5698 vitutis
2178 5661 2283 5700 sum
2313 5648 2540 5700 canendo
2571 5647 2657 5719 (id
2683 5659 2766 5704 est
2794 5649 3092 5721 recitando)
3139 5650 3403 5718 Primam,
3440 5651 3566 5707 Ter-

1979 5737 2131 5805 tiam,
2168 5737 2407 5802 Sextum,
2443 5738 2751 5810 Nonamque
2775 5742 3058 5812 persolvat,
3085 5755 3215 5814 etc.,
3245 5761 3364 5816 qua:
3402 5760 3563 5816 supe-

1982 5828 2092 5884 rius
2113 5830 2412 5886 retulimus.
2439 5830 2781 5890 Particularis
2798 5835 3011 5905 quidem
3035 5836 3150 5894 haec
3173 5836 3422 5905 Syttodus
3443 5848 3528 5895 est
3541 5876 3563 5901 ,
