4060 6346
623 341 722 400 4η

1280 316 1283 319 ’
1336 340 1684 402 sensuum
1722 342 1814 400 an
1850 338 2079 399 opttus
2118 328 2367 394 SANCTI
2403 330 2710 390 causam
2747 330 3188 395 rnrsrsusns.
3806 340 3886 397 tu

621 474 728 516 non
759 460 1070 519 universalis
1096 478 1110 517 :
1140 460 1233 518 sed
1264 468 1440 517 tamen
1480 462 1596 533 ejus
1630 460 1917 517 auctoritas
1949 458 2089 511 valet
2128 446 2194 505 ad
2222 447 2277 511 Α
2299 444 2616 503 Censebam"
2643 449 2955 519 εηνίεείωε
3000 450 3093 506 ιη’
3135 448 3437 523 obligato.
3488 465 3607 507 που
3654 452 3739 523 Pii
3781 459 3883 515 uti

618 553 945 624 probandam
995 552 1248 609 Ecclesiae
1289 562 1412 609 tunc
1456 553 1711 623 temporis
1753 547 2191 607 consuetudinem

617 658 683 701 ac
722 645 913 715 legem.
953 645 1283 716 Suilragatur
1321 644 1739 714 Chrodegangus
1780 640 2055 698 Mettensis
2101 652 2199 693 an-

619 735 775 793 titites
802 746 922 809 post
963 738 1195 794 medium
1242 738 1494 792 saeculum
1536 735 1698 808 430
1726 738 1838 790 vin.
1872 734 1917 789 is
1953 733 2093 788 enim
2139 731 2195 787 lu

616 828 819 900 regulas
857 829 1125 885 canonicis
1169 829 1492 897 przescriptze
1529 841 1652 898 cap.
1682 828 1752 881 ‘27
1794 830 1864 882 ita
1912 824 2193 894 praecipit:

624 936 645 975 t
672 923 990 992 Quicunque
1032 938 1097 978 ex
1131 923 1276 978 clero
1315 922 1369 976 in
1412 922 1604 978 itinere
1650 935 1770 977 cum
1813 919 2069 991 episcopo
2110 917 2194 974 vel

616 1024 739 1070 cum
767 1015 870 1071 alio
899 1013 1323 1084 proﬁciscuntur,
1353 1013 1591 1069 ordinem
1637 1026 1821 1079 suum,
1854 1014 1906 1067 in
1937 1012 2194 1083 quantum

615 1106 719 1164 iter
748 1108 831 1163 vel
868 1107 1005 1162 ratio
1043 1106 1367 1177 permiserit,
1393 1121 1499 1161 non
1522 1106 1819 1177 negligant;
1850 1114 1902 1162 et
1950 1120 2054 1160 non
2099 1108 2193 1161 eos

616 1199 813 1255 debent
852 1198 1125 1268 praeterire
1173 1198 1319 1253 horae
1368 1200 1692 1263 constitutae,
1742 1209 1844 1252 tam
1888 1197 1954 1252 de
2000 1195 2192 1253 ofﬁciis

612 1291 808 1347 divinis
836 1306 995 1362 quam
1022 1290 1253 1346 aliunde.
1284 1294 1303 1343 δ
1331 1289 1512 1361 Neque
1540 1290 1593 1345 id
1625 1290 1794 1346 solum
1824 1288 1895 1360 pii
1926 1289 2109 1345 moniti
2140 1292 2195 1345 et

612 1383 818 1438 consilii
846 1385 1010 1439 instar
1033 1391 1177 1449 erat,
1205 1383 1299 1438 sed
1322 1383 1390 1437 ita
1419 1390 1741 1452 praeceptum
1771 1381 2111 1445 censebatur,
2134 1386 2194 1436 ut

609 1476 699 1546 qui
746 1488 900 1531 secus
952 1478 1233 1541 fecissent,
1286 1476 1490 1546 peccati
1542 1491 1601 1531 se
1648 1490 1771 1531 reos
1816 1482 2192 1547 agnoscerent.

616 1567 765 1623 Unde
806 1567 1081 1636 Alcuinus,
1119 1568 1171 1622 in
1212 1566 1437 1622 formula
1484 1566 1855 1630 confessionis,
1897 1560 2000 1619 c‘ol.
2038 1563 2186 1619 166:

616 1677 636 1712 ι
661 1660 879 1714 Peccavi
904 1659 1044 1729 quod
1071 1658 1340 1729 negligens
1366 1657 1437 1712 fui
1463 1656 1530 1712 de
1557 1671 1678 1711 meo
1698 1670 1855 1711 cursu
1873 1698 1887 1722 ,
1914 1671 2071 1725 quem
2098 1670 2193 1724 per

609 1751 771 1805 horas
795 1749 1080 1805 canonieas
1104 1748 1382 1805 exsolvere
1410 1748 1604 1814 debui;
1635 1756 1691 1803 et
1715 1748 1783 1803 de
1814 1758 1929 1803 inea
1960 1746 2193 1817 psalmo-

607 1838 693 1895 dia
714 1880 729 1906 ,
761 1848 816 1895 et
842 1839 912 1895 de
937 1840 1070 1894 meis
1090 1839 1439 1907 orationibus,
1465 1846 1570 1897 etc.
1599 1856 1619 1892 s

681 1930 768 1985 67.
801 1930 1010 1986 Saecqu
1037 1945 1092 1985 ιχ
1119 1929 1334 1986 ineunte
1372 1930 1640 1986 scribebat
1679 1939 1865 1985 auctor
1893 1930 2005 1997 ille,
2036 1928 2189 2001 cujus

606 2018 797 2076 librum
821 2023 888 2077 de
917 2021 1291 2078 Benedictione
1318 2022 1410 2099 Dei
1439 2022 1737 2079 Stevartius
1758 2024 1954 2102 edidit,
1986 2038 2192 2079 nuncu-

606 2122 788 2184 patum
823 2113 1102 2170 Batburico
1133 2117 1386 2184 episcopo
1413 2114 1808 2183 RatiSponensi.
1839 2115 1937 2173 llic
1975 2130 2104 2171 vero
2134 2118 2190 2173 in

605 2209 912 2279 prmfatione
936 2224 1029 2265 sua
1056 2212 1225 2279 carpit
1250 2212 1532 2267 nonnullos
1559 2212 1868 2268 sacerdotes
1890 2222 1944 2268 et
1973 2214 2188 2283 episco-

606 2314 724 2372 pos,
754 2302 871 2371 qui,
903 2311 958 2357 ut
987 2302 1208 2358 liberius
1236 2303 1394 2373 genio
1425 2305 1700 2373 indulgere
1728 2305 1965 2373 possint,
2013 2307 2187 2375 prius-

603 2408 761 2463 quam
797 2391 1080 2449 dormitum
1114 2402 1268 2461 eant,
1308 2414 1327 2448 ι
1353 2404 1642 2451 nocturnas
1673 2395 1893 2467 Vigilias
1920 2397 2188 2453 desidiose

604 2485 993 2554 persolventes,
1026 2494 1195 2542 stratu
1236 2502 1357 2541 mox
1402 2487 1689 2544 decubant.
1731 2487 2025 2557 Surgentes
2058 2496 2186 2544 vero

596 2576 728 2632 dum
755 2592 815 2633 se
854 2578 1090 2633 vestibus
1133 2579 1385 2645 induunt,
1429 2579 1617 2635 diurna
1664 2590 1926 2651 peragunt
1964 2581 2183 2638 ofﬁcia:

602 2679 849 2740 putantes
877 2671 979 2726 sibi
1008 2673 1257 2727 sufﬁcere
1285 2687 1462 2742 posse,
1489 2673 1533 2728 si
1564 2673 1754 2730 saltem
1788 2689 1999 2744 quoquo
2028 2676 2187 2731 modo

599 2762 691 2819 illa
730 2764 1045 2831 decautent,
1080 2778 1095 2817 ι
1129 2767 1181 2821 id
1223 2776 1305 2821 est
1342 2767 1583 2823 recitent.
1625 2785 1644 2820 ι
1674 2769 1847 2840 ignari
1881 2771 2001 2840 quia
2039 2770 2186 2825 hom

598 2852 724 2914 sunt
751 2856 803 2931 in
849 2869 1030 2916 sancta
1060 2860 1301 2916 Ecclesia
1329 2864 1657 2931 constitutae,
1691 2856 1885 2934 quibus
1917 2877 2013 2933 per
2041 2864 2183 2919 diem

600 2960 654 3009 et
692 2963 904 3009 noctem
941 2954 1140 3010 divinas
1185 2956 1459 3011 servitutis
1490 2956 1665 3012 ofﬁCia
1709 2957 2176 3028 persolvantur....

598 3043 743 3111 Quas
773 3048 818 3100 sl
846 3045 1178 3117 negligimus,
1205 3055 1513 3105 sanctorum
1538 3046 1754 3103 Patrum
1778 3047 2033 3104 institutis
2057 3064 2185 3105 con-

586 3140 852 3205 »traimus;
902 3140 1092 3209 quibus
1134 3140 1404 3196 contraire
1448 3140 1804 3210 periculosum
1849 3150 1950 3197 est.
1998 3142 2182 3211 Neque

598 3238 737 3294 enim
771 3246 991 3307 possunt
1019 3236 1450 3293 communionem
1498 3242 1736 3294 Sanctam
1790 3238 2041 3294 Ecclesiae
2086 3208 2256 3293 ha-c

598 3332 745 3396 bere,
770 3330 859 3401 qui
881 3331 995 3401 ejus
1020 3331 1282 3401 instituta,
1307 3331 1407 3387 etsi
1433 3336 1536 3386 nun
1562 3332 1761 3397 verbis,
1786 3332 2036 3402 operibus
2058 3330 2183 3386 vero

599 3424 911 3495 impugnare
943 3414 1183 3478 nituntur
1210 3438 1222 3476 ε
1251 3423 1375 3478 dum
1408 3421 1549 3493 quod
1599 3421 1987 3493 permaximum
2017 3429 2099 3478 est
2128 3416 2183 3478 in

596 3524 776 3572 sancta
809 3515 1065 3583 Ecclesia,
1095 3517 1139 3571 si
1170 3531 1291 3571 cum
1342 3515 1605 3571 charitate
1652 3525 1707 3572 et
1751 3515 1960 3595 pietatis
2006 3514 2182 3571 studio

596 3616 895 3679 peragatur,
927 3608 978 3663 id
1006 3617 1087 3664 est
1116 3608 1290 3665 laudis
1319 3608 1513 3665 divinae
1543 3608 1836 3679 psalmddia
1878 3609 2177 3680 modulata,

595 3712 648 3756 et
672 3701 954 3757 missarum
982 3701 1274 3767 solemnia,
1306 3706 1405 3758 nec
1432 3701 1757 3772 temporibus
1780 3702 2051 3775 cengruis,
2082 3702 2183 3757 nec

595 3790 863 3859 religiosis
906 3790 1180 3845 celebrant
1226 3790 1531 3850 aﬂ‘ectibus.
1564 3811 1583 3844 ι
1639 3794 1807 3861 Quam
1859 3796 2016 3863 longe
2064 3796 2181 3850 erat

595 3888 780 3936 auctor
808 3880 897 3935 ille
922 3896 951 3935 a
986 3882 1251 3937 sententia
1283 3890 1467 3938 eorum
1499 3884 1589 3953 qui
1634 3883 1935 3940 divinorum
1968 3882 2178 3941 ofﬁcio-

580 3986 715 4027 .rum
746 3972 1113 4028 recitationem
1138 3966 1227 4029 vel
1275 3975 1329 4028 ln
1372 3974 1532 4047 εει
1563 3978 1721 4029 unum
1764 3976 2055 4045 conjiciunt
2084 3978 2182 4033 δο-

597 4080 743 4133 ram,
774 4067 861 4123 vel
892 4067 1032 4124 inter
1070 4068 1314 4145 ἀδιάφορα
1361 4068 1645 4140 reponunt.
1678 4070 1747 4124 At
1781 4074 1940 4140 quam
1969 4071 2183 4141 religio-

598 4162 709 4216 sior
734 4169 851 4216 erat
878 4159 1172 4230 Liudgerus
1211 4161 1515 4231 episcopus,
1544 4163 1635 4232 qui
1667 4162 1809 4217 nulla
1852 4163 1995 4233 regis
2028 4178 2183 4221 reve-

596 4251 768 4307 rentia
796 4251 970 4319 potuit
990 4253 1251 4322 tantisper
1272 4253 1461 4308 abduci
1485 4266 1514 4306 a
1536 4254 1695 4309 cursu
1719 4253 1993 4310 recitando
2016 4256 2181 4327 (quod

597 4344 757 4400 etiam
787 4342 857 4399 de
901 4346 1085 4398 sancto
1128 4336 1266 4400 Saba
1314 4344 1551 4416 legitur),
1598 4356 1757 4401 noctu
1802 4358 1923 4400 cum
1970 4345 2180 4403 clericis

597 4438 709 4495 suis
737 4438 918 4494 divina
949 4436 1125 4492 ofﬁcia
1158 4440 1467 4506 persolvere
1492 4437 1696 4493 solitus.

2297 541 2507 600 consilii
2542 542 2853 599 admonitio.
2896 545 3034 600 Audi
3076 543 3345 601 Iacobum
3398 559 3435 599 a
3468 545 3715 601 Vitriaco
3748 550 3795 603 in
3818 552 3884 606 iii-

2297 637 2476 692 θεοι-ξω
2505 635 2851 693 occidentalis
2880 651 2999 708 cap.
3031 637 3102 692 54
3134 656 3148 692 :
3187 656 3207 692 ι
3238 638 3408 696 Licet
3442 648 3641 695 autem
3674 647 3883 702 sacerdos

2297 733 2530 802 priirata‘s
2578 732 2851 789 orationes
2897 740 2954 788 et
2995 742 3230 790 secretas
3275 734 3726 804 deprecationes
3760 736 3884 795 variis

2296 827 2435 881 circa
2461 830 2622 883 curas
2651 826 2949 883 animarum
2980 826 3446 896 occupationibus
3480 820 3730 883 intentus
3756 831 3884 897 possit

2296 917 2583 988 aliquando
2610 918 2903 984 dimittere,
2941 919 3103 974 horas
3130 928 3308 975 tamen
3351 918 3674 974 canonieas
3700 934 3794 975 non
3815 922 3882 977 de-

2295 1011 2386 1067 bet
2424 1013 2692 1069 omittere.
2736 1014 2867 1069 Aliae
2896 1014 3037 1068 enim
3081 1014 3362 1069 orationes
3419 1024 3564 1069 sunt
3602 1014 3877 1085 voluntatis,

2297 1099 2380 1157 ita:
2409 1111 2587 1158 autem
2623 1102 2973 1167 necessitatis.
3012 1124 3032 1158 ι
3087 1102 3180 1160 liis
3204 1103 3348 1161 adde
3384 1100 3720 1161 sanctiones
3744 1108 3881 1162 conci-

2295 1198 2351 1252 lii
2399 1198 2719 1253 Basiieensis
2764 1207 2819 1254 et
2893 1199 3271 1255 Lateranensis
3320 1200 3441 1255 sub
3483 1188 3679 1255 Leone
3706 1199 3881 1271 Lque

2294 1284 2641 1344 beneﬁciatos
2673 1288 3004 1359 (Basiicense
3035 1288 3182 1344 addit
3208 1288 3388 1344 sacris
3424 1287 3723 1344 ordinibus
3743 1292 3879 1344 initia-

2296 1380 2401 1447 tos)
2431 1380 2496 1435 ad
2530 1380 2901 1436 recitationem
2934 1381 3197 1437 Breviarii
3229 1382 3588 1451 astringunt.

2365 1473 2455 1529 70.
2499 1473 2769 1531 Praetereo
2797 1474 2927 1529 alias
2960 1475 3186 1529 aliarum
3215 1474 3617 1530 Ecclesiarum
3646 1476 3871 1533 consuta-

2295 1568 2491 1634 tiones,
2522 1566 2691 1638 qualis
2720 1577 2803 1625 est
2831 1566 3043 1624 concilii
3065 1568 3321 1624 i’l‘oietaui
3371 1583 3433 1623 tv
3466 1568 3527 1622 in
3586 1572 3787 1625 canene
3814 1571 3875 1635 l0,

2295 1659 2381 1714 ubi
2412 1660 2778 1715 sacerdotibus
2810 1673 2863 1716 et
2891 1660 3148 1732 subjectis
3178 1661 3404 1717 clericis
3436 1661 3549 1715 sub
3572 1660 3721 1731 gravi
3747 1663 3874 1718 inter-

2284 1740 2591 1807 'minatione
2619 1750 2782 1825 432
2810 1752 3049 1822 praecipit
3072 1753 3416 1809 Dominicam
3444 1753 3755 1809 orationem
3776 1769 3874 1824 quo-

2221 1820 2269 1891 Β
2296 1840 2425 1899 tidie
2456 1852 2547 1899 aut
2576 1845 2627 1899 in
2642 1820 2878 1917 pub—lico,
2918 1820 3007 1900 aut
3038 1844 3091 1900 in
3120 1846 3317 1915 priuato
3355 1847 3541 1916 oﬁicio
3588 1820 3801 1901 recitari.
3820 1847 3873 1903 Et

2294 1934 2742 2006 quointelligitur
2786 1938 3047 2007 privatam
3094 1938 3259 1994 divini
3308 1938 3497 1995 ofﬁcii
3549 1940 3874 1996 recitationem

2294 2029 2506 2087 clericis
2535 2030 2675 2100 apud
2709 2029 2972 2102 Hispanos
3001 2034 3161 2089 etiam
3187 2042 3315 2089 tunc
3337 2043 3690 2105 praeceptam
3721 2034 3868 2100 fuisse.

2293 2120 2346 2177 id
2378 2131 2458 2177 est
2482 2135 2605 2179 ante
2626 2123 2884 2179 saeculum
2914 2140 3007 2180 vu.
3040 2124 3238 2182 Eodem
3263 2127 3485 2183 saeculo
3517 2130 3664 2200 apud
3693 2129 3872 2185 Graecus

2291 2216 2544 2286 Joannes,
2602 2231 2955 2289 cognomento
3005 2216 3495 2296 Eleemosynarius
3528 2270 3544 2293 ,
3611 2245 3632 2279 ι
3668 2226 3863 2282 divinum

2295 2312 2507 2381 quidem
2538 2313 2919 2370 ecclesiastictt:
2951 2318 3147 2387 regulae
3167 2316 3421 2378 ofﬁcium
3455 2334 3589 2374 eum
3618 2320 3865 2375 attentione

2292 2406 2510 2471 mentis,
2570 2406 2855 2477 cordisque
2903 2409 3228 2465 contritione
3269 2411 3571 2479 prmﬁnitis
3625 2412 3865 2481 peragebat

2291 2498 2641 2567 temporibus.
2683 2517 2701 2551 ι
2758 2498 2861 2556 Ubi
2915 2504 3098 2557 auctor
3146 2504 3372 2560 Graecus
3405 2507 3552 2560 Θείαν
3594 2505 3865 2578 λειτσυργίαν

2292 2600 2382 2649 τοῦ
2418 2594 2834 2653 ἐκκλησιαστικοῦ
2862 2597 3063 2658 κανόνος
3088 2596 3343 2667 appellat.
3372 2597 3458 2655 De
3486 2595 3668 2654 officio
3693 2597 3860 2667 publica

2289 2684 2668 2757 intelligendus
2717 2687 2929 2743 concilii
2973 2688 3420 2760 Carthaginensis
3466 2704 3520 2745 tv
3575 2705 3737 2748 canon
3771 2690 3856 2745 iii:

2289 2774 2515 2831 Clericus
2540 2779 2626 2847 qui
2649 2778 2839 2848 absque
2867 2780 3164 2851 corpusculi
3186 2781 3265 2835 sui
3285 2780 3655 2851 inaequalitate
3690 2780 3851 2852 Vigiliis

2287 2867 2445 2933 deest,
2500 2869 2769 2939 stipendiis
2818 2870 3061 2938 privetur.
3105 2870 3308 2927 Eodem
3364 2882 3588 2943 spectat
3636 2885 3787 2928 canon
3808 2868 3853 2923 il

2287 2960 2498 3016 eb‘uciiil
2545 2958 2859 3017 Veni-tensis
2894 2984 2907 3019 :
2940 2962 3187 3029 Clericus,
3226 2980 3377 3033 quem
3411 2965 3555 3021 intra
3581 2977 3745 3019 muros
3767 2961 3853 3017 a'ri-

2292 3054 2411 3107 tatis
2441 3068 2549 3106 sua:
2577 3070 2778 3108 nianere
2804 3055 3104 3122 constiterit,
3135 3065 3182 3112 et
3205 3074 3236 3112 a
3257 3059 3538 3113 matutinis
3564 3056 3752 3130 hymnis
3773 3055 3852 3111 sint

2291 3145 2547 3215 probabili
2587 3147 2912 3203 excusatione
2956 3150 3280 3220 aegritudinis
3312 3153 3561 3208 imtentui
3606 3149 3750 3223 fuerit
3779 3150 3846 3203 de-

2286 3238 2465 3309 fuisse,
2489 3250 2674 3311 septem
2697 3241 2874 3297 diebus
2897 3250 2929 3297 tt
2951 3247 3308 3302 communione
3321 3238 3581 3302 habeatur
3602 3252 3841 3308 extraneas,

2288 3337 2392 3385 εις.

2361 3421 2451 3477 7i.
2492 3421 2608 3478 Non
2637 3423 2812 3478 solum
2840 3422 3175 3493 itinerantes,
3209 3428 3304 3484 sed
3346 3431 3515 3485 etiam
3560 3422 3841 3500 gravissimis

2285 3512 2490 3569 morbis
2519 3515 2749 3581 detenti,
2783 3516 3021 3572 dlﬁcium
3052 3518 3290 3575 divinum
3316 3531 3413 3577 aut
3439 3521 3543 3590 ipsi
3564 3517 3836 3582 recitabant,

2287 3613 2380 3660 aut
2406 3610 2585 3661 coram
2617 3620 2675 3664 se
2701 3608 2922 3665 recitari
2954 3610 3229 3667 curabant.
3268 3612 3342 3668 De
3376 3612 3633 3686 Eugendo
3657 3607 3739 3666 seu
3757 3606 3838 3663 Ati-

2284 3696 2461 3767 gendo
2490 3697 2686 3753 abbate
2714 3698 2952 3763 Jttrensi,
2981 3701 3070 3771 qui
3092 3702 3191 3756 sub
3211 3710 3414 3759 annum
3442 3703 3551 3760 510
3570 3702 3633 3757 ad
3654 3704 3836 3767 superos

2285 3788 2437 3856 abiit,
2470 3789 2523 3845 id
2555 3791 2803 3847 traditum
2833 3803 2917 3849 est
2943 3794 3011 3849 ab
3036 3809 3305 3867 anonymo
3336 3798 3557 3869 aequali,
3588 3791 3714 3866 quod
3735 3794 3827 3845 cost

2286 3882 2425 3937 ultra
2454 3885 2860 3955 sexagenariam
2887 3894 3098 3942 aetatem
3138 3907 3157 3940 ‹
3186 3892 3279 3943 sex
3309 3891 3426 3947 fere
3453 3887 3714 3946 Mensibus
3736 3884 3833 3939 ine-

2287 3977 2540 4045 quaiitate
2574 3992 2831 4047 corporea
2869 3977 3154 4047 laboraret,
3191 3988 3465 4052 nonquam’
3506 3989 3672 4038 tamen
3700 3986 3826 4031 cano-

2282 4068 2411 4124 ‘itico
2442 4072 2608 4139 usque
2630 4069 2695 4124 ad
2717 4070 2905 4125 horam
2934 4070 3198 4129 defuisset
3217 4076 3420 4130 cursui.
3459 4095 3479 4129 ι
3517 4064 3652 4129 Ideni
3679 4064 3829 4149 scribi-

2288 4167 2375 4217 tur
2422 4161 2489 4217 de
2532 4161 2818 4218 Benedicto
2862 4164 3152 4221 Anianeusi
3193 4168 3406 4236 abbate,
3454 4166 3524 4224 de
3569 4158 3823 4222 Adaihar’do

2284 4253 2627 4320 Corbelen'si,
2662 4264 2716 4311 et
2742 4254 2881 4312 aliis.
2912 4258 2984 4313 At
3010 4258 3345 4325 Benedictus,
3377 4260 3716 4334 cogno‘r'i'iente
3740 4250 3825 4308 ΒΝ·

2285 4360 2477 4416 eopus,
2506 4346 2645 4402 Beda
2675 4350 2924 4417 testante,
2955 4348 3077 4405 cum
3112 4355 3260 4408 tuon
3293 4344 3449 4411 facile
3470 4354 3535 4410 ad
3557 4344 3818 4431 explendum}

2290 4439 2513 4493 solitum
2539 4434 2847 4509 psalmodlaé
2878 4446 3093 4497 Cursum
3122 4444 3355 4513 linguam
3385 4436 3632 4503 vocative
3654 4436 3816 4512 pbtbril

577 4549 583 4553 ν
669 4532 759 4588 68.
800 4532 913 4587 Huc
941 4540 1146 4602 spectat
1166 4531 1360 4588 Leonis
1390 4534 1539 4603 papae
1562 4530 1627 4588 iV
1656 4531 1870 4590 humilia
1898 4545 2084 4605 quarta
2112 4536 2177 4591 ad
2207 4603 2247 4609 _
2286 4530 2484 4595 levare,
2523 4540 2616 4599 per
2644 4532 2878 4603 singulas
2923 4534 3131 4591 diurnas
3160 4538 3276 4594 sive
3304 4536 3577 4596 nocturnae
3600 4525 3807 4609 orationis

601 4626 946 4697 presbyteros
973 4635 1026 4680 et
1053 4625 1358 4681 SacerdOtes
1384 4642 1396 4678 :
1430 4642 1448 4678 ι
1485 4624 1640 4682 Omni
1672 4634 1827 4683 nocte
1863 4603 1928 4684 ad
1955 4628 2177 4685 noet‘ur-
2207 4603 2261 4667 θ
2288 4621 2448 4709 horas
2470 4624 2676 4695 aliquos
2704 4624 2768 4679 δά
2794 4636 2863 4713 δεΔ
2887 4626 3109 4683 fratrum
3132 4631 3357 4687 meabat
3378 4630 3599 4713 siquibus
3621 4606 3811 4683 Ρεεῐᾶὶδὲ

594 4723 693 4774 nas
717 4715 877 4774 horas
903 4718 1142 4789 surgite;
1171 4722 1385 4774 cursum
1412 4726 1647 4774 Vestrum
1691 4718 1839 4775 horis
1878 4710 2042 4779 certis
2085 4722 2178 4778 dc-

593 4816 837 4879 cantate;
881 4811 1165 4869 missarum
1200 4812 1590 4869 celebrationes
1631 4814 1822 4870 devote
1860 4814 2114 4887 peragite.
2152 4837 2170 4868 ι

592 4903 744 4971 Quod
787 4903 1006 4959 tetidem
1060 4904 1236 4960 verbis
1286 4906 1480 4974 repetit
1530 4904 1814 4963 Ratherius
1859 4904 1911 4963 ln
1961 4908 2177 4966 homiiia

593 4995 849 5069 Synodica'
877 4980 943 5051 ad
977 4998 1102 5052 suos
1133 4992 1493 5069 presbyterOs

664 5090 755 5148 cs.
794 5086 1001 5146 Saecqu
1030 5092 1064 5144 at
1091 5090 1321 5146 occltrrit
1368 5091 1420 5146 tu
1466 5090 1681 5147 statutis
1712 5090 1935 5165 Eadgau
1975 5092 2174 5168 angin-

592 5200 710 5241 rum
741 5184 883 5255 regis
922 5182 1148 5237 formula
1177 5182 1551 5248 confessionis,
1594 5185 1733 5254 apud
1764 5182 2174 5256 spellhannum,

592 5281 713 5350 pag:
740 5277 849 5334 4‘59
873 5271 890 5333 ἑ
926 5278 946 5328 t
981 5274 1251 5333 Cbhliteor
1276 5280 1363 5332 me
1392 5272 1550 5332 horas
1584 5274 1731 5333 τηετιὲ
1759 5272 2043 5334 calienicas
2074 5297 2170 5337 ue-

576 5373 841 5441 ‘glcxisse.
876 5382 894 5422 ι
927 5367 994 5424 Et
1022 5374 1090 5424 ue
1117 5366 1235 5438 quis
1272 5369 1387 5424 leve
1418 5372 1692 5439 peccatum
1730 5374 1850 5428 esse
1896 5378 2069 5439 putet,
2120 5372 2172 5429 id

595 5465 821 5517 maxime
862 5461 1272 5529 advertendum,
1313 5463 1454 5533 quod
1488 5462 1627 5520 inter
1656 5463 2052 5521 accusatibnum‘
2082 5470 2170 5521 ca‘-

593 5557 720 5626 pila,
751 5564 868 5626 quae
893 5556 1084 5611 Joanni
1108 5556 1207 5612 ΧΠ
1236 5548 1444 5628 objecta
1468 5562 1610 5623 sunt,
1644 5562 1807 5628 attjue
1823 5560 2072 5615 Ottone‘m
2104 5563 2169 5617 a‘d

592 5647 1215 5705 cum-esauctorandum
1264 5649 1625 5716 adduxerunt,
1674 5664 1841 5707 unum
1885 5660 1988 5720 est,
2036 5653 2177 5724 quod

597 5750 621 5795 α
654 5742 938 5798 matutinas
976 5744 1031 5799 et
1074 5743 1361 5801 ca‘nbnics's
1410 5744 1569 5801 horas
1616 5754 1720 5804 non
1770 5746 2114 5815 celebrasset,
2152 5765 2170 5799 ι

574 5836 736 5894 apud
764 5834 1174 5907 Mutpnndum,
1212 5838 1271 5895 in
1298 5837 1393 5896 illi:
1434 5846 1484 5896 v‘I
1514 5840 1634 5911 cap.
1667 5836 1720 5896 7.
1748 5838 1867 5899 iam
1896 5842 2024 5914 ergo
2053 5844 2177 5900 tunc

2287 4706 2581 4772 consuetos
2606 4718 2813 4774 duobus
2836 4710 2890 4773 tn
2910 4720 3099 4776 eboris
3114 4704 3509 4793 resonantibus,
3538 4724 3587 4778 et
3606 4704 3805 4790 ipsecuai

2288 4810 2389 4877 ei‘s,
2436 4808 2700 4880 quatenus
2751 4814 2980 4882 poterat,
3039 4798 3321 4883 psallebat.
3352 4836 3373 4872 ι
3429 4812 3575 4888 Quod
3621 4808 3725 4867 iteiu
3759 4801 3807 4858 de

2280 4904 2516 4983 cervino
2547 4904 2858 4963 Gentuietisi
2882 4906 3073 4964 abbate
3101 4912 3373 4967 memoria:
3402 4900 3651 4983 proditum
3668 4907 3751 4983 est.

2353 4982 2512 5072 433
2552 4999 2642 5054 7a.
2687 5001 2753 5055 At
2780 4999 2838 5055 ut
2865 5000 3113 5056 monachi
3140 5004 3310 5057 erant.
3361 4974 3801 5072 (feruescunt:

2281 5070 2459 5150 clerici
2484 5070 2646 5165 paulo
2685 5094 2861 5149 utilius
2904 5096 3063 5165 quam
3108 5096 3356 5151 monachi
3407 5086 3512 5153 uéo
3559 5070 3802 5173 tonsae?

2281 5178 2666 5255 sunt;-dupiiCi
2690 5184 2842 5240 titulo
2868 5164 3108 5258 pictique
3137 5186 3334 5245 divitiis
3363 5180 3547 5247 amens
3568 5164 3797 5258 recitandi;

2284 5276 2521 5347 obnoxii,
2576 5280 2769 5349 nempe
2819 5264 2971 5336 t'itulo'
3022 5256 3463 5352 consecrationis,
3511 5287 3561 5336 et
3604 5256 3797 5365 beneﬁcii

2283 5373 2654 5439 ecclesiastici,
2690 5371 2831 5443 quad
2857 5370 3134 5429 monachis
3167 5368 3272 5428 ho‘ti
3324 5367 3584 5446 coﬂipetit.
3622 5360 3676 5421 El
3706 5360 3793 5446 (1υῆ

2276 5460 2403 5523 dein
2437 5464 2634 5530 Galliis,
2679 5442 3040 5523 Ar‘vernorUm
3076 5467 3375 5538 episcOpdii
3413 5442 3625 5525 Sanetus,
3670 5442 3791 5538 moi“.

2277 5558 2586 5632 proximus,
2627 5578 2644 5611 ι
2675 5558 2993 5616 adveniente
3022 5535 3319 5628 dic-tertiis,
3351 5556 3369 5614 ἱ
3402 5566 3512 5631 qua:
3535 5556 3634 5611 erat
3655 5535 3787 5632 Domi"

2279 5614 2586 5718 iussuiu,’
2606 5614 2931 5708 suum
2946 5650 3057 5725 ja‘th
3099 5614 3279 5723 caelo,
3302 5614 3584 5722 Ξηιεῖτσειη
3617 5614 3785 5731 quit}?

2277 5708 2507 5806 ecclesia
2547 5708 2854 5817 psallerent.
2904 5708 3221 5805 ibixeriiiit‘
3244 5708 3654 5807 7benedictionem

2266 5830 2530 5914 iistilier’e,
2547 5806 2579 5897 ὀ
2615 5836 2668 5903 tu
2698 5836 2782 5901 est
2808 5836 3073 5902 uiaticum
3102 5820 3411 5903 Henetiam.
3449 5840 3467 5899 ἀ
3492 5828 3554 5901 At
3575 5828 3655 5892 ius
3672 5806 3781 5895 psit-
