4060 6346
277 332 390 392 M5

1261 334 1351 391 an
1383 296 1613 393 censu
1650 330 2036 393 GALLICANO
2072 332 2497 406 DISQUISITIO.

3433 328 3541 402 tit

253 467 356 511 mo
408 446 853 523 qﬁnquagesimo
902 454 959 504 et
1006 448 1381 504 benedictione
1430 449 1736 516 decantata,
1796 458 1851 503 et
1874 451 1923 510 Α
1954 450 2216 518 opusculo
2242 452 2333 506 39.
2366 450 2477 506 luto
2501 450 2997 525 etGhrodegangus
3030 452 3306 512 Mettensis
3332 456 3543 525 episco-

254 542 590 600 alleluiatico
612 557 737 599 cum
756 540 1008 611 eapitello
1035 541 1272 612 expleto,
1305 540 1699 596 consummavit
1724 538 1848 595 ofﬂ-

256 637 409 692 cium
453 642 623 691 totum
673 635 929 703 temporis
970 633 1237 700 matutini,
1266 652 1285 685 ι
1339 632 1550 689 Laudes
1574 646 1848 689 vocamus.

257 727 396 786 Haec
422 742 492 785 ex
520 726 782 799 Gregorio
808 726 877 783 de
904 725 1039 783 Vitis
1068 726 1303 790 Patrum,
1332 740 1455 797 cap.
1478 726 1532 780 6.

340 823 433 881 75.
475 821 555 878 Ad
596 821 910 877 itinerantes
953 819 1094 891 quod
1142 820 1352 885 attinet,
1384 834 1490 875 non
1533 816 1694 873 modo
1733 816 1857 872 reli-

254 918 428 991 giosi,
470 918 569 974 sed
597 916 760 974 etiam
799 915 995 972 clerici
1028 917 1313 971 saeculares
1358 916 1519 970 etiam
1563 912 1857 982 antiquitus

254 1002 447 1068 divina
505 1010 685 1067 ofﬁcia
736 1010 1131 1080 persolvebant.
1184 1008 1241 1063 id
1295 1007 1559 1078 exemplis
1609 1007 1858 1078 superius

254 1106 547 1177 probatum
578 1114 682 1173 est,
722 1104 932 1161 scilicet
970 1119 1036 1158 ex
1080 1102 1344 1175 Gregorio
1391 1104 1690 1159 Turonensi
1738 1102 1857 1169 epi-

253 1212 431 1269 scopo
452 1207 507 1255 et
532 1213 598 1255 ex
627 1197 810 1269 regula
838 1196 1236 1267 Chrodegangi;
1280 1211 1347 1252 ne
1391 1205 1630 1266 repetam
1676 1211 1860 1251 exem-

259 1293 416 1363 plum
460 1293 630 1348 sancti
672 1290 927 1348 Germani
984 1292 1225 1362 episcopi
1280 1292 1617 1360 Parisiensis,
1663 1289 1855 1360 quibus

258 1383 409 1442 adde
438 1384 749 1455 exemplum
789 1383 1076 1455 Epiphanii
1113 1385 1351 1455 episcopi
1385 1384 1704 1439 Ticinensis.
1733 1383 1861 1440 Inde

258 1487 354 1535 est
398 1477 543 1548 quod
614 1476 800 1533 clerici
840 1490 1030 1531 omnes
1078 1478 1320 1533 Psalmos
1366 1476 1624 1533 memoria
1679 1486 1862 1531 tenere

260 1570 536 1627 debebant
588 1586 655 1626 ex
713 1584 978 1626 canonum
1018 1571 1355 1641 praescripto.
1405 1571 1573 1638 Quam
1630 1571 1700 1626 ob
1746 1585 1861 1627 rem

263 1662 581 1719 Gennadius
604 1661 646 1718 C
676 1663 735 1718 P.
766 1666 1065 1734 patriarcha
1098 1683 1118 1717 ι
1146 1662 1415 1721 neminem
1437 1664 1737 1733 ordinabat,
1771 1674 1862 1737 qui

263 1756 588 1813 Psalterium
611 1771 718 1813 non
738 1758 901 1813 sciret
922 1757 1252 1824 memoriter,
1276 1776 1294 1810 ι
1346 1771 1409 1813 ex
1456 1756 1741 1813 Theodoro
1764 1757 1863 1813 Le-

1948 554 2057 610 pus
2082 542 2136 595 in
2166 543 2364 613 regulae
2403 558 2519 613 cap.
2551 542 2621 596 26
2644 544 2666 598 ':
2699 562 2720 596 ε
2744 544 2853 601 Nec
2882 561 3002 601 cum
3033 546 3252 614 baculis,
3283 556 3373 602 aut
3396 562 3543 602 canic

1948 635 2117 700 hutis,
2161 647 2255 690 aut
2293 635 2525 691 fustibus
2552 638 2604 692 in
2637 638 2827 704 choro,
2859 639 3095 708 exceptis
3123 639 3411 709 debilibus,
3445 642 3541 696 sed

1955 728 2206 799 religiose
2243 728 2351 784 illis
2382 729 2630 785 standum
2660 739 2713 783 et
2738 731 3071 800 psallendum
3098 740 3204 788 est.
3234 732 3373 788 Sunt
3397 734 3541 789 enim

1956 818 2173 891 quidam
2200 822 2520 879 clericorum
2542 825 2632 894 qui
2656 824 2708 878 in
2736 825 3082 880 szecularibus
3112 824 3339 897 negotiis
3360 835 3415 881 et
3434 826 3544 881 dis-

1957 914 2351 984 ceptationibus
2407 928 2543 985 pene
2595 925 2765 972 totum
2819 914 3217 985 infatigabiliter
3271 919 3545 975 deducunt

1959 1009 2132 1077 diem;
2158 1019 2210 1066 et
2238 1026 2362 1065 mox
2389 1018 2446 1065 ut
2467 1011 2748 1068 ecclesiam
2772 1012 2839 1066 ad
2862 1012 3100 1068 divinum
3148 1012 3380 1068 ofﬁcium
3423 1026 3544 1083 per-

1961 1100 2224 1169 agendum
2246 1100 2583 1169 intraverint,
2613 1103 2682 1157 ita
2714 1104 2915 1174 fatigati
2937 1103 3202 1171 videntur,
3221 1114 3277 1159 ut
3297 1110 3394 1161 nec
3424 1120 3543 1160 ora-

1967 1192 2097 1247 tioni
2127 1207 2343 1260 vacare,
2389 1209 2485 1249 nec
2520 1194 2584 1249 ad
2615 1196 2947 1264 psallendum
2992 1207 3134 1252 stare
3180 1205 3403 1268 queant:
3449 1200 3544 1253 sed

1963 1286 2143 1355 potius
2172 1284 2447 1354 sedentes,
2476 1302 2581 1341 non
2607 1286 2823 1356 divinis,
2850 1289 2941 1344 sed
2970 1290 3119 1344 vanis
3148 1291 3320 1345 solent
3345 1290 3546 1347 instare

1963 1379 2211 1447 loquelis,
2246 1397 2265 1431 ι
2319 1387 2424 1434 etc.
2466 1378 2602 1447 Quid
2648 1381 2718 1435 sit
2762 1382 3027 1436 cambutis
3075 1382 3227 1438 inniti
3277 1384 3326 1436 in
3369 1382 3547 1438 otticio

1963 1470 2163 1538 divino,
2194 1470 2544 1540 intelligimus
2574 1488 2639 1527 ex
2672 1472 2788 1527 Vita
2836 1491 2938 1529 ms.
2988 1474 3155 1530 sancti
3185 1475 3407 1530 Victuril
3438 1475 3548 1544 epi-

1964 1566 2109 1637 scopi
2131 1564 2578 1633 Cenomanensis,
2609 1570 2692 1622 cui
2714 1581 2931 1622 sanctus
2972 1586 2990 1621 ι
3019 1568 3274 1623 Martinus
3301 1567 3448 1623 dedit
3468 1569 3548 1624 ba-

1965 1660 2141 1715 culum
2164 1661 2304 1731 (seu)
2326 1662 2765 1727 sustentaculum,
2800 1675 2958 1729 super
2996 1662 3135 1731 quod
3166 1662 3343 1717 solent
3372 1676 3548 1717 sacer-

1966 1753 2122 1808 dotes
2145 1752 2273 1808 lusis
2294 1752 2370 1824 (id
2392 1762 2473 1808 est
2498 1752 2809 1823 fundendis)
2838 1754 3170 1810 orationibus
3200 1755 3546 1811 sustentari.»

260 1858 423 1904 ctore
463 1848 603 1918 apud
648 1848 1068 1906 eruditissimum
1091 1851 1381 1919 Valesium,
1428 1868 1545 1922 pag.
1600 1850 1726 1907 554.
1778 1855 1859 1907 An
1892 1841 1937 1901 Β
1964 1844 2020 1899 ln
2051 1851 2357 1913 pervetusto
2384 1844 2606 1909 Codice,
2635 1844 2727 1913 qui
2762 1842 2929 1899 Vitam
2955 1845 3125 1901 sancti
3160 1845 3386 1901 Amandi
3415 1844 3551 1900 'l‘ra-

265 1922 534 1996 lectiones
582 1940 742 1996 etiam
786 1942 1077 1998 recitarem
1117 1943 1457 2013 itinerantes,
1499 1944 1601 2001 erit
1635 1948 1859 2001 fortasse

260 2038 359 2104 qui
392 2036 643 2107 inquirat.
700 2035 844 2092 Sane
886 2037 1135 2093 monachi
1166 2039 1358 2095 saltem
1389 2039 1605 2096 libellos
1634 2056 1731 2095 seu
1756 2040 1860 2095 Co-

258 2134 416 2190 dices
447 2130 605 2205 hujus
647 2130 725 2186 rei
765 2131 933 2201 gratia
959 2133 1259 2202 gestabant.
1290 2131 1422 2187 Nam
1451 2140 1509 2188 ut
1530 2133 1772 2188 omittam
1805 2134 1859 2189 id

261 2225 410 2298 quod
435 2225 505 2282 de
531 2223 744 2295 Equitio
763 2224 958 2280 abbate
982 2234 1167 2281 narrat
1189 2225 1476 2296 Gregorius
1503 2227 1746 2297 Magnus,
1769 2227 1859 2297 qui

264 2319 517 2391 Equitius
553 2337 571 2371 ι
602 2332 789 2373 sacros
812 2318 1043 2375 Codices
1072 2320 1124 2374 in
1155 2320 1386 2389 pelliciis
1416 2322 1643 2377 sacculis
1663 2322 1857 2379 dextro

262 2411 513 2482 ueroque
538 2408 711 2465 latere
738 2418 954 2479 portare
973 2410 1203 2477 solebat,
1229 2431 1249 2465 ι
1280 2410 1423 2480 quod
1448 2414 1610 2467 etiam
1636 2412 1704 2467 de
1726 2412 1861 2468 Fru-

261 2519 459 2566 ctuoso
502 2507 759 2579 episcopo
798 2507 1114 2563 Braearensi
1168 2507 1417 2578 legimus,
1459 2507 1624 2579 535
1653 2508 1857 2579 Grego-

262 2603 386 2659 rius
416 2601 487 2657 IX
513 2600 584 2657 de
610 2600 890 2656 monachis
917 2600 1061 2656 foras
1091 2601 1413 2670 proiecturis
1442 2599 1492 2655 id
1515 2601 1720 2667 statuit,
1756 2619 1774 2652 ι
1802 2610 1859 2656 ut

262 2696 375 2767 ipsi
423 2695 585 2751 horas
627 2694 810 2751 dicunt
858 2696 912 2751 in
946 2694 1050 2762 via,
1100 2703 1152 2750 et
1204 2694 1271 2749 de
1319 2693 1467 2750 libris
1513 2694 1861 2763 providentur

262 2788 483 2845 iisdem.
511 2806 529 2841 ι
566 2786 622 2843 ld
649 2786 862 2856 generis
903 2785 1039 2842 duos
1087 2801 1185 2853 pro
1227 2785 1601 2841 itinerantibus
1631 2787 1859 2842 Codices

264 2884 324 2939 in
355 2883 596 2939 sacrario
619 2878 963 2937 Cisterciensi
997 2878 1284 2949 aliquando
1305 2879 1558 2941 vidimus,
1592 2894 1729 2950 quos
1756 2879 1860 2935 hoc

266 2976 433 3033 modo
461 2974 719 3032 describit
744 2974 1011 3043 Iosephus
1041 2971 1393 3044 Meglingerus
1430 2972 1483 3028 in
1531 2973 1725 3028 itinere
1760 2988 1859 3030 suo

264 3070 617 3128 Cisterciensi
649 3087 664 3125 :
698 3087 718 3122 ι
745 3067 935 3125 Libelli
982 3068 1141 3123 trium
1189 3067 1475 3138 digitorum
1523 3067 1857 3123 latitudinem

268 3180 380 3221 non
410 3161 700 3229 excedunt,
741 3161 860 3232 plus
891 3169 1066 3216 tamen
1095 3158 1442 3230 longitudinis
1474 3158 1691 3215 habent.
1724 3159 1857 3214 Dum
1899 3212 1909 3223 ,

1962 1938 2227 2010 jectensis
2257 1938 2491 2006 episcopi
2522 1939 2783 2008 continet,
2808 1939 2947 2009 apud
2972 1939 3233 1996 Elnonem
3256 1942 3551 2008 asservato,

1964 2031 2069 2085 vidi
2098 2030 2365 2100 ejusmodi
2396 2031 2772 2101 episcoporum
2813 2032 3096 2100 imagines,
3138 2032 3227 2101 qui
3260 2045 3363 2087 una
3393 2046 3554 2089 manu

1963 2124 2160 2193 pedum
2194 2121 2464 2192 pastorale
2490 2132 2722 2193 gestant,
2755 2124 2862 2178 alia
2893 2124 3137 2179 baculum
3171 2138 3475 2192 recurvum,
3500 2133 3555 2181 et

1964 2215 2179 2285 quidem
2214 2214 2541 2283 breviorem,
2578 2230 2685 2285 quo
2715 2229 2775 2271 se
2804 2216 2905 2285 ipsi
2948 2216 3086 2271 inter
3132 2217 3391 2272 orandum
3436 2232 3554 2273 sus-

1965 2312 2265 2364 tentabant.
2312 2309 2487 2365 Hodie
2534 2325 2743 2379 quoque
2782 2313 2836 2364 in
2884 2312 3111 2367 ecclesia
3142 2312 3309 2367 sancti
3342 2312 3555 2382 Georgii

1964 2404 2105 2475 apud
2142 2404 2414 2469 Venetiae,
2446 2404 2714 2475 ejusmodi
2746 2405 3011 2460 cambutis
3033 2406 3172 2461 inter
3192 2406 3450 2461 orandum
3479 2406 3554 2462 uti

1966 2496 2139 2551 solent
2168 2495 2411 2551 homines
2443 2496 2731 2566 promiscui
2754 2510 2933 2562 sexus,
2962 2504 3119 2551 utme
3147 2497 3351 2551 monuit
3370 2495 3554 2551 erudi-

1963 2596 2053 2644 tus
2102 2597 2157 2643 et
2204 2588 2522 2644 venerabilis
2574 2588 2830 2644 Claudius
2871 2589 3205 2644 Castellanus
3261 2587 3552 2645 canonicos

1963 2681 2217 2736 Ecclesia:
2248 2680 2589 2736 Parisiensis.
2622 2680 2702 2735 Ad
2735 2681 2851 2736 haec
2880 2681 2935 2735 in
2964 2681 3143 2736 libello
3168 2678 3395 2751 supplici
3434 2694 3548 2735 mo-

1963 2771 2260 2826 nachorum
2293 2769 2641 2826 Fuldensium
2671 2770 2737 2825 ad
2759 2770 3012 2827 Carolum
3064 2771 3310 2843 Magnum
3343 2770 3395 2825 hi
3423 2786 3552 2827 con-

1963 2872 2285 2933 queruntur,
2322 2864 2465 2934 quod
2498 2879 2607 2934 prae
2652 2864 2889 2934 llatgarii
2932 2863 3141 2920 abbatis
3185 2863 3382 2919 duritia
3426 2864 3554 2932 ipsis

1965 2960 2191 3015 inﬁrmis
2224 2977 2242 3012 ι
2274 2973 2373 3015 nec
2402 2960 2650 3014 baculum
2677 2973 2778 3029 pro
2799 2960 3188 3015 sustentatione
3210 2958 3350 3013 ferre
3376 2958 3551 3025 liceat,

1965 3066 2066 3106 nec
2093 3051 2158 3105 ad
2188 3051 2610 3113 inclinatorium,
2653 3050 2797 3119 quod
2844 3065 2942 3105 nos
2996 3051 3277 3105 formulam
3302 3049 3552 3106 dicimus.

1964 3144 2227 3199 morando
2258 3143 2540 3198 inharere.
2569 3160 2589 3195 ι
2622 3141 2787 3197 Multo
2817 3144 2991 3196 minus
3025 3142 3171 3197 sanis
3199 3142 3397 3211 (neque
3426 3154 3556 3196 vero

270 3260 490 3315 clausos
521 3255 916 3327 aspicis,parvi
946 3262 1237 3325 apparent;
1270 3261 1327 3307 at
1354 3254 1524 3321 aperti
1559 3252 1720 3321 triplo
1749 3270 1860 3307 ma-
1886 3232 1935 3299 ε
1970 3236 2019 3291 id
2054 3245 2241 3305 petunt
2271 3236 2587 3305 Fuldenses)
2630 3234 2745 3290 haec
2773 3235 3097 3303 indulgentia
3133 3231 3548 3302 concedebatur,

267 3354 416 3426 iores
460 3350 713 3415 evadunt,
761 3348 925 3416 foliis,
971 3364 1091 3419 quas
1121 3364 1185 3403 ex
1218 3349 1529 3403 membrana
1561 3350 1678 3402 rudi
1726 3363 1859 3403 con-

269 3451 437 3515 stant,
472 3451 553 3500 ter
581 3441 933 3512 complicatis,
982 3441 1253 3507 deorsum,
1281 3450 1336 3495 et
1375 3441 1635 3496 ambobus
1681 3441 1861 3497 lateri-

270 3536 398 3595 bus.
424 3535 609 3607 Neque
625 3535 677 3590 in
696 3541 922 3604 utraque
938 3542 1088 3603 parte
1106 3532 1296 3589 litteris
1314 3533 1607 3599 implentur
1629 3535 1857 3604 paginae,

272 3631 371 3690 sed
392 3630 621 3686 interius
647 3636 855 3684 tantum
881 3644 896 3694 ;
925 3626 994 3682 ita
1027 3634 1085 3682 ut
1114 3626 1240 3682 licet
1259 3625 1444 3681 folium
1473 3642 1501 3678 a
1528 3626 1653 3681 folio
1680 3627 1864 3697 sejun-

278 3738 398 3798 gas,
436 3723 536 3779 nisi
578 3722 732 3793 plicat
758 3720 1110 3791 explicentur,
1160 3719 1318 3774 nulla:
1362 3720 1553 3775 littera
1599 3731 1859 3790 prostent.

283 3819 415 3885 Qua
440 3814 657 3886 quidem
683 3811 1059 3869 minutissimas
1076 3812 1259 3882 paucis
1281 3812 1502 3882 syllabis
1525 3821 1663 3867 totas
1686 3815 1863 3883 perio-

280 3911 382 3967 dos
405 3909 722 3965 brevissimo
749 3905 1071 3978 compendio
1093 3906 1407 3963 absolvunt.
1439 3907 1591 3962 Nulla
1608 3922 1865 3979 compage

276 4011 708 4074 seutegumento
734 4001 1069 4064 vinciuntur;
1122 3999 1217 4056 sed
1262 4016 1368 4055 uno
1408 4000 1461 4055 in
1507 4000 1674 4057 latere
1717 4002 1863 4060 ﬁlum

277 4078 494 4165 colligat
542 4093 687 4160 folia,
740 4108 807 4147 ne
852 4090 1120 4167 diffluant,
1166 4106 1229 4167 ac
1276 4091 1470 4148 deinde
1507 4094 1752 4149 sacculus
1797 4110 1865 4152 ex

276 4188 426 4244 corio
456 4185 665 4242 libellos
694 4184 904 4253 recipit.
935 4202 953 4235 ι
993 4182 1115 4238 Haec
1141 4182 1247 4238 ille.

351 4276 442 4332 74.
481 4277 688 4345 Quanta
717 4291 876 4346 porro
909 4276 1206 4331 reverentia
1236 4276 1434 4331 divinis
1481 4276 1676 4333 officiis
1702 4278 1866 4335 inter-

275 4386 401 4429 esse
464 4371 698 4426 solerent
748 4369 977 4438 majores
1018 4369 1207 4433 nostri,
1243 4367 1592 4441 intelligimus
1624 4372 1692 4427 ex
1728 4372 1866 4429 facto

278 4464 447 4522 sancti
482 4462 693 4518 Martini
724 4461 960 4531 episcopi
981 4461 1333 4531 Turonensis,
1369 4478 1524 4532 quem
1562 4483 1580 4517 ι
1613 4464 1663 4520 in
1692 4467 1867 4523 eccle-

277 4558 359 4612 sia
398 4570 555 4610 nemo
584 4567 816 4624 unquam
846 4553 1036 4609 sedere
1061 4552 1361 4623 conspexit,
1394 4574 1413 4607 ι
1466 4560 1523 4610 ut
1570 4555 1764 4628 legitur
1815 4560 1866 4614 in

1968 3340 2025 3387 ut
2046 3329 2211 3402 5.36
2241 3340 2478 3399 tempore
2498 3328 2665 3384 divini
2693 3328 2862 3383 ofﬁcii
2882 3328 3127 3384 formqu
3156 3326 3551 3384 incumberent.

2039 3441 2128 3497 75.
2167 3438 2246 3496 Ad
2295 3447 2594 3496 extremum
2642 3438 2871 3494 maxime
2903 3438 2987 3509 pia
3029 3448 3081 3495 et
3117 3450 3300 3496 sancta
3347 3448 3433 3497 est
3476 3441 3557 3514 (ut

1964 3535 2074 3608 jam
2115 3535 2375 3604 diximus)
2414 3533 2508 3589 illa
2548 3533 3030 3589 ecclesiasticarum
3070 3535 3439 3606 prccatibnum
3471 3535 3557 3591 in-

1967 3629 2195 3692 Stitutio,
2227 3628 2341 3683 sive
2373 3627 2604 3697 publice,
2650 3628 2762 3682 sive
2806 3626 3053 3698 privatim
3098 3628 3386 3684 recitandae
3427 3629 3556 3687 sint.

1967 3720 2103 3788 Quid
2124 3720 2266 3775 enim
2294 3720 2471 3789 aptius
2492 3719 2559 3775 ad
2583 3720 2692 3776 Deo
2714 3720 2948 3775 debitum
2968 3720 3170 3777 cultum
3192 3724 3558 3794 honoremque

1970 3812 2423 3884 persolvendum?
2453 3820 2543 3867 aut
2571 3812 2696 3882 quid
2726 3812 2791 3868 ad
2815 3814 3149 3869 excitandam
3176 3808 3408 3869 ﬁdelium
3440 3814 3557 3883 pic-

1969 3916 2135 3963 tatem
2166 3905 2627 3962 accommodatius
2685 3914 2742 3961 ut
2782 3906 2867 3962 vel
2911 3922 3008 3963 suo
3048 3907 3212 3979 ipsius
3256 3909 3560 3964 testimonio

1970 4002 2215 4073 probavit
2243 4000 2593 4073 Augustinus,
2641 4015 2799 4071 quam
2852 3999 3188 4057 Psatmorum
3238 4000 3289 4055 in
3333 4002 3559 4059 ecclesia

1968 4096 2195 4153 cantus?
2215 4094 2337 4151 Jam
2362 4109 2491 4150 vero
2513 4094 2644 4149 nihil
2671 4094 2735 4149 ad
2761 4094 3117 4150 refricandam
3142 4095 3235 4151 Dei
3257 4095 3380 4164 Opt.
3409 4098 3553 4151 Max.

1969 4186 2284 4242 memoriam
2315 4183 2588 4239 efficacius
2619 4199 2775 4254 quam
2803 4184 3065 4254 ejusmodi
3098 4198 3286 4253 preces
3314 4186 3559 4255 privatim

1970 4278 2258 4336 recitandte
2302 4296 2313 4330 :
2354 4292 2580 4348 quarum
2635 4276 2893 4348 obligatio
2949 4276 2994 4331 si
3049 4278 3319 4333 nonnullis
3378 4277 3559 4333 durior

1975 4368 2185 4426 videtur
2228 4376 2283 4427 et
2324 4370 2605 4436 nterosior,
2658 4369 2953 4425 timendum
2984 4377 3066 4425 est
3089 4386 3154 4425 ne
3184 4369 3234 4424 id
3262 4385 3325 4426 ex
3355 4370 3561 4424 divina-

1971 4479 2088 4519 rum
2116 4477 2294 4518 rerum
2329 4462 2486 4516 taedio
2509 4470 2565 4517 et
2600 4461 2815 4517 fastidio
2845 4463 3065 4517 oriatur.
3096 4463 3229 4518 Cum
3260 4462 3401 4517 enim
3434 4462 3560 4518 Breo

1972 4554 2196 4610 viarith
2228 4552 2390 4625 (quod
2413 4552 2628 4624 vocant)
2653 4552 2751 4608 tria
2774 4553 3043 4608 contineat
3063 4556 3387 4625 magnopere
3410 4555 3556 4610 utilia

280 4646 375 4702 lib.
402 4662 440 4700 ιι
481 4645 546 4701 de
579 4614 697 4715 ejus
728 4643 867 4701 Vita.
896 4644 1048 4711 Quod
1075 4614 1234 4699 etiam
1261 4648 1327 4700 de
1354 4655 1541 4701 sancto
1568 4614 1863 4718 Epiphanio
1892 4614 1942 4702 ﬁ
1975 4660 2029 4704 et
2058 4614 2413 4703 a-diticaiione
2446 4614 2621 4717 plena,
2655 4646 2748 4701 Dei
2780 4646 3026 4699 videlicet
3054 4614 3277 4713 laudes;
3300 4647 3560 4703 lectiones

279 4737 549 4794 Ticinensi
613 4738 867 4805 episcopo
926 4736 1198 4792 Ennodius
1264 4732 1470 4792 tradit:
1510 4756 1527 4791 ι
1566 4736 1612 4795 Is
1662 4738 1865 4810 junctis

281 4828 503 4901 pedibus
548 4842 714 4899 usque
756 4827 821 4882 ad
866 4829 1385 4885 consummationem
1428 4833 1637 4901 mystici
1686 4836 1867 4905 operis

279 4932 424 4979 stare
450 4937 508 4978 se
528 4922 725 4977 debere
751 4923 1054 4986 constituit;
1088 4923 1161 4978 ita
1185 4931 1243 4979 ut
1266 4923 1490 4980 humore
1517 4927 1863 4999 vestigiorum

280 5013 455 5069 loctun
489 5020 641 5067 suum
674 5011 989 5083 depingeret
1020 5018 1072 5096 et
1109 5015 1263 5085 longe
1298 5016 1681 5084 'aSpicieniibus
1722 5021 1866 5075 iudi-

281 5114 447 5162 caret.
475 5124 493 5157 ι
522 5106 789 5173 Quosdam
814 5113 990 5160 tamen
1014 5107 1257 5162 formulis
1278 5110 1593 5165 accubuisse
1614 5111 1867 5167 discimus

277 5214 345 5257 ex
374 5198 630 5270 Gregorio
660 5199 709 5253 iu
740 5197 832 5255 lib.
865 5214 980 5265 vm,
1012 5212 1131 5268 cap.
1163 5199 1253 5265 3f,
1298 5202 1384 5257 ubi
1430 5203 1497 5259 de
1543 5200 1867 5261 Praetealato

280 5292 699 5363 Rothomagensi
731 5290 981 5360 pontiﬁce
1005 5294 1170 5362 agens
1197 5309 1208 5346 :
1242 5311 1263 5345 ι
1290 5293 1641 5363 Adveniente,
1674 5297 1865 5368 inquit,

280 5381 561 5441 dominica:
584 5381 995 5438 resurrectionis
1012 5382 1119 5449 die,
1142 5401 1162 5436 ι
1192 5384 1242 5438 id
1265 5394 1348 5440 est
1374 5386 1666 5451 dominica,
1703 5409 1721 5441 ς
1747 5405 1867 5444 cum

278 5475 534 5533 sacerdos
589 5475 991 5547 (Praetextatus)
1058 5475 1124 5531 ad
1176 5475 1445 5546 implenda
1504 5482 1869 5539 ecclesiastica

278 5572 452 5629 ol’ticia
479 5571 544 5625 ad
570 5570 853 5625 ecclesiam
877 5571 1137 5627 maturius
1156 5583 1518 5643 properasset,
1544 5576 1864 5645 antiphonas

276 5665 425 5735 juxta
478 5661 918 5718 consuetudinem
971 5664 1206 5734 incipere
1253 5665 1414 5738 535
1468 5683 1563 5736 per
1618 5669 1861 5727 ordinem

282 5758 464 5826 carpit.
487 5754 728 5827 Cumque
759 5756 898 5811 inter
930 5758 1263 5827 psallendum
1296 5761 1536 5816 formula:
1575 5763 1861 5821 decumbe.

283 5856 384 5911 ret,
414 5865 432 5900 ι
469 5854 575 5904 etc.
624 5845 679 5902 id
726 5854 906 5903 tamen
954 5848 1222 5921 improbat
1259 5850 1450 5909 Petrus
1502 5853 1759 5926 Damiani,
1812 5855 1865 5915 in

1973 4730 2027 4797 et
2064 4740 2359 4803 orationes,
2392 4738 2521 4793 nihil
2576 4737 2778 4791 homini
2829 4736 3080 4806 religioso
3133 4738 3370 4804 suavius,
3425 4740 3558 4795 nihil

1973 4836 2231 4898 sanctius,
2278 4848 2433 4903 quam
2467 4833 2558 4887 Dei
2594 4830 2779 4885 laudes
2824 4845 2889 4885 ex
2932 4829 3158 4886 Psalmis
3204 4832 3554 4902 depromptae,

1970 4943 2088 4997 qua:
2112 4934 2341 4982 mentem
2368 4924 2433 4979 ad
2460 4924 2625 4979 Deum
2654 4924 2867 4994 rapiunt
2896 4933 2949 4979 et
2974 4938 3129 4981 sacro
3160 4925 3328 4982 divini
3357 4928 3559 5005 amoris

1973 5020 2207 5090 igniculo
2238 5018 2554 5073 accendunt.
2591 5017 2729 5086 Quid
2762 5033 2889 5074 vero
2918 5022 3297 5078 ecclesiasticis
3330 5022 3559 5077 homini-

1973 5116 2071 5170 bus
2102 5114 2371 5185 antiquius
2399 5128 2519 5170 esse
2548 5113 2705 5169 debet
2727 5110 2818 5169 aut
2849 5108 3159 5173 familiarius
3181 5134 3337 5187 quam
3372 5104 3558 5171 lectio-

1972 5216 2067 5262 nes
2106 5222 2172 5262 ex
2217 5203 2509 5274 Scripturis
2538 5203 2753 5271 divinis,
2801 5212 2919 5276 qua:
2961 5206 3245 5271 plurimum
3295 5208 3345 5261 in
3388 5208 3557 5262 sacris

1970 5301 2165 5356 officiis
2193 5299 2369 5355 locdm
2400 5300 2641 5355 habent?
2671 5298 2909 5369 Denique
2937 5300 3063 5371 quid
3096 5301 3330 5371 pressius
3354 5309 3405 5355 et
3429 5298 3559 5355 suti-

1969 5394 2088 5449 dius
2128 5392 2193 5448 ad
2219 5392 2562 5449 devotionem
2590 5409 2747 5464 quam
2776 5395 3048 5449 oratioiies
3076 5408 3169 5449 seu
3199 5392 3453 5448 Collectis
3487 5393 3553 5450 ab

1971 5485 2211 5542 Ecclesia
2248 5486 2500 5554 probatze,
2544 5502 2663 5541 cum
2716 5484 2977 5556 frequenti
3019 5486 3332 5543 recitatiOuc
3363 5485 3551 5543 Domi-

1971 5579 2105 5633 nicae
2134 5576 2505 5647 precationis?
2555 5578 2693 5633 Nihil
2726 5579 2903 5649 itaque
2942 5579 3033 5634 Dei
3063 5579 3320 5636 ministris
3352 5574 3554 5637 conve-

1970 5673 2201 5730 nientius
2240 5673 2442 5730 institili
2473 5670 2681 5743 pdlerdi
2725 5684 2885 5743 quam
2933 5670 3141 5729 illarum
3177 5680 3393 5745 precum
3431 5674 3557 5730 lirc-

1973 5766 2221 5833 viarium,
2257 5767 2300 5822 si
2344 5764 2502 5821 modo
2531 5780 2557 5818 a
2593 5765 2754 5821 nimia
2789 5765 3115 5834 prolixitate.
3149 5770 3201 5822 ct
3243 5767 3309 5821 ab
3340 5766 3556 5824 incertis

1972 5859 2212 5920 historiis
2234 5858 2307 5919 sit
2329 5867 2693 5932 repurgatum.
2718 5859 2781 5919 id
2794 5870 2907 5933 pro
2924 5868 3021 5921 sua
3049 5859 3384 5934 providentia
3404 5860 3557 5918 iden-
