4060 6346
559 367 585 387 ἦ,
617 301 724 359 us

1311 306 1657 367 APPENDIX
1694 311 1787 367 AD
1823 310 2052 370 OPERA
2091 312 2339 370 SANCTI
2376 313 2687 375 GERMANI
2724 319 3148 383 PARISIENSIS
3815 342 3888 398 ili;

618 421 779 476 tidem
815 429 1069 479 curarunt
1098 425 1294 480 summi
1341 428 1645 503 pontiﬁces,
1693 429 2029 485 emendando
2069 430 2200 486 Bre-
2225 431 2281 495 Α
2312 430 2380 485 tis
2409 431 2611 502 oflicia,
2662 433 2874 506 aliaque
2901 437 2952 493 id
3000 454 3169 511 genus
3209 443 3495 501 exercitia
3526 447 3752 506 virtutis.
3797 457 3888 517 ".‘E‘c

618 518 784 572 viario
809 517 1071 585 Romano,
1101 520 1240 588 quod
1262 520 1486 578 aliorum
1509 523 1815 592 exemplum
1837 539 1958 580 esse
1979 524 2198 582 debeat.

620 611 727 666 Sed
773 611 896 680 quia
942 613 1104 666 multa
1150 612 1204 666 in
1243 613 1358 670 dies
1399 630 1430 670 a
1460 615 1588 670 viris
1624 616 1792 672 doctis
1836 618 2198 687 illustrantur,

617 717 736 756 eam
760 702 811 756 in
834 717 891 756 se
916 717 1098 758 curam
1126 705 1284 759 etiam
1316 715 1668 776 susceperunt
1696 708 1934 778 episcopi
1967 711 2198 768 maxime

618 793 898 859 Gallicani,
927 811 1150 864 quorum
1175 797 1273 851 hac
1300 798 1351 851 in
1379 814 1437 853 re
1467 799 1725 854 sedulitas
1747 809 1801 856 et
1830 802 2015 873 religio
2037 802 2197 875 437

619 891 753 944 alios
782 891 845 945 ad
876 890 1014 945 idem
1047 907 1182 960 opus
1211 894 1400 947 merito
1431 894 1635 948 incitat.
1681 896 1748 949 Et
1775 895 1990 965 quidem
2021 897 2075 952 in
2105 912 2200 952 ec-

617 981 933 1036 clesiasticis
955 982 1146 1038 ofﬁciis
1185 1003 1202 1034 ι
1224 1001 1329 1038 non
1361 986 1568 1040 novella
1608 986 1777 1042 audiri
1815 988 1968 1044 decet
2003 989 2084 1044 vel
2120 990 2200 1046 le-

615 1075 718 1141 via,
744 1094 762 1127 ι
795 1085 848 1129 ut
878 1076 1067 1130 scribit
1097 1077 1400 1131 Bernardus
1440 1079 1492 1132 in
1523 1079 1746 1149 epistola
1790 1081 1894 1135 512
1933 1082 1998 1136 ad
2029 1083 2197 1137 Arre-

615 1181 911 1232 marenses,
963 1187 981 1220 ‹
1002 1169 1095 1222 sed
1126 1179 1276 1223 certe
1304 1171 1608 1226 authentica
1637 1182 1691 1227 et
1721 1175 1956 1242 antiqua,
1999 1189 2118 1244 qum
2145 1183 2201 1230 et

617 1257 908 1312 Ecclesiam
933 1259 1220 1324 mdiﬁcent,
1253 1272 1304 1315 et
1327 1264 1744 1320 ecclesiasticam
1776 1267 2051 1322 redoleant
2079 1283 2200 1339 gra-

610 1349 849 1404 vitatem.
878 1351 1028 1418 Quod
1057 1351 1100 1405 si
1131 1369 1266 1407 nova
1295 1357 1478 1409 audire
1510 1357 1654 1424 libet,
1682 1367 1736 1412 et
1762 1374 1923 1414 causa
1955 1361 2197 1431 requirit,

610 1454 694 1506 ea,
727 1450 794 1495 ut.
817 1441 949 1510 dixi,
981 1443 1287 1514 recipienda
1318 1449 1643 1514 censuerim,
1675 1465 1792 1519 quae
1823 1453 2072 1508 cordibus
2099 1469 2200 1508 au-

609 1532 886 1600 dientium,
919 1551 1025 1606 quo
1053 1537 1286 1607 gratiora
1311 1581 1326 1606 ,
1360 1555 1425 1594 eo
1454 1541 1668 1595 utiliora
1701 1544 1884 1598 reddat
1916 1555 1969 1601 et
1997 1547 2198 1618 eloquii

609 1616 836 1697 dignitas
865 1640 920 1686 et
945 1633 1202 1686 auctoris.
1234 1632 1400 1687 Porro
1439 1649 1597 1689 sensa
1630 1637 1925 1694 indubitata
1957 1642 2197 1710 resplen-

607 1705 768 1775 deant
808 1722 1061 1788 veritate,
1103 1735 1299 1780 sonent
1337 1727 1622 1795 justitiam,
1675 1729 2024 1789 humilitatem
2075 1750 2195 1790 sua-

605 1812 784 1879 deant,
829 1813 1058 1869 doceant
1086 1817 1394 1886 aaquitatem
1431 1836 1443 1870 :
1478 1835 1596 1888 qua:
1625 1823 1782 1877 etiam
1823 1825 2000 1882 lumen
2045 1829 2189 1884 veri-

607 1905 731 1962 tatis
783 1909 1052 1962 mentibus
1103 1911 1335 1978 pariant,
1393 1913 1616 1968 formam
1669 1917 1924 1985 moribus,
1978 1937 2195 1979 crucem

608 1999 774 2066 vitiis,
799 2000 1077 2056 affectibus
1098 2002 1464 2070 devotionem,
1499 2008 1744 2063 sensibus
1770 2010 2130 2081 disciplinam.
2171 2036 2191 2071 ι

607 2089 710 2145 Tot
733 2093 914 2158 verba,
943 2103 1021 2148 tot
1041 2095 1274 2162 oracula,
1307 2099 1648 2155 sanctissimo
1679 2100 1936 2158 Ecclesiae
1957 2104 2113 2162 Patre
2134 2121 2198 2164 ac

606 2184 826 2240 doctore
861 2186 1040 2255 digna.

675 2277 761 2333 76.
808 2279 1089 2355 Caeterum,
1148 2292 1204 2337 ut
1231 2281 1296 2339 ad
1329 2301 1552 2357 scopum
1587 2289 1822 2356 redeam,
1877 2307 2063 2361 parum
2108 2295 2192 2350 in-

606 2381 775 2429 terest
801 2390 909 2444 quo
936 2374 1058 2445 jure
1085 2377 1312 2446 primum
1347 2380 1556 2435 inducta
1587 2383 1654 2436 sit
1684 2383 1797 2439 haec
1826 2385 2078 2441 Breviarii
2109 2404 2196 2444 re-

603 2463 798 2519 citandi
831 2465 1109 2535 obligatio,
1140 2468 1254 2538 lege
1283 2484 1350 2523 au
1382 2474 1790 2540 consuetudine,
1814 2491 1935 2530 cum
1959 2476 2194 2546 legitimo

603 2555 957 2612 fundamento
981 2559 1260 2627 innitatur,
1293 2562 1494 2618 scilicet
1525 2576 1794 2634 praecepto
1821 2569 2055 2636 generali
2089 2584 2195 2638 quo

603 2650 889 2705 Christiani
917 2667 1106 2706 omnes
1130 2652 1195 2706 ad
1223 2654 1402 2723 jugem
1440 2657 1805 2724 precationem
1837 2668 2104 2730 tenentur,
2137 2669 2192 2717 et

599 2743 819 2810 speciali
873 2743 964 2799 Dei
997 2745 1363 2800 ministrorum
1417 2748 1728 2805 conditione
1758 2753 1849 2822 qui
1903 2761 2043 2808 totos
2071 2768 2192 2810 sese

600 2834 778 2890 divino
799 2837 962 2893 cultui
991 2840 1380 2908 manciparunt.
1409 2841 1456 2897 ls
1483 2846 1625 2899 enim
1649 2845 1889 2901 divinum
1904 2856 1958 2903 et
1977 2858 2192 2918 aposto-

599 2925 758 2981 licum
812 2929 880 2984 de
928 2930 1266 2987 indesinente
1295 2935 1541 2991 oratione
1587 2948 1912 3007 praeceptum
1968 2941 2192 3011 implere

601 3029 868 3086 censetur,
910 3042 927 3073 ‹
966 3025 1052 3092 qui
1082 3029 1355 3082 canonicis
1381 3030 1526 3084 horis
1549 3033 1808 3101 quotidie,
1847 3034 1995 3104 juxta
2029 3038 2188 3092 ritum

599 3113 977 3169 ecclesiastica:
1002 3119 1323 3184 traditionis,
1351 3123 1656 3190 psalmodiis
1687 3129 2037 3200 precibusque
2060 3145 2189 3186 con-

601 3207 769 3262 suetis
802 3209 967 3264 Deum
1000 3212 1216 3270 laudare
1248 3227 1301 3271 et
1330 3233 1520 3286 rogare
1544 3237 1647 3275 non
1680 3224 1907 3291 desistit,
1948 3244 1967 3278 ι
2029 3238 2086 3281 ut
2115 3229 2191 3284 ait
2217 3220 2266 3285 C

599 3297 743 3354 Beda
777 3300 828 3354 in
858 3301 1014 3356 Luca:
1041 3319 1158 3375 cap.
1194 3306 1277 3361 18.
1310 3309 1443 3364 Sunt
1485 3313 1697 3381 quidem
1729 3323 1782 3368 et
1811 3317 1913 3370 alia
1949 3333 2054 3373 non
2085 3321 2190 3374 mi-

600 3393 747 3447 noris
824 3398 1076 3452 momenti
1146 3414 1418 3456 sacrorum
1477 3406 1844 3462 ministrorum
1901 3411 2075 3465 ofﬁcia
2138 3420 2192 3466 et

600 3500 797 3552 onera;
828 3503 998 3557 neque
1032 3490 1096 3543 ad
1131 3491 1231 3545 huc
1263 3509 1425 3546 unum
1457 3497 1535 3548 eis
1583 3500 1836 3567 assignati
1900 3509 2027 3555 sunt
2083 3511 2188 3557 tam

600 3578 803 3647 copiosi
856 3580 1110 3635 Ecclesia:
1166 3595 1481 3651 proventus,
1536 3589 1686 3655 quasi
1739 3590 1965 3644 recitato
2019 3593 2184 3649 semel

602 3667 896 3735 Breviario,
951 3674 1187 3727 muneris
1214 3676 1293 3730 sui
1326 3691 1589 3732 summam
1622 3682 1803 3735 statim
1833 3684 2186 3750 extileverint.

600 3761 853 3828 Qumdam
877 3767 1073 3836 quippe
1097 3768 1198 3821 alia
1233 3770 1297 3824 ab
1319 3771 1695 3830 ecclesiasﬁcis
1725 3776 1853 3831 viris
1883 3779 2187 3847 exiguntur,

605 3856 765 3911 lectio
793 3867 850 3913 et
877 3862 1108 3914 studium
1167 3875 1470 3919 sanctarum
1523 3869 1918 3936 Scripturarum
1948 3881 2000 3927 et
2021 3887 2190 3928 sacra:

599 3946 922 4015 traditionis,
970 3952 1132 4007 divini
1172 3951 1338 4024 5.38
1376 3957 1523 4011 verbi
1572 3959 1911 4028 praedicatio,
1954 3962 2190 4019 charita-

607 4125 982 4140 -————__

2307 533 2522 593 oportet
2573 525 2787 595 facere,
2849 531 2943 588 sed
3010 533 3127 603 pias
3175 537 3347 594 etiam
3419 542 3766 610 precationes
3811 568 3889 610 uim

2305 618 2577 676 omittere.

2379 733 2468 789 77.
2509 733 2692 807 Neque
2720 737 2916 796 desunt
2945 742 3187 815 diligenti
3211 761 3272 803 ac
3297 750 3558 807 cordate
3585 754 3702 810 viro
3725 765 3885 832 tempo-

2305 822 2380 878 ris
2404 824 2678 881 intervalla
2708 839 2764 884 et
2785 828 2931 886 feria:
2973 835 3038 887 ad
3069 847 3371 908 utrumque
3404 847 3797 918 praestandum,
3819 822 3886 912 .ubi

2304 917 2473 972 semel
2499 917 2614 986 ejus
2645 922 2880 978 animum
2914 927 3102 994 pietas,
3156 940 3210 984 et
3231 932 3569 991 divinarum
3595 917 3790 1006 rerum,
3827 960 3886 1001 se

2303 1008 2471 1064 clusis
2499 1009 2773 1069 inutilibus
2802 1016 2966 1083 curis,
3014 1020 3321 1077 Sollicitudo
3348 1025 3653 1098 imbuerit,
3701 1046 3806 1088 cum
3829 1035 3883 1091 le-

2303 1119 2487 1174 gamus
2517 1108 2801 1163 saeculares
2824 1110 2968 1167 viros
2991 1114 3114 1184 (nec
3133 1127 3316 1172 nostra
3351 1130 3534 1178 aetate
3552 1125 3717 1179 etiam
3745 1143 3885 1185 exera-

2303 1196 2391 1265 pla
2435 1196 2672 1270 desunt),
2697 1201 2805 1254 imo
2832 1203 2994 1258 etiam
3025 1221 3200 1275 reges,
3263 1210 3367 1280 qui
3431 1221 3668 1271 strenue
3694 1233 3794 1273 rem
3818 1237 3884 1289 pu-

2302 1287 2498 1343 blicam
2528 1306 2621 1359 per
2673 1307 2734 1348 se
2775 1294 2876 1364 ipsi
2929 1296 3418 1370 administrabant,
3477 1306 3629 1362 inter
3659 1287 3881 1383 totnego-

2305 1381 2497 1437 tiorum
2555 1384 2739 1441 turbas
2786 1389 2990 1445 eisdem
3041 1395 3468 1462 precationibus
3503 1415 3619 1454 non
3669 1381 3877 1463 defuisse.

2303 1472 2473 1544 Hujus
2503 1478 2578 1531 rei
2604 1487 2768 1534 testes
2797 1480 2930 1536 duos
2959 1485 3193 1554 appello,
3222 1488 3533 1546 Alfredum
3583 1494 3783 1552 scilicet
3806 1502 3882 1554 An-

2299 1568 2509 1638 glorum
2567 1586 2785 1642 regem,
2839 1584 2894 1630 et
2940 1588 3184 1634 sanctum
3235 1580 3630 1640 Ludovicutn.
3682 1588 3882 1647 Allredur

2303 1664 2521 1736 quippe,
2555 1665 2822 1722 referente
2858 1669 2991 1725 Vitae
3041 1673 3157 1741 ejus
3207 1675 3496 1745 scriptore
3546 1690 3785 1734 accurato
3811 1684 3879 1738 As-

2304 1771 2451 1826 sero,
2479 1778 2498 1811 ‹
2528 1761 2668 1816 inter
2697 1762 2832 1817 bella
2862 1773 2916 1818 et
2945 1767 3223 1835 praesentis
3250 1770 3389 1824 vitae
3419 1771 3726 1842 frequentia
3752 1775 3879 1844 impe-

2220 1832 2270 1894 Β
2300 1848 2567 1917 dimenta,
2627 1867 2832 1908 necnon
2876 1832 3202 1925 paganorum
3235 1860 3633 1919 lnfestationes
3671 1876 3720 1920 et
3745 1869 3875 1936 quoti-

2300 1944 2487 1999 dianas
2506 1947 2747 2014 corporis
2772 1947 3128 2017 inﬁrmitates,
3161 1953 3302 2008 inter
3333 1957 3507 2026 regni
3533 1959 3871 2028 gubernacula,

2298 2036 2645 2094 nihilominus
2668 2040 2885 2096 missam
2915 2043 3154 2113 quotidie
3181 2047 3404 2114 audire,
3470 2052 3708 2119 psalmos
3751 2070 3870 2122 quos-

2297 2131 2421 2186 dam
2447 2141 2502 2186 et
2527 2133 2817 2200 orationes,
2849 2143 2904 2189 et
2933 2136 3090 2192 horas
3139 2137 3366 2194 diurnas
3420 2151 3482 2196 et
3509 2153 3785 2199 nocturnas
3802 2161 3867 2200 ce-

2297 2224 2525 2292 lebrare,
2573 2235 2627 2281 et
2680 2228 2938 2282 ecclesias
2980 2239 3248 2288 nocturno
3294 2244 3583 2304 tempore,
3649 2240 3862 2293 orationis

2297 2330 2476 2382 causa,
2525 2317 2661 2371 clam
2692 2334 2720 2371 a
2751 2321 2862 2374 suis
2888 2321 3036 2378 adire
3063 2323 3294 2379 solebat.
3340 2345 3362 2378 ι
3417 2327 3518 2385 Sic
3575 2341 3701 2384 vero
3737 2339 3864 2385 totum

2296 2406 2579 2477 cujuslibet
2604 2408 2712 2464 diei
2739 2425 2957 2466 cursum
3003 2415 3377 2484 expendebat,
3441 2436 3464 2470 ‹
3524 2427 3582 2473 ut
3611 2420 3862 2474 uctolioras

2296 2497 2350 2552 in
2381 2500 2689 2568 scribendo,
2721 2502 2948 2572 legendo
2992 2515 3045 2560 et
3086 2508 3329 2576 orando;
3388 2521 3523 2566 octo
3553 2513 3609 2566 in
3637 2525 3755 2567 cura
3776 2525 3862 2566 eor-

2299 2594 2472 2661 poris;
2497 2603 2618 2650 octo
2643 2595 2698 2650 in
2724 2598 3060 2666 expediendo
3089 2602 3238 2672 regni
3270 2604 3509 2673 negotio
3537 2605 3856 2674 transigeret:

2296 2689 2437 2757 quod
2477 2689 2546 2744 de
2575 2705 2641 2744 eo
2671 2691 2858 2746 scribit
2901 2693 3203 2750 Willelmus
3232 2699 3549 2753 monachus
3583 2699 3855 2753 Malmesbu-

2296 2779 2510 2835 riensis.
2565 2781 2776 2837 Utinam
2805 2785 2994 2839 similis
3045 2787 3302 2843 sedulitas
3327 2792 3556 2846 animos
3577 2803 3772 2847 n05lros
3788 2806 3852 2845 oo-

2294 2882 2535 2940 cuparet.
2603 2873 2680 2929 De
2726 2887 2910 2929 sancto
2967 2877 3170 2933 hudovi
3203 2896 3236 2935 o
3263 2881 3317 2935 id
3353 2886 3642 2939 memorias
3667 2883 3853 2953 prodidit

2295 2976 2482 3021 auctor
2505 2967 2621 3037 ejus
2660 2970 2882 3040 aequalis
2911 2971 2965 3026 in
3005 2987 3244 3028 iertnon.
3273 2976 3513 3042 inedita,
3569 2993 3716 3048 quem
3749 2993 3850 3031 nun-

2295 3072 2453 3127 quam
2503 3061 2631 3115 satis
2685 3061 2931 3118 laudatus
2996 3065 3262 3122 Antonius
3335 3068 3684 3125 Herovallius
3734 3072 3848 3123 nobis

2295 3154 2749 3230 communicavit:
2787 3173 2806 3208 ε
2839 3154 3036 3213 Omns
3070 3158 3230 3215 horas
3259 3164 3580 3233 canonicas,
3606 3173 3656 3218 et
3684 3162 3743 3217 de
3759 3163 3843 3231 glo-

2297 3247 2437 3298 riosa
2466 3243 2683 3314 Virgine
2710 3262 2925 3316 semper
2953 3263 3076 3304 cum
3125 3260 3251 3306 nota
3310 3254 3603 3320 audiebat;
3635 3254 3844 3307 submisse

2298 3345 2474 3391 tamen
2515 3337 2729 3393 easdem
2785 3339 2923 3395 inter
2953 3356 3012 3397 se
3067 3346 3492 3413 etcapellanum
3538 3362 3683 3401 suum
3712 3355 3756 3400 et
3774 3358 3844 3412 pro

2294 3427 2560 3483 defunctis
2607 3445 2798 3486 novem
2828 3419 3083 3490 lectiones
3139 3438 3387 3506 quotidie
3426 3440 3660 3495 dicebat.
3710 3436 3842 3493 Media

2298 3521 2464 3592 439
2493 3530 2650 3578 nocte
2697 3526 2945 3595 surgebat
2993 3529 3057 3583 ad
3105 3532 3482 3588 conﬁtendum
3529 3536 3766 3596 Domino;
3803 3534 3842 3583 et

2297 3620 2478 3684 regina
2505 3618 2659 3671 home
2688 3621 2965 3675 memoriae
2994 3623 3283 3692 aliquando
3305 3641 3434 3682 eum
3470 3637 3678 3696 propter
3715 3621 3838 3691 frigus

2299 3707 2365 3762 de
2393 3709 2714 3764 vestimento
2740 3711 2920 3782 aliquo
2943 3715 3241 3783 operiebat.
3277 3737 3296 3770 ι
3361 3720 3452 3775 Sic
3484 3720 3610 3774 nulli
3633 3727 3833 3784 unquam.

2298 3804 2457 3858 etiam
2513 3805 2950 3873 occupatissima,
3002 3807 3176 3863 deerit
3231 3821 3446 3882 tempus
3502 3825 3555 3867 et
3604 3812 3746 3865 otium
3787 3804 3833 3858 ad

2301 3895 2412 3951 Deo
2459 3897 2753 3953 vacandum
2783 3940 2798 3967 ,
2843 3900 2888 3954 si
2936 3901 3147 3971 pietatis
3194 3905 3436 3960 Studium
3486 3920 3590 3960 non
3633 3898 3832 3957 defuerit.

601 4109 3828 4166 Ἥ

1739 4305 1902 4379 [ιω
1957 4275 2749 4391 APPENDIX

680 4481 1287 4591 Continens
1357 4489 2071 4627 probationes
2169 4503 2723 4641 quasdam
2794 4509 3362 4654 Liturgice
3445 4508 3770 4620 Galli-

1389 4685 1703 4756 came
1766 4668 1879 4758 et
1959 4695 2359 4766 cursus
2438 4663 3060 4777 Gallicani.

1985 4857 2480 4889 h————.—.

654 4943 692 5002 Ι.
731 4957 980 4999 DOIINICA
1008 4960 1168 4999 patuit
1196 4961 1466 5001 auvesrus
1486 4988 1504 5014 ,
1535 4965 1601 5001 an
1630 4963 1817 5006 mssut
1849 4964 2124 5012 orrrcruu.
2217 4962 2263 5020 D
2361 4959 2514 5017 Dicat
2543 4969 2801 5037 presbyter
2829 4985 2850 5027 :
2891 4967 2998 5033 Per
3046 4975 3224 5030 omnia
3250 4991 3460 5048 semper
3487 4968 3664 5029 secula
3683 4972 3808 5020 δεου-

1040 5058 1117 5107 Bx
1139 5057 1328 5110 Μίδωιὶ
1353 5062 1663 5113 Mazarabum
1689 5064 1733 5114 ⁸.

661 5164 800 5220 Ecce
844 5178 1008 5233 super
1039 5174 1249 5222 montes
1291 5169 1453 5237 pedes
1496 5171 1920 5245 evangelizanlis
1975 5193 2183 5247 pacem,

589 5257 825 5322 alleluia,
859 5266 914 5313 et
935 5259 1300 5315 annuntiantis
1320 5262 1483 5330 bona,
1509 5265 1726 5321 alleluia
1762 5286 1774 5322 :
1808 5271 2018 5325 celebra
2050 5274 2185 5330 Juda

533 5352 535 5354 ’
591 5350 908 5407 festivitates
935 5360 1052 5407 tuas
1081 5353 1294 5411 alleluia
1326 5396 1342 5424 ,
1396 5367 1450 5412 et
1480 5358 1645 5412 redde
1675 5361 1902 5417 Domino
1947 5373 2066 5418 vota
2098 5374 2190 5422 tua

595 5442 824 5498 alleluia.
872 5446 908 5513 Ῡ
932 5483 948 5499 .
983 5445 1243 5502 Dominus
1266 5449 1413 5503 dabit
1443 5450 1664 5504 verbum
1697 5454 2189 5523 evangelizantibus

591 5535 643 5590 in
675 5535 870 5594 virtute
899 5543 1082 5596 multa.
1112 5541 1204 5597 Ps.
1251 5540 1319 5596 Et
1367 5541 1550 5598 redde.
1607 5544 1643 5613 ᾗ
1668 5585 1680 5598 .
1731 5544 1912 5601 Gloria
1942 5557 1995 5601 et
2017 5547 2188 5605 honor

590 5623 734 5684 Patri
762 5639 817 5686 et
848 5631 980 5685 Filio
1008 5641 1062 5687 et
1086 5634 1307 5704 Spiritui
1337 5643 1527 5692 sancto
1551 5635 1607 5693 in
1632 5637 1833 5694 saecula
1864 5642 2184 5700 surculorum

590 5738 766 5778 amen.
799 5726 862 5777 lit
888 5725 1071 5783 redde.

665 5847 690 5875 ⁸
719 5836 852 5895 Vide
879 5855 1001 5909 pag.
1029 5840 1102 5897 25
1125 5849 1179 5898 et
1205 5854 1361 5910 seqq.

2289 5055 2483 5112 lorum.
2530 5058 2565 5126 ιῆ
2588 5097 2601 5112 .
2630 5063 2822 5118 Amen.

2362 5146 2430 5201 In
2453 5150 2677 5205 adventu
2707 5153 2914 5209 Domini
2943 5174 3047 5212 non
3069 5159 3308 5229 dicimus,
3335 5161 3509 5217 Gloria
3539 5158 3585 5212 in
3611 5144 3802 5209 excelsis,

2291 5241 2576 5304 Dominicis
2609 5251 2786 5308 diebus
2814 5264 2859 5308 et
2887 5257 3052 5325 feriis,
3107 5260 3197 5313 sed
3229 5269 3425 5314 tantum
3451 5255 3613 5311 diebus
3637 5241 3800 5320 Ῑεειὶυἰε.

2995 5369 3164 5422 Oratio

2367 5464 2507 5522 Deus
2535 5470 2622 5539 (Ιυί
2657 5486 2750 5541 μεν
2775 5475 3048 5542 n"gelicos
3090 5479 3282 5535 choros
3314 5482 3580 5535 adventum
3607 5464 3706 5525 Filii
3742 5467 3794 5556 tut

2293 5560 2503 5618 Domini
2535 5567 2705 5622 nostri
2735 5566 2862 5623 Iesu
2918 5571 3115 5626 Christi
3167 5577 3478 5630 annuutiare
3506 5559 3706 5623 voluisti,
3731 5561 3792 5619 ψη

2290 5667 2387 5722 per
2410 5657 2720 5725 angelorum
2751 5662 3040 5731 praeconia,
3069 5663 3250 5720 Gloria
3282 5666 3336 5722 in
3363 5660 3574 5722 excelsis
3608 5655 3710 5713 Deo.
3753 5645 3790 5692 ⁸³

2287 5744 2343 5801 in
2370 5753 2512 5804 terra
2543 5764 2645 5820 pax
2671 5753 2977 5812 hominibus
3007 5757 3162 5814 bona;
3196 5759 3497 5825 voluntatis,
3552 5745 3788 5805 adclanlln’
