4060 6346
596 374 702 437 419

1306 381 1651 447 ΑΡΡΕΝΒΙΚ
1688 385 1783 449 AD
1818 384 2051 447 OPERA
2091 386 2163 445 SA

2263 387 2339 448 {TI
2379 389 2687 451 GERMANI
2726 392 3160 454 PARISIENSIS.
3797 404 3876 464 δυ

594 491 744 551 illum
775 512 788 546 :
818 493 1087 565 Magister,
1119 495 1247 566 quid
1267 497 1525 557 faciemus
1548 498 1571 555 ’ξ
1593 502 1662 556 At
1684 499 1772 558 ille
1794 498 1926 555 dixit
1953 499 2020 556 ad
2048 513 2177 557 eos:
2205 500 2261 571 Α
2286 510 2341 557 et
2367 502 2421 559 in
2451 513 2741 575 conspectu
2770 506 3044 565 seniorum
3070 506 3315 567 alleluia.
3360 509 3405 578 ᾗ
3433 546 3451 563 .
3480 506 3616 567 Haec
3643 510 3779 571 dicet
3798 516 3875 573 Do.

592 588 736 646 Nihil
765 589 993 657 amplius
1019 606 1183 661 ,quam
1206 593 1346 662 quod
1371 594 1715 654 constitutum
1758 602 1842 651 est
1870 594 2046 663 vobis,
2103 594 2186 649 la-

593 680 769 737 ciatis.
802 682 1205 757 interrogabant
1232 694 1412 743 autem
1440 702 1563 743 eum
1585 696 1640 744 et
1661 688 1882 755 milites,
1904 688 2183 747 dicentes:

594 774 732 844 Quid
760 775 1016 841 iaciemus
1035 792 1090 837 et
1109 780 1245 837 nos?
1264 780 1332 839 Et
1348 781 1422 841 ait
1447 782 1553 843 illis
1579 800 1591 839 :
1618 782 1895 841 Neminem
1914 783 2185 843 concutis-

595 867 684 943 tis,
716 884 888 939 neque
913 870 1230 937 calumniam
1263 871 1491 940 faciatis,
1519 883 1577 930 et
1616 876 1858 933 contenti
1888 884 2059 935 estote
2087 878 2185 933 sti-

594 957 803 1028 pendiis
823 961 1038 1023 vestris.
1071 962 1427 1021 Existimante
1447 973 1626 1027 autem
1651 966 1873 1038 populo,
1930 976 1985 1023 et
2035 966 2183 1039 cogi.

594 1052 833 1119 tantibus
859 1053 1106 1119 omniibus
1137 1055 1190 1115 in
1217 1055 1470 1115 cordibus
1525 1057 1640 1114 suis
1678 1057 1746 1114 de
1784 1057 2056 1127 Johanne,
2113 1073 2183 1117 ne

590 1140 734 1209 forte
762 1144 877 1214 ipse
904 1155 1047 1211 esset
1074 1145 1355 1217 Christus;
1381 1148 1661 1217 respondit
1687 1149 1962 1211 Johannes
1989 1151 2180 1211 dicens

592 1236 881 1293 omnibus:
913 1237 1025 1308 Ego
1053 1238 1273 1307 quidem
1303 1255 1442 1311 aqua
1464 1242 1680 1313 baptizo
1710 1258 1823 1311 vos,
1874 1245 2055 1301 veniet
2082 1260 2182 1303 au.-

592 1337 700 1385 tem
726 1330 911 1393 fortior
941 1347 1027 1393 me
1050 1344 1167 1402 post
1193 1350 1302 1402 me,
1353 1335 1507 1405 cujus
1544 1352 1653 1395 non
1698 1352 1817 1393 sum
1844 1337 2039 1409 dignus
2059 1338 2181 1395 sol-.-

590 1436 720 1479 vere
741 1424 1023 1495 corrigiam
1055 1426 1528 1484 calciamentorum
1553 1430 1689 1498 ejus.
1736 1428 1855 1499 Ipse
1882 1444 1979 1490 vos
2005 1429 2181 1500 bapti-i

588 1514 735 1573 sabit
767 1515 821 1572 in
856 1516 1063 1587 Spiritu
1090 1504 1288 1576 sancto.
1306 1528 1363 1575 et
1398 1520 1533 1590 igni,
1556 1520 1708 1592 cujus
1738 1522 2094 1582 ventilabrum
2123 1524 2177 1595 in

583 1622 751 1667 manu
772 1606 910 1679 ejus,
960 1618 1017 1667 et
1042 1610 1287 1681 purgabit
1310 1626 1491 1669 aream
1512 1626 1687 1680 suam,
1732 1623 1790 1670 et
1834 1614 2182 1688 congregabit

587 1699 826 1755 triticum
880 1701 933 1756 in
961 1700 1215 1764 horreum
1246 1717 1425 1769 suum,
1480 1703 1663 1774 paleas
1689 1714 1869 1767 autem
1896 1708 2181 1765 eomburet

590 1791 703 1861 igni
730 1792 1147 1865 inextinguibili.
1180 1795 1345 1855 Multa
1387 1796 1606 1866 quidem
1635 1807 1691 1856 et
1721 1800 1827 1857 alia
1862 1801 2173 1870 exhortans,

586 1885 989 1954 evangelieabat
1012 1886 1224 1957 populo.
1271 1888 1309 1959 ἡ
1328 1927 1345 1943 .
1378 1890 1572 1949 Amen.

661 1975 814 2031 Dicat
862 1978 1161 2050 presbyter:
1191 1979 1449 2039 Dominus
1497 1981 1568 2039 sit
1615 1996 1831 2054 semper
1876 1984 2171 2043 vobiscum.

603 2069 643 2139 tl
662 2110 679 2125 .
704 2069 772 2125 Et
798 2084 942 2133 cum.

657 2164 807 2219 Dicat
850 2164 1301 2225 chorauLauda.
1347 2168 1596 2225 Alleluia.
1664 2170 1739 2240 Ῡ.
1790 2168 1942 2228 Mitte
1985 2173 2172 2241 nobis,

578 2254 828 2325 Domine,
858 2257 1111 2321 auxilium
1141 2259 1210 2319 de
1230 2269 1439 2329 sancto,
1467 2270 1525 2318 et
1553 2261 1622 2320 de
1646 2264 1775 2319 Sion
1804 2271 1859 2319 tu
1889 2278 2019 2322 erue
2046 2280 2171 2333 nos,

577 2348 811 2405 alleluia.
853 2349 1074 2411 Interim
1112 2353 1321 2423 quando
1356 2354 1541 2410 chorus
1571 2355 1696 2411 dicit
1726 2356 1975 2423 Alleluia,
2016 2358 2169 2425 olfert

576 2443 817 2503 sacerdos
842 2443 1063 2505 hostiam
1093 2462 1207 2501 cum
1247 2447 1428 2515 calice,
1474 2457 1523 2503 et
1560 2465 1678 2505 cum
1714 2451 2032 2508 orationibus
2058 2468 2174 2522 qua

576 2545 873 2606 aequantur.

649 2628 1009 2698 Aeccptahilis
1038 2630 1112 2685 sit
1139 2628 1400 2700 Maiestati
1440 2640 1564 2700 tuae,
1600 2634 1943 2705 omnipotens
1968 2646 2171 2697 aeterne

578 2721 739 2788 Deus,
773 2723 885 2779 haec
923 2722 1147 2791 oblatio,
1174 2740 1334 2795 quam
1365 2726 1462 2783 tibi
1488 2725 1761 2787 oll’erimus
1802 2746 1900 2799 pro
1930 2732 2170 2791 reatibus

574 2823 631 2867 et
660 2813 980 2873 [acinoribus
1008 2816 1227 2881 nostris,
1276 2827 1331 2881 et
1358 2834 1453 2887 pro
1499 2820 1787 2878 stabilitate
1833 2832 2033 2881 sancte
2078 2839 2168 2881 ca-

575 2903 791 2967 tholica:
820 2915 875 2963 et
901 2907 1323 2977 apostolicis..."
1352 2910 1477 2967 lidei
1524 2912 1833 2971 cultoribus.
1887 2916 1989 2974 Per
2014 2916 2169 2973 Chri-

573 3004 711 3050 stum
742 2995 1025 3053 Dominnm
1058 3010 1319 3055 nostrum.
1354 3002 1409 3056 ln
1443 3005 1657 3063 nomine
1686 3006 1860 3061 Patris
1886 3008 1927 3078 -ι-
1958 3020 2011 3069 et
2040 3009 2164 3069 Filii

572 3095 629 3163 et
658 3087 890 3158 Spiritus
920 3092 1112 3146 sancti.
1160 3096 1351 3149 Amen.
1403 3093 1718 3151 Dimittendo
1747 3109 1986 3168 patenam
2014 3118 2162 3176 super

571 3179 885 3248 corporales.
930 3181 1124 3237 Deinde
1149 3186 1364 3255 accipiat
1404 3187 1613 3242 calicem
1656 3192 2025 3260 sanctiﬁcando
2066 3195 2159 3251 sic.

2289 593 2485 661 minus,
2527 596 2630 653 erit
2662 599 2813 667 quasi
2863 608 3015 669 pater
3062 598 3449 657 habitantibus
3481 600 3805 674 Jerusalem,
3838 618 3878 664 et

2287 686 2377 756 qui
2418 685 2712 744 inhabitant
2738 688 2792 747 in
2818 689 2969 756 Sion,
3002 700 3059 749 et
3087 689 3228 749 dabo
3250 692 3488 750 clavem
3521 693 3719 753 domus
3748 697 3875 757 David

2284 791 2448 847 super
2485 777 2736 836 humeros
2764 780 2903 852 ejus,
2937 790 2991 839 et
3020 784 3260 855 aperies;
3289 795 3353 843 et
3381 801 3507 845 non
3540 796 3629 844 est
3653 789 3739 860 qui
3764 792 3876 848 clau-

2285 867 2376 924 dat
2403 868 2720 940 Jerusalem,
2747 874 2983 930 alleluia.

2357 961 2461 1020 Hic
2501 966 2721 1038 accipiat
2762 969 3003 1027 sacerdos
3048 987 3237 1043 aquam
3279 972 3343 1029 in
3372 974 3658 1043 manibus,
3700 988 3745 1032 et
3770 979 3873 1032 dicat

2283 1055 2487 1111 silentio
2514 1073 2668 1127 super
2696 1060 3007 1117 oblationem
3045 1080 3160 1119 cum
3202 1066 3377 1121 tribus
3416 1068 3612 1140 digitis
3653 1083 3675 1123 .'
3718 1068 3768 1125 lu
3802 1086 3872 1130 na-

2284 1147 2427 1207 mine
2453 1149 2627 1211 Patris
2652 1150 2691 1221 -j~
2713 1160 2769 1209 et
2792 1152 2913 1213 Filii
2942 1164 2999 1213 et
3021 1156 3251 1226 Spiritus
3293 1160 3495 1223 sanati
3545 1174 3741 1230 regnas
3766 1161 3872 1221 Dens

2284 1241 2339 1296 in
2368 1244 2564 1299 saecula
2594 1247 2936 1314 saeculorum,
2970 1264 3146 1307 amen.

2355 1333 2574 1393 Inclinet
2598 1355 2656 1395 se
2681 1348 2799 1396 ante
2826 1341 3012 1412 altare,
3041 1352 3085 1399 et
3115 1345 3251 1401 dicat
3275 1346 3333 1403 in
3362 1347 3595 1419 silentio
3786 1368 3870 1407 οτα-

2284 1430 2471 1485 tionem
2491 1446 2511 1487 :

2353 1522 2619 1580 Accedam
2648 1525 2713 1581 ad
2758 1534 2809 1583 te
2855 1528 2909 1583 in
2938 1528 3240 1589 humilitate
3276 1533 3525 1605 spiritus
3557 1537 3690 1607 mei,
3719 1539 3867 1610 loquar

2282 1618 2347 1671 ad
2388 1627 2460 1686 te,
2492 1619 2614 1691 quia
2667 1622 2887 1678 multam
2936 1638 3109 1697 spem,
3159 1637 3214 1683 et
3262 1628 3664 1689 fortitudinem
3711 1632 3865 1691 dedisti

2283 1710 2432 1766 mihi.
2462 1712 2542 1767 Tu
2574 1728 2720 1785 ergo,
2752 1714 2826 1772 illi
2856 1718 3046 1787 David,
3082 1722 3171 1792 qui
3201 1726 3490 1785 revelatus
3524 1728 3792 1799 mysterio,
3816 1729 3864 1783 ad

2282 1817 2380 1857 nos
2409 1805 2463 1859 in
2491 1820 2707 1862 carnem
2736 1810 2949 1879 venisti,
2980 1812 3131 1869 clave
3162 1815 3342 1873 crucis
3393 1826 3513 1872 tum
3545 1828 3747 1876 secreta
3773 1837 3862 1878 oor-

2204 1896 2361 1968 Bdls
2407 1899 2510 1954 mei
2561 1899 2800 1972 adaperi,
2856 1905 3075 1960 mittens
3124 1922 3287 1963 unum
3340 1910 3418 1965 de
3475 1912 3760 1982 Seraphin,
3796 1915 3860 1986 qui

2281 1989 2528 2045 candenti
2570 1992 2801 2050 carbone
2837 1994 2951 2065 illo,
2984 1999 3069 2069 qui
3103 1998 3168 2055 de
3198 2000 3360 2057 altari
3395 2010 3497 2060 tuo
3526 1994 3763 2062 sublatus
3782 2018 3857 2074 est

2276 2082 2547 2139 sordentia
2579 2084 2715 2142 labia
2746 2104 2861 2144 mea
2890 2092 3168 2160 enutndet,
3202 2105 3453 2152 utentem
3505 2100 3761 2171 enubilet,
3785 2092 3857 2157 do;

2276 2177 2434 2232 cendi
2464 2179 2742 2236 materiam
2789 2182 3194 2254 subtninistret,
3233 2196 3292 2245 ut
3339 2188 3538 2271 lingua
3568 2208 3689 2264 quae
3714 2194 3855 2265 proxi-

2280 2289 2487 2331 morum
2531 2276 2745 2333 utilitati
2776 2292 2869 2353 per
2898 2280 3179 2337 caritatem
3226 2285 3427 2354 servit,
3476 2302 3551 2344 ne
3582 2290 3767 2367 erroris
3792 2288 3851 2345 in-

2275 2376 2433 2425 sonet
2477 2383 2684 2435 casum,
2717 2371 2810 2426 sed
2860 2375 3097 2429 veritatis
3139 2377 3369 2449 resultet
3401 2378 3530 2434 sine
3565 2380 3670 2436 line
3698 2395 3850 2450 preco

2274 2461 2443 2529 nium,
2475 2476 2570 2530 per
2597 2472 2647 2519 te
2675 2462 2818 2519 Deus
2842 2480 2993 2521 meus
3019 2467 3109 2540 qui
3137 2468 3268 2526 vivis
3292 2478 3351 2551 et
3378 2483 3586 2547 regnas
3618 2473 3668 2528 in
3692 2474 3846 2553 saecula

2274 2554 2615 2621 saeculorum,
2647 2571 2827 2613 amen.
3040 2548 3043 2553 ’
3334 2548 3337 2551 ’
3472 2554 3475 2557 ’

2832 2693 3069 2745 ructprr
3110 2695 3319 2759 ursas.

2343 2792 2498 2851 Dicat
2544 2797 2808 2870 presbyter
2834 2817 2853 2858 :
2884 2802 3138 2859 Dominus
3180 2804 3254 2861 sit
3299 2820 3534 2878 semper
3580 2805 3833 2865 vobiscum.

2284 2887 2325 2956 ll
2346 2926 2361 2942 .
2391 2889 2602 2945 Etcum
2632 2891 2843 2962 spiritu.

2971 2987 3158 3045 Oratio.

2336 3092 2499 3165 445
2520 3093 2819 3151 Adventum
2846 3094 3054 3152 Domini
3085 3100 3253 3156 nostri
3275 3098 3411 3157 Jesu
3431 3100 3654 3168 Christi,
3678 3100 3831 3155 fratres

2267 3191 2620 3260 dilectissimi,
2671 3196 2810 3251 votis
2852 3197 3104 3254 omnibus
3132 3199 3544 3270 praestolantes,
3580 3197 3670 3254 Dei
3691 3194 3827 3252 Patris

571 3269 629 3341 In
659 3275 874 3330 nomine
901 3273 1074 3331 Patris
1102 3275 1141 3347 -ι-
1170 3286 1225 3333 et
1253 3277 1370 3333 Filii
1400 3287 1456 3335 et
1480 3281 1712 3352 Spiritus
1754 3284 1943 3354 sancti,
1973 3302 2153 3345 amen.
2183 3288 2230 3352 ς.
2261 3288 2703 3358 omnipotentiam
2754 3269 3143 3363 imploremus,
3168 3302 3223 3350 ut
3254 3296 3423 3351 corda
3474 3302 3653 3350 nostra
3683 3288 3826 3363 puriﬁ-

1266 3369 1451 3422 Oratio.

643 3450 924 3509 Oﬂ'erimus
954 3454 1071 3524 tibi,
1098 3455 1343 3527 Domine,
1384 3463 1607 3517 calicem
1640 3463 1706 3519 ad
1737 3464 2158 3525 benedicendum

568 3545 879 3615 sanguinem
908 3546 1106 3603 Christi
1153 3549 1246 3605 lilii
1294 3552 1391 3621 tui,
1428 3553 1885 3628 deprecamurque
1923 3561 2160 3616 clemen-

567 3640 695 3696 tiam
745 3648 911 3709 tuam,
964 3652 1021 3697 ut
1067 3652 1190 3715 ante
1235 3656 1581 3718 cormpectum
1632 3650 1823 3707 divina:
1867 3652 2159 3723 Majestatis

568 3741 695 3801 tuae,
740 3750 860 3789 cum
905 3734 1071 3793 odore
1121 3739 1397 3794 suavitatis
1445 3741 1718 3810 ascendat,
1772 3760 1865 3815 per
1908 3748 2154 3806 eumdem

565 3823 837 3885 Christum
864 3826 1146 3884 Dominum
1180 3842 1445 3889 nostrum.
1496 3834 1690 3892 Amen.
1746 3836 1913 3894 Ponat
1951 3841 2157 3899 calicem

565 3934 718 3990 super
745 3937 910 4003 aram,
941 3932 987 3977 et
1024 3925 1239 3996 accipiat
1265 3926 1484 3995 ﬁliolam
1509 3931 1617 3991 sine
1655 3935 2075 4009 sanctiﬁcatione,
2110 3951 2157 3998 et

563 4022 721 4086 ponat
746 4031 898 4087 super
925 4017 1135 4075 calicem
1166 4022 1379 4077 dicendo
1406 4024 1479 4078 sic
1497 4040 1517 4079 :

1269 4115 1454 4170 Oratio.

633 4188 797 4265 444
825 4192 973 4265 lianc
1012 4197 1357 4269 oblationem,
1388 4218 1719 4273 qumsumus,
1747 4207 1991 4277 Domine,
2036 4213 2150 4282 pla-

560 4294 713 4341 catus
757 4288 1002 4355 admitte.
1050 4302 1103 4346 et
1150 4297 1389 4351 omnium
1430 4296 1773 4357 offerentium
1824 4317 2010 4360 eorum
2058 4322 2154 4377 pro

560 4377 759 4463 quibus
812 4380 904 4436 tibi
941 4382 1161 4440 oll‘ertur
1199 4397 1417 4456 peccata
1468 4389 1705 4464 indulge,
1753 4408 1854 4463 per
1881 4394 2150 4457 Christum

560 4454 846 4551 Dominum
880 4487 1139 4547 nostrum,
1173 4495 1350 4539 amen.

632 4564 699 4620 Et
725 4567 862 4623 dicat
879 4569 1075 4641 junctis
1106 4574 1338 4629 manibus
1367 4576 1666 4636 inclinanda
1705 4597 1791 4640 se.“

1265 4688 1432 4747 Oratio
1444 4731 1449 4737 ,

632 4788 689 4843 ln
723 4789 911 4857 spiritu
958 4791 1275 4853 humilitatis
1303 4807 1358 4854 et
1396 4800 1453 4856 in
1488 4800 1668 4859 animo
1708 4804 1943 4861 contrito
1982 4808 2153 4864 susci-

556 4881 788 4950 piamur,
810 4882 1058 4952 Domine,
1082 4900 1112 4940 a
1136 4897 1208 4956 te,
1233 4900 1288 4945 et
1312 4891 1391 4947 sic
1411 4891 1501 4948 liat
1524 4895 1850 4955 sacriﬁcium
1879 4907 2147 4969 nostrum,

558 4980 615 5026 ut
646 4987 674 5025 a
707 4982 761 5028 te
805 4975 1160 5045 suscipiamur
1200 4981 1382 5050 hodie,
1414 4993 1470 5039 ut
1498 4984 1711 5055 placeat
1763 4989 1878 5057 tibi,
1920 4991 2150 5049 Domine

561 5063 722 5120 Deus.
774 5064 927 5134 Veni,
957 5078 1145 5126 sancte
1172 5071 1403 5141 Spiritus
1428 5079 1822 5152 sanetilicator,
1874 5086 2147 5145 sanctiﬁca

554 5156 659 5211 hoc
700 5158 1025 5215 sacriﬁcium
1065 5161 1135 5217 de
1178 5166 1420 5225 manilius
1457 5171 1593 5226 meis
1637 5172 1734 5228 tibi
1760 5189 2145 5247 prmparatum.

556 5247 656 5302 llic
685 5262 841 5319 potest
885 5247 1148 5311 incensam
1188 5258 1244 5310 in
1283 5259 1563 5330 Uturibttlo,
1602 5275 1650 5319 et
1686 5266 1911 5324 incenset
1937 5267 2146 5338 sarriti-

552 5342 685 5398 cium
726 5347 772 5397 si
814 5347 1083 5411 placuerit.
1119 5348 1301 5406 Postea
1340 5351 1552 5412 itxlinet
1587 5373 1644 5412 se
1671 5366 1910 5417 sacerdos
1950 5365 2006 5419 in
2039 5382 2145 5420 me-

553 5435 696 5490 dium
736 5440 919 5495 altaris
957 5444 1153 5512 junctis
1180 5446 1435 5517 amnibus,
1464 5460 1513 5505 et
1537 5451 1675 5517 dicat
1706 5454 1811 5509 alta
1838 5469 1959 5509 uoce
1984 5471 2005 5510 :
2035 5456 2133 5513 Ad-

553 5525 733 5589 iuvatc
772 5546 879 5593 me,
918 5534 1131 5602 lratres,
1176 5538 1228 5592 in
1268 5540 1600 5597 orationibus
1644 5544 1858 5611 vestris,
1896 5556 1951 5602 et
1991 5560 2143 5605 orate

552 5631 650 5685 pro
694 5635 782 5675 nte
820 5623 887 5679 ad
924 5624 1109 5683 Deum.
1163 5628 1362 5687 Chorus
1400 5636 1706 5703 respondeat
1747 5652 1766 5691 :
1814 5638 2044 5709 Adjuvet
2090 5651 2143 5697 te

554 5710 711 5767 l’ater
736 5724 793 5769 et
819 5714 983 5772 l-‘ilins
1010 5730 1063 5775 et
1092 5721 1325 5791 Spiritus
1349 5735 1588 5782 sanctus.
1618 5726 1687 5784 Et
1714 5731 1951 5788 sacerdos
1984 5744 2143 5791 vertat

546 5820 602 5859 se
630 5810 699 5859 ad
723 5812 971 5874 poculum
994 5823 1040 5866 ct
1070 5817 1225 5883 faciat
1248 5818 1563 5885 olfertoriant
1588 5822 1635 5877 si
1661 5823 1899 5891 voluerit,
1930 5837 1977 5883 et
2004 5830 2141 5886 dicat

550 5901 735 5954 chorus
765 5903 1094 5965 sacriﬁcium.
1151 5906 1410 5976 Regnabit
1440 5911 1695 5971 Dominus
1738 5916 1791 5972 in
1819 5917 2135 5990 Jerusalem,

2264 3389 2369 3447 cet,
2399 3391 2451 3437 et
2481 3396 2706 3453 corpora
2737 3385 3076 3441 immaculata
3124 3397 3435 3445 conservet.
3490 3389 3591 3444 Det
3618 3385 3822 3442 habiliu-

2266 3480 2372 3530 tem
2405 3474 2641 3531 ﬁdelium
2675 3478 2945 3533 mentibus
2977 3478 3205 3535 lidelitcr
3235 3496 3507 3551 quaerere,
3542 3477 3676 3550 quod
3697 3472 3822 3531 saluti

2260 3576 2442 3635 posset
2460 3567 2732 3637 prodesse.
2753 3568 3141 3639 Exspectemus
3166 3571 3499 3629 conscientia
3526 3583 3703 3627 secura
3726 3579 3818 3621 verr

2262 3666 2463 3724 turum,
2495 3675 2655 3730 quem
2702 3674 2863 3731 super
2903 3676 3117 3720 omnem
3149 3664 3511 3736 principatum
3541 3672 3594 3720 et
3620 3668 3817 3734 potests-

2265 3764 2369 3807 tem
2413 3753 2678 3811 credimus
2726 3757 3040 3814 exaltatum.
3090 3758 3269 3814 Simus
3312 3761 3480 3817 etiam
3524 3774 3603 3829 per
3648 3751 3813 3824 singula

2264 3857 2535 3904 momenta
2564 3850 2800 3917 solliciti,
2830 3862 2885 3907 ut
2918 3868 3221 3910 mereamur
3268 3856 3470 3913 habere
3514 3850 3809 3927 principium,

2261 3957 2419 4012 quem
2451 3944 2720 4001 credimus
2766 3956 2815 4001 et
2847 3945 3075 4002 fatemur
3101 3949 3167 4004 ad
3207 3948 3532 4020 iudicandos
3573 3962 3661 4002 nos
3691 3943 3806 3996 ι’ἰνοε

2258 4043 2314 4091 et
2342 4047 2580 4093 mortuos
2610 4038 2661 4093 in
2692 4040 2859 4109 gloria
2889 4053 3009 4096 esse
3040 4050 3343 4099 venturum.
3368 4046 3406 4115 ἡ
3429 4084 3442 4098 .
3478 4048 3656 4098 Amen.
3688 4035 3807 4089 Dicul

2258 4131 2519 4200 presbyter
2561 4147 2580 4185 :
2628 4131 2730 4187 Per
2777 4133 3200 4191 misericordiam
3248 4146 3417 4205 tuam,
3462 4138 3598 4191 Dens
3638 4136 3801 4190 noster.

2256 4224 2347 4293 qui
2375 4239 2433 4279 es
2463 4226 2793 4294 benedictus,
2823 4236 2880 4283 et
2908 4229 3065 4295 vivis,
3097 4238 3152 4286 et
3178 4233 3357 4287 omnia
3388 4232 3530 4303 regis
3558 4231 3607 4284 in
3643 4218 3800 4282 smul“

2258 4318 2597 4374 surculorum.
2658 4320 2729 4388 ἢ.
2761 4322 2952 4377 Amen.
2992 4320 3139 4379 Dicat
3165 4324 3425 4396 presbyter
3458 4318 3686 4378 elevando
3716 4326 3795 4366 me.

2258 4426 2374 4476 nus,
2408 4412 2653 4468 Oremus.
2719 4415 2758 4485 ἡ
2778 4453 2791 4468 .
2826 4415 3051 4483 Chorus,
3077 4417 3273 4487 Δεῖος,
3306 4417 3499 4489 Agios,
3528 4415 3691 4486 Δεῖος.
3720 4406 3795 4462 υο·

2256 4503 2399 4559 mine
2428 4504 2593 4571 Deus,
2630 4522 2722 4562 rex
2747 4518 2971 4577 reterns,
3001 4506 3095 4565 tibi
3128 4509 3314 4567 laudes
3337 4518 3395 4566 et
3415 4509 3622 4582 gratias.

2329 4596 2517 4654 Postea
2541 4601 2676 4655 dicat
2702 4602 2959 4673 presbyter
2975 4618 2994 4657 :

2172 4676 2234 4751 Ρ
2328 4692 2620 4750 Ecclesium
2667 4704 2905 4751 sanetam
2934 4696 3253 4752 catholicam
3306 4696 3361 4752 in
3409 4692 3711 4753 orationibus
3750 4686 3788 4739 il

2258 4798 2438 4845 mente
2485 4788 2797 4845 habeamus.
2847 4799 2905 4843 ut
2948 4804 3066 4845 eam
3097 4787 3354 4846 Dominus
3403 4790 3523 4855 fide,
3552 4781 3786 4852 cisse.“

2255 4883 2478 4938 caritate
2511 4882 2769 4953 pr0pitius
2813 4882 3070 4951 ampliare
3106 4883 3375 4954 dignetur.
3406 4883 3597 4940 Omnes
3624 4876 3784 4942 1³1³⁵0⁸,

2216 4970 2219 4973 ’
2255 4978 2514 5048 captivos,
2547 4976 2806 5042 inllrmos,
2835 4985 2996 5047 atque
3024 4978 3335 5049 peregrinos
3354 4977 3410 5035 in
3435 4982 3603 5041 tuente

2254 5084 2397 5137 mus,
2430 5078 2489 5125 ut
2516 5084 2607 5125 eos
2632 5069 2887 5123 Dominus
2935 5069 3192 5139 propitius
3234 5071 3516 5136 redimere,
3545 5074 3711 5127 satiare
3743 5058 3780 5117 ⁸⁸

2250 5161 2553 5219 confortare
2599 5163 2866 5233 dignetur.
2910 5164 2949 5234 ιῆ
2972 5202 2987 5217 .
3019 5161 3218 5231 Charus
3248 5179 3269 5220 :
3316 5165 3510 5231 Praesta
3532 5203 3547 5228 ,
3593 5164 3774 5219 aeterne.

2248 5262 2590 5332 omnipotens
2623 5262 2782 5317 Deus.

2322 5355 2474 5411 Dicat
2503 5355 2759 5426 presbyter
2786 5356 2944 5410 aliam
2971 5356 3250 5442 orationem
3275 5369 3295 5408 :

2322 5450 2570 5519 Puriliea,
2603 5450 2827 5506 Domine
2859 5449 3020 5517 Deus,
3046 5449 3203 5506 Pater
3247 5447 3596 5520 omnipotens,
3620 5442 3769 5507 ρθεαν

2248 5556 2423 5603 torum
2462 5560 2654 5601 arcana
2704 5554 3037 5615 nostrorum,
3066 5553 3394 5616 cunctasque
3418 5536 3648 5616 propitius
3680 5536 3765 5581 1113‘

2244 5641 2394 5699 eulas
2423 5638 2582 5696 ablue
2604 5650 2940 5711 peccatorum
2956 5679 2972 5697 .
2995 5656 3058 5697 ac
3080 5649 3299 5712 praesta,
3326 5638 3554 5700 Domine.
3576 5622 3764 5685 ulbeue'

2245 5736 2364 5796 licio
2396 5735 2608 5806 pietatis
2654 5744 2780 5801 tuae,
2814 5736 3014 5793 nostris
3040 5736 3351 5793 criminibus
3380 5721 3638 5822 emendati,

2244 5828 2498 5885 tuendum
2530 5829 2929 5901 terribilemque
2954 5830 3241 5887 adventum
3268 5826 3470 5889 Domini
3495 5812 3638 5879 υοειτί
3660 5806 3759 5904 λ⁸ῗ¹¹

2243 5923 2441 5981 Christi
2473 5923 2563 5979 ﬁlii
2593 5923 2667 5979 tui
2706 5934 3076 5993 exspectemus
3102 5924 3364 5983 interriti:
3411 5923 3586 5991 sicque.
3609 5916 3654 5967 to
3673 5910 3749 5957 In“
