4060 6346
184 408 298 468 491
766 407 859 465 AD
892 400 1393 465 PREGBDENTIA
1428 402 1778 465 LITURGIIE
1820 404 2250 464 MONUMENTA
2297 405 2639 465 APPENDIX
2678 402 2916 467 PRIMA.
3378 406 3487 468 422

185 534 437 589 serante,
489 521 575 578 hic
616 524 893 592 percipere
939 538 1244 578 mereamur
1287 523 1526 578 omnium
1574 522 1786 578 veniam
1813 524 2068 582 Asocies
2112 525 2489 603 numerandos,
2532 541 2669 597 quos
2715 528 2767 581 in
2796 525 2919 581 ﬁdei
2956 525 3267 597 primordio,
3309 543 3338 582 a
3390 528 3488 587 Jo-

186 618 539 683 delictorum,
570 623 629 671 ut
658 625 805 671 tuum
852 615 907 670 in
939 616 1117 672 futuro
1163 615 1423 687 judicium
1454 615 1609 671 nobis
1660 630 1784 670 sen-
1900 614 2077 672 hanne
2106 615 2158 672 in
2183 614 2414 673 Jordane
2443 618 2765 688 paenitentiae
2794 620 2948 674 undis
2974 619 3487 690 aquarum‘ablutos,

185 714 391 768 tiatnus
437 712 659 768 omnino
686 708 1049 774 mitissimum,
1083 717 1138 766 et
1166 710 1405 766 dextera:
1437 718 1543 766 tuae
1576 707 1797 779 partici-
1826 732 1837 745 -
1898 720 1931 762 a
1961 715 2012 763 te
2052 716 2322 777 postremo
2350 724 2446 781 per
2469 707 2659 766 Filium
2710 709 2764 765 in
2791 709 2993 780 Spiritu
3037 719 3228 768 sancto
3271 721 3324 769 et
3377 714 3489 784 igni

186 822 293 879 pes
322 805 467 873 facti,
513 819 542 859 a
591 813 646 862 te
676 820 978 863 mereamur
1023 814 1301 876 perpetuae
1346 805 1470 860 vitae
1516 802 1796 875 percipere
1840 826 1842 829 ·
1880 800 2272 868 cognoscimus
2300 800 2613 872 baptizatos.
2662 800 2987 871 Respondeat
3030 801 3218 858 chorus
3246 818 3266 857 :
3294 800 3489 860 Amen.

199 899 508 970 praemium,
558 906 816 968 tuumque
860 910 1255 970 consequemur
1306 897 1592 963 invictum,
1624 893 1799 949 inlini-

196 998 313 1045 tum
346 999 402 1045 et
430 989 776 1045 fortissimum
808 1004 1051 1061 regnum.
1105 989 1180 1059 ἡ.
1210 988 1406 1046 Amen.

269 1106 420 1159 Dicat
457 1105 759 1177 presbyter:
809 1105 911 1161 Per
957 1104 1381 1163 misericordiam
1431 1114 1600 1172 tuam,
1660 1103 1799 1161 Deus

189 1208 402 1267 noster,
442 1200 495 1254 in
526 1197 679 1270 cujus
704 1208 996 1271 conspectu
1018 1242 1034 1267 ,
1079 1210 1389 1257 sanctorum
1435 1200 1800 1273 apostolorum

188 1302 245 1346 ct
291 1301 607 1361 martyrum,
648 1292 1019 1350 confessorum
1058 1302 1219 1365 atque
1264 1293 1529 1364 virginum
1578 1291 1799 1348 nomina

190 1384 505 1440 recitantur.
552 1384 590 1453 ἡ
612 1423 626 1437 .
662 1383 876 1440 Chorus.
905 1387 1095 1442 Amen.
1130 1385 1280 1440 Dicat
1324 1386 1583 1456 presbyter
1611 1399 1630 1438 :
1659 1382 1801 1440 Oile-

188 1486 320 1531 runt
352 1477 459 1531 Deo
482 1475 707 1530 Domino
735 1476 1059 1532 oblationem
1091 1476 1406 1534 sacerdotes
1436 1476 1629 1541 nostri,
1663 1490 1800 1547 papa

191 1567 503 1635 Romensis,
533 1576 591 1624 et
626 1569 815 1639 reliqui
856 1584 953 1639 pro
979 1584 1041 1625 se
1056 1578 1112 1624 et
1132 1584 1232 1640 pro
1250 1570 1395 1626 omni
1421 1570 1571 1624 clero
1598 1583 1661 1624 ac
1690 1568 1804 1638 plo-

190 1661 360 1717 bibus
385 1661 635 1718 Ecclesiae
674 1662 889 1717 sibimet
916 1662 1272 1732 consignatis,
1307 1660 1391 1717 vel
1421 1674 1519 1732 pro
1545 1662 1796 1716 universa

192 1752 552 1811 fraternitate.
574 1754 705 1809 item
727 1753 958 1810 oﬂ'erunt
976 1754 1209 1811 universi
1232 1753 1550 1827 presbyteri,
1567 1751 1799 1821 diaconi,

193 1844 405 1911 clerici,
444 1859 508 1901 ac
558 1846 743 1917 populi
784 1847 1187 1903 circumstantes
1214 1845 1377 1920 ωε
1423 1847 1476 1902 ἱιι
1528 1845 1790 1902 honorem

192 1946 508 1996 sanctorum
538 1952 634 2007 pro
660 1953 719 1995 se
747 1945 802 1994 et
821 1939 952 1994 suis.
975 1940 1011 2009 ti
1032 1978 1047 1993 .
1072 1939 1271 1995 Chorus
1290 1955 1310 1995 :
1342 1938 1585 1995 Oﬂ’erunt
1607 1954 1705 2010 pro
1732 1943 1793 1995 Se

190 2043 258 2095 ot
279 2050 376 2107 pro
397 2036 642 2092 universa
660 2034 1011 2093 fraternitate.
1040 2036 1192 2092 Dicat
1221 2038 1491 2093 sacerdos:
1518 2037 1796 2095 Facientes

191 2117 766 2185 commemorationem
833 2128 1267 2186 beatissimorum
1329 2131 1692 2201 apostolorum
1743 2136 1799 2185 et

193 2229 498 2293 martyrum
520 2261 537 2288 ,
570 2221 816 2293 gloriosa:
857 2229 1060 2277 sanctae
1106 2222 1287 2278 Mariae
1317 2223 1559 2293 virginis,
1594 2222 1801 2277 Zacha-

193 2315 339 2383 rias,
386 2314 678 2381 Johannis,
731 2314 1015 2383 Infantum,
1063 2316 1242 2383 Petri,
1294 2316 1465 2382 Pauli,
1516 2314 1801 2383 Johannis,

194 2408 407 2477 Jacobi,
457 2409 722 2476 Andreae,
775 2409 1027 2481 Philippi,
1078 2410 1331 2476 Thomas,
1384 2411 1790 2479 Bartholomaci,

194 2500 459 2570 Matthxi,
482 2501 688 2569 Jacobi,
710 2502 943 2559 Simonis
974 2511 1031 2558 et
1056 2502 1230 2569 Judae,
1260 2502 1521 2570 Matthiae,
1552 2504 1716 2559 Marci
1747 2509 1803 2559 et

196 2596 384 2652 Lucae.
423 2595 463 2666 ἠ
484 2635 498 2650 .
525 2595 723 2652 Chorus
746 2611 765 2650 :
795 2596 863 2651 Et
886 2596 1126 2652 omnium
1157 2606 1471 2668 martyrum.
1522 2596 1673 2651 Dicat
1717 2613 1803 2651 sa-

196 2688 382 2743 cerdos
402 2703 422 2742 :
444 2686 575 2743 item
599 2701 696 2757 pro
725 2687 1000 2756 spiritibus
1028 2688 1366 2757 pausantium
1397 2687 1610 2753 Hilarii,
1635 2686 1802 2742 Atha-

197 2780 361 2844 nasii,
393 2778 625 2846 Martini,
650 2779 941 2844 Ambrosii,
971 2780 1281 2849 Augustini,
1306 2780 1597 2850 Fulgentii,
1635 2780 1807 2836 Lean-

198 2870 309 2933 dri,
339 2870 568 2936 Ysidori,
596 2869 781 2935 David,
804 2870 1023 2937 Juliani,
1058 2872 1183 2926 item
1218 2871 1439 2940 Juliani,
1475 2871 1640 2936 Petri,
1673 2871 1801 2928 item

196 2961 372 3029 Petri,
415 2962 697 3030 Johannis,
722 2961 874 3018 Servi
918 2962 1034 3029 Dei,
1057 2962 1316 3030 Visitani,
1345 2963 1575 3031 Viventi,
1618 2964 1804 3025 Felici,

200 3052 495 3121 Cypriani,
543 3052 833 3119 Vincentii,
878 3052 1151 3122 Gerontii,
1197 3053 1490 3125 Zachariae,
1530 3056 1803 3125 Cenapoli,

201 3143 491 3210 Dominici,
553 3143 708 3211 Justi,
760 3144 1053 3217 Saturnini,
1126 3146 1353 3214 Salvati,
1400 3148 1526 3203 item
1583 3150 1803 3215 Salvati,

202 3233 487 3301 Bernardi,
513 3232 817 3303 Beimundi,
836 3235 1114 3306 Johannis,
1131 3235 1439 3305 Celebruni,
1467 3239 1801 3305 Gundisalvi,

204 3325 444 3392 Martini,
492 3325 761 3391 Roderici,
804 3326 1080 3395 Johannis,
1143 3329 1372 3398 Guterii,
1424 3333 1623 3398 Sancii,
1677 3333 1806 3389 item

206 3420 412 3485 Sancii,
446 3421 729 3490 Dominici,
761 3422 975 3491 Juliani,
1003 3424 1255 3496 Philippi,
1299 3424 1576 3497 Stephani,
1607 3426 1807 3484 Johan-

210 3514 316 3581 nis,
371 3513 495 3568 item
524 3512 800 3591 Johannis,
834 3512 1045 3573 Felicis.
1090 3515 1131 3589 ti
1152 3558 1168 3573 .
1197 3516 1395 3573 Chorus
1422 3536 1438 3574 :
1474 3518 1541 3575 Et
1569 3519 1806 3581 omnium

212 3605 579 3677 pausantium.

286 3694 449 3783 Dicat
469 3721 730 3791 presbyter
753 3728 869 3793 post
892 3724 1100 3783 notitias
1116 3740 1136 3778 :

290 3831 367 3887 Te
404 3846 737 3903 quasumus,
770 3834 994 3890 Domine
1027 3834 1157 3892 Jesu
1199 3833 1433 3905 Christe,
1486 3847 1543 3894 ut
1587 3839 1810 3898 dilectio

220 3923 486 3980 adventus
508 3925 590 3981 tui
625 3924 701 3981 ita
728 3925 784 3981 in
817 3926 969 3983 nobis
1000 3940 1327 3999 permaneat,
1375 3946 1441 3987 ne
1465 3932 1533 3988 ad
1565 3942 1618 3991 to
1642 3935 1809 3993 corda

216 4026 405 4073 nostra
416 4032 671 4088 umquam
687 4019 970 4087 recedant;
998 4022 1182 4092 sicque
1206 4036 1305 4080 nos
1326 4022 1439 4093 jam
1463 4024 1522 4081 in
1549 4036 1807 4087 aeternam

217 4111 619 4169 advocationem
668 4110 940 4181 asscribe,
988 4123 1049 4169 ut
1070 4112 1141 4170 ad
1170 4113 1402 4175 futurum
1450 4133 1555 4173 non
1586 4118 1811 4175 coniun-

214 4206 435 4272 damur,
453 4221 574 4261 cum
593 4207 659 4261 ad
678 4204 1022 4276 judicandum
1038 4207 1253 4265 veneris
1264 4208 1476 4264 orbem.
1499 4209 1535 4277 ἢ
1558 4248 1574 4264 .
1588 4208 1809 4278 Chorus,

221 4298 416 4354 Amen.
466 4299 618 4354 Dicat
669 4301 926 4370 presbyter
954 4300 1131 4367 :Quia
1178 4309 1234 4357 tu
1281 4314 1340 4357 es
1393 4301 1493 4355 vita
1540 4302 1809 4371 vivorum,

222 4395 424 4449 sanitas
462 4394 813 4462 inﬁrmorum,
847 4407 910 4450 ac
936 4394 1152 4464 requies
1178 4394 1418 4455 omnium
1453 4394 1686 4452 ﬁdelium
1712 4395 1808 4452 do-

220 4484 524 4540 functoram
552 4483 610 4539 in
632 4495 836 4541 averna
864 4485 1059 4542 secula
1088 4484 1428 4543 saeculorum.
1468 4486 1509 4557 si
1532 4526 1547 4543 .
1579 4486 1809 4544 Chorus:

221 4579 414 4639 Amen;

787 4651 955 4703 Oratio
977 4652 1037 4703 ad
1060 4663 1246 4715 pacem.

298 4733 449 4793 Dicat
478 4734 737 4809 presbyter
758 4750 780 4789 :

300 4825 523 4893 Domine
552 4826 692 4885 Deus
718 4828 1077 4898 omnipotens,
1108 4827 1197 4899 qui
1229 4842 1325 4898 pro
1353 4826 1571 4885 humani
1600 4827 1813 4899 generis

224 4918 599 4989 redemptione
644 4928 972 4976 coaeternum
1016 4918 1114 4977 tihi
1160 4921 1592 4992 coaequalemque
1622 4920 1812 4976 Filium

223 5012 468 5081 angelica
510 5012 934 5081 annuntiatione,
987 5026 1082 5083 per
1130 5012 1308 5068 Marias
1338 5012 1557 5084 virginis
1604 5022 1812 5069 uterum

226 5117 398 5177 usque
424 5104 490 5159 ad
516 5118 615 5161 nos
639 5106 851 5161 voluisti
881 5108 1275 5175 transmittere,
1306 5117 1466 5179 atque
1495 5114 1618 5163 ante
1650 5108 1814 5179 ipsius

226 5194 352 5257 Filii
397 5195 472 5269 tui
511 5197 794 5253 adventum
824 5197 1121 5254 Johannem
1170 5198 1424 5271 dignatus
1461 5215 1521 5255 es
1546 5200 1814 5257 destinare

227 5301 556 5358 praeconem,
586 5299 645 5355 ut
678 5305 769 5361 per
813 5289 930 5360 ejus
966 5289 1253 5345 veridicam
1284 5292 1337 5347 in
1384 5292 1599 5348 deserto
1647 5294 1813 5349 eremi

222 5383 665 5455 praedicationem
691 5386 918 5459 populus
944 5386 1205 5457 paenitens
1233 5396 1575 5445 veternorum
1604 5388 1813 5444 facino-

228 5491 352 5535 rum
394 5478 662 5547 acciperet
698 5478 929 5546 veniam,
962 5493 1058 5549 per
1086 5478 1208 5537 novi
1249 5488 1426 5533 autem
1458 5479 1688 5534 hominis
1719 5478 1813 5535 Dei

230 5581 455 5639 regnum
518 5570 938 5645 evangelizantis
1001 5569 1194 5625 divina:
1256 5567 1534 5624 Trinitatis
1603 5570 1811 5639 plenam

230 5661 465 5717 mundus
526 5664 781 5733 consequi
845 5670 1139 5731 mereretur
1188 5660 1503 5717 inetl'abilem
1553 5659 1812 5733 gratiam;

232 5749 370 5804 dona
402 5751 556 5805 nobis
604 5750 656 5805 in
688 5754 787 5805 hoc
837 5761 1077 5819 tempore
1118 5750 1390 5806 Adventus
1421 5749 1690 5819 Unigeniti
1741 5751 1812 5805 tui

232 5842 475 5899 eattidem
526 5842 671 5912 pacis
720 5845 940 5913 gratiam
993 5858 1149 5913 quam
1200 5843 1252 5897 in
1304 5842 1567 5912 praeterita
1622 5840 1816 5913 largire

234 5934 479 6000 dignatus
526 5951 583 5991 es
629 5937 860 6001 secula;
922 5944 973 5991 et
1020 5935 1122 5990 illis
1179 5952 1275 5991 nos
1321 5937 1371 5990 in
1421 5950 1645 5991 occursu
1693 5930 1817 5988 ﬁdei

1833 4688 1890 4752 Ι)

1902 889 2054 945 Dicat
2104 892 2360 964 presbyter
2389 894 2568 962 :Quia
2615 903 2671 950 tu
2718 909 2777 951 es
2822 910 2948 952 vera
2976 894 3135 968 “7
3162 911 3264 967 pax
3310 906 3491 954 nostra

1902 991 1959 1038 et
2004 984 2241 1040 cbaritas
2290 985 2611 1057 indisrupta,
2639 988 2774 1043 vivis
2811 996 2986 1045 tecum
3031 1001 3087 1049 et
3133 1005 3327 1061 regnas
3367 1005 3491 1047 eum

1903 1071 2109 1141 Spiritu
2158 1084 2348 1135 sancto
2380 1092 2516 1135 unus
2542 1078 2686 1137 Deus
2719 1080 2774 1137 in
2801 1081 2994 1151 saecula
3020 1082 3362 1154 saeculorum.
3410 1084 3449 1154 ἡ
3470 1124 3486 1139 .

1903 1162 2101 1226 Chorus
2129 1182 2149 1220 :
2178 1171 2371 1239 Amen.
2418 1169 2569 1226 Dicat
2614 1172 2877 1244 presbyter
2925 1173 3128 1241 elevatis
3175 1176 3411 1239 manibus
3437 1175 3495 1237 in

1903 1256 2086 1325 cwtum
2116 1274 2135 1313 :
2165 1258 2346 1315 Gratia
2376 1260 2470 1317 Dei
2503 1260 2675 1321 Patris
2703 1264 3105 1338 omnipotentis,
3136 1281 3239 1339 pax
3263 1282 3327 1331 ac
3353 1267 3493 1333 dile-
3588 1307 3598 1320 ι

1903 1348 2013 1419 ctio
2056 1349 2270 1419 Domini
2316 1352 2489 1411 nostri
2533 1353 2659 1412 Jesu
2696 1355 2931 1429 Christi,
2975 1367 3031 1425 et
3075 1358 3495 1425 communicatio,

1904 1443 2118 1514 Spritus
2163 1446 2336 1502 sancti
2380 1447 2451 1505 sit
2495 1462 2709 1520 semper
2751 1466 2871 1523 cum
2920 1452 3168 1517 omnibus
3198 1454 3371 1521 nobis.
3411 1455 3489 1523 ἡ.

1905 1536 2103 1594 Chorus
2146 1556 2167 1595 :
2213 1541 2279 1597 Et
2320 1556 2441 1598 cum
2489 1545 2738 1601 omnibus
2783 1546 2937 1603 bonae
2978 1549 3287 1606 voluntatis.
3336 1549 3493 1607 Dicat

1907 1631 2167 1703 presbyter
2186 1649 2206 1688 :
2229 1634 2508 1717 Quomodo
2530 1636 2736 1704 astatis,
2768 1653 2950 1709 pacem
2978 1639 3154 1709 facite.
3175 1642 3212 1711 ἡ
3232 1681 3247 1698 .
3267 1642 3490 1699 Chorus.

1905 1718 2099 1780 Pacem
2142 1741 2316 1783 meam
2366 1730 2434 1785 do
2476 1729 2659 1800 vobis,
2715 1747 2902 1809 pacem
2954 1749 3126 1793 meam
3174 1737 3497 1809 commendo

1904 1819 2092 1887 vobis;
2135 1837 2242 1878 non
2291 1823 2430 1880 sicut
2477 1825 2709 1881 mundus
2747 1828 2856 1895 dat,
2886 1843 3068 1898 pacem
3099 1829 3169 1886 do
3197 1810 3367 1886 vobis.
3419 1833 3490 1901 ᾖ.

1821 1905 2105 1970 BNovum
2152 1917 2463 1974 mandatum
2508 1919 2579 1975 do
2627 1921 2818 1988 vobis,
2850 1930 2908 1978 ut
2956 1923 3186 1992 diligatis
3236 1926 3488 1981 invicem.

1904 2005 2236 2066 Reiteretur:
2281 2011 2472 2068 Pacem
2526 2028 2700 2070 meam
2753 2014 2824 2071 do
2868 2016 3039 2071 vobis.
3086 2016 3123 2089 γ
3150 2058 3164 2072 .
3216 2015 3397 2072 Gloria
3443 2025 3497 2074 et

1904 2098 2077 2156 honor
2104 2102 2247 2157 Patri
2274 2113 2327 2158 et
2352 2103 2490 2159 Filio
2519 2113 2571 2160 et
2601 2103 2823 2176 Spiritui
2852 2119 3039 2164 sancto
3087 2109 3141 2164 in
3172 2110 3367 2167 saecula
3394 2125 3498 2167 sa:-

1903 2195 2147 2252 culorum
2172 2213 2347 2254 amen.
2381 2199 2667 2255 Reiteretur
2690 2218 2710 2258 :
2738 2202 2933 2259 Pacem
2965 2220 3157 2261 meam.

1980 2288 2194 2345 Interim
2218 2294 2425 2362 quando
2464 2292 2662 2349 Chorus
2691 2295 2814 2351 dicit
2845 2312 2863 2350 :
2893 2297 3087 2353 Pacem
3140 2313 3335 2367 meam,
3363 2298 3499 2354 acci-

1907 2382 2015 2451 piat
2061 2376 2295 2439 sacerdos
2325 2403 2500 2456 pacem
2529 2388 2594 2443 de
2632 2398 2818 2459 patena
2855 2390 3073 2447 dicendo
3111 2393 3185 2448 sic
3225 2410 3245 2450 :
3298 2394 3500 2453 Habeto

1907 2473 2146 2530 osculum
2173 2475 2478 2534 dilectionis
2502 2487 2558 2534 et
2580 2480 2745 2551 pacis,
2776 2490 2834 2536 ut
2859 2482 2967 2553 apti
3000 2483 3117 2540 silis
3141 2487 3501 2548 sacrosanctis

1909 2568 2178 2638 mysteriis
2220 2566 2433 2625 Dei.....
2480 2570 2548 2626 Et
2598 2574 2772 2627 statim
2810 2574 2896 2629 det
2940 2593 3118 2645 pacem
3162 2579 3377 2634 diacono
3418 2576 3500 2635 vel

1906 2686 2085 2741 puero,
2116 2681 2162 2725 et
2190 2686 2317 2741 puer
2343 2673 2553 2745 papula.
2588 2670 2777 2728 Postea
2803 2676 3007 2731 inclinet
3036 2694 3090 2731 se
3120 2681 3356 2734 sacerdos
3382 2683 3502 2751 fun-

1908 2764 2001 2817 ctis
2022 2766 2253 2820 manibus
2282 2778 2329 2821 et
2352 2768 2487 2821 dicat
2512 2785 2531 2822 :
2564 2769 2794 2849 lntroibo
2820 2772 2884 2827 ad
2912 2773 3080 2832 altare
3113 2777 3225 2849 Dei.
3266 2779 3305 2849 ti
3326 2818 3338 2836 .
3367 2780 3500 2835 Clio-

1907 2875 1996 2915 rus
2019 2875 2038 2914 :
2064 2859 2144 2915 Ad
2173 2861 2338 2918 Deum
2368 2864 2456 2933 qui
2487 2864 2719 2921 lastiﬁcat
2743 2866 3075 2937 juventutem
3104 2885 3296 2926 meam.
3336 2870 3499 2928 Pres-

1909 2952 2051 3023 byter
2092 2966 2245 3024 ponat
2278 2973 2490 3010 manum
2517 2974 2668 3030 super
2694 2958 2902 3015 calicem
2927 2970 2973 3029 et
3019 2963 3155 3015 dicat
3187 2975 3205 3017 :
3232 2964 3402 3023 Aures
3429 2966 3497 3027 ad

1910 3043 2215 3115 Dominum.
2261 3046 2298 3116 ιῆ
2320 3087 2333 3101 .
2364 3047 2559 3103 Chorus
2583 3065 2602 3102 :
2627 3048 2892 3121 Habemus
2918 3050 2983 3105 ad
3016 3051 3317 3111 Dominum.
3346 3054 3497 3123 Dicat

1911 3140 2169 3213 presbyter
2198 3155 2217 3192 :
2252 3140 2472 3195 Sursum
2518 3142 2700 3195 corda.
2749 3143 2785 3210 ιῇ
2809 3181 2822 3195 .
2856 3140 3051 3197 Chorus
3079 3159 3097 3198 :
3140 3144 3401 3201 Levemus
3430 3147 3496 3202 ad

1913 3229 2213 3285 Dominum.
2252 3231 2397 3285 Dicat
2427 3233 2683 3304 presbyter
2708 3233 3004 3291 inclinanda
3031 3254 3085 3292 se
3105 3239 3297 3309 junctis
3338 3244 3501 3295 mani-

1910 3324 2000 3379 bus
2033 3340 2053 3380 :
2101 3326 2210 3399 Deo
2259 3341 2319 3379 ac
2351 3326 2573 3381 Domino
2624 3336 2803 3384 nostro
2833 3327 2957 3384 Jesu
2986 3329 3197 3387 Christo
3228 3330 3363 3405 Filio
3400 3333 3492 3391 Dei

1912 3418 2005 3490 qui
2053 3427 2135 3474 est
2178 3418 2229 3473 in
2278 3418 2449 3485 cmlis,
2501 3419 2687 3492 dignas
2734 3420 2916 3485 laudes
2960 3423 3251 3495 dignasque
3300 3428 3497 3498 gratias

1911 3509 2227 3567 referamus.
2278 3510 2347 3581 Et
2394 3512 2612 3579 dicendo
2654 3530 2675 3568 :
2726 3511 2933 3583 Gratias
2979 3516 3297 3589 referamus,
3342 3520 3497 3587 elevet

1910 3607 2146 3673 sacerdos
2170 3620 2352 3660 manus
2391 3606 2446 3660 in
2480 3605 2664 3660 altum.
2702 3606 2739 3676 ἡ
2760 3644 2774 3660 .
2800 3590 2997 3679 Chorus
3025 3623 3046 3663 :
3077 3608 3301 3680 Dignum
3330 3621 3384 3689 et
3408 3611 3499 3681 ju-

1909 3708 2047 3754 stum
2078 3709 2181 3755 est.
2210 3696 2400 3754 Postea
2427 3698 2567 3753 dicat
2597 3700 2889 3770 presbyter:

2616 3807 2805 3859 inlatio.

1982 3887 2208 3959 Dignum
2249 3897 2305 3945 et
2329 3888 2527 3959 justum
2578 3898 2660 3945 est
2707 3904 2803 3946 nos
2834 3889 2925 3946 tibi
2955 3890 3152 3963 gratias
3181 3906 3358 3964 agere,
3393 3895 3501 3951 Do-

1912 3979 2057 4036 mine
2101 3988 2308 4046 sancte,
2338 3978 2501 4037 Pater
2548 3992 2768 4049 aeterne,
2815 3986 3153 4053 omnipotens
3200 3970 3360 4052 Deus,
3403 4004 3496 4061 per

1912 4074 2095 4130 Jesum
2144 4073 2413 4129 Christum
2459 4072 2655 4130 Filium
2705 4084 2853 4130 tuum
2896 4076 3179 4133 Dominum
3229 4090 3495 4146 nostrum,

1912 4182 2071 4237 quem
2102 4166 2373 4223 Johannes
2405 4166 2577 4222 ﬁdelis
2624 4168 2827 4223 amicus
2876 4169 3153 4237 praecessit
3204 4172 3500 4237 nascendo;

1914 4260 2189 4328 praecessit
2232 4260 2288 4314 in
2334 4259 2561 4314 desertis
2609 4257 2776 4314 eremi
2822 4260 3180 4328 praedicando,
3224 4262 3503 4331 praecessit

1914 4349 2263 4418 baptizando;
2299 4352 2441 4404 viam
2473 4364 2687 4421 quoque
2728 4364 3037 4422 praeparans
3072 4336 3257 4423 judicii
3305 4370 3368 4411 ac
3409 4371 3501 4413 re-

1912 4440 2228 4512 demptoris,
2276 4444 2586 4499 convocavit
2630 4453 2940 4515 peccatores
2988 4445 3055 4500 ad
3104 4446 3497 4516 paenitentiam;

1913 4546 1971 4592 et
2012 4538 2264 4607 populum
2294 4536 2557 4611 Salvatori
2605 4537 2913 4607 adquirens,
2960 4537 3251 4605 baptizavit
3299 4539 3355 4594 in
3383 4539 3504 4595 Jor-

1918 4630 2057 4686 dane
2088 4640 2305 4701 peccata
2338 4630 2550 4700 propria
2594 4630 2945 4695 conﬁtentes;
2988 4644 3093 4684 non
3126 4629 3369 4688 homines
3420 4634 3502 4687 in-

1916 4724 2165 4780 novando
2209 4724 2422 4794 plenam
2483 4723 2765 4780 conferens
2812 4721 3081 4789 gratiam,
3127 4724 3223 4779 sed
3275 4724 3500 4792 piissimi

1918 4816 2210 4873 Salvatoris
2265 4829 2580 4871 ammonens
2626 4824 2941 4881 exspectare
2970 4817 3342 4889 prosecuting;
3388 4832 3498 4871 non

1916 4908 2195 4966 remittens
2222 4909 2336 4977 ipse
2364 4915 2580 4977 peccata
2608 4906 2673 4960 ad
2716 4920 2776 4961 se
2798 4905 3153 4974 venientibus,
3182 4907 3275 4963 sed
3307 4908 3499 4963 remis-

1916 5001 2122 5056 sionem
2169 5009 2509 5070 peccatorum
2541 4997 2608 5053 ad
2658 4998 2892 5055 futurum
2921 4999 3176 5069 pollicens
3218 5014 3339 5057 esse
3384 5013 3504 5056 cre-

1917 5094 2201 5159 dentibus;
2263 5104 2321 5149 ut
2367 5092 2816 5149 descendentibus
2862 5092 2916 5148 in
2967 5108 3100 5164 aqua
3155 5093 3501 5162 pestilentiae,

1923 5186 1991 5241 ab
2020 5186 2111 5241 illo
2140 5195 2413 5255 sperarent
2468 5185 2759 5242 remedium
2790 5186 3154 5257 indulgentiae,
3186 5200 3343 5256 quem
3371 5200 3499 5242 ven-

1922 5291 2101 5337 turum
2144 5279 2426 5339 audiebant
2476 5278 2692 5350 plenum
2740 5280 2884 5343 dono
2930 5280 3166 5347 veritatis
3209 5285 3265 5333 et
3291 5278 3502 5350 gratias.

1921 5374 2226 5447 Baptizatur
2250 5372 2411 5445 igitur
2435 5373 2501 5429 ab
2527 5387 2590 5429 eo
2619 5372 2862 5429 Christus
2889 5386 2953 5427 es
2987 5372 3254 5441 elemento
3312 5369 3503 5431 visibili

1923 5475 1978 5522 et
2012 5467 2201 5536 spiritu
2231 5464 2513 5530 invisibili;
2563 5465 2895 5520 ducebantur
2926 5477 3021 5533 per
3048 5461 3406 5525 obedientiam
3438 5459 3504 5525 ad

1922 5559 2380 5627 misericordiam;
2413 5574 2507 5627 per
2534 5559 2695 5627 ﬁlium
2727 5557 2925 5613 sterilis
2950 5557 3016 5627 a‘d
3048 5556 3210 5613 illium
3243 5556 3500 5627 Virginis;

1922 5668 2017 5724 per
2041 5650 2205 5724 M8
2226 5652 2522 5706 Johannem
2547 5649 2817 5703 hominem
2840 5662 3110 5718 magnum,
3140 5647 3205 5721 ad
3233 5646 3501 5723 Chrismm

1924 5745 2194 5801 hominem
2222 5744 2412 5801 Deum.
2462 5744 2628 5808 Quem
2654 5756 2773 5796 cum
2804 5741 2960 5797 Patre
3002 5751 3055 5797 et
3077 5740 3275 5808 Spiritu
3320 5749 3506 5793 sancto

1923 5837 2146 5892 adorant
2194 5835 2366 5905 angeli
2410 5843 2570 5903 atque
2602 5834 2922 5905 archangeli,
2957 5834 3151 5894 throni,
3182 5830 3508 5885 dominatio-

1927 5944 2022 5987 nes
2049 5941 2100 5986 et
2129 5938 2437 5997 potestates,
2466 5927 2540 5984 ita
2562 5930 2842 5985 dicentes:
