4060 6346
627 375 736 431 425

712 497 750 564 ἡ
772 537 786 550 .
812 495 1012 552 Chorus
1035 513 1055 551 :

699 588 943 654 Sanctus,
965 586 1215 656 Sanctus,
1241 589 1490 661 Sanctus,
1515 592 1771 649 Dominus
1794 595 1935 650 Deus
1957 597 2214 652 baoaoth.

626 680 781 736 Pleni
829 691 955 737 sunt
1017 683 1138 738 caeli
1205 693 1261 740 et
1304 693 1444 741 terra
1510 686 1680 756 gloria
1733 687 2028 758 maiestatis
2076 697 2217 755 tute;

623 788 826 829 osanna
875 775 987 830 lilio
1018 774 1204 841 David,
1234 791 1438 833 osanna
1485 778 1540 834 in
1589 781 1843 836 excelsis.
1899 780 2218 836 Benedictus

624 865 717 934 qui
745 866 892 922 venit
917 869 970 922 in
1003 869 1222 925 nomine
1247 869 1480 940 Domini,
1513 885 1718 928 osanna
1749 873 1804 928 in
1830 873 2088 930 excelsis.

698 978 852 1035 Dicat
881 983 1142 1053 presbyter
1171 993 1281 1053 post
1301 983 1530 1042 Sanctus
1560 1001 1577 1042 :

702 1093 841 1151 Vere
888 1107 1108 1154 sanctus
1155 1107 1210 1154 et
1254 1099 1519 1171 gloriosus
1551 1101 1808 1157 Dominus
1854 1111 2035 1158 noster
2061 1101 2218 1158 Jesus

625 1185 872 1242 Christus
903 1187 1074 1244 Filius
1104 1197 1246 1257 tuus,
1277 1205 1436 1260 quem
1486 1193 1613 1247 olim
1663 1193 1932 1248 credimus
1976 1192 2219 1248 incarna-

628 1284 743 1331 tum
776 1276 942 1334 fuisse
971 1295 1069 1349 pro
1099 1282 1271 1337 salute
1311 1282 1530 1338 humani
1560 1286 1802 1355 generis;
1845 1295 1898 1340 et
1931 1300 2070 1339 nunc
2118 1301 2218 1340 ex-

621 1379 926 1439 spectamus
955 1373 1022 1427 ad
1049 1373 1306 1442 judicium
1336 1386 1620 1433 venturum
1662 1379 1714 1432 in
1753 1378 1923 1448 gloria
1953 1379 2217 1436 claritatis

624 1480 746 1519 cum
800 1467 1054 1523 omnibus
1101 1469 1342 1538 sanctis,
1393 1471 1508 1541 ipse
1538 1471 1796 1527 Dominus
1843 1487 1907 1528 ac
1951 1479 2219 1528 redemtor

623 1565 880 1613 aternus.

699 1671 896 1726 Deinde
934 1674 1073 1728 dicat
1119 1674 1378 1746 presbyter
1421 1675 1474 1729 in
1514 1677 1714 1731 silentio
1744 1679 1942 1748 junctis
1987 1679 2219 1732 manibus

619 1761 915 1818 inclinanda
939 1782 993 1820 se
1021 1775 1138 1820 ante
1159 1767 1329 1822 altare
1355 1769 1490 1823 hanc
1517 1771 1799 1824 orationem
1824 1811 1837 1825 .

693 1878 920 1947 Adesto,
971 1881 1195 1950 adesto,
1244 1883 1370 1939 Jesu
1427 1885 1563 1940 bone
1605 1886 1875 1954 pontifex,
1929 1885 1981 1940 io
2041 1886 2219 1941 medio
2251 1887 2300 1949 B

622 1972 813 2035 nostri,
853 1972 993 2028 sicut
1035 1974 1176 2028 fuisti
1219 1975 1271 2029 in
1329 1977 1508 2031 medio
1553 1977 1937 2047 discipulorum
1983 1988 2223 2046 tuorum;

619 2061 850 2133 sancti-l-
873 2064 973 2118 lica
1004 2065 1143 2121 hanc
1187 2066 1530 2133 oblationem,
1556 2067 1596 2137 1-
1628 2078 1684 2122 ut
1711 2070 2039 2124 sanctiﬁcata
2067 2070 2108 2140 1-
2138 2086 2226 2126 su-

619 2166 826 2207 mamus
859 2171 953 2225 per
998 2173 1184 2211 manus
1233 2159 1400 2213 sancti
1445 2160 1616 2228 angeli
1649 2161 1747 2224 tui,
1779 2172 1963 2216 sancte
1998 2161 2226 2218 Domine

622 2262 686 2303 ac
714 2251 985 2306 retlemtor
1007 2261 1227 2309 aeterne.
1277 2253 1535 2309 Dominus
1585 2263 1766 2309 noster
1794 2253 1949 2310 .Iesus
1981 2255 2227 2312 Christus

615 2346 671 2401 in
703 2358 804 2412 qua
835 2354 992 2400 nocte
1043 2345 1358 2401 tradebatur
1402 2346 1609 2416 accepit
1654 2362 1879 2417 panem,
1927 2357 1981 2401 et
2028 2349 2224 2416 gratias

612 2447 776 2504 agens
825 2436 1191 2507 hene1dixit
1236 2452 1300 2493 ac
1349 2437 1511 2507 fregit
1561 2456 1573 2491 :
1634 2437 1887 2507 deditque
1939 2438 2220 2507 discipulis

613 2530 728 2583 suis
770 2529 973 2596 dicens,
1007 2531 1236 2600 accipite
1261 2540 1316 2586 et
1355 2531 1671 2586 manducate
1708 2549 1720 2585 :
1759 2531 1868 2586 Hoc
1904 2539 1988 2586 est
2028 2546 2225 2601 corpus

618 2636 798 2676 meum
828 2623 969 2690 quod
1001 2640 1100 2693 pro
1129 2625 1281 2679 vobis
1312 2627 1551 2679 tradetur
1582 2625 1683 2693 (a).
1719 2624 1818 2678 llic
1849 2626 2072 2680 elevatur
2102 2641 2224 2679 cor-

614 2727 728 2780 pus.
776 2712 1233 2786 Quotiescumque
1284 2717 1754 2782 manducaveritis,
1810 2717 1910 2772 hoc
1959 2717 2116 2773 facite
2164 2717 2217 2772 in

615 2816 789 2858 meam
829 2804 867 2875 1-
909 2810 1503 2864 commemorationem.
1557 2809 1815 2866 Similiter
1867 2819 1921 2864 et
1970 2809 2215 2875 calicem,

615 2905 892 2967 postquam
924 2900 1172 2964 caenavit,
1201 2901 1388 2957 dicens
1417 2920 1432 2957 :
1466 2902 1565 2959 Hic
1595 2903 1636 2975 1-
1661 2913 1746 2959 est
1784 2907 1922 2960 calix
1965 2906 2084 2960 novi
2117 2907 2220 2962 Te-

616 2991 866 3044 stamenti
938 2992 991 3046 in
1043 3007 1163 3047 meo
1208 2994 1465 3064 sanguine
1532 2995 1620 3064 qui
1670 3011 1768 3066 pro
1815 2997 1970 3051 vobis
2019 3005 2075 3052 et
2121 3012 2216 3065 pro

616 3081 794 3138 multis
837 3084 1144 3142 ell‘undetttr
1186 3086 1239 3140 in
1282 3088 1653 3144 remissionem
1701 3100 2065 3159 peccatorum.
2111 3090 2215 3145 Hic

616 3177 833 3229 elevatur
880 3177 1019 3231 calix
1065 3189 1332 3250 coepertus
1376 3197 1491 3234 cum
1537 3181 1726 3249 ﬁliola.
1777 3181 2214 3252 Quotiescunque

1339 387 1682 446 APPENDIX
1718 388 1811 446 AD
1847 387 2075 445 OPERA
2113 384 2361 446 SANCTI
2400 385 2710 442 CERMANI
2751 387 3195 449 l’AlllSlENSlS.
3844 398 3915 451 lii

2242 500 2298 560 Δ

2971 785 3260 851 Gsrporatlo

2329 1093 2342 1397 1
2537 1313 2669 1365 Mors
2847 1093 2862 1397 Ι
3002 1317 3234 1370 Nativitas
3380 1093 3399 1397 Ι

2965 1850 3282 1903 Circumcisio
3629 1854 3782 1905 Gloria

2986 2383 3236 2444 Apparitio
3585 2390 3795 2453 llo-gnum

3023 2921 3196 2972 Passio

3902 1095 3908 1180 Ι

3002 1317 3234 1370 Nativitas
3381 1317 3395 1371 Ι
3511 1319 3822 1371 Resurrectio

3899 1291 3906 1464 ἱ

3896 1471 3900 1546 ξ

3899 1565 3902 1592 l

3899 1595 3902 1610 l

2965 1850 3282 1903 Circumcisio
3388 1850 3400 1905 I
3629 1854 3782 1905 Gloria

3585 2390 3795 2453 llo-gnum

615 3265 880 3332 biberitis,
913 3269 1013 3325 hoc
1043 3271 1202 3326 tacite
1246 3272 1298 3327 in
1347 3288 1520 3328 meam
1551 3273 1590 3344 1-
1617 3276 2207 3332 commemorationem.
2240 3268 2292 3335 (ἶ
2393 3290 2557 3365 45ο
2583 3289 2841 3346 Dominus
2868 3290 2939 3344 sit
2967 3301 3178 3357 semper
3208 3282 3525 3340 vobiscum.
3586 3277 3622 3344 ἡ
3642 3317 3656 3332 .
3683 3274 3862 3330 Etcum.

617 3356 682 3412 Et
710 3376 826 3414 cum
847 3375 1135 3429 perventum
1168 3365 1325 3433 fuerit
1356 3365 1442 3419 ubi
1465 3365 1589 3420 dicit
1620 3384 1639 3422 :
1680 3367 1736 3422 In
1765 3384 1937 3424 meam
1967 3385 2206 3424 comme-

614 3455 990 3523 morationem,
1036 3454 1188 3512 Dicat
1217 3459 1476 3530 presbyter
1502 3461 1608 3514 alta
1635 3477 1752 3516 voce
1777 3464 2011 3517 omnibus
2036 3464 2209 3518 diebus

613 3559 793 3617 praeter
823 3549 1037 3619 festivis.
1085 3549 1214 3604 Pari
1245 3557 1398 3606 modo
1446 3553 1534 3607 ubi
1577 3554 1700 3607 dicit
1745 3571 1765 3608 :
1805 3553 1860 3609 In
1910 3539 2205 3611 claritatem

613 3641 682 3700 de
701 3643 879 3700 malis.
911 3643 979 3699 Et
1007 3645 1231 3714 qualibet
1269 3647 1379 3700 vice
1407 3648 1716 3716 respondeat
1741 3647 1937 3704 Chorus
1963 3665 1982 3704 :
2011 3654 2203 3706 Amen.

683 3760 1118 3830 Quotiescunque
1157 3761 1610 3818 manducaveritis
1638 3779 1829 3828 panem
1857 3764 1998 3819 hunc
2036 3773 2091 3820 et
2117 3778 2208 3820 ca-

614 3851 769 3907 licem
806 3852 968 3907 istum
999 3852 1262 3921 hiberitis,
1306 3865 1532 3910 mortem
1569 3857 1776 3910 Domini
1823 3856 2208 3911 annuntiabitis

617 3943 784 3999 donec
813 3945 1012 4000 veniet.
1043 3944 1100 4000 In
1130 3946 1429 4002 claritatem
1456 3947 1498 4017 1-
1530 3946 1599 4004 de
1627 3948 1798 4004 callis.
1845 3948 1884 4017 ιῆ
1907 3986 1924 4003 .
1973 3948 2207 4003 Chorus:

617 4039 806 4094 Amen.

685 4127 836 4184 Dicat
864 4129 1124 4202 presbyter
1153 4140 1265 4202 post
1289 4131 1468 4189 Pridie
1497 4150 1512 4188 :

1323 4245 1504 4299 Oratio.

691 4326 913 4384 Domine
931 4327 1058 4384 Jesu
1079 4328 1311 4394 Christe,
1349 4331 1487 4387 hanc
1515 4331 1744 4390 hostiam
1769 4337 1942 4392 vivam
1975 4338 2210 4396 illustra-

618 4423 765 4477 tione
813 4427 1073 4480 adventus
1118 4425 1194 4480 tui
1243 4426 1561 4491 sanctiﬁca;
1617 4439 1677 4483 ut
1723 4445 1787 4485 ex
1842 4445 1904 4485 ea
1957 4432 2208 4500 libantes,

617 4514 938 4572 mundemur
980 4532 1011 4572 a
1049 4517 1293 4585 crimine,
1345 4528 1400 4575 et
1447 4529 1592 4576 tuam
1640 4521 1865 4592 gratiam
1905 4540 2214 4584 mereamur

617 4610 896 4679 percipere
922 4610 1039 4667 sine
1069 4612 1192 4668 line.
1240 4612 1279 4682 ἡ
1300 4652 1314 4666 .
1349 4604 1572 4670 Δηιθηῖ

691 4722 879 4778 Postea
900 4726 1037 4780 dicat
1062 4728 1356 4800 presbyter:

694 4816 850 4891 M9
893 4819 970 4875 Te
1016 4831 1326 4890 praestante,
1357 4813 1553 4879 sancte‘
1572 4823 1820 4892 Domine,
1849 4828 1940 4896 qui
1988 4837 2042 4885 tu
2094 4829 2207 4887 haec

616 4912 797 4965 omnia
841 4912 993 4968 nobis
1034 4914 1266 4984 indignis
1307 4916 1480 4970 servis
1523 4919 1628 4972 tuis
1657 4919 1809 4976 valde
1848 4921 1986 4977 bona
2031 4939 2205 4993 creas,

616 5004 785 5061 sancti
811 5003 851 5076 1-
881 5005 1028 5070 ﬁcas,
1059 5007 1296 5064 viviﬁcas
1325 5010 1386 5080 1-,
1418 5010 1551 5067 bene
1581 5012 1621 5083 1-
1649 5011 1784 5069 dicis
1811 5014 1852 5085 1-
1882 5030 1944 5071 ac
1986 5030 2209 5088 praestas

617 5096 796 5162 nobis,
825 5105 882 5151 ut
910 5097 982 5152 sit
1004 5097 1284 5155 benedicta
1313 5114 1343 5154 a
1375 5110 1425 5157 te
1451 5103 1560 5159 Deo
1588 5113 1773 5160 nostro
1800 5106 1854 5160 in
1881 5110 2077 5165 saecula
2107 5127 2209 5166 sae-

615 5189 881 5245 culorum.
923 5189 961 5246 ti
982 5229 998 5245 .
1029 5188 1224 5246 Charus
1244 5208 1265 5246 :
1286 5194 1479 5250 Amen.

693 5303 763 5360 Et
792 5316 910 5361 tunc
939 5312 1194 5378 presbyter
1222 5310 1442 5377 accipiat
1471 5325 1657 5379 corpus
1678 5310 1886 5367 Domini
1914 5313 1977 5369 de
2000 5323 2207 5385 patena,

618 5406 666 5450 st
695 5405 851 5466 ponat
879 5414 1032 5466 super
1067 5397 1276 5452 calicem
1305 5399 1698 5471 discOOpertum,
1729 5412 1776 5457 et
1801 5405 1941 5458 dicat
1968 5405 2076 5459 alta
2095 5423 2213 5463 voce

619 5488 852 5545 omnibus
881 5493 1077 5560 diebus,
1110 5493 1343 5547 videlicet
1372 5496 1565 5563 festiuis
1603 5505 1652 5550 et
1681 5496 1987 5562 Dominicis,
2031 5510 2214 5567 praeter

616 5575 675 5634 in
702 5581 849 5648 locis,
871 5583 925 5637 in
946 5585 1126 5655 quibus
1154 5587 1246 5642 erit
1274 5587 1556 5655 antiphona
1583 5588 1798 5656 propria
1817 5588 1886 5641 ad
1911 5589 2221 5660 confractio-

618 5687 737 5728 nam
763 5675 912 5745 panis
927 5689 949 5729 :

694 5901 771 5975 la)
790 5901 982 5962 Forma
1005 5905 1103 5963 ista
1127 5907 1546 5966 consecrationis
1573 5907 1809 5999 ponitur,
1834 5919 1902 5963 ne
1923 5903 2218 5977 antiquitas
2254 5901 2555 5976 ignoretur,
2604 5893 2695 5950 sed
2721 5890 2878 5948 hodie
2917 5893 3161 5944 servetur
3183 5880 3432 5940 Ecclesia;
3471 5869 3666 5933 traditio,

2389 3385 2541 3439 Dicat
2571 3384 2832 3456 presbyter
2853 3398 2872 3437 :

2385 3479 2570 3534 Fidem
2604 3494 2764 3547 quam
2806 3475 2967 3532 corde
2995 3474 3266 3530 credimus
3305 3485 3408 3527 ore
3437 3477 3618 3524 autem
3647 3461 3860 3519 dicamus.

2310 3571 2379 3626 Et
2405 3573 2559 3627 elevet
2589 3573 2824 3626 sacerdos
2851 3585 3038 3639 corpus
3064 3567 3255 3622 Christi
3285 3574 3338 3619 ut
3375 3565 3616 3618 videatur
3639 3575 3670 3610 a
3690 3548 3857 3624 popa/0.

2310 3667 2380 3722 Et
2406 3668 2544 3720 dicat
2576 3665 2763 3720 chorus
2788 3663 3093 3731 Symbolum
3120 3661 3224 3714 bini
3253 3675 3313 3712 ac
3341 3657 3478 3720 bini,
3511 3650 3754 3707 videlicet:

2381 3761 2664 3817 Credimus
2713 3761 2766 3814 in
2810 3773 2972 3813 unum
3002 3755 3170 3811 Deum
3201 3753 3422 3807 Patrem
3467 3745 3854 3835 omnipotenlwb

2309 3853 2572 3909 factorem
2603 3852 2721 3907 caeli
2755 3859 2813 3906 et
2842 3859 3032 3914 terrae;
3076 3846 3365 3902 visibilium
3409 3842 3644 3898 omnium
3681 3843 3727 3889 et
3758 3828 3854 3884 intl-

2311 3946 2548 4002 sibilium
2578 3945 2932 4000 conditorem.
2967 3941 3036 3996 Et
3073 3941 3125 3994 in
3153 3954 3312 3996 unum
3344 3937 3632 3992 Dominum
3659 3931 3846 3982 nostra!

2311 4041 2497 4097 Jesum
2524 4038 2801 4095 Christum
2831 4037 3022 4092 Filium
3052 4033 3146 4089 Dei
3177 4031 3536 4102 unigenitum,
3568 4033 3622 4081 et
3643 4035 3701 4077 ex
3726 4016 3843 4070 Patre

2313 4141 2493 4188 natum
2521 4140 2644 4186 ante
2673 4130 2852 4184 omnia
2883 4128 3102 4192 sarcula,
3133 4126 3298 4180 Deum
3331 4140 3398 4180 ex
3431 4124 3573 4187 Deo,
3605 4116 3778 4172 Lumen
3798 4115 3843 4157 εἰ

2313 4223 2557 4288 Lumine,
2592 4222 2758 4277 Deum
2789 4235 2972 4277 verum
3023 4233 3086 4274 ex
3119 4217 3227 4272 Deo
3273 4230 3426 4283 vero,
3460 4222 3636 4268 natum
3665 4217 3751 4260 non
3783 4195 3838 4249 ls-

2313 4325 2482 4381 ctum,
2519 4313 2798 4368 omousion
2837 4308 3002 4376 Patri,
3047 4307 3150 4362 hoc
3189 4315 3274 4361 est
3311 4305 3554 4376 ejusdem
3597 4309 3703 4354 cum
3726 4290 3842 4381 Ριιζο

2315 4375 2662 4471 substantiae;
2715 4419 2812 4474 per
2853 4416 3011 4473 quem
3060 4398 3240 4455 omnia
3293 4375 3433 4454 facta
3479 4402 3630 4455 sunt,
3677 4396 3770 4455 ρυω
3802 4375 3838 4474 i9

2316 4501 2471 4566 caelo,
2501 4510 2557 4554 et
2577 4513 2695 4568 quae
2718 4471 2793 4551 iin
2825 4471 2968 4550 terra
2998 4507 3012 4547 :
3048 4490 3140 4563 qui
3179 4499 3399 4560 propter
3431 4503 3527 4544 nos
3553 4471 3839 4570 homines}!l

2320 4599 2538 4662 propter
2569 4598 2810 4644 nostram
2841 4583 3378 4642 salutem-descendit
3407 4583 3473 4636 de
3501 4575 3671 4635 caelis;
3696 4577 3750 4662 iet
3778 4573 3835 4662 ως

2241 4655 2297 4718 D
2321 4655 2569 4742 carnatus
2607 4690 2690 4736 est
2730 4680 2796 4735 de
2822 4677 3024 4744 Spiritu
3065 4684 3251 4730 sancto
3293 4690 3358 4729 ex
3404 4671 3560 4727 Maria
3589 4661 3777 4732 virgine,
3801 4655 3836 4702 ει

2317 4779 2479 4833 homo
2509 4777 2678 4831 tactus
2706 4782 2806 4828 est.
2841 4771 3035 4826 Passus
3061 4768 3160 4823 sub
3200 4767 3390 4822 Pontio
3424 4763 3603 4828 Pilato,
3630 4746 3830 4833 sepultus,

2661 4864 2986 4928 resurrexit;
3027 4859 3270 4916 ascendit
3318 4858 3385 4913 ad
3431 4854 3602 4916 czelos,
3633 4842 3756 4902 sedet
3787 4828 3831 4885 ad

2316 4963 2590 5019 dexteram
2641 4961 2734 5014 Dei
2781 4957 2954 5012 Patris
2998 4955 3411 5024 omnipotentis;
3471 4946 3588 5004 inde
3629 4935 3827 5024 venturlti

2316 5065 2400 5112 est
2423 5054 2666 5125 judicare
2693 5053 2842 5106 vivos
2889 5059 2942 5105 et
2988 5057 3250 5113 mortuos,
3277 5045 3430 5115 ευὶηε
3474 5037 3607 5108 regni

2323 5118 2464 5215 linis,
2497 5158 2551 5203 et
2593 5151 2645 5202 in
2676 5146 2932 5215 Spiritum
2980 5152 3225 5198 sanctum
3260 5139 3556 5196 Dominum,
3598 5118 3821 5215 virilium"

2322 5207 2463 5309 rem;
2489 5252 2544 5298 et
2571 5258 2635 5297 ex
2666 5207 2823 5295 Patre
2850 5249 2902 5294 et
2925 5238 3060 5293 Filio
3091 5235 3485 5306 procedentem,
3514 5238 3620 5284 cum
3648 5220 3770 5274 Patre
3789 5207 3827 5309 εξ

2323 5305 2460 5390 Filio
2508 5333 2837 5388 adorandum
2881 5340 2936 5386 et
2971 5305 3509 5399 conglorilicandum;
3557 5313 3633 5384 qui
3669 5305 3819 5399 locauit

2321 5440 2405 5487 εει
2445 5445 2539 5499 ρετ
2581 5427 2889 5498 prophetas.
2923 5425 2988 5478 Et
3024 5437 3182 5477 unam
3221 5430 3458 5476 sanctam
3496 5392 3821 5534 calthiil'i‘czam:

2327 5493 3021 5593 apiistolic—amvEcclirsiam.
3055 5514 3322 5570 Conﬁteor
3361 5523 3514 5567 unum
3539 5493 3815 5593 hami-(“"31"

2328 5587 2704 5671 retnissionem
2750 5619 3109 5680 peccatorum.
3143 5607 3518 5673 Exspectamus
3551 5587 3819 5652 resurreclw'

2328 5724 2449 5764 nem
2479 5717 2835 5770 mortuorum,
2865 5709 2918 5756 et
2943 5700 3104 5754 vitam
3137 5697 3346 5755 venturi
3376 5690 3559 5752 saeculi.
3589 5686 3738 5739 Ameﬂo

3687 5861 3762 5910 etc.
