4060 6346
187 315 299 373 £95

760 311 852 371 AD
884 309 1395 371 PRIECEDENTIA
1429 306 1781 367 LITUBGLE
1819 306 2245 367 NONUMENTA
2284 305 2630 365 APPENDIX
2668 306 2905 365 PRIMA.

3365 308 3472 365 £26

267 432 333 488 Et
352 430 538 488 deinde
559 431 713 503 faciat
740 432 998 503 presbyter
1017 431 1089 485 sic
1112 445 1132 485 :
1151 428 1381 500 Frangat
1399 427 1784 483 Eucharistiam
1811 426 1859 484 A
1888 426 2068 482 suavis
2097 438 2181 483 est
2223 424 2500 481 Dominus.
2532 426 2756 481 Alleluia
2774 466 2789 491 ,
2819 422 3031 479 alleluia
3051 464 3068 491 ,
3109 420 3345 479 alleluia.
3390 424 3425 493 ᾗ
3454 464 3470 479 .

184 543 283 598 per
311 525 553 593 medium,
584 533 632 579 et
660 532 819 595 ponat
847 523 1064 577 mediam
1096 530 1291 591 partem
1321 522 1374 575 in
1400 529 1611 591 patena,
1643 528 1691 573 et
1717 520 1783 574 de

181 619 296 674 alia
322 626 465 688 parte
486 616 645 687 faciat
666 615 886 685 quinque
908 612 1211 686 particulas,
1239 621 1286 667 et
1308 621 1463 681 ponat
1489 612 1543 664 in
1566 619 1783 679 patena;

184 721 237 767 et
265 711 485 779 accipiat
509 709 668 764 aliam
697 718 921 771 partem,
952 716 1002 761 et
1030 710 1188 776 faciat
1211 714 1431 777 quatuor
1480 704 1781 775 particulas,

182 814 234 860 et
263 812 420 875 ponat
455 804 508 856 in
542 812 731 873 patenu
765 801 1005 854 similiter
1024 815 1115 871 per
1142 797 1374 853 ordinem
1406 798 1568 868 factas
1590 812 1679 866 per
1708 796 1784 851 lo-

185 898 337 952 culos
368 897 491 951 istos
520 895 609 964 qui
642 910 800 965 supra
824 902 962 949 sunt.
998 890 1068 946 Et
1098 893 1271 947 statim
1298 900 1480 963 purget
1503 892 1624 946 bene
1642 890 1785 963 'digi-

185 996 304 1053 tos;
339 996 387 1042 et
414 995 653 1055 cooperto
681 987 839 1040 calice
856 984 1029 1053 faciat
1048 983 1318 1039 Memento
1344 999 1439 1053 pro
1466 983 1609 1037 vivis.

287 1078 475 1135 Postea
518 1080 658 1133 dicat
704 1079 967 1150 presbyter
1013 1077 1081 1132 ad
1134 1078 1420 1133 orationem
1465 1076 1787 1133 Dominicam

186 1170 462 1244 aequaliler
494 1172 647 1227 istam
674 1171 973 1226 orationem.

876 1262 1124 1319 Oremus.

268 1358 503 1415 Verbum
515 1358 685 1413 Patris
704 1355 847 1428 quod
864 1356 1026 1411 curn"
1043 1354 1243 1410 factum
1258 1366 1341 1421 es,
1365 1361 1425 1410 ut
1447 1351 1711 1407 habitares
1732 1351 1788 1407 in

192 1450 385 1516 nobis;
412 1457 606 1520 praesta
633 1447 810 1516 nobis,
835 1458 889 1503 ut
917 1446 1010 1518 qui
1039 1456 1093 1502 te
1118 1445 1330 1503 venisse
1354 1445 1464 1515 jam
1495 1444 1786 1517 credimus,

191 1541 269 1598 ab
298 1542 444 1597 omni
471 1549 812 1612 peccatorum
841 1552 1095 1595 eruamur
1120 1537 1460 1607 contagione,
1500 1552 1622 1592 cum
1653 1551 1791 1606 pra:-

186 1634 457 1706 ceptionis
506 1643 615 1690 tuae
662 1633 896 1689 oraculis
962 1631 1473 1703 proclamaverimus
1525 1646 1557 1686 e
1607 1630 1784 1686 terris.

189 1725 361 1786 Pater
386 1736 590 1796 noster,
614 1725 703 1797 qui
733 1740 795 1782 es
823 1727 879 1782 in
907 1726 1073 1781 ctelis.
1121 1726 1161 1795 ri
1183 1764 1198 1780 .
1227 1726 1417 1781 Amen.
1472 1725 1787 1781 Sanctiﬁce-

1890 519 2204 575 Benedicam
2234 520 2515 575 Dominum
2544 520 2598 574 in
2628 519 2774 574 omni
2796 526 3043 587 tempore
3072 534 3084 570 :
3118 532 3331 587 semper
3353 516 3471 573 laus

1886 612 2003 683 ejus
2049 615 2099 666 in
2148 628 2240 668 ore
2272 628 2412 667 meo.
2442 611 2511 667 P.
2543 611 2763 668 Alleluia
2785 652 2799 677 ,
2834 609 3045 665 alleluia
3067 648 3083 675 ,
3116 608 3352 664 alleluia.
3396 610 3433 677 ᾖ
3458 648 3474 666 .

1886 705 2134 762 Redimet
2166 707 2421 762 Dominus
2450 706 2655 761 animas
2682 720 2961 761 servorum
2996 719 3251 765 suorum.
3284 716 3336 760 et
3367 720 3472 761 non

1886 796 2223 867 derelinquet
2248 812 2437 853 omnes
2466 797 2557 867 qui
2587 806 2804 866 sperant
2839 796 2891 850 in
2924 810 3067 850 eum.
3102 793 3171 849 P.
3208 796 3467 861 Alleluia,

1886 886 2097 942 alleluia
2117 928 2133 953 ,
2164 888 2399 946 alleluia.
2442 890 2512 957 ᾗ.
2545 887 2726 944 Gloria
2754 897 2808 943 et
2845 888 3015 942 honor
3048 887 3227 955 Patri,
3255 895 3311 944 et
3339 887 3474 943 Filio

1887 991 1939 1037 et
1963 981 2182 1051 Spiritui
2211 983 2373 1055 452
2402 993 2610 1049 sancto,
2631 984 2683 1038 in
2701 983 2895 1039 saecula
2913 984 3258 1039 saeculorum.
3278 986 3477 1040 Amen.

1886 1073 1956 1129 P.
1979 1074 2205 1130 Alleluia
2225 1116 2240 1141 ,
2271 1077 2513 1141 alleluia,
2565 1076 2800 1132 alleluia.
2833 1074 2900 1131 In
2929 1077 3150 1132 dicendo
3172 1076 3395 1133 Gustate
3422 1085 3478 1133 et

1885 1164 2087 1235 videte,
2118 1166 2345 1236 accipiat
2374 1166 2633 1237 presbyter
2661 1168 2820 1221 aliam
2852 1167 3164 1236 particulam
3188 1174 3479 1235 sequentem

1887 1275 2001 1330 qua:
2039 1260 2227 1314 dicitur
2257 1260 2435 1316 Gloria
2457 1306 2472 1329 ,
2518 1270 2567 1315 et
2605 1272 2763 1333 ponat
2810 1278 2963 1334 super
3001 1263 3243 1317 calicem.
3270 1270 3321 1317 et
3342 1262 3484 1319 dicat

1886 1368 2005 1406 cum
2050 1351 2254 1408 silentio
2296 1354 2447 1407 istam
2497 1356 2776 1409 orationem
2806 1371 2826 1409 :
2855 1355 3055 1412 Panem
3104 1338 3373 1413 caalestém
3406 1357 3477 1413 de

1890 1460 2073 1502 mensa
2109 1446 2318 1501 Domini
2350 1446 2636 1517 accipiam,
2656 1456 2711 1503 et
2733 1462 2929 1504 nomen
2958 1449 3173 1504 Domini
3195 1449 3478 1505 invocabo.

1891 1538 1961 1592 Et
1982 1538 2117 1592 dicat
2137 1538 2393 1603 sacerdos,
2414 1538 2678 1594 Memento
2700 1555 2795 1609 pro
2820 1540 3062 1607 mortuis,
3084 1542 3299 1597 tenendo
3322 1540 3473 1595 illam

1891 1634 2197 1702 particulam
2222 1652 2376 1707 super
2397 1636 2628 1702 calicem,
2655 1644 2704 1690 et
2725 1637 2863 1692 dicto
2884 1636 3175 1703 Memento,
3192 1638 3330 1693 dicat
3348 1638 3479 1693 istas

1893 1730 2148 1783 orationes
2178 1745 2292 1800 qua:
2324 1740 2624 1799 sequuntur.

188 1829 291 1878 tur
315 1834 508 1877 nomen
539 1828 712 1875 tuum.
732 1820 771 1889 ri)
794 1858 807 1873 .
840 1820 1035 1875 Amen.
1067 1819 1328 1875 Adveniat
1356 1834 1580 1890 regnum
1609 1830 1781 1875 tuum.
1813 1806 1862 1865 Β
1964 1821 2187 1876 Domine
2223 1822 2361 1877 Deus
2391 1839 2572 1891 meus,
2600 1827 2663 1877 da
2692 1824 2825 1879 mihi
2851 1838 3049 1894 corpus
3077 1834 3133 1881 et
3164 1824 3479 1895 sanguinem

206 1911 254 1980 ἡ
274 1950 290 1967 .
314 1914 508 1967 Amen.
531 1910 651 1966 Fiat
674 1910 921 1967 voluntas
947 1920 1037 1965 tua
1062 1910 1203 1967 sicut
1223 1911 1276 1965 in
1300 1911 1435 1967 calo
1462 1921 1517 1968 et
1545 1912 1597 1967 in
1620 1921 1786 1969 terra.

207 2003 255 2073 ἡ
277 2040 294 2058 .
311 2003 502 2059 Amen.
536 2003 734 2059 Panem
758 2012 1003 2058 nostrum
1030 2003 1399 2073 quotidianum
1427 2003 1495 2059 da
1516 2003 1669 2060 nobis
1694 2005 1791 2060 ho-

190 2094 308 2152 die.
346 2095 385 2165 ἡ
406 2133 422 2149 .
459 2094 593 2164 Quia
624 2094 766 2151 Deus
793 2108 873 2150 es.
904 2093 1065 2166 451
1096 2093 1163 2149 Ει
1190 2094 1399 2149 dimitte
1429 2096 1584 2150 nobis
1613 2095 1792 2151 debita

191 2195 403 2254 nostra,
434 2187 575 2243 sicut
612 2196 667 2243 et
702 2202 801 2243 nos
839 2187 1159 2243 dimittimus
1200 2187 1532 2243 debitoribus
1571 2189 1788 2244 nostris.

209 2280 258 2348 ἢ
278 2320 293 2335 .
315 2279 507 2336 Amen.
540 2279 608 2334 Et
638 2294 705 2336 ne
731 2294 831 2336 nos
858 2278 1079 2334 inducas
1109 2280 1163 2335 in
1188 2280 1556 2336 tentationem.
1578 2282 1617 2350 ἡ
1640 2321 1655 2336 .
1687 2281 1794 2337 Sed

191 2370 369 2427 libera
398 2386 497 2427 nos
529 2386 558 2425 a
589 2371 751 2425 malo.
789 2370 946 2425 Dicat
968 2372 1229 2442 presbyter
1258 2388 1277 2427 :
1303 2372 1541 2427 Liberati
1571 2389 1599 2427 a
1631 2373 1793 2439 malo,

164 2464 500 2522 conﬁrmati
539 2478 752 2534 semper
798 2464 853 2519 in
897 2463 1063 2529 bono,
1109 2464 1207 2518 tibi
1247 2464 1453 2520 servire
1493 2450 1797 2520 mereamur

192 2554 316 2611 Deo
357 2570 420 2610 ac
445 2555 670 2611 Domino
719 2563 925 2611 nostro.
976 2555 1146 2622 Pone,
1183 2557 1429 2623 Domine,
1460 2557 1645 2616 ﬁnem.
1697 2556 1800 2612 Hic

192 2647 453 2719 percutiat
498 2656 697 2716 pectus,
732 2646 965 2715 peccatis
1014 2648 1261 2703 nostris:
1306 2649 1372 2702 da
1402 2650 1656 2719 gaudium
1706 2650 1802 2703 tri-

192 2740 436 2809 bulatis,
486 2742 669 2812 praebe
712 2741 1137 2813 redemptionem
1187 2742 1458 2812 captivis,
1511 2744 1797 2799 sanitatem

192 2831 723 2905 inﬁrmisyrequiem
754 2833 1021 2890 defunctis
1052 2850 1067 2888 :
1100 2834 1335 2889 concede
1371 2848 1558 2903 pacem
1606 2845 1659 2890 et
1706 2849 1797 2889 se-

200 2925 495 2981 curitatem
539 2924 595 2979 in
625 2924 875 2979 omnibus
901 2922 1090 2979 diebus
1132 2926 1351 2981 nostris.
1402 2925 1613 2996 Frange
1640 2926 1805 2983 auda-

196 3015 346 3075 ciam
386 3015 725 3071 inimicorum
754 3024 1096 3081 nostrorum,
1128 3024 1185 3071 et
1210 3016 1405 3071 exaudi
1435 3018 1574 3074 Deus
1601 3021 1805 3075 oratio-

198 3124 304 3166 nes
346 3124 627 3166 servorum
674 3116 887 3165 tuorum
935 3110 1172 3165 omnium
1204 3110 1439 3166 ﬁdelium
1471 3110 1807 3169 Christiano-

197 3218 339 3269 rum,
391 3203 446 3259 in
491 3204 593 3259 hac
635 3202 743 3270 die,
770 3213 827 3259 et
853 3204 908 3259 in
931 3205 1077 3260 omni
1104 3214 1366 3275 tempore.
1393 3204 1498 3260 Per
1522 3206 1807 3261 Dominum
1833 3202 1881 3266 C

198 3303 447 3350 nostrum
489 3295 674 3351 Jesum
719 3294 993 3352 Christum
1038 3296 1233 3351 Filium
1283 3304 1433 3351 tuum
1474 3295 1565 3363 qui
1629 3306 1805 3353 tecum

198 3371 335 3442 vivit
372 3393 428 3440 et
454 3394 659 3457 regnat,
695 3386 749 3442 in
781 3386 987 3444 unitate
1014 3387 1244 3456 Spiritus
1281 3389 1471 3453 sancti,
1506 3388 1669 3457 Deus,
1708 3404 1806 3459 per

199 3476 387 3534 omnia
419 3477 615 3532 saecula
646 3480 991 3537 saeculorum.
1037 3480 1074 3548 ἡ
1096 3520 1111 3534 .
1139 3480 1329 3536 Amen.

279 3570 372 3627 Sic
393 3571 550 3642 faciat
572 3572 830 3643 presbyter
853 3588 873 3627 :
898 3573 1132 3641 Accipiat
1161 3575 1314 3627 modo
1343 3576 1651 3645 particulam
1677 3591 1795 3646 qua:

202 3663 400 3718 dicitur
455 3662 697 3733 Regnum
721 3706 737 3731 ,
768 3665 833 3718 de
880 3674 1093 3733 patena,
1124 3676 1170 3719 et
1200 3674 1353 3735 ponat
1393 3683 1543 3735 super
1572 3669 1803 3723 calicem.

206 3754 276 3814 In
299 3767 521 3829 tempore
548 3757 933 3811 resurrectionis
957 3755 1214 3823 uidelicet,
1244 3759 1382 3811 dicat
1405 3759 1569 3813 tribus
1590 3760 1803 3826 vicibus,

207 3851 352 3907 Vicit
379 3852 488 3908 Leo
507 3852 576 3907 de
598 3853 740 3907 tribu
760 3851 893 3908 Juda
918 3851 1067 3907 radix
1093 3850 1264 3907 David
1280 3892 1297 3917 ,
1318 3850 1551 3906 alleluia.
1574 3851 1808 3921 Respon-

210 3945 331 4001 deat
351 3946 536 4001 cborus
563 3946 787 4015 qualibet
813 3946 918 4001 uice
939 3961 961 4000 :
984 3944 1086 4012 Qui
1117 3944 1272 4000 sedes
1313 3958 1475 4014 super
1512 3943 1804 4011 cherubin,

212 4038 387 4096 Ba‘dix
420 4038 605 4109 David,
636 4038 873 4095 alleluia.
892 4037 963 4093 Et
982 4047 1159 4110 postea
1184 4037 1322 4092 dicat
1342 4036 1497 4092 istam
1518 4037 1808 4093 orationem

212 4127 349 4185 inter
375 4145 429 4183 se
458 4129 708 4182 submissa
734 4144 855 4183 uoce
878 4146 897 4183 :

292 4221 489 4277 Sancta
517 4220 719 4277 sanctis
738 4264 753 4290 ,
788 4231 843 4277 et
869 4222 1181 4291 coniunctio
1203 4223 1449 4295 corporis
1472 4222 1684 4279 Domini
1712 4235 1809 4278 no-

215 4312 319 4371 stri
343 4312 469 4368 Jesu
499 4311 729 4377 Christi;
770 4313 843 4366 sit
867 4314 1202 4370 sumentibus
1226 4324 1284 4371 et
1307 4315 1616 4385 potantibus
1651 4316 1810 4371 nobis

218 4405 285 4461 ad
314 4404 555 4469 veniam,
586 4414 641 4458 et
682 4403 950 4459 defunctis
988 4404 1235 4461 ﬁdelibus
1284 4416 1570 4475 praestetur
1612 4406 1679 4462 ad
1720 4422 1811 4463 re-

220 4499 420 4568 quiem.
449 4494 519 4551 Et
546 4498 716 4550 mittat
761 4496 1069 4564 particulam
1109 4498 1165 4553 in
1200 4498 1412 4553 calicem
1430 4540 1447 4567 ,
1477 4507 1525 4553 et
1553 4500 1813 4570 cooperiat

1894 1911 2012 1968 Filii
2041 1914 2113 1967 tui
2140 1911 2353 1967 Domini
2392 1914 2563 1969 nostri
2587 1914 2714 1969 Jesu
2740 1911 2938 1969 Christi
2959 1913 3031 1968 ita
3049 1927 3283 1979 sumere,
3310 1923 3369 1968 ut
3388 1927 3487 1983 per

1894 2003 2025 2058 illud
2054 2005 2428 2060 remissionem
2455 2005 2697 2061 omnium
2726 2014 3071 2076 peccatorum
3100 2019 3315 2061 merear
3342 2004 3483 2061 acci-

1896 2110 2044 2164 pere,
2078 2105 2131 2151 et
2156 2104 2247 2151 tuo
2275 2108 2460 2152 sancto
2487 2096 2691 2166 Spiritu
2722 2090 2939 2165 repleri,
2976 2096 3119 2153 Deus
3150 2104 3356 2165 noster,
3387 2096 3479 2167 qui

1896 2185 2030 2242 vivis
2057 2196 2111 2242 et
2134 2202 2328 2259 regnas
2359 2189 2411 2243 in
2443 2189 2639 2244 saecula
2670 2188 3012 2254 saeculorum,
3054 2202 3228 2244 amen.

2602 2302 2790 2355 Oratio.

1971 2405 2087 2459 Ave
2109 2403 2163 2459 in
2188 2418 2383 2471 aevum,
2415 2405 2748 2461 sanctissima
2781 2420 2907 2461 caro
2928 2405 3159 2473 Christi,
3198 2405 3254 2460 in
3293 2420 3487 2477 perpe-

1903 2503 2053 2551 tuum
2083 2510 2292 2552 summa
2316 2497 2544 2552 dulcedo
2572 2516 2583 2552 :
2610 2512 2800 2566 panem
2830 2498 3100 2553 caelestem
3130 2496 3409 2567 accipiam,
3436 2507 3493 2554 et

1900 2602 2095 2643 nomen
2128 2589 2336 2642 Domini
2368 2588 2651 2644 invocabo.
2677 2587 2781 2642 Hic
2805 2590 2967 2659 faciat
3001 2589 3205 2660 signum
3233 2605 3351 2643 cum
3381 2588 3493 2643 Ho-

1803 2722 1809 2729 .
1901 2680 2020 2743 stia,
2052 2688 2098 2733 et
2124 2689 2294 2733 sumat
2324 2679 2635 2749 particulam
2662 2696 2814 2750 quam
2843 2681 2896 2733 in
2926 2695 3083 2734 manu
3103 2680 3275 2744 habet,
3298 2687 3348 2733 et
3375 2695 3490 2735 coo-

1904 2772 2069 2840 periat
2116 2771 2371 2836 calicem,
2422 2779 2469 2824 et
2513 2772 2681 2825 veniat
2729 2770 2798 2824 ad
2844 2779 3112 2841 patenum,
3154 2779 3201 2825 et
3230 2778 3494 2826 consumat

1906 2877 2079 2916 omnes
2102 2862 2384 2930 particulas
2412 2877 2502 2929 per
2528 2862 2780 2915 ordinem.
2816 2861 2883 2914 Et
2904 2862 3091 2915 deinde
3114 2862 3334 2931 accipiat
3356 2872 3492 2932 pate-

1907 2972 2045 3020 nam,
2068 2965 2115 3008 et
2136 2963 2290 3023 ponat
2319 2971 2470 3024 super
2496 2955 2739 3020 calicem,
2765 2964 2811 3009 et
2833 2962 3017 3027 purget
3040 2954 3164 3009 bene
3186 2969 3301 3008 cum
3328 2954 3491 3024 digito

1910 3049 2144 3119 pollicem
2172 3058 2217 3102 et
2248 3049 2383 3102 dicat
2414 3054 2548 3101 hanc
2569 3049 2852 3102 orationem
2876 3062 2895 3101 :

1982 3140 2099 3196 Ave
2120 3141 2173 3196 in
2195 3156 2389 3205 aavum,
2415 3141 2646 3196 caelestis
2678 3148 2833 3211 potus
2852 3180 2867 3208 ,
2897 3140 2987 3211 qui
3013 3139 3142 3195 mihi
3164 3148 3289 3195 ante
3311 3139 3491 3195 omnia

1913 3245 1968 3293 et
1995 3252 2155 3307 supra
2185 3235 2365 3291 omnia
2395 3235 2565 3291 dulcis
2592 3251 2670 3292 es.

2552 3349 2661 3400 Alia
2683 3352 2856 3401 oratio.

1980 3450 2188 3522 Corpus
2210 3461 2264 3507 et
2289 3448 2505 3521 sanguis
2535 3450 2747 3506 Domini
2792 3450 2961 3504 nostri
2987 3449 3114 3504 Jesu
3160 3448 3360 3503 Christi
3402 3464 3498 3504 cu-

1910 3544 2105 3601 stodiat
2135 3560 2329 3615 corpus
2358 3554 2414 3600 et
2443 3544 2675 3598 animam
2711 3557 2883 3597 meam
2918 3543 2973 3596 in
3006 3540 3170 3596 vitam
3204 3552 3496 3607 aeternam,

1910 3653 2088 3695 amen.
2119 3639 2220 3693 Hic
2249 3639 2469 3704 accipiat
2493 3640 2825 3707 sanguinem;
2856 3646 2902 3691 et
2928 3637 3051 3689 dum
3084 3634 3323 3688 sacerdos
3353 3650 3497 3687 sum-

1910 3734 2032 3785 serit
2059 3735 2378 3802 sanguinem,
2405 3733 2540 3785 dicat
2563 3730 2851 3783 immediate
2879 3728 3012 3781 hanc
3032 3726 3314 3781 orationem
3337 3742 3356 3779 :

1985 3823 2211 3878 Domine
2258 3823 2401 3877 Deus
2450 3836 2635 3886 meus,
2683 3820 2841 3876 Pater
2880 3827 2936 3875 et
2983 3816 3150 3872 Filius
3182 3826 3235 3872 et
3273 3816 3505 3885 Spiritus

1914 3925 2134 3973 sanctus
2158 3959 2175 3984 ,
2203 3917 2283 3971 fac
2306 3930 2391 3971 me
2422 3927 2474 3971 te
2500 3930 2714 3984 semper
2742 3926 2985 3982 quaerere
3014 3920 3069 3967 et
3094 3910 3353 3981 diligere,
3387 3920 3442 3966 et
3471 3925 3504 3966 a

1911 4016 1967 4064 te
2013 4023 2108 4078 per
2151 4007 2290 4061 hanc
2334 4014 2576 4060 sanctam
2633 4002 3065 4058 communionem
3124 4018 3284 4071 quam
3333 4001 3504 4056 sumsi

1912 4114 2205 4169 numquam
2234 4098 2511 4167 recedere,
2540 4097 2662 4168 quia
2690 4105 2743 4151 tu
2768 4111 2827 4152 es
2842 4097 3003 4164 Deus,
3029 4105 3082 4152 et
3104 4105 3299 4167 praeter
3326 4105 3378 4151 te
3399 4111 3507 4151 non

1914 4200 1999 4249 est
2025 4192 2163 4247 alius
2187 4192 2238 4245 in
2260 4192 2455 4247 saecula
2486 4191 2829 4256 saeculorum,
2862 4205 3040 4245 amen.

1984 4282 2162 4339 Cantet
2188 4285 2375 4338 chorus
2410 4284 2817 4340 communionem
2841 4299 2861 4336 :
2886 4282 3095 4338 Refecti
3133 4282 3333 4338 Christi
3381 4295 3502 4338 cor-

1916 4392 2048 4449 pore
2093 4386 2149 4432 et
2176 4378 2468 4448 sanguine,
2518 4385 2573 4432 te
2611 4376 2922 4441 laudamus,
2958 4376 3213 4441 Domine,
3259 4376 3508 4443 alleluia,

1917 4469 2157 4536 alleluia,
2184 4468 2425 4524 alleluia.

219 4588 452 4656 calicem,
471 4593 519 4643 et
541 4588 679 4642 dicat
699 4588 806 4641 alta
823 4603 941 4642 voce
959 4589 1055 4656 sic,
1076 4590 1121 4644 si
1150 4606 1250 4645 non
1271 4591 1423 4661 fuerit
1444 4591 1512 4645 ibi
1535 4568 1804 4646 diaconus;

1984 4572 2093 4627 'Eat
2107 4577 2345 4626 sacerdos
2359 4574 2428 4623 ad
2445 4586 2605 4626 cornu
2620 4574 2798 4624 altaris
2809 4610 2821 4632 ,
2834 4578 2881 4623 et
2895 4570 3033 4643 dicat
3049 4568 3178 4620 hanc
3196 4576 3478 4621 orationem
3492 4582 3513 4621 :

294 4681 583 4737 Humiliate
615 4694 712 4736 vos
750 4680 1132 4736 benedictioni.
1184 4681 1442 4737 Dominus
1487 4684 1555 4737 sit
1602 4698 1812 4752 semper

223 4773 521 4831 vobiscum.
562 4772 599 4841 Ii)
623 4814 637 4828 .
668 4772 879 4827 Etcum
902 4772 1112 4841 spiritu.
1132 4771 1452 4828 Benedictio.
1470 4774 1703 4829 lllustret
1720 4789 1817 4831 vos

226 4865 529 4938 unigenitus
551 4864 715 4921 Filius
741 4864 834 4921 Dei
862 4865 1067 4922 lumine
1087 4865 1348 4922 adventus
1370 4867 1476 4932 sui,
1499 4867 1587 4937 qui
1610 4881 1705 4921 vos
1733 4882 1819 4922 re-

225 4962 435 5018 dimere
468 4948 574 5016 non
598 4959 922 5031 dedignatus
953 4968 1039 5015 est
1083 4960 1254 5030 pretio
1281 4961 1555 5031 sanguinis
1600 4960 1819 5031 proprii.

241 5054 284 5123 si
304 5093 319 5108 .
344 5055 536 5109 Amen.
560 5052 817 5123 Aecingat
835 5064 933 5106 vos
956 5050 1243 5107 virtutibus
1264 5052 1431 5121 pacis,
1461 5059 1515 5105 et
1541 5050 1678 5105 ditet
1706 5065 1822 5105 mu-

228 5146 449 5203 neribus
492 5146 749 5215 copiosis.
814 5146 889 5215 ἡ.
948 5144 1143 5201 Amen.
1195 5145 1483 5216 Ipsumque
1536 5145 1821 5201 Dominum

228 5255 445 5309 semper
469 5241 710 5296 habeatis
737 5246 1121 5309 protectorem,
1152 5251 1311 5307 quem
1346 5239 1687 5305 omnipotens
1724 5237 1825 5291 Pa-

230 5343 318 5392 ter
334 5335 611 5389 suscitavit
626 5334 694 5390 de
716 5334 857 5388 tribu
875 5331 1011 5387 Juda
1034 5330 1314 5386 victorem.
1358 5332 1394 5398 ιῆ
1421 5371 1435 5385 .
1456 5334 1645 5386 Amen.
1672 5330 1825 5386 Dicat

232 5427 496 5498 presbyter
517 5442 538 5481 :
568 5425 673 5483 Per
699 5424 1125 5482 misericordiam
1166 5424 1334 5493 ipsius
1364 5424 1459 5480 Dei
1490 5425 1662 5479 nostri
1688 5466 1701 5488 ,
1731 5423 1821 5493 qui

234 5527 320 5577 est
344 5518 684 5586 benedictus,
712 5527 768 5573 et.
794 5518 943 5585 vivit,
972 5528 1029 5573 et
1053 5517 1230 5573 omnia
1259 5516 1395 5585 regit
1418 5518 1469 5570 iu
1498 5516 1695 5570 saecula
1725 5530 1827 5571 sa:-

234 5611 499 5668 culorum.
540 5610 583 5675 ιὶ
604 5650 619 5665 .
654 5612 846 5667 Amen.
871 5610 1128 5665 Dominus
1169 5608 1242 5663 sit
1268 5621 1491 5676 semper
1522 5607 1822 5663 vobiscum.

250 5703 296 5775 ἢ
313 5743 328 5759 .
353 5704 419 5760 Ει
446 5718 591 5759 cum.
629 5703 781 5758 Dicat
802 5702 989 5757 chorus
1007 5700 1267 5759 :Gustate
1288 5708 1345 5756 et
1374 5700 1548 5757 videte
1573 5703 1825 5772 quoniam

1996 4664 2204 4721 Delecti
2223 4663 2423 4718 Christi
2450 4677 2678 4732 corpore
2702 4670 2755 4715 et
2777 4660 3035 4729 sanguine
3058 4658 3364 4726 pariterque
3389 4674 3515 4711 san-

1926 4756 2167 4821 ctiﬁcati,
2196 4756 2307 4810 Deo
2334 4754 2478 4809 Patri
2510 4750 2863 4821 omnipotenti
2886 4749 3086 4818 gratias
3107 4747 3425 4814 referamus,
3459 4758 3519 4804 ut

1928 4862 2028 4903 nos
2055 4847 2300 4904 eamdem
2328 4842 2781 4900 resurrectionem
2812 4850 2866 4897 et
2893 4841 3369 4895 sanctiﬁcationem
3410 4840 3515 4895 ha-

1930 4939 2120 4995 bentes
2142 4939 2251 5005 hic,
2277 4946 2332 4992 et
2361 4937 2417 4991 in
2446 4934 2627 4989 futuro
2656 4932 2856 4987 saeculo
2886 4931 3108 5000 gloriam
3133 4932 3516 5003 percipiamus.

1946 5032 1986 5099 ἡ
2007 5071 2019 5083 .
2056 5032 2246 5087 Amen.
2272 5028 2423 5083 Dicat
2452 5026 2747 5097 presbyter:
2772 5024 2874 5081 Per
2895 5024 3319 5081 misericordiam
3348 5037 3517 5091 tuam,

1928 5124 2071 5180 Deus
2104 5132 2306 5189 noster,
2331 5120 2423 5190 qui
2462 5134 2522 5175 es
2566 5118 2882 5174 benedictus
2906 5160 2920 5185 ,
2953 5125 3009 5173 et
3038 5117 3204 5181 vivis,
3253 5124 3309 5171 et
3338 5117 3521 5173 omnia

1900 5215 2070 5286 ‘regis
2100 5214 2154 5269 in
2180 5213 2373 5269 saecula
2417 5211 2760 5267 saeculorum.
2806 5208 2845 5277 ἡ
2866 5247 2880 5262 .
2915 5208 3108 5263 Amen.
3141 5209 3404 5262 Dominus
3446 5210 3521 5263 sit

1929 5323 2142 5378 semper
2154 5306 2449 5363 vobiscum.
2465 5304 2626 5377 453
2644 5307 2682 5374 ἡ
2705 5343 2719 5357 .
2740 5304 2965 5359 Etcum.
2982 5300 3132 5356 Dicat
3154 5301 3416 5371 presbyter
3438 5300 3519 5355 vel

1929 5405 2183 5458 diaconus
2206 5418 2225 5456 :
2250 5402 2525 5457 Solemnia
2549 5401 2813 5470 completa
2845 5404 2969 5453 sunt
2992 5396 3043 5449 in
3068 5395 3287 5451 nomine
3307 5395 3521 5451 Domini

1933 5497 2102 5552 nostri
2146 5494 2277 5550 Jesu
2313 5492 2541 5557 Christi;
2589 5500 2772 5546 votum
2827 5497 3068 5543 nostrum
3117 5488 3188 5541 sit
3236 5497 3520 5557 acceptum

1932 5608 2053 5647 cum
2086 5605 2234 5661 pace.
2282 5590 2321 5659 ἢ
2342 5628 2357 5645 .
2393 5590 2504 5645 Deo
2527 5586 2749 5658 gratias.
2776 5583 2889 5637 Ista
2908 5582 3077 5636 oratio
3103 5598 3263 5652 supra
3300 5581 3437 5635 dicta
3464 5581 3519 5650 ﬁt

1930 5684 1986 5738 in
2016 5683 2241 5737 medium
2270 5680 2474 5735 altaris.

311 5818 329 5839 ‘
362 5814 459 5871 Hic
494 5814 742 5870 mendum
782 5814 1223 5887 typographicum
1250 5820 1435 5885 patet:
1468 5812 1746 5870 evidenter
1770 5816 2053 5889 legendum
2081 5832 2217 5873 cano
2240 5818 2437 5886 factum
2470 5830 2543 5869 cs.
2571 5814 2727 5869 EBlT.

484 5912 758 5973 ΡΑτιιοι.
804 5910 1064 5973 LXXII.
