4060 6346
600 346 701 422 es

1313 340 1653 420 APPENDIX
1695 360 1783 417 AD
1812 358 2044 419 OPEBA
2084 357 2330 417 SANCTI
2373 357 2683 417 aenum
2721 334 3159 417 mutaremus.
3792 355 3866 411 ns

675 475 744 533 In
770 484 870 533 tua
894 456 1053 532 missa
1089 485 1140 531 et
1183 477 1239 531 in
1280 477 1398 532 aliis
1448 494 1549 531 non
1580 479 1793 531 vertitur
1839 478 2083 531 sacerdos
2120 474 2189 529 ad
2216 474 2270 536 Α
2299 472 2652 543 Sacriﬁcium.
2678 475 2945 531 Parvulus
2975 486 3133 531 natus
3161 482 3246 532 est
3278 464 3479 537 nobis,
3517 477 3577 528 et
3602 444 3734 527 ﬁlius
3752 471 3867 533 datm

601 572 870 641 populum,
901 570 1000 624 nisi
1026 570 1234 640 quando
1259 569 1484 625 dixerit:
1508 568 1771 639 Adjuvate
1812 582 1923 637 me,
1964 568 2181 639 fratres,

602 664 657 723 in
683 664 1017 721 orationibus
1043 665 1260 720 vestris.

704 776 771 834 ll.
811 792 866 834 ut
900 790 1226 833 mum-nt:
1266 792 1451 833 boum
1487 791 1672 833 NOSTRI
1709 792 1833 834 tusu
1872 786 2080 834 cuuis“

1092 864 1161 905 AD
1199 864 1385 904 IIISSAI
1424 864 1693 904 OFFICIUI.

975 963 1051 1012 Ba;
1072 960 1241 1011 eodem
1264 959 1454 1013 Missalt'
1478 961 1809 1014 Moserabum.

676 1065 918 1130 Alleluia,
946 1066 1261 1122 Benedictus
1290 1067 1382 1138 qui
1413 1067 1575 1129 venit,
1609 1066 1825 1123 alleluia
1844 1108 1858 1134 ,
1885 1067 1937 1151 in
1964 1064 2185 1122 nomine

604 1156 837 1221 Domini,
870 1157 1106 1224 alleluia,
1133 1158 1367 1213 alleluia.

688 1249 724 1318 ᾖ
748 1288 760 1301 .
788 1249 924 1303 Deus
948 1248 1202 1304 Dominus
1223 1260 1279 1304 et
1300 1251 1477 1305 illuxit
1504 1250 1679 1305 nobis.
1700 1247 1767 1307 P.
1790 1246 1867 1321 (a)
1893 1249 1947 1303 In
1972 1249 2189 1305 nomine

607 1339 838 1393 Domini.
883 1340 915 1408 ᾗ
942 1379 955 1392 .
985 1339 1165 1395 Gloria
1194 1351 1249 1397 et
1274 1342 1447 1397 honor
1472 1343 1647 1411 Patri,
1678 1354 1732 1398 et
1763 1342 1903 1397 Filio
1923 1386 1937 1409 ,
1978 1349 2034 1397 et
2063 1340 2190 1412 Spl-

602 1432 729 1487 ritui
751 1440 937 1487 sancto
959 1434 1011 1487 in
1039 1434 1236 1489 saecula
1256 1437 1576 1491 saeculorum
1599 1480 1612 1503 ,
1636 1449 1813 1491 amen.
1839 1436 1906 1489 P.
1933 1435 1989 1490 In
2015 1436 2191 1490 nomi-

605 1540 673 1581 ne
704 1527 935 1582 Domini.

677 1618 825 1673 Dicat
850 1620 1109 1691 presbyter
1135 1636 1155 1676 :
1175 1620 1281 1676 Per
1304 1622 1488 1677 omnia
1515 1624 1712 1679 sacula
1749 1624 2087 1680 smulorum.
2111 1625 2149 1687 ἢ
2172 1666 2185 1679 .

602 1710 795 1766 Amen.
1104 1772 1105 1775 η

676 1800 829 1856 Dicat
861 1804 1109 1874 presbyter
1144 1820 1159 1858 :
1189 1802 1371 1860 Gloria
1398 1804 1450 1859 in
1480 1808 1707 1863 excelsis
1736 1809 1864 1877 Deo.

678 1898 865 1953 Postea
906 1900 1070 1965 dicta,
1108 1899 1287 1955 Gloria
1320 1899 1373 1956 in
1402 1901 1665 1969 excelsis,
1713 1904 1853 1959 dicat
1899 1903 2034 1959 hanc
2069 1914 2188 1960 ora-

606 1992 798 2045 tionem
818 2006 838 2045 :

677 2085 844 2139 Hodie
874 2084 1027 2140 nobis
1052 2087 1335 2142 thesaurus
1374 2097 1533 2144 natus
1571 2098 1674 2145 est.
1715 2089 1886 2147 Hodie
1913 2090 2184 2146 nobis'lu-

604 2190 764 2229 corna
794 2176 1022 2246 Virginis
1043 2218 1055 2242 ,
1090 2193 1246 2244 quam
1276 2179 1506 2248 Spiritus
1536 2189 1752 2236 sanctus
1781 2182 1967 2252 ignlvit
1995 2196 2185 2239 verum

602 2265 783 2322 lumen
807 2268 1071 2336 apparuit.
1108 2269 1277 2324 Hodie
1302 2286 1567 2327 caecorum
1596 2274 1837 2329 medicus
1888 2283 2047 2335 natus
2081 2284 2184 2331 est.

601 2356 772 2412 Hodie
804 2360 1215 2428 paralyticorum
1242 2362 1467 2418 sanitas.
1498 2363 1667 2419 Hodie
1698 2365 1954 2421 debilium
2008 2365 2191 2421 ﬁrma-

601 2459 860 2512 mentum,
887 2444 1481 2509 iniirmantiumvirtus.
1504 2455 1671 2511 Hodie
1700 2458 2033 2513 resurrectio
2058 2473 2197 2513 mor-

603 2550 814 2597 tuorum
864 2528 1112 2619 Salvator
1154 2553 1339 2601 noster
1364 2546 1605 2601 advenit.
1644 2548 1813 2604 Hodie
1844 2550 2001 2605 nobis
2042 2551 2186 2607 inter

604 2643 813 2688 noctem
847 2635 1061 2703 ignitum
1093 2636 1181 2691 lux
1210 2652 1347 2693 nova
1376 2641 1641 2709 apparuit.
1677 2642 1849 2699 Hodie
1874 2645 2035 2700 nobis
2064 2645 2190 2701 Sal-

604 2734 758 2780 vator
784 2724 1018 2791 advenit,
1043 2744 1202 2799 quem
1228 2732 1501 2802 propheta:
1526 2735 1885 2805 praedixerant
1922 2755 1989 2795 ex
2022 2740 2188 2796 Maria

606 2818 813 2888 virgine
853 2819 1204 2877 nasciturum.
1249 2822 1420 2881 Hodie
1468 2827 1623 2883 nobis
1671 2831 1938 2900 praesepio
1982 2834 2192 2902 positus

605 2919 896 2982 perpetuus
927 2911 1087 2968 Panis
1113 2914 1247 2970 lucis
1276 2918 1575 2975 ostenditur
1616 2921 1705 2991 qui
1731 2922 1905 2977 dixit:
1933 2924 2047 2995 Ego
2074 2941 2193 2982 sum

606 3001 757 3070 panis
778 3018 935 3058 verus
961 3005 1048 3074 qui
1082 3004 1153 3059 de
1188 3006 1325 3062 caelo
1352 3009 1625 3066 descendi.
1659 3013 1713 3070 Si
1746 3016 1869 3084 quis
1911 3027 2092 3073 autem
2125 3019 2195 3075 de

605 3107 743 3160 pane
792 3095 891 3148 isto
932 3094 1335 3153 manducaverit
1385 3116 1489 3155 non
1536 3105 1745 3159 esuriet
1794 3106 1847 3162 in
1898 3116 2183 3163 mternum.

606 3181 644 3237 Ρ
942 3184 954 3197 α
1179 3187 1191 3198 ·
1561 3194 1572 3205 -
1795 3198 1806 3210 .
1851 3197 1862 3209 .
1952 3198 1964 3211 .
2303 3181 2385 3211 tua
2429 3181 2546 3223 luu;
2576 3181 2675 3214 seu
2707 3181 2939 3225 [ICHIIIUS
2990 3181 3337 3231 ιιιαοῐροτπι
3382 3181 3546 3217 ηουιδ
3594 3181 3851 3215 ηινιδιυικιιι

650 3193 804 3238 raasta
832 3185 1007 3251 nobis,
1040 3185 1283 3254 Domine,
1322 3205 1415 3259 per
1437 3193 1663 3262 gloriam
1698 3207 1997 3253 natmtaus
2029 3208 2132 3253 tuae
2161 3215 2193 3255 a
2228 3224 2263 3239 ιλ
2342 3248 2349 3255 .
2395 3247 2406 3258 .
2455 3249 2463 3258 .
3323 3255 3334 3265 .
3752 3250 3837 3300 mer

607 3275 760 3323 malis
802 3276 1034 3323 ῐποηνίίκ
1081 3278 1295 3323 lihﬂl‘ﬂl‘i
1315 3321 1323 3323 ξ
1374 3292 1425 3323 ρ.
1474 3284 1524 3323 in
1570 3287 1673 3323 huic
1706 3288 1949 3323 ΙοιιιΙῖΙὶιια
1980 3304 2196 3323 comm.
2224 3242 2270 3307 C
2826 3290 2843 3316 ⁹
3837 3280 3851 3311 ⁸

607 3275 760 3329 malis
802 3276 1034 3346 propriis
1081 3278 1327 3347 liberari,
1374 3292 1427 3338 et
1474 3284 1525 3340 in
1570 3287 1675 3343 tuis
1706 3288 1951 3344 laudibus
1980 3304 2196 3361 semper

606 3363 845 3433 gloriari.
894 3368 933 3435 ἡ
958 3408 969 3419 .
1006 3369 1199 3424 Amen.

681 3455 980 3527 Prophctia.
1011 3459 1193 3516 Lectio
1222 3461 1344 3518 libri
1374 3462 1547 3522 Esaia!
1578 3471 1872 3539 prophetae.
1888 3472 2019 3542 Cap.
2045 3490 2125 3529 ix.

692 3549 767 3618 ἡ.
810 3550 921 3606 Deo
968 3553 1185 3621 gratias.

686 3640 870 3697 Primo
899 3650 1143 3715 tempore
1163 3644 1395 3705 allevata
1420 3658 1502 3705 cst
1532 3658 1674 3708 terra
1697 3650 1936 3712 Zabulon
1970 3668 2025 3713 et
2055 3664 2196 3716 terra

610 3731 874 3803 Neptalim
897 3778 910 3799 ,
962 3745 1090 3801 etc.,
1125 3754 1282 3808 usque
1317 3742 1386 3795 ad
1430 3744 1578 3800 zelus
1605 3744 1816 3803 Domini
1860 3751 2197 3811 exercituum

606 3824 769 3883 faciet
796 3827 917 3883 hoc.
957 3828 995 3898 ﬂ
1018 3869 1032 3883 .
1060 3834 1251 3887 Arnen.

682 3917 835 3973 Dicat
864 3920 1124 3993 presbyter
1148 3940 1168 3979 :
1190 3924 1448 3984 Dominus
1470 3931 1541 3986 sit
1563 3948 1779 4006 semper
1804 3938 2097 3997 vobiscum.
2119 3942 2158 4013 ἢ
2178 3982 2194 3998 .

614 4009 829 4066 Etcum
860 4013 1012 4081 spiri.

681 4100 844 4174 555
880 4102 1033 4161 Dicat
1062 4110 1252 4167 chorus
1281 4104 1553 4181 psallendo
1576 4133 1596 4171 :

682 4199 941 4258 Dominus
966 4203 1101 4291 dixit
1127 4206 1193 4261 ad
1225 4216 1311 4263 me
1338 4227 1349 4262 :
1378 4210 1543 4267 Filius
1561 4229 1711 4271 meus
1734 4232 1792 4273 es
1815 4226 1891 4287 tu,
1919 4236 2018 4291 ego
2043 4210 2200 4282 hodie

610 4293 769 4363 genui
798 4300 871 4349 te.
916 4290 949 4364 Ῠ
975 4337 988 4350 .
1018 4285 1148 4353 Pete
1173 4300 1201 4352 ά
1233 4313 1319 4353 me
1342 4345 1355 4369 ,
1389 4309 1443 4357 et
1471 4302 1612 4360 dabo
1644 4306 1736 4363 tibi
1767 4285 2198 4379 gentesvheredi-

609 4388 775 4440 tatem
809 4394 982 4453 tuam,
1020 4396 1075 4443 et
1108 4390 1503 4459 possessionem
1540 4402 1682 4452 tuam
1728 4403 1986 4458 terminos
2018 4414 2197 4464 terrae.

612 4472 681 4528 P.
713 4476 846 4547 Ego.
874 4476 1028 4532 Dicat
1054 4481 1315 4552 presbyter
1340 4498 1359 4538 :
1388 4484 1672 4543 Silentium
1701 4489 1877 4548 facile.

683 4586 1010 4661 Principium
1040 4594 1280 4664 epistolae
1306 4590 1454 4721 Ian“
1484 4602 1715 4669 apostoli
1747 4603 1813 4659 ad
1843 4596 2126 4680 Hebraeos,

1392 4686 1442 4721 υ.
1473 4684 1510 4721 ι.

1390 4686 1442 4739 p.
1473 4684 1510 4724 ι.

701 4752 742 4817 ἡ
760 4791 777 4808 .
809 4752 921 4810 Deo
950 4757 1168 4825 gratias.

686 4842 902 4900 Fratres
933 4846 1223 4905 multil‘arie
1254 4851 1543 4923 multisque
1564 4854 1764 4925 modis,
1789 4867 1916 4928 etc.,
1946 4876 2105 4934 usque
2131 4868 2201 4920 ad

616 4941 673 4989 et
699 4937 823 4990 anni
854 4938 926 4991 tui
957 4950 1061 4994 non
1094 4938 1364 4999 deﬁcient.
1400 4943 1722 5017 Respondeat
1748 4949 1933 5008 chorus
1958 4971 1977 5009 :
2006 4960 2196 5015 Amen.

651 5025 836 5082 Lectio
863 5031 1031 5085 sancti
1060 5031 1330 5105 Evangelii
1361 5040 1649 5097 secundum
1686 5042 1902 5102 Lucam.
1937 5040 2065 5121 Cap.
2101 5068 2159 5108 ll.

688 5117 910 5173 Factum
931 5128 1013 5176 est
1040 5130 1219 5180 autem
1246 5141 1369 5183 cum
1392 5139 1574 5186 essent
1597 5132 1669 5189 ibi
1699 5135 1905 5209 impleti
1935 5117 2058 5199 sunt
2082 5145 2203 5204 dies

617 5217 677 5264 ut
708 5220 962 5280 pareret:
991 5221 1045 5270 et
1087 5220 1292 5286 peperit
1332 5220 1535 5289 tilium,
1568 5234 1699 5293 etc.,
1749 5238 1906 5301 usque
1950 5230 2018 5287 ad
2064 5237 2206 5293 sicut

617 5303 819 5359 dictum
851 5307 1021 5362 estad
1054 5308 1193 5366 illos.
1242 5310 1280 5383 ἡ
1302 5352 1316 5367 .
1346 5312 1541 5372 Amen.
1574 5317 1782 5379 Lauda.

690 5397 935 5454 Alleluia.
979 5401 1014 5471 7
1039 5442 1054 5456 .
1087 5402 1497 5464 Redemtionem
1537 5410 1681 5468 misit
1712 5414 1967 5474 Dominus
2010 5425 2205 5493 populo

617 5501 740 5551 suo,
770 5492 1036 5548 mandavit
1068 5496 1118 5550 in
1148 5506 1407 5555 aeternum
1443 5508 1819 5565 testamentlim
1842 5510 1995 5569 suum
2026 5533 2040 5570 :
2072 5492 2197 5573 san-
2242 5544 2254 5556 ο

616 5584 760 5679 ctum
790 5588 841 5633 et
869 5585 1101 5679 terribile
1123 5600 1319 5645 nomen
1347 5594 1484 5661 ejus.
1509 5592 1576 5650 P.
1602 5597 1849 5656 Alleluia.
1876 5602 2028 5661 Dicat
2059 5628 2200 5679 prcs-

616 5668 757 5738 bytcr
784 5685 803 5722 :
833 5670 1095 5741 Adjuvate
1121 5695 1226 5746 me,
1256 5678 1474 5752 fratres,
1517 5685 1573 5741 in
1613 5690 1947 5752 orationibus
1978 5668 2193 5758 vestris.

688 5801 769 5875 (a)
795 5804 1123 5865 Praecentor.

2288 574 2374 623 est
2401 568 2554 622 nobis
2579 586 2591 620 :
2617 576 2673 623 et
2699 566 2871 623 factus
2894 578 2976 623 est
2998 567 3345 639 principatus
3380 564 3514 636 ejus
3539 577 3701 634 super
3726 562 3869 623 hume-

2288 674 2381 715 ros
2410 659 2549 729 ejus,
2580 660 2822 727 alleluia,
2852 660 3097 715 alleluia.

2988 770 3199 814 ausa.

2362 855 2500 912 Ecce
2526 870 2669 912 nunc
2696 865 2909 926 tempus
2938 856 3299 927 acceptabilo,
3330 869 3484 914 eccs
3526 868 3674 911 nunc
3695 853 3794 911 dies
3811 868 3869 912 sa.

2289 950 2431 1005 lutis.
2465 950 2577 1006 Lux
2605 966 2636 1006 ι
2674 960 2817 1007 terra
2846 950 3083 1019 prodiit,
3109 962 3387 1007 exeamus
3430 966 3464 1005 a
3528 949 3773 1007 tenebris.
3797 948 3871 1003 Atl-

2289 1050 2507 1096 vocatus
2553 1057 2587 1098 e
2631 1043 2769 1099 caelo
2798 1031 3127 1109 descendit,
3174 1044 3333 1114 quod
3412 1051 3643 1113 oportet
3684 1054 3869 1113 agamus.

2288 1131 2583 1189 Redemtor
2612 1135 2795 1190 mundi
2830 1137 3112 1206 apparuit,
3141 1152 3237 1205 pro
3270 1136 3559 1191 libertate
3608 1136 3870 1191 clupeus.

2292 1223 2449 1280 Venit
2468 1226 2534 1280 ad
2557 1236 2789 1297 aegrotos
2811 1228 3075 1296 medicus,
3099 1230 3331 1285 vulnera
3375 1226 3742 1298 proferamus.
3761 1227 3871 1282 Panis

2290 1318 2442 1373 vivus
2481 1320 2828 1377 credentibus
2868 1323 3026 1376 datus
3061 1333 3182 1387 est,
3224 1325 3386 1378 hunc
3435 1334 3735 1378 sumamus.
3774 1321 3871 1376 Fons

2292 1408 2543 1477 perennis
2575 1410 2823 1467 ﬁdelibus
2848 1420 3001 1468 ortus
3025 1422 3142 1477 est,
3168 1412 3395 1468 animus
3430 1414 3634 1482 imples
3660 1428 3789 1475 mus,
3809 1426 3874 1467 ct-

2288 1498 2376 1568 jus
2396 1500 2762 1557 misericordia
2780 1504 2978 1560 virtute
2999 1512 3056 1561 et
3073 1506 3241 1577 gratis
3265 1507 3330 1560 in
3368 1505 3475 1560 ille
3498 1504 3628 1561 ﬁdei
3646 1518 3871 1574 processu,

2289 1591 2511 1661 iustitia,
2540 1594 2725 1661 cultu,
2757 1597 3114 1654 cofessionis
3160 1598 3377 1669 gradu.
3422 1599 3697 1654 castitatis
3733 1598 3872 1653 adest:

2292 1690 2435 1737 stare
2476 1697 2576 1738 nos
2616 1684 2807 1753 faciat,
2852 1688 2907 1742 in
2939 1703 3047 1758 quo
3078 1690 3290 1745 animus
3356 1690 3628 1747 ﬂoruisse
3653 1690 3775 1753 sibi,
3799 1700 3869 1745 non

2246 1832 2249 1835 δ
2295 1774 2505 1831 aruisse
2530 1780 2838 1834 convincat.
2869 1779 3047 1852 Atque
3086 1784 3139 1837 in
3178 1783 3271 1838 illo
3300 1793 3461 1841 statu
3496 1784 3651 1838 illum
3688 1784 3778 1838 sits
3808 1800 3871 1837 no-

2216 1856 2268 1919 B
2294 1877 2409 1922 stra
2431 1868 2750 1940 delectetur,
2772 1874 3039 1944 nobisque
3058 1875 3387 1944 fructiﬁcet,
3408 1877 3465 1931 in
3481 1885 3593 1947 quo
3614 1877 3866 1946 sument,

2292 1975 2400 2017 non
2427 1963 2672 2019 criminis
2695 1966 2882 2031 nostri,
2908 1982 3237 2036 permanens
3278 1972 3465 2039 Dens,
3486 1973 3545 2028 in
3573 1973 3723 2028 nobis
3748 1974 3869 2028 πυά-

2295 2062 2447 2109 turus
2473 2054 2736 2123 inseruit,
2766 2068 2821 2113 et
2853 2073 2949 2128 pro
2978 2064 3137 2117 nobis
3180 2064 3502 2121 moriturus
3541 2064 3787 2134 apparuit.
3815 2064 3866 2131 vi.

2294 2148 2487 2203 Amen.
2523 2146 2865 2207 Concedente
2889 2155 3057 2220 gratis
3103 2155 3496 2211 miserationis
3560 2155 3700 2209 illius
3721 2198 3734 2221 ,
3762 2155 3869 2223 cuius

2294 2253 2519 2310 regnum
2541 2248 2597 2294 et
2617 2241 2898 2310 imperium
2925 2242 3055 2313 juge
3082 2254 3138 2300 ct
3177 2246 3496 2315 gloriosu-
3525 2247 3582 2303 in
3602 2245 3776 2302 secula
3797 2258 3864 2299 sc-

2295 2332 2557 2389 culorum.
2602 2336 2641 2403 Ii
2663 2372 2676 2387 .
2701 2333 2899 2391 Chorus
2922 2354 2942 2391 :
2972 2340 3168 2395 Amen.

2951 2429 3059 2478 Alia
3084 2432 3259 2481 oratio.

2366 2508 2477 2575 Te,
2507 2511 2731 2567 Domine
2759 2511 2889 2567 Iesu
2930 2512 3177 2580 Christe,
3201 2524 3255 2570 te
3281 2513 3467 2571 Deum
3514 2514 3776 2585 pluraliter
3794 2513 3863 2567 hos

2297 2602 2470 2660 mines
2502 2606 2828 2671 salvantem,
2861 2614 2916 2663 et
2959 2608 3231 2663 hominem
3282 2610 3338 2664 in
3411 2610 3534 2666 Deo
3580 2608 3860 2679 singulariter

2297 2704 2567 2767 potentem
2609 2698 2957 2770 invocamus,
2990 2701 3310 2768 laudamus,
3359 2717 3624 2772 rogamus
3652 2713 3704 2757 ut
3726 2700 3861 2764 adsis,

2299 2803 2508 2857 parcas,
2541 2790 2870 2861 miserearis,
2903 2793 3188 2864 ignoscas,
3226 2795 3329 2851 des
3363 2796 3424 2851 in
3454 2797 3653 2862 corde,
3686 2800 3859 2862 votaque

2297 2880 2600 2948 compleas;
2645 2882 2740 2937 des
2786 2882 2842 2938 in
2887 2899 3021 2950 ore,
3058 2887 3339 2957 verbaque
3389 2885 3787 2953 exaudias;dcs
3820 2884 3856 2938 in

2298 2986 2485 3044 Opere,
2521 2972 2763 3044 factaque
2791 2976 3100 3034 benedicas.
3125 2978 3243 3035 Non
3284 2981 3529 3050 petimus
3551 2977 3855 3035 tenemini-

2300 3062 2404 3130 bis,
2434 3064 2570 3120 sicut
2594 3065 2647 3121 in
2672 3068 2770 3122 hac
2798 3068 2887 3125 die
2913 3069 3043 3125 olim
3072 3081 3195 3126 acta
3237 3082 3321 3127 est
3342 3111 3359 3138 ,
3392 3071 3691 3142 corporalis
3716 3065 3854 3123 nativi-

2300 3164 2385 3211 tas
2429 3166 2546 3223 tua;
2576 3157 2675 3214 sed
2707 3159 2939 3225 petimus
2990 3160 3337 3231 incorporari
3382 3161 3546 3217 nobis
3594 3157 3853 3215 invisibiles

2299 3338 2463 3412 ᾆδε
2493 3340 2588 3395 sed
2615 3341 2958 3410 singulariter
2982 3352 3107 3398 tunc
3142 3344 3353 3411 Marias,
3383 3360 3533 3399 nunc
3562 3337 3852 3413 spiritualittt

2300 3440 2586 3501 praestetur
2614 3432 2869 3490 Ecclesia:
2899 3450 2914 3489 :
2947 3444 3006 3489 ut
3052 3444 3107 3491 te
3132 3435 3268 3492 ﬁdes
3288 3437 3595 3493 indubitata
3623 3430 3849 3499 concipiat.

2301 3532 2354 3577 te
2381 3538 2531 3578 mens
2558 3523 2624 3577 de
2650 3525 2999 3595 corruptione
3049 3527 3271 3583 liberata
3302 3529 3592 3600 parturiat.
3620 3534 3668 3582 te
3689 3531 3849 3588 semper

2302 3614 2478 3669 anima
2504 3615 2701 3671 virtute
2726 3618 2985 3673 Altissimi
3016 3618 3338 3679 obumbrata
3371 3622 3658 3677 contineat.
3687 3615 3750 3671 Nc
3767 3611 3847 3667 dil-

2302 3706 2463 3761 ccdas
2494 3722 2523 3761 a
2561 3708 2747 3774 nobis,
2777 3710 2874 3765 sed
2901 3714 3160 3782 procedas
3203 3729 3270 3770 ex
3314 3716 3496 3771 nobis.
3530 3713 3615 3766 Sis
3657 3724 3708 3763 re
3754 3714 3842 3758 ven

2304 3792 2623 3856 Emmanuel
2665 3812 2850 3858 noster
2879 3804 3160 3863 nobiscum
3190 3808 3356 3865 Deus.
3398 3807 3643 3879 Digneris
3676 3805 3843 3857 manere

2303 3889 2357 3943 in
2374 3892 2549 3958 nobis,
2568 3903 2625 3949 et
2650 3910 2885 3965 pugnare
2908 3911 3007 3968 pro
3029 3900 3216 3967 nobis;
3244 3911 3296 3956 te
3322 3902 3470 3959 enim
3494 3903 3755 3971 pugnante,
3775 3900 3844 3944 Mt

2308 3982 2593 4065 vincimus.
2623 3985 2786 4044 Solve
2822 4004 2965 4061 nos,
2985 4006 3334 4064 quaesumus,
3366 4010 3399 4050 a
3430 3992 3619 4065 pannis
3655 3983 3839 4058 puttibul

2305 4062 2682 4143 peccatorum,
2716 4080 2806 4147 qui
2838 4089 2889 4134 te
2918 4062 3013 4150 pro
3046 4076 3283 4152 peCcatis
3316 4062 3538 4142 nostris
3569 4082 3780 4151 dignatus
3799 4081 3840 4126 tl

2303 4167 2587 4237 putredine
2612 4168 2767 4242 ligari
2792 4188 3117 4247 pannorum.
3150 4177 3260 4233 Lac
3291 4188 3446 4247 tuum
3511 4169 3736 4232 Ecclesiae
3765 4175 3837 4219 tua

2304 4260 2555 4337 parvulos
2581 4266 2817 4333 nutriat,
2842 4267 2985 4323 adeo
3011 4267 3257 4327 inﬁrmos
3287 4272 3557 4328 delicatus
3592 4265 3765 4321 olerum
3785 4255 3836 4310 ci-

2302 4352 2404 4409 bus
2432 4367 2721 4431 pascakgut
2742 4360 2810 4416 ad
2846 4363 3244 4433 percipiendum
3265 4366 3542 4423 fortiorem
3563 4378 3621 4418 ac
3655 4354 3831 4413 solidum

2303 4446 2477 4502 cibum
2506 4449 2788 4508 validiores
2814 4456 3053 4526 quotidie
3080 4458 3227 4514 vires
3253 4467 3521 4516 crescant.
3542 4455 3609 4511 Et
3630 4454 3691 4508 ita
3714 4458 3832 4504 note-

2303 4542 2472 4596 rimus
2502 4542 2799 4600 defecatam
2826 4549 3158 4608 voluntatem
3203 4562 3258 4610 et
3300 4553 3459 4611 ﬁdem
3506 4538 3825 4607 exhiberem"

2224 4612 2283 4684 Ι)
2307 4635 2605 4694 missimam
2625 4679 2644 4708 ,
2675 4649 2733 4696 ut
2757 4644 2957 4714 jugitcr
2988 4648 3257 4705 enitamur
3285 4650 3489 4707 auxilio
3515 4656 3602 4703 tuo
3627 4641 3685 4699 sd
3708 4638 3826 4694 vitam

2310 4729 2595 4796 pervenire
2622 4742 2957 4803 perpetuam.
3004 4738 3043 4807 ἢ
3063 4775 3079 4792 .
3108 4740 3297 4799 Amen.

2924 4828 3042 4879 Post
3064 4834 3274 4884 nurnine.

2379 4900 2582 4959 Famuli
2616 4906 2687 4961 tui
2720 4907 2927 4985 indigni
2953 4919 3009 4968 et
3032 4914 3212 4986 exigui
3250 4918 3560 4975 sacerdotes
3590 4897 3820 4968 ιτθσκυάε

2305 4991 2570 5063 majestati
2596 5006 2697 5052 tua:
2722 5001 2993 5069 spiritales
3020 5006 3264 5064 victimas
3298 5011 3655 5069 immolantem
3681 4992 3816 5051 0³⁸⁸·

2309 5104 2427 5144 mus
2448 5091 2561 5157 tibi,
2597 5092 2732 5149 Deus
2751 5134 2767 5158 ,
2795 5095 3022 5154 hostiam
3050 5101 3445 5160 immaculatam
3468 5145 3485 5168 .
3501 5112 3646 5171 enim
3668 5097 3813 5148 Μ

2313 5170 2409 5235 nus
2457 5191 2638 5238 uterus
2682 5186 2958 5256 impolluta
3014 5180 3315 5265 virginitate
3370 5193 3638 5267 produxit,
3682 5178 3808 5255 ΝΗ

2308 5272 2493 5342 edidit,
2521 5278 2873 5337 sanctificatio
2891 5284 3091 5353 genuit,
3118 5289 3393 5359 integritas
3419 5286 3561 5352 fudit,
3590 5274 3812 5366 ιοσιῑαιιοξο

2309 5364 2580 5421 immolata
2608 5370 2771 5436 vivit,
2801 5381 2856 5429 et
2883 5375 3069 5432 vivens
3100 5378 3302 5451 jugiter
3346 5364 3810 5437 immolaturtw‘

2309 5474 2429 5527 quae
2458 5460 2567 5543 sola
2614 5462 2725 5518 Deo
2756 5466 2965 5534 placere
2996 5473 3279 5540 praevalet,
3309 5476 3430 5547 quia
3470 5468 3697 5528 Dom“

2310 5551 2455 5606 Hanc
2485 5542 2598 5618 tibi,
2632 5571 2838 5614 summe
2860 5560 3040 5631 Pater,
3070 5542 3347 5623 oderimus
3367 5582 3459 5638 pro
3479 5569 3640 5625 sancta
3661 5544 3805 5608 ὅκκ’

2307 5643 2381 5729 sia
2417 5651 2534 5729 tua,
2568 5660 2665 5716 pro
2698 5650 3064 5710 satisfactione
3111 5660 3298 5715 srecuti
3338 5649 3692 5729 delinquimus:
3732 5644 3800 5705 Pw

2304 5724 2684 5794 emundatione
2713 5742 3007 5798 animarum
3027 5757 3352 5817 nostrarum,
3385 5766 3474 5820 pro
3499 5740 3692 5800 sanitate
3714 5737 3797 5781 02n-

2302 5826 2451 5882 nium
2481 5828 2843 5902 inﬁrmorum,
2869 5850 2931 5891 ac
2951 5840 3137 5909 requie
3164 5841 3248 5898 vel
3280 5830 3585 5915 indulgentia
3608 5823 3789 5885 ﬁdelium
