4060 6346
310 323 413 385 429

850 334 944 391 an
976 304 1487 399 maritumum
1536 326 1891 404 minuens
1937 332 2371 418 MONUMENTA
2409 360 2760 427 APPENDIX
2800 368 3034 433 parua.

3468 384 3576 447 A30

300 436 673 503 defunctorum
696 492 711 519 ,
744 456 803 503 ut
827 458 1029 508 mutata
1055 462 1201 510 sorte
1233 456 1463 514 tristium
1498 461 1836 518 mansionum
1856 504 1872 529 ,
1900 458 1953 526 Α
1983 464 2136 525 Dedit
2163 472 2240 529 illi
2270 482 2539 549 tamquam
2572 498 2720 540 rosas
2750 498 3013 557 martyres
3035 533 3055 548 .
3081 493 3231 549 velut
3260 496 3369 555 lilia
3396 501 3562 576 virgi-

300 537 438 576 fniini
488 539 827 576 ιιΔιιτι-ιιηηιιιι-
871 553 1129 576 ann-alain
1176 546 1439 576 :ann-nm
1516 549 1555 576 ελ
1639 549 1834 576 ηιμ-.-
1865 568 1880 576 -
1921 556 1932 566 ·
2272 568 2284 576 .
2353 570 2365 576 -
2406 570 2418 576 -
2648 574 2653 576 Α

300 537 438 592 felici
488 539 827 609 perfruantur
870 553 1129 600 societate
1171 546 1463 615 justorum.
1516 549 1592 620 tt.
1638 549 1881 609 Chorus:
1921 556 1932 566 '

296 628 494 689 Amen.

862 706 937 758 Ad
960 720 1129 771 pacem
1150 712 1326 763 oratio.

368 806 648 863 Excelsum
690 814 744 865 te
782 804 950 866 Deum
982 814 1181 883 pariter
1210 825 1369 886 atque
1401 816 1658 875 humilem
1700 818 1877 876 homi-

293 915 415 955 nem
446 900 715 957 Christum
742 903 924 959 Jesum
956 907 1182 963 acclives
1226 910 1429 965 servuli
1472 910 1745 980 supplices
1775 914 1873 969 de-

288 998 590 1060 precamur,
621 1002 679 1049 ut
708 1004 893 1063 pacem
936 1012 1096 1066 quam
1125 1006 1449 1057 ascensurus
1477 1002 1541 1057 ad
1571 1004 1735 1060 caelus
1766 1006 1874 1061 tuis

284 1085 426 1138 caris
456 1088 648 1140 uoticta
672 1089 1089 1157 commendasti,
1117 1091 1307 1158 dones,
1338 1098 1674 1167 augment'es,
1706 1096 1873 1168 perli-

283 1174 398 1230 cias
424 1184 584 1244 atque
603 1180 892 1237 custodias.
921 1184 1093 1253 Atque
1112 1184 1188 1239 ita
1207 1185 1299 1239 fiat
1316 1200 1422 1257 pax
1453 1196 1539 1243 tua
1564 1189 1617 1244 in
1646 1190 1867 1260 virtute,

284 1268 340 1326 et
370 1273 691 1329 abundantia
720 1275 773 1329 in
807 1276 1041 1334 turribus
1069 1283 1176 1337 tuis
1195 1323 1208 1345 ,
1235 1290 1306 1339 ne
1336 1283 1502 1340 officii
1545 1288 1729 1343 oscula
1758 1276 1871 1344 sint

282 1364 517 1433 tegmina
544 1366 688 1420 virus
717 1368 910 1423 occulti
936 1385 950 1434 ;
975 1367 1071 1426 se'd
1102 1373 1193 1442 qui
1225 1372 1635 1433 decantantibus
1660 1379 1868 1449 angelis

278 1460 467 1526 pacem
499 1458 726 1515 tribuisti
764 1459 1069 1520 heminihus
1102 1467 1261 1522 bona:
1291 1469 1581 1525 voluntatis
1605 1510 1621 1537 ,
1654 1470 1708 1526 in
1761 1471 1866 1529 hoc

280 1552 368 1605 die
405 1549 608 1609 Natalis
650 1550 856 1609 efﬁcias
901 1552 998 1613 nos
1042 1560 1263 1616 nuntius
1303 1566 1366 1617 ac
1404 1560 1549 1619 illius
1571 1563 1741 1635 pacis.
1784 1565 1861 1635 ἠ.

278 1642 471 1699 'Amen.

350 1820 573 1892 Dignum
602 1832 655 1878 et
678 1822 879 1893 justum
908 1832 992 1882 est
1014 1836 1114 1881 nos
1140 1828 1546 1897 omnipotentis:
1577 1839 1633 1887 et
1658 1831 1852 1900 pietati
1884 1828 1933 1914 ᾗ
1960 1846 2031 1910 an

272 1920 380 1970 tua:
402 1914 609 1971 referre
636 1930 767 1984 quas
795 1932 955 1988 posse
992 1919 1276 1977 donaveris
1296 1922 1509 1990 laudes,
1540 1924 1850 1981 clementis-

270 2008 409 2065 sime
428 2009 616 2075 Pater;
638 2011 760 2080 quia
790 2018 911 2081 post
939 2013 1099 2068 multa
1124 2020 1362 2083 tempora
1406 2016 1459 2070 in
1486 2016 1588 2072 hac
1608 2008 1696 2073 die
1725 2024 1853 2074 ante

270 2112 378 2156 non
427 2102 588 2156 multa
633 2108 871 2172 tempora
894 2144 908 2169 ,
941 2105 1031 2175 qui
1062 2104 1157 2159 tibi
1186 2106 1269 2162 vel
1298 2107 1402 2161 sibi
1440 2120 1654 2178 semper
1698 2116 1843 2175 erat,

266 2194 422 2249 nobis
436 2201 593 2249 natus
614 2203 697 2252 est
717 2192 962 2252 Christus
981 2193 1136 2253 Jesus
1158 2199 1458 2270 unigenitus
1486 2208 1610 2255 tuus
1634 2216 1648 2255 :
1676 2201 1850 2258 tactus

266 2284 431 2358 556
457 2293 541 2342 est
565 2287 776 2343 ancillae
802 2302 913 2343 sua:
941 2280 1080 2344 ﬁlius
1102 2331 1118 2356 ,
1158 2290 1420 2348 Dominus
1463 2290 1651 2350 matris
1703 2302 1845 2362 suae;

265 2386 448 2448 partus
478 2379 679 2448 Mariae,
709 2382 911 2438 fructus
939 2383 1223 2451 Ecclesiae,
1247 2385 1338 2455 qui
1363 2385 1430 2442 ab
1449 2386 1535 2441 illa
1558 2386 1753 2454 editur,
1780 2387 1849 2446 ab

263 2469 368 2524 ista
393 2472 708 2541 suscipitur;
739 2474 831 2544 qui
861 2482 956 2545 per
990 2474 1133 2531 illam
1165 2477 1393 2546 pusillus
1415 2477 1708 2549 egreditur,
1736 2484 1842 2549 νεί-

260 2562 419 2619 istam
449 2565 706 2622 mirificus
725 2567 998 2624 dilatatur.
1022 2567 1114 2625 Ille
1135 2570 1358 2627 salutem
1383 2571 1593 2643 populis
1615 2574 1844 2641 creavit,

260 2653 378 2711 haec
408 2656 659 2727 populos;
685 2658 776 2713 illa
804 2670 933 2715 vero
962 2660 1124 2715 vitam
1148 2662 1409 2731 portavit,
1440 2661 1559 2719 haec
1583 2663 1836 2732 lavacro;

259 2743 317 2803 In
347 2742 488 2804 illius
516 2750 769 2806 membris
796 2749 1039 2808 Chrittus
1062 2751 1271 2810 infusus
1299 2763 1404 2821 est,
1430 2753 1486 2811 i'n
1512 2756 1668 2812 istius
1691 2757 1844 2828 aquis

261 2834 513 2895 Christus
554 2840 770 2898 indutus
812 2851 915 2899 est.
959 2843 1061 2900 Per
1088 2843 1256 2912 illam,
1288 2847 1376 2917 qui
1407 2855 1543 2914 erat,
1575 2853 1839 2917 nascitur;

258 2943 356 2999 per
384 2930 539 2987 istam
570 2930 657 3003 qui
686 2923 920 3004 perierat
955 2935 1245 2992 invenitur.
1276 2936 1329 2991 In
1372 2938 1461 2993 illa
1514 2937 1843 3011 Redemptor

256 3022 494 3092 gentium
523 3023 853 3093 vlviﬂcatur;
890 3026 943 3082 in’
987 3025 1088 3082 ista
1132 3034 1322 3097 gentes
1348 3027 1704 3085 vivificantur.
1737 3029 1843 3088 Per

254 3112 400 3170 illam
428 3116 573 3172 venit
600 3122 655 3172 ut
683 3126 898 3187 peccata
930 3119 1177 3187 tolleret;
1209 3136 1307 3190 per
1342 3120 1501 3177 istam
1552 3122 1669 3178 tulit
1712 3132 1840 3195 pec-

255 3214 376 3262 cata
406 3215 623 3278 propter
648 3220 769 3316 qua;
797 3208 1107 3323 vigit;qu
1130 3211 1292 3323 fliam
1312 3220 1425 3323 flag
1452 3214 1708 3321 Notavit:
1738 3224 1833 3323 99f
1861 3210 1909 3293 (ξ
1939 3208 2485 3323 ἀίεηαιυὲὲέιὶιξεὶῖ,

252 3299 412 3355 istam
442 3315 541 3356 nos
584 3303 812 3358 curavit.
839 3296 899 3358 in
942 3304 1031 3358 illa
1069 3305 1276 3371 infans,
1312 3306 1366 3361 In
1391 3307 1493 3362 ista
1516 3308 1723 3379 gigans.
1753 3310 1833 3368 lbi

253 3380 470 3456 exulat,
502 3390 588 3446 hic
617 3392 929 3463 triumphat.
959 3392 1064 3450 Per
1089 3395 1237 3451 illam
1274 3399 1561 3467 crepundia
1581 3402 1829 3481 gestavit,

250 3492 348 3554 per
374 3483 531 3540 istam
573 3496 737 3556 regna
780 3489 1028 3558 subjecit.
1064 3489 1213 3544 lllam
1257 3493 1465 3561 pa‘rVuli
1504 3492 1832 3563 iucunditate

250 3575 522 3644 demulsit,
552 3577 704 3634 istam
737 3580 919 3651 sponsi
944 3566 1259 3640 credulitate
1289 3583 1593 3655 despondit.
1626 3586 1830 3645 Est‘ant

248 3667 484 3737 denique
508 3671 726 3740 pretiosi
751 3674 951 3730 sutoris
974 3675 1282 3747 incorrupta
1305 3679 1651 3736 commercia.
1674 3680 1832 3738 Dedit

246 3762 479 3829 sponsus
516 3766 733 3833 sponsae
771 3770 882 3822 'suze
933 3770 1192 3838 munera,
1234 3780 1400 3840 aquas
1428 3774 1606 3840 vivas,
1648 3774 1703 3829 id
1747 3774 1830 3831 est

244 3846 495 3911 Christus
518 3854 773 3914 Ecclesiae
793 3901 809 3927 ,
839 3864 895 3916 et
921 3862 1115 3930 quibus
1143 3862 1311 3919 semel
1336 3858 1403 3919 ad
1434 3867 1677 3934 placendi
1710 3876 1825 3924 me-

242 3944 407 4003 ritum
434 3940 726 4005 lavaretur.
762 3952 914 4007 Dedit
942 3952 1117 4007 oleum
1144 3952 1344 4010 iaetitim
1366 3998 1379 4022 ,
1410 3960 1517 4027 quo
1546 3954 1817 4015 odorifero

245 4042 519 4111 unguento
537 4038 1163 4115 chrismatisiungeretur.
1189 4045 1407 4103 Vocavit
1426 4058 1543 4105 eam
1572 4051 1637 4105 ad
1669 4064 1817 4108 men-

239 4128 359 4187 tam
383 4142 555 4202 suam,
582 4134 734 4206 adipe
760 4134 1011 4194 frumenti
1039 4139 1253 4194 Satiavit
1279 4139 1425 4195 illam
1444 4182 1461 4211 ,
1483 4142 1610 4198 vino
1643 4145 1823 4200 suavi-

238 4216 368 4276 tatis
390 4222 649 4292 implevit,
674 4225 896 4295 justitiae
925 4228 1178 4297 imposuit
1206 4240 1624 4301 ornamentum;
1655 4233 1823 4292 dona-

241 4311 323 4367 vit
351 4313 661 4370 deauratum
691 4318 943 4374 virtutum
975 4321 1232 4377 varietate
1257 4324 1543 4390 vestitum;
1585 4326 1819 4385 animam

238 4419 391 4460 suam
417 4421 511 4476 pro
532 4406 618 4462 ili’a
646 4409 852 4478 posuit;
881 4412 1141 4484 suscepta:
1164 4421 1219 4470 et
1242 4414 1461 4472 calcatae
1488 4420 1675 4475 mortis
1702 4430 1821 4493 spo-

237 4497 312 4556 lia
332 4497 384 4555 in
413 4500 588 4557 dotem
612 4502 701 4558 ille
732 4510 1045 4576 regnaturus
1063 4509 1235 4565 victor
1260 4511 1533 4582 exhibuit;
1558 4510 1618 4571 se
1642 4508 1818 4586 ipsum

238 4590 333 4646 ille
361 4592 413 4647 in
447 4592 569 4651 cibo
596 4609 660 4649 ac
690 4605 814 4664 potu
844 4597 1261 4673 indumentoque
1286 4608 1578 4662 concessit.
1607 4608 1818 4666 Promi-
1846 4592 1902 4675 Β

240 4685 316 4742 sit
341 4686 391 4741 ei
412 4702 470 4743 se
501 4686 579 4743 illi
610 4676 855 4744 daturum
888 4688 1108 4764 regnum
1138 4705 1431 4767 mternum;
1463 4696 1632 4771 ipsam
1664 4705 1821 4773 polli-

234 4776 373 4832 citus
401 4786 484 4833 est
512 4780 845 4835 statuendam
874 4782 926 4837 in
956 4783 1192 4843 demersa
1213 4790 1323 4844 suae
1345 4796 1497 4861 parte
1530 4795 1815 4865 Reginam;

232 4870 503 4924 concessit
527 4880 581 4926 et
606 4873 705 4942 ipsi
735 4874 877 4941 quod
899 4884 1214 4935 coacessum
1253 4889 1337 4937 est
1381 4879 1634 4939 Genitrici
1660 4923 1678 4948 ,
1714 4886 1818 4940 im-

233 4960 391 5030 pleri,
418 4970 524 5018 nan
552 4964 781 5033 violari;
809 4974 1019 5037 parere,
1046 4980 1154 5026 non
1185 4974 1485 5043 corrumpi;
1508 4972 1583 5030 illi
1613 4978 1775 5031 semel
1792 5018 1809 5044 ,

231 5055 320 5111 isti
350 5066 587 5127 semper,
628 5059 822 5116 sedere
867 5070 1134 5133 tamquam
1185 5062 1438 5136 sponsam
1480 5068 1533 5124 in
1579 5068 1814 5125 thalamo

229 5144 647 5213 pulchritudinis
665 5187 681 5215 ,
708 5159 761 5205 et
788 5152 1145 5221 multiplicare
1175 5156 1311 5213 filios
1338 5158 1547 5228 gremio
1581 5162 1811 5229 pietatis.

230 5238 477 5295 Fetosam
506 5250 627 5299 esse
656 5246 859 5315 prolem
884 5268 899 5312 ,
940 5260 1051 5302 non
1088 5248 1307 5306 fetidam
1336 5255 1684 5312 voluntatem.
1713 5256 1808 5314 Sic

227 5340 286 5386 et
315 5330 429 5400 ipsa
456 5333 510 5387 in
536 5333 655 5404 ipso
686 5344 781 5405 per
809 5337 985 5407 ipsum
1031 5340 1182 5395 dives
1228 5342 1415 5401 euecta
1442 5392 1455 5415 ,
1503 5358 1705 5418 sponso
1745 5360 1810 5406 a'c

229 5421 459 5479 Domino
483 5434 581 5480 suo
622 5427 848 5484 humilia
894 5432 1061 5487 refert
1107 5440 1362 5503 munera;
1411 5438 1512 5494 hoc
1560 5443 1701 5497 enim
1736 5443 1809 5499 de

225 5518 447 5587 proprio
475 5526 574 5575 suo
596 5521 871 5578 atterendo
893 5524 1033 5596 quod
1063 5522 1312 5597 credidit,
1344 5530 1445 5586 ltoc
1472 5532 1544 5587 de
1560 5536 1809 5604 exempto

222 5607 369 5676 quod
397 5616 519 5664 eum
544 5611 864 5677 redamavi‘t',
894 5608 996 5670 hoc
1019 5615 1089 5674 de
1111 5618 1253 5673 dono
1282 5619 1451 5689 ipsius
1482 5622 1531 5677 id
1562 5623 1731 5695 ipsam
1748 5634 1805 5683 et

224 5698 469 5766 potuisse
494 5699 641 5770 quod
658 5701 862 5772 voluit,
887 5705 941 5761 id
963 5706 1137 5777 ipsam
1166 5711 1404 5770 voluisse
1424 5714 1568 5785 quod
1606 5719 1797 5787 potuit.

294 5826 372 5900 (a)
415 5829 549 5887 Vide
573 5845 698 5906 pag.
731 5835 797 5891 99
824 5844 880 5893 et
905 5852 1051 5912 seqq.

1990 575 2104 626 nes,
2137 568 2284 634 quasi
2316 570 2486 628 violas
2516 574 2871 636 continentes.
2906 582 3030 640 Haec
3055 586 3120 640 ad
3148 587 3294 645 illam
3337 606 3433 663 per
3463 568 3567 651 mt-

1984 652 2184 755 itistros
2215 660 2500 721 voluntatis
2529 665 2643 755 eius
2674 674 2949 741 apostolos
2977 672 3220 737 conferta
3265 652 3441 755 operis
3479 678 3565 747 sui

1984 740 2231 812 impensa
2262 750 2577 811 transmisit.
2610 740 2763 818 Unde
2804 780 2944 822 nunc
2982 782 3010 823 a
3039 767 3241 827 dextris
3270 740 3391 844 eius
3418 776 3560 837 felici

1982 846 2035 927 et
2062 839 2296 936 glOriosa
2328 842 2661 914 perennitate
2693 858 3015 926 consistens,
3042 876 3164 919 eum
3198 839 3372 923 tecum
3395 912 3409 936 ,
3437 856 3558 926 om-

1980 928 2223 1029 nipotens
2242 926 2425 1029 Pater,
2445 946 2499 997 et
2519 948 2639 1000 cum
2662 960 2847 1005 sancto
2865 951 3067 1023 Spiritu
3091 972 3403 1029 regnantem
3426 960 3550 1022 cum

1978 1022 2227 1128 omnibus
2264 1022 2465 1100 angelis
2499 1034 2804 1128 conmendo
2849 1022 3135 1107 conlaudat
3152 1022 3235 1109 vet
3279 1054 3429 1113 dicit.
3475 1057 3552 1128 ἡ.

1976 1112 2176 1173 Chorus
2201 1161 2215 1185 ,
2246 1118 2503 1195 Sanctus,
2535 1120 2795 1200 Sanctus;
2820 1124 3075 1196 Sanctus.

2048 1204 2199 1264 Dicat
2214 1212 2476 1287 presbyter
2496 1218 2614 1291 ᾑδεῖ
2633 1211 2863 1282 Sanctus
2888 1248 2901 1282 :

2042 1297 2183 1357 Vere
2230 1306 2479 1377 sanctus,
2516 1310 2641 1391 vere
2685 1310 3000 1378 benedictus
3044 1320 3303 1387 Dominus
3360 1332 3549 1393 noster

1971 1388 2126 1448 Iesus
2146 1393 2393 1456 Christus
2428 1388 2593 1477 λετ
2635 1406 2774 1467 filius
2804 1402 2928 1470 tuus
2947 1458 2962 1483 ,
2987 1418 3074 1488 qui
3099 1424 3242 1478 venit
3268 1436 3299 1480 e
3318 1388 3554 1485 caelisut

1969 1490 2377 1579 conversaretur
2398 1494 2452 1549 in
2487 1498 2642 1555 terris
2668 1508 2683 1554 ':
2715 1508 2842 1559 caro
2870 1506 3041 1565 factus
3070 1506 3169 1577 est,
3192 1496 3253 1569 in
3282 1516 3547 1579 habitaret

1968 1574 2021 1630 in
2054 1576 2208 1635 nobis
2232 1578 2481 1642 Christus
2505 1584 2763 1648 Dominus
2786 1610 2847 1651 ac
2868 1598 3139 1659 redemtbr
3156 1574 3413 1666 ﬂet-nus.

2042 1671 2189 1728 Dicat
2218 1678 2478 1750 presbyter
2499 1682 2613 1752 post
2640 1686 2816 1745 Pridie
2847 1706 2861 1743 :

2034 1762 2164 1822 Haec
2191 1769 2414 1828 Demin‘e
2444 1768 2586 1865 dona
2626 1784 2713 1833 tua
2752 1788 2807 1837 et
2839 1788 3102 1855 praecepta
3141 1784 3439 1865 servantes,
3490 1790 3544 1855 in

2037 1870 2129 1914 are
2157 1862 2303 1916 tuum
2333 1858 2489 1932 panis
2512 1883 2574 1923 ac
2601 1870 2707 1926 vini
2732 1870 3044 1934 holocausta
3065 1858 3435 1954 proponimus,
3458 1898 3549 1947 ro.

1958 1959 2147 2020 gantes
2174 1952 2595 2020 profusissimam
2622 1970 2729 2021 tua:
2754 1965 3135 2030 misericordiae
3165 1952 3452 2049 pietatem,
3490 1993 3547 2041 ut

1957 2042 2011 2095 in
2040 2044 2226 2100 eodem
2257 2048 2479 2137 spiritu,
2532 2064 2638 2124 quo
2667 2052 2823 2133 tein
2856 2070 3018 2119 carne
3055 2042 3333 2137 virginitas
3368 2042 3544 2132 incor-

1954 2137 2110 2224 rupta
2133 2141 2396 2210 cencepit,
2425 2130 2526 2198 has
2561 2130 2768 2205 hostias
2796 2139 3034 2212 Trinitas
3076 2130 3305 2219 indivisa
3342 2130 3542 2224 sancti-

1956 2220 2120 2297 ﬁcet;
2151 2240 2205 2286 ut
2232 2246 2351 2289 cum
2374 2244 2401 2290 a
2432 2237 2587 2295 nobis
2617 2240 2777 2299 fuerit
2802 2246 2908 2302 nun
2948 2252 3144 2307 minori
3187 2220 3542 2326 trepidatione

1952 2328 2113 2395 quam
2139 2328 2486 2387 veneratione
2514 2334 2782 2405 percepta,
2813 2339 3064 2409 quicquid
3094 2350 3277 2402 contra
3303 2350 3538 2408 animam

1952 2412 2094 2468 male
2132 2416 2263 2471 vivit
2304 2417 2530 2477 intereat
2563 2439 2577 2490 ;
2620 2424 2870 2499 quicquid
2911 2430 3191 2492 interierat
3230 2440 3538 2502 nullatenus

1949 2503 2256 2563 reviviscat.
2296 2506 2337 2579 η
2358 2518 2373 2565 ‘.
2402 2503 2592 2569 Amen.

2018 2597 2168 2654 Dicat
2192 2592 2452 2675 presbyter
2470 2608 2540 2660 ad
2559 2602 2842 2668 orationem
2870 2600 3195 2674 ﬂaminicam
3228 2638 3249 2678 :

1992 2690 2172 2775 Quod
2198 2688 2293 2751 Via
2325 2706 2381 2786 ut
2421 2713 2771 2771 sequeremur
2806 2702 3071 2781 ostendit,
3116 2716 3258 2786 quad
3301 2710 3426 2778 Vita
3478 2732 3540 2783 ut

1946 2781 2289 2853 loqueremur
2318 2784 2552 2859 edocuit,
2584 2797 2728 2865 quod
2764 2796 2976 2859 Veritas
3014 2788 3073 2862 ut
3101 2781 3406 2870 teneremus
3450 2781 3537 2871 in;

1945 2876 2139 2979 stituit,
2173 2880 2287 2951 tibi,
2324 2888 2531 2943 Summe
2557 2872 2737 2958 Pater,
2769 2897 2889 2951 cum
2924 2903 3159 2959 tremere
3192 2903 3371 2962 cordis
3410 2914 3536 2979 pro-

1943 2959 2235 3029 clamemutt
2264 2989 2297 3030 e
2328 2976 2501 3033 t'e'rris.
2533 2976 2692 3038 Pater
2729 2994 2932 3043 noster.

2013 3062 2166 3119 Dicat
2189 3068 2447 3140 presbyter
2474 3071 2878 3134 benedictionem
2917 3098 2937 3137 :

2014 3152 2274 3214 Dominus
2304 3156 2461 3217 Jesus
2488 3154 2733 3221 Christus
2766 3171 2859 3241 qui
2888 3171 3014 3228 olim
3043 3189 3142 3245 pro
3174 3178 3329 3236 nobis
3368 3178 3530 3243 hodie

2512 3256 2624 3327 i‘p‘se
2649 3258 2743 3316 vos
2765 3277 2862 3318 sua
2882 3265 3155 3327 nativitate
3173 3274 3427 3333 vivilicet.
3448 3280 3487 3351 ἡ
3508 3322 3524 3337 .

1940 3336 2134 3395 Amen.
2168 3340 2235 3397 Et
2259 3343 2350 3413 qui
2381 3345 2656 3406 infantiam
2685 3360 2904 3410 Sumens
2936 3356 3298 3431 humanitatis,
3332 3336 3528 3429 vilibus

1936 3430 2155 3489 indutus
2180 3432 2265 3490 εει
2306 3439 2514 3505 pannis,
2563 3441 2859 3500 celestiu‘m
2906 3444 3159 3507 virtutum
3193 3430 3293 3513 vos
3333 3464 3526 3520 vestiat

1937 3520 2288 3612 indumentis.
2334 3522 2408 3599 ἡ.
2443 3529 2599 3587 Chor.
2629 3524 2824 3593 Amen.
2855 3526 3043 3612 Sitque
3072 3554 3372 3606 vestrorum
3405 3568 3525 3608 cor-

1933 3604 2080 3670 dium
2108 3614 2331 3674 interior
2351 3622 2553 3690 pastus,
2580 3625 2671 3694 qui
2700 3625 2753 3682 in
2783 3604 3047 3701 prmsepio
3070 3637 3271 3703 positus
3295 3604 3522 3698 creden-

1934 3705 2075 3798 tibus
2117 3722 2177 3765 se
2218 3713 2391 3768 voluit
2441 3718 2733 3774 menstrari
2786 3709 3103 3782 vescendus.
3152 3729 3224 3798 ἡ.
3276 3730 3521 3792 Chorus:

1932 3788 2127 3858 Amen.
2169 3794 2274 3860 Per
2303 3806 2728 3868 misericordiam
2773 3814 2940 3885 ipsius
2970 3819 3063 3876 Dei
3090 3824 3263 3881 nOStri
3308 3826 3399 3898 qui
3438 3838 3520 3887 est

1931 3888 2263 3964 benedictus,
2288 3905 2343 3953 et
2366 3899 2512 3968 vivit,
2537 3909 2593 3958 et
2620 3906 2801 3963 omnia
2819 3902 2955 3980 regit
2974 3908 3030 3967 in
3056 3914 3254 3972 saecula
3290 3888 3518 3976 saeculo-

1929 4002 2048 4043 rum
2084 4028 2097 4042 .
2137 3988 2411 4059 ti.Amen.

1999 4070 2152 4139 Dicat
2198 4087 2458 4157 presbyter
2483 4105 2502 4144 :
2547 4084 2802 4151 Dominus
2855 4095 2925 4153 sit
2962 4114 3178 4172 semper
3213 4105 3513 4166 vobiscum.

1929 4150 2032 4229 Hic
2053 4150 2404 4233 dicat-chorus
2428 4197 2447 4235 ,ο
2480 4178 2698 4239 Gustatc
2733 4194 2787 4242 et
2815 4187 3011 4247 videte.

2356 4262 2474 4324 Post
2495 4278 2883 4331 communionem
2906 4285 3079 4337 oratio.

1899 4412 1903 4422 .
1996 4378 2206 4459 Gratias
2238 4376 2331 4431 tibi
2354 4377 2582 4448 agimus,
2612 4366 2836 4440 Domine
2863 4376 3029 4459 Deus,
3056 4399 3108 4446 et
3142 4402 3194 4449 te
3220 4394 3389 4453 Deum
3418 4399 3510 4456 be-

1925 4458 2223 4523 nedicimus
2244 4469 2310 4523 de
2337 4460 2424 4525 die
2523 4473 2688 4542 diem,
2717 4478 2806 4547 qui
2841 4494 2939 4535 nos
2978 4458 3034 4537 in
3065 4483 3167 4541 hac
3195 4486 3283 4543 die
3307 4500 3508 4550 sancta

1924 4561 2277 4631 solemnitatis
2330 4574 2433 4620 tute
2475 4568 2769 4635 perducere
2813 4572 3062 4645 dignatus
3105 4592 3183 4631 es.
3246 4580 3353 4637 Fac
3405 4600 3506 4641 nos

1923 4654 2064 4708 diem
2095 4654 2253 4710 istum
2286 4658 2577 4714 nativitatis
2600 4668 2704 4715 tua:
2726 4676 2820 4730 per
2848 4667 3008 4718 multa
3038 4671 3303 4727 curricula
3332 4691 3504 4732 anno-

1922 4758 2039 4798 rum
2067 4746 2117 4799 in
2149 4760 2279 4815 pace
2303 4758 2357 4802 et
2389 4751 2770 4819 tranquillitate
2798 4756 3071 4825 suscipere
3095 4774 3216 4816 cum
3244 4763 3385 4821 fideli
3408 4784 3504 4839 po-

1920 4840 2046 4921 pulo
2070 4850 2179 4895 tuo.
2201 4840 2240 4912 ti)
2263 4879 2277 4895 .
2310 4841 2510 4896 Chorus
2544 4863 2562 4898 :
2592 4844 2783 4901 Amen.
2832 4847 2907 4916 ᾖ.
2941 4848 3042 4905 Per
3080 4846 3504 4921 misericordiam

1922 4918 2092 4997 tuam,
2128 4930 2266 4987 Deus
2316 4943 2521 5000 noster,
2573 4937 2659 5003 qui
2717 4952 2776 4993 es
2827 4938 3139 5000 benedictus
3186 4958 3241 5004 et
3275 4938 3409 5009 vivis
3449 4938 3504 5012 et

1921 5012 2100 5114 ginnia
2142 5022 2283 5095 regis
2328 5023 2379 5077 in
2416 5025 2611 5080 sarcula
2654 5029 2994 5087 saeculorum.
3173 5036 3363 5097 Amen.
3425 5044 3500 5114 ᾗ.

1918 5096 2182 5167 Dominus
2206 5113 2274 5169 sit
2304 5129 2516 5187 semper
2541 5118 2834 5178 vobiscum.
2893 5124 2929 5194 tt
2954 5165 2966 5179 .
3004 5096 3240 5187 Et'cum.
3290 5133 3325 5203 ᾖ
3346 5173 3363 5189 .
3398 5096 3500 5191 έο-

1916 5201 2111 5257 lemnia
2143 5207 2409 5275 completa
2434 5218 2559 5263 sunt
2587 5210 2640 5265 in
2674 5216 2889 5272 nomine
2920 5214 3129 5275 Domini
3162 5201 3329 5278 nostri
3368 5226 3498 5285 Jesu

1910 5288 2111 5381 Christi
2144 5317 2157 5354 :
2188 5310 2370 5355 votum
2401 5314 2639 5360 nostrum
2673 5306 2743 5362 sit
2771 5320 3051 5380 acceptum
3080 5327 3200 5368 cum
3229 5306 3380 5386 pace.
3421 5320 3459 5388 ἡ
3482 5362 3498 5378 .

1910 5372 2022 5445 Deo
2046 5391 2265 5459 gratias.

1910 5502 1994 5571 lli.
2044 5520 2239 5562 meumr
2289 5521 2547 5564 EPISTULA
2597 5524 2784 5568 sanun
2834 5528 3079 5572 sensum
3122 5534 3205 5599 an
3249 5536 3494 5584 samera.

1982 5590 2070 5630 DEI
2117 5592 2363 5632 BIBIANUI
2421 5595 2723 5637 SANTONICE
2765 5598 3028 5640 CIVITATIS
3067 5594 3421 5655 ANTR‘STITEII.

2096 5668 2175 5717 Ea:
2207 5681 2293 5719 ms.
2333 5668 2511 5720 Codice
2541 5669 2695 5724 sancti
2718 5672 2854 5724 Petri
2878 5670 3188 5733 Cai‘nutertsis
3215 5666 3304 5747 (ὁ).

1979 5750 2145 5825 458
2183 5752 2412 5810 Domino
2441 5770 2564 5811 vere
2611 5754 2814 5827 sanCto,
2844 5761 3035 5831 palma:
3074 5766 3487 5840 triumphatione
