4060 6346
593 282 680 346 liful
1319 279 1664 346 APPENDIX
1702 285 1793 343 AD
1831 280 2059 342 OPERA
2101 279 2345 338 SANCTI
2384 280 2690 339 GERMANI
2731 281 3171 342 PARISIENSIS.
3745 288 3829 345 452

592 405 861 468 decorato,
893 410 948 457 et
978 403 1266 471 pontificali
1292 405 1468 458 ofﬁcio
1508 411 1782 464 coronato,
1821 400 2041 454 Bibiano
2087 410 2172 448 or-
2199 395 2252 453 A
2280 395 2522 464 pleverit.
2549 395 2702 464 Apud
2733 408 2828 450 nos
2863 395 3040 463 itaque
3075 410 3142 449 ex
3171 393 3286 462 ejus
3311 393 3674 450 sollemnitate
3697 398 3828 454 absti-

589 494 806 558 todoxo,
838 494 1132 563 Agustinus
1163 495 1254 550 Dei
1289 509 1566 549 servorum
1615 508 1822 556 servus,
1860 493 1910 545 in
1945 490 2172 544 Domino

588 585 834 639 salutem.
872 584 1100 640 Litteras
1129 586 1460 655 apostolatus
1516 585 1703 648 vestri,
1751 584 2029 638 carissimo
2065 581 2172 636 lilio

586 687 771 731 nostro
800 677 1033 748 Trojano
1055 689 1233 734 vestro
1260 680 1486 734 diacono
1513 679 1810 745 deferente,
1841 676 1907 730 ad
1931 691 2026 730 nos
2051 691 2172 743 per-

584 772 797 825 venisse
840 774 1174 840 comperite;
1241 781 1293 826 et
1343 772 1471 826 dum
1517 774 1747 840 sospitas
1789 780 1968 824 vestra
2014 769 2170 824 nobis

582 861 777 916 fuisset
806 864 1098 919 certificata
1131 880 1225 934 per
1249 867 1519 936 paginam,
1550 866 1808 920 immensa
1840 862 2170 918 reddidimus

582 951 694 1008 Deo
726 953 897 1009 laudis
952 959 1238 1026 praeconia.
1273 959 1334 1012 Et
1371 957 1615 1027 quamvis
1688 956 1856 1011 simus
1917 955 2170 1010 absentes

583 1074 828 1129 corpore,
861 1063 1154 1128 praesentes
1184 1065 1365 1109 tamen
1405 1054 1654 1124 ﬂorigera
1682 1053 1928 1118 caritate,
1961 1050 2170 1106 exhila-

579 1155 684 1208 rati
715 1167 898 1207 sumus
931 1151 1085 1206 valde
1136 1164 1232 1219 pro
1263 1149 1564 1204 sanctitatis
1590 1161 1832 1213 rumore,
1887 1154 1945 1201 et
1992 1145 2168 1200 excel-

580 1246 726 1300 lente
753 1244 985 1300 culmine
1032 1241 1320 1297 sacerdotii
1349 1240 1535 1306 vestri,
1583 1240 1674 1309 qui
1723 1239 1880 1309 longe
1913 1237 2086 1290 radiat
2115 1237 2167 1290 in

578 1339 730 1402 orbe,
762 1354 865 1394 non
893 1338 1066 1392 solum
1088 1335 1393 1392 Occidentis
1438 1342 1491 1388 et
1527 1332 1735 1398 Galliae,
1787 1346 1973 1386 verum
2003 1331 2169 1385 etiam

577 1427 813 1485 Orientis
835 1438 885 1483 et
915 1428 1149 1493 Afl‘ricae,
1199 1427 1517 1482 meritorum
1565 1425 1766 1479 lumine
1793 1430 2166 1493 percurrente.

576 1521 802 1576 Oramus
825 1529 1001 1576 autem
1032 1520 1224 1582 Deum,
1275 1528 1334 1573 ut
1363 1518 1562 1572 bonum
1608 1530 1744 1584 opus
1795 1515 1848 1568 in
1893 1512 2046 1567 vobis
2076 1512 2166 1581 qui

575 1614 770 1682 coepit,
839 1614 952 1682 ipse
991 1620 1166 1680 empta
1200 1610 1483 1682 perﬁciat;
1535 1607 1802 1676 simulque
1851 1604 2003 1659 vobis
2040 1617 2170 1672 sup-

573 1704 784 1774 pliciter
829 1704 1087 1774 petimus,
1130 1711 1188 1756 ut
1231 1702 1481 1772 precibus
1511 1700 1705 1756 vestris
1749 1698 1914 1776 adjluti
1964 1709 2193 1755 merea-_

2277 489 2456 542 nentia
2484 504 2514 541 a
2539 488 2797 543 carnibus
2819 488 2902 543 vel
2932 488 3197 558 conjugali
3229 489 3424 557 copula
3458 487 3585 543 filiis
3614 489 3828 551 Ecclesia

2273 578 2558 647 indicatur,
2605 591 2662 635 ut
2704 580 2770 634 ad
2813 580 3155 635 Nativitatem
3187 581 3395 636 Domini
3444 583 3683 637 securius
3717 601 3829 641 com-

2274 672 2568 728 municent.
2600 671 2819 728 Rectius
2844 683 3019 728 autem
3051 673 3153 728 hoc
3174 688 3309 742 opus
3330 675 3383 727 in
3415 677 3590 728 sancti
3617 674 3827 735 Johannis

2275 765 2628 833 conceptione
2685 764 2986 820 instituitur
3027 785 3040 818 :
3100 766 3222 834 quia
3263 766 3376 833 ipse
3422 767 3698 834 praecessit
3739 780 3829 825 ante

2275 856 2587 924 Dominum,
2612 866 2667 914 et
2696 874 2791 929 per
2823 859 3148 928 praeconium
3180 859 3377 928 angeli,
3403 867 3462 912 et
3485 875 3584 929 per
3609 858 3828 930 signiﬁca-

2273 948 2436 1003 tionis
2459 958 2792 1015 contactum,
2851 952 2975 1005 dum
3010 952 3267 1007 Dominus
3296 952 3362 1007 de
3398 953 3656 1020 Virgine,
3684 970 3833 1010 servus

2273 1056 2402 1098 vero
2429 1054 2741 1102 nasceretur
2786 1061 2853 1100 ex
2911 1047 3084 1101 vetula
3111 1058 3165 1102 et
3209 1048 3393 1102 sterile
3427 1058 3639 1115 matre;
3664 1061 3710 1104 et
3749 1051 3834 1120 ipse

2272 1137 2492 1191 clausus
2526 1146 2705 1204 utero,
2734 1137 2981 1191 exultans
3011 1138 3064 1190 in
3094 1137 3310 1206 gaudio,
3331 1139 3584 1194 clausum
3604 1138 3830 1196 Chrismm

2275 1230 2512 1300 Virginis
2559 1232 2679 1284 alvo
2737 1232 2965 1302 mystico
3019 1232 3273 1286 salutavit
3340 1237 3634 1304 praesagio.
3678 1237 3830 1294 Sedet

2273 1322 2488 1390 quando
2517 1321 2794 1376 Iohannes
2823 1323 2990 1377 sensit
3044 1325 3327 1380 imminere
3377 1326 3532 1381 diem
3563 1327 3728 1382 obitus
3753 1331 3830 1395 sui,

2275 1413 2398 1468 ideo
2427 1416 2571 1468 misit
2618 1415 2684 1469 ad
2717 1414 3003 1470 Dominum
3035 1417 3219 1472 dicens
3251 1438 3264 1471 :
3304 1420 3385 1473 Tu
3417 1437 3473 1474 es
3504 1422 3595 1491 qui
3639 1432 3831 1478 rentum

2274 1519 2346 1570 es,
2373 1521 2440 1558 an
2466 1505 2624 1558 alium
2659 1510 3044 1576 exspectamus?
3084 1511 3236 1578 quasi
3281 1509 3500 1566 diceret
3541 1513 3654 1568 illi:
3694 1514 3829 1568 Indies

2273 1596 2402 1651 mihi
2433 1607 2610 1653 utrum
2644 1614 2738 1669 per
2769 1609 2821 1655 te
2851 1601 2916 1655 ad
2939 1601 3133 1657 inferni
3162 1603 3400 1658 claustra
3432 1605 3743 1674 descendas,
3783 1624 3830 1664 an

2275 1690 2341 1744 ad
2368 1691 2698 1746 liberandum
2739 1708 2908 1762 genus
2953 1696 3244 1752 humanum
3277 1700 3448 1754 alium
3503 1702 3829 1772 mittaszqnis

574 1811 696 1852 mur
744 1797 810 1850 de
838 1797 1041 1866 laqueis
1073 1794 1234 1863 hujus
1287 1794 1466 1849 saeculi
1497 1793 1734 1848 liberari.
1786 1791 1864 1845 De
1891 1804 1955 1844 eo
1986 1796 2164 1843 autem
2194 1780 2244 1840 B
2270 1783 2406 1839 sicut
2437 1795 2487 1840 te
2518 1785 2568 1839 iu
2598 1787 2755 1842 terris
2785 1790 2990 1858 positus
3037 1791 3280 1847 docendo
3310 1802 3366 1847 et
3394 1795 3711 1862 baptizando
3732 1812 3828 1866 pra-

575 1889 718 1958 quod
768 1889 922 1943 nobis
970 1888 1166 1957 dignati
1216 1886 1392 1941 fuistis
1448 1887 1746 1955 injungere,
1800 1894 1858 1937 ut
1919 1882 2162 1937 ordinem

574 1980 852 2051 llypponze
883 1978 1162 2049 Regiensis
1189 1979 1460 2044 ecclesiae,
1505 1977 1737 2047 qualiter
1772 1974 1950 2030 divina
1987 1975 2161 2028 ofﬁcia

574 2085 673 2140 per
701 2071 1030 2125 Testamenti
1061 2078 1116 2124 et
1137 2070 1265 2124 Novi
1291 2078 1345 2124 et
1375 2068 1582 2124 Veteris
1609 2068 1858 2138 paginam
1881 2066 2162 2122 annualem

573 2167 830 2235 persolvit
852 2165 1206 2232 harmoniam,
1233 2165 1388 2219 vobis
1411 2165 1645 2232 dirigere
1661 2163 2010 2225 deberemus;
2040 2161 2164 2215 ideo

574 2257 640 2311 ad
665 2271 902 2327 praesens
942 2271 1050 2311 non
1082 2256 1374 2325 potuimus,
1407 2256 1530 2324 quia
1589 2255 1640 2307 in
1691 2253 1828 2307 libro
1859 2254 2161 2306 Exameron

573 2357 788 2401 nostros
806 2348 1043 2401 notarios
1066 2356 1359 2415 occupatos
1383 2344 1734 2401 habebamus.
1757 2343 1866 2398 Sed
1887 2357 2008 2397 cum
2030 2339 2164 2395 illud

572 2456 707 2507 opus
755 2438 939 2505 fuerit,
994 2440 1208 2495 favente
1256 2439 1519 2506 Domino,
1551 2445 2005 2504 consummatum,
2037 2452 2161 2492 mox

571 2531 887 2585 obedientes
922 2538 1101 2584 vestro
1140 2529 1370 2599 imperio
1424 2544 1521 2596 per
1575 2527 1834 2582 famulum
1890 2537 2160 2591 vestrum,

570 2620 740 2675 ﬁlium
769 2623 820 2674 in
860 2619 1076 2676 Christo
1110 2631 1387 2684 nostrum,
1425 2620 1716 2689 Eugepium
1761 2619 2159 2689 presbyterum,

571 2713 724 2767 vobis
751 2713 989 2768 libellum
1011 2712 1339 2781 dirigemus:
1395 2711 1449 2766 in
1490 2727 1597 2781 quo
1647 2711 1806 2766 totius
1836 2711 1963 2765 anni
2010 2711 2164 2780 opifi-

573 2808 713 2862 cium
736 2808 786 2860 in
807 2807 1122 2863 lectionibus
1152 2806 1348 2860 Divinis
1366 2805 1709 2874 perﬂorando
1728 2805 2159 2874 perstrinximus,

571 2902 893 2968 incipientes
934 2897 1177 2953 ordinem
1220 2897 1494 2952 Adventus
1552 2897 1813 2952 Dominici
1861 2896 1928 2951 ab
1975 2904 2164 2952 octavo

575 2990 839 3045 Calendas
888 2989 1125 3044 octubris
1171 2989 1548 3057 aequinoctium
1595 2988 1926 3053 autumnale,
1971 3003 2068 3055 pro
2098 3002 2165 3043 eo

571 3069 712 3152 quod
735 3081 921 3136 eadem
951 3081 1040 3135 die
1067 3080 1340 3135 Johannes
1371 3093 1672 3149 praecursor
1694 3079 1906 3134 Domini
1927 3095 1957 3134 a
1989 3080 2161 3148 majo-

2267 1889 2490 1931 currens
2511 1876 2678 1947 digito
2699 1880 2983 1936 oriendum
3005 1882 3399 1952 demonstravi,
3435 1888 3511 1941 ita
3534 1889 3653 1942 volo
3677 1891 3827 1958 populo

2265 1965 2319 2019 in
2351 1968 2584 2023 tenebris
2615 1970 2900 2039 resedenti,
2947 1983 3000 2028 et
3053 1984 3105 2029 te
3159 1977 3398 2044 quotidie
3446 1981 3727 2049 postulanti
3763 1981 3828 2034 ad—

2265 2070 2482 2114 ventum
2525 2069 2671 2115 tuum
2719 2063 2900 2130 jussus
2954 2081 2984 2119 a
3040 2077 3113 2130 te,
3165 2068 3411 2136 Domine,
3476 2074 3751 2127 nuntiare?
3781 2073 3825 2126 Et

2265 2149 2432 2205 certis
2459 2151 2541 2205 his
2567 2152 2633 2206 de
2680 2155 2856 2208 causis
2910 2156 2962 2209 in
3013 2159 3323 2215 celebritate
3372 2164 3658 2219 Adventus
3686 2164 3826 2218 Domi-

2266 2243 2393 2309 nici,
2427 2243 2765 2300 sollemnitas
2789 2251 3135 2316 anteponitur
3162 2252 3430 2310 Johannis
3460 2256 3725 2325 Baptistae.
3747 2257 3823 2312 Sed

2266 2343 2320 2388 et
2348 2334 2472 2388 vide
2503 2336 2750 2390 ordinem
2781 2347 3078 2408 temporum
3107 2343 3159 2397 in
3189 2343 3423 2414 idipsum
3475 2363 3705 2418 congrue
3726 2363 3823 2402 con-

2266 2426 2598 2482 cordantem.
2650 2429 2706 2484 In
2756 2434 3135 2500 aequinoctium
3186 2439 3457 2504 autumni,
3518 2441 3715 2510 quando
3739 2454 3820 2496 cre-

2273 2526 2430 2573 scunt
2458 2519 2714 2586 tenebrre,
2749 2530 2874 2577 tunc
2901 2524 3127 2579 traditur
3147 2525 3424 2585 Johannes
3452 2531 3614 2584 fuisse
3641 2545 3821 2598 concep-

2269 2617 2385 2673 tus;
2411 2617 2464 2664 et
2493 2610 2594 2665 sub
2621 2620 2799 2665 rotatu
2823 2614 3063 2684 ejusdem
3103 2620 3359 2688 temporis
3390 2636 3601 2691 passus.
3629 2622 3680 2677 ln
3704 2623 3819 2690 aequi-

2267 2702 2505 2756 noctium
2527 2704 2741 2772 quando
2784 2705 2872 2758 lux
2920 2709 3249 2778 extenditur,
3273 2720 3329 2766 et
3356 2714 3594 2768 tenebrte
3617 2715 3818 2767 minuun-

2277 2802 2386 2859 tur,
2421 2803 2548 2848 tunc
2581 2795 2806 2850 traditur
2824 2795 3070 2854 Christus
3099 2810 3153 2855 et
3188 2815 3485 2873 conceptus
3516 2813 3662 2859 utero
3693 2801 3814 2872 Virgi‘

2267 2885 2387 2951 nis;
2418 2895 2471 2941 et
2497 2886 2596 2942 sub
2616 2888 2808 2943 eodem
2846 2890 3112 2946 curriculo
3143 2894 3352 2950 adﬁxus
3400 2897 3640 2967 patibulo
3663 2896 3815 2950 crucis.

2267 2977 2327 3033 In
2353 2980 2604 3046 solstitio,
2638 2981 2690 3035 in
2721 2997 2828 3050 quo
2859 2982 2974 3038 dies
2998 2985 3186 3056 incipit
3215 2989 3408 3056 minui,
3442 2999 3498 3045 et
3534 3005 3632 3045 nox
3653 2987 3813 3058 augeri,

2271 3069 2543 3126 Johaunes
2568 3073 2806 3128 creditur
2852 3084 3028 3143 natus,
3095 3089 3154 3133 ut
3208 3079 3480 3136 famulus:
3533 3083 3585 3136 in
3617 3082 3699 3135 illo
3723 3092 3816 3132 vero

571 3175 720 3229 ribus
751 3174 948 3228 nostris
979 3174 1204 3228 traditur
1225 3184 1278 3228 et
1307 3173 1510 3243 Angelo
1530 3172 1812 3228 nuntiante
1843 3183 2154 3243 conceptus,
2182 3159 2230 3220 (Ξ
2263 3164 2513 3231 solstitio,
2542 3181 2607 3222 ex
2633 3183 2740 3238 quo
2770 3168 2886 3225 dies
2939 3180 3199 3242 augetur,
3232 3183 3286 3228 et
3335 3176 3574 3232 tenebrae
3612 3174 3812 3229 minuun-

571 3277 627 3322 et
657 3266 883 3321 Herodis
937 3264 1136 3321 funesti
1176 3266 1355 3336 gladio
1399 3265 1711 3320 trucidatus.
1743 3264 1841 3321 Est
1868 3274 1922 3320 et
1969 3275 2164 3335 praeter

571 3358 913 3413 Nativitatem
978 3359 1081 3412 alia
1139 3357 1477 3414 sollemnitas
1540 3356 1800 3412 Johannis
1871 3356 2162 3425 Baptistae,

572 3461 761 3521 quarto
791 3450 992 3505 scilicet
1018 3450 1285 3506 Calendas
1329 3449 1683 3520 Septembris,
1731 3450 1946 3518 quando
1971 3450 2162 3506 inven-

573 3554 683 3598 tum
723 3542 915 3612 legitur
967 3552 1126 3612 caput
1181 3542 1436 3598 dominici
1468 3542 1838 3611 praecursoris.
1902 3541 2056 3608 Quod
2105 3551 2162 3597 ut

573 3639 764 3705 opinor
786 3624 1027 3692 decrevit
1059 3637 1178 3690 ideo
1219 3636 1550 3704 dispensatio
1575 3635 1817 3700 Deitatis,
1871 3642 1926 3689 ut
1954 3637 2078 3704 quia
2108 3637 2163 3690 in

574 3732 717 3784 unda
749 3731 1109 3798 baptismatis,
1136 3731 1491 3784 ministerium
1519 3729 1817 3798 dumtaxat,
1869 3729 2009 3795 quod
2039 3738 2163 3786 ante

573 3818 765 3873 faciem
788 3818 986 3872 Christi
1019 3817 1327 3887 praedicavit
1375 3817 1674 3883 Johannes,
1716 3832 1994 3872 sacramur
2022 3834 2164 3874 mer-

571 3911 816 3966 sionibus
839 3911 1020 3972 trinis;
1054 3911 1173 3964 ideo
1199 3909 1432 3964 trifarias
1464 3910 1800 3964 sollemniter
1833 3911 2023 3964 reddat
2061 3913 2161 3966 Ec-

566 4003 743 4057 Eclesia
774 4003 889 4071 ejus
913 4003 1117 4056 laudes.
1148 4001 1216 4055 Et
1237 4001 1359 4070 quia
1390 4000 1457 4054 de
1483 4000 1575 4054 illo
1606 4001 1861 4069 scriptum
1889 4001 2052 4073 459
2081 4013 2164 4058 est

570 4093 792 4147 vocibus
819 4091 1144 4161 prOpheticis
1191 4099 1248 4146 et
1288 4090 1608 4145 testimoniis
1653 4090 1987 4146 Salvatoris:
2030 4090 2164 4146 Ecce

575 4201 668 4253 ego
708 4185 849 4237 mitto
894 4183 1132 4254 angelum
1172 4199 1344 4236 meum
1390 4184 1478 4253 qui
1526 4185 1832 4255 prwparabit
1872 4185 2006 4238 viam
2045 4193 2162 4240 ante

574 4276 759 4342 faciem
782 4283 954 4338 tuam;
987 4274 1107 4329 ideo
1129 4283 1182 4330 et
1212 4275 1280 4329 ab
1319 4275 1433 4345 ejus
1463 4285 1723 4346 conceptu
1755 4277 1836 4332 vel
1869 4278 2019 4332 obitu
2048 4278 2160 4333 Ad-

571 4377 763 4422 ventus
790 4367 988 4421 Christi
1020 4367 1330 4422 inchoamus
1355 4368 1612 4426 officium.
1641 4369 1866 4440 Dignum
1896 4381 1978 4426 est
2006 4385 2156 4426 nam-

572 4476 694 4531 que,
728 4471 786 4516 ut
824 4462 890 4516 ab
917 4462 1103 4516 eadem
1152 4462 1240 4518 die
1270 4477 1438 4532 usque
1486 4463 1549 4517 ad
1582 4463 1918 4520 Nativitatem
1960 4465 2158 4521 Christi

2267 3265 2372 3324 tur,
2403 3266 2563 3314 natus
2595 3271 2678 3315 est
2703 3261 2868 3334 460
2896 3279 2962 3318 ex
2995 3265 3199 3335 virgine
3232 3267 3400 3322 Maria
3432 3270 3687 3324 Salvator.
3736 3264 3812 3318 Pro

2271 3348 2373 3405 hoc
2400 3351 2778 3420 quatripartito
2832 3357 3058 3412 rotantis
3087 3374 3214 3413 aunt
3235 3361 3511 3416 curriculo
3558 3354 3811 3415 etiamlibri

2271 3441 2430 3512 hujus
2489 3443 2647 3499 finem
2692 3446 3036 3504 terminando
3073 3450 3450 3517 distinximus;
3481 3460 3539 3507 ut
3565 3450 3676 3520 quia
3711 3460 3810 3517 qua.

2264 3540 2387 3587 tuor
2414 3544 2657 3604 tempora
2685 3538 2810 3592 anni
2859 3539 2964 3594 isto
3014 3540 3258 3597 videntur
3305 3545 3502 3598 ordine
3553 3533 3807 3599 terminari,

2277 3626 2351 3680 ita
2382 3629 2544 3681 etiam
2575 3639 2803 3698 quatuor
2850 3631 3134 3687 voluminis
3182 3633 3338 3703 hujus
3380 3635 3502 3691 libri
3552 3633 3808 3688 distinuiuut

2280 3717 2508 3774 reddent
2535 3720 2770 3776 ofﬁcium
2822 3737 2918 3790 per
2959 3724 3219 3780 circulum
3271 3729 3419 3794 anni,
3478 3728 3640 3782 instar
3679 3715 3809 3776 sancti

2265 3811 2569 3882 Evangelii,
2591 3814 2737 3882 juxta
2756 3814 2896 3882 quod
2922 3824 3037 3870 rota
3063 3816 3286 3872 inferius
3309 3820 3625 3889 praesignata
3641 3812 3807 3866 videtur

2267 3904 2566 3958 attendere.
2603 3904 2872 3974 Deprecor
2915 3916 3091 3962 autem
3143 3917 3215 3975 te,
3270 3919 3324 3965 et
3371 3923 3560 3964 omnes
3610 3905 3669 3959 ad
3705 3909 3806 3971 ςυο·

2264 3995 2492 4050 formula
2531 3995 2632 4050 ista
2667 3996 2879 4067 legendi
2913 4001 3254 4068 pervenerit,
3287 4009 3344 4055 ut
3369 3994 3701 4069 omnipotenti
3726 3991 3803 4045 Do-

2265 4087 2413 4141 mino
2440 4102 2536 4156 pro
2568 4102 2653 4141 me
2682 4103 2912 4144 exorare
2937 4089 3249 4160 dignemini,
3281 4102 3545 4157 quatenus
3571 4101 3658 4158 pro
3683 4078 3804 4148 hui“

2264 4177 2443 4246 operis
2514 4177 2700 4234 labore
2781 4179 3165 4250 aliquantulam
3234 4183 3374 4252 apud
3437 4186 3604 4252 ipsum
3651 4182 3801 4242 capere

2264 4283 2478 4323 merear
2523 4270 2709 4338 gratiae
2760 4272 3087 4339 portionem.
3158 4273 3289 4327 Data
3334 4272 3596 4329 Calendas
3635 4262 3797 4324 lunias.

2265 4359 2512 4429 Hippone
2535 4361 2721 4432 Regio,
2753 4362 2984 4418 Arcadio
3013 4373 3068 4418 et
3099 4363 3325 4418 bonorio
3366 4364 3596 4435 Agustis.

2335 4451 2581 4508 Feliciter
2649 4453 2858 4525 explicit
2920 4456 3136 4521 epistula
3205 4458 3370 4512 sancti
3433 4452 3656 4527 Agustini
3704 4443 3796 4515 θρί-

572 4555 952 4624 prophetarum
1018 4570 1218 4626 organa
1297 4556 1710 4626 tympanizando
1765 4559 1988 4613 resultet
2056 4559 2155 4614 Ec-

2269 4547 2422 4617 scopi.

572 4650 752 4705 clesia.

643 4745 749 4800 Sed
780 4761 904 4814 quna
949 4755 1073 4802 sunt
1123 4747 1365 4801 nonnulli
1396 4745 1486 4816 qtii
1536 4747 1839 4802 Adventum
1892 4747 2102 4805 Domini
2130 4766 2159 4806 a

573 4833 862 4891 festivitate
891 4837 1034 4893 beati
1095 4837 1301 4891 Martini
1337 4837 1666 4893 Turonensis
1724 4840 1872 4893 urbis
1923 4841 2161 4912 episcopi

569 4927 818 4981 videntur
839 4928 1153 4996 insipienter
1183 4929 1460 4992 excolere,
1494 4944 1593 4983 uos
1615 4944 1707 4984 eos
1737 4944 1842 4984 non
1874 4934 2156 5000 reprehen-

571 5019 769 5085 dimus,
800 5021 922 5089 quia
954 5036 1060 5075 non
1092 5037 1278 5076 omnes
1327 5022 1501 5076 omnia
1555 5031 1798 5089 possunt,
1842 5033 1895 5078 et
1925 5027 2156 5082 maxime

571 5127 689 5167 cum
714 5113 1004 5183 Apostolus
1044 5113 1227 5168 dicat:
1289 5113 1573 5183 Unicuique
1627 5120 1758 5169 sicut
1811 5115 1944 5172 Deus
1987 5121 2155 5174 divisit

570 5223 855 5261 mensuram
879 5208 1016 5276 ﬁdei.
1054 5206 1156 5262 Sed
1177 5207 1332 5276 longe
1358 5208 1512 5262 aliter
1533 5218 1614 5263 est
1643 5208 1915 5278 plenitudo
1953 5211 2156 5266 ordinis

571 5303 627 5349 et
681 5296 951 5364 religionis
984 5305 1200 5350 nostrae.
1237 5297 1491 5350 Martinus
1518 5299 1715 5352 etenim
1747 5311 1962 5355 sanctus
1999 5301 2155 5372 longe

572 5396 695 5456 post
722 5391 1090 5445 ascensionem
1135 5386 1366 5455 Domini,
1401 5391 1480 5444 vel
1511 5399 1635 5459 post
1666 5391 1997 5448 nativitatem
2032 5410 2156 5462 pro-

572 5479 690 5545 diit,
747 5481 831 5535 vel
864 5491 980 5550 post
1025 5491 1248 5536 mortem
1279 5480 1543 5547 discessit,
1593 5481 1787 5550 quippe
1831 5472 1920 5552 qui
1958 5487 2156 5543 nostris

574 5573 905 5642 temporibus
955 5589 1120 5644 pr0pe
1164 5575 1281 5641 fuit,
1323 5574 1564 5644 quamvis
1613 5574 1665 5629 in
1723 5574 1867 5630 brevi
1921 5587 2159 5646 tempore

574 5664 713 5720 fama
744 5667 1043 5722 sanctitatis
1071 5675 1125 5723 et
1153 5669 1367 5723 virtutis
1410 5667 1550 5722 illius
1583 5677 1749 5723 totum
1787 5671 2041 5726 mundum
2071 5689 2155 5728 re-

644 5779 724 5849 (a)
764 5780 897 5836 Vide
925 5797 1046 5852 pag.
1082 5783 1205 5838 “5.

2551 4627 2637 4682 lV.
2692 4643 2862 4682 SEBMO
2914 4643 2966 4682 IN
3005 4643 3203 4684 VICILIA
3251 4644 3561 4686 EPlPﬂaNlE.

2577 4741 2656 4790 Ea:
2687 4737 2837 4789 veteri
2859 4737 3154 4790 Lectionario
3179 4740 3426 4792 Gallicana
3447 4742 3537 4806 (τι).

2339 4844 2555 4900 Audivit
2592 4843 2868 4898 nobiscum
2922 4844 3118 4898 caritas
3145 4855 3343 4910 vestra,
3397 4838 3704 4912 Evangelista
3732 4828 3791 4885 di-

2262 4946 2459 4994 cente:
2509 4936 2637 4991 Cum
2678 4945 2828 4990 nutus
2879 4946 3026 5003 esset,
3080 4938 3273 5009 inquit,
3308 4937 3447 4993 Deus
3494 4938 3545 4990 in
3577 4926 3786 4987 Bethlem

2265 5028 2459 5083 Iuda'a:
2487 5029 2541 5082 in
2569 5027 2744 5082 diebus
2766 5027 2984 5082 Herodis
3008 5031 3138 5100 regis
3171 5049 3184 5083 :
3217 5048 3327 5086 ecce
3353 5031 3488 5102 magi
3517 5026 3723 5082 venerunt
3743 5012 3787 5066 ιδ

2267 5120 2472 5174 Oriente
2513 5117 2880 5188 Hierusolyma
2909 5119 3174 5174 dicentes:
3220 5120 3318 5175 Ubi
3352 5134 3422 5177 est
3458 5119 3543 5189 qui
3569 5121 3696 5169 natus
3729 5106 3784 5157 ut

2264 5210 2379 5265 Rex
2399 5210 2695 5264 Iudaeorum
2718 5211 2741 5263 ?
2773 5196 3005 5264 Vidimus
3026 5212 3164 5266 enim
3183 5214 3385 5267 stellam
3407 5214 3513 5284 ejus
3535 5211 3584 5262 in
3602 5201 3781 5258 Oriente.

2258 5312 2307 5361 et
2349 5305 2580 5358 venimus
2612 5303 2831 5358 adorare
2859 5320 2993 5358 eum.
3035 5303 3184 5359 Felix
3226 5305 3310 5360 illa
3360 5305 3560 5365 civitas,
3613 5294 3776 5348 [Γείτεεν

2260 5398 2348 5454 cui
2376 5398 2511 5452 civis
2543 5406 2697 5450 natus
2752 5404 2835 5450 est
2897 5396 3038 5450 Deus
3068 5399 3080 5451 ε
3115 5412 3235 5463 quae
3274 5397 3539 5467 singulare
3581 5379 3777 5470 merit-unt

2262 5498 2386 5545 ante
2431 5489 2716 5544 adventum
2763 5486 3056 5542 Salvatoris
3105 5465 3405 5556 accipiens,
3437 5483 3591 5556 prima
3614 5465 3774 5528 laudari

2262 5583 2455 5638 meruit
2479 5597 2570 5650 per
2599 5583 2935 5651 prophetam,
2960 5595 3120 5650 quam
3144 5579 3376 5636 disceret
3393 5589 3537 5650 quem
3557 5560 3772 5664 ευωέξδξξς

2261 5679 2408 5734 Felix
2438 5689 2512 5744 tu,
2536 5679 2722 5734 civitas
2747 5677 3020 5734 Bethleem
3050 5677 3062 5730 Ξ
3089 5675 3214 5745 quia
3239 5689 3344 5732 non
3373 5689 3431 5730 es
3448 5664 3642 5728 minima
3666 5654 3772 5707 illm
