4060 6346
290 354 405 451 333

830 390 922 447 AD
966 387 1475 446 PBECEDENTIA
1528 381 1881 442 LlTURGI/E
1937 382 2367 440 MUNUMENTA
2418 383 2762 442 APPENDIX
2800 384 3036 440 PRIMA.

3480 383 3578 440 454

288 510 567 581 principes
594 507 751 565 Juda.
785 507 863 563 Ex
908 516 961 562 te
1009 508 1153 563 enim
1202 503 1413 576 prodiet
1440 502 1555 557 Rex
1604 501 1692 570 qui
1735 505 1887 570 reget
1915 499 2195 571 Avagitus
2256 503 2486 574 majores
2529 504 2761 576 gemitus
2806 505 3109 574 exigebant.
3166 501 3318 557 Nulla
3365 501 3581 569 domus,

292 604 557 675 populum
590 616 768 657 meum
801 599 1026 655 Israhel.
1067 599 1207 667 Quid
1234 598 1343 668 agit
1388 593 1546 661 Juda,
1575 607 1762 649 eorum
1790 605 1897 646 cte-

285 698 432 753 citas
464 695 747 761 mentium,
792 696 884 764 qui
931 694 1221 749 adventum
1263 688 1559 747 Salvatoris
1597 701 1698 743 nec
1735 684 1894 740 intel-

288 792 467 865 ligere
494 799 841 856 meruerunt,
869 805 968 845 nec
1015 804 1176 845 nosse
1204 788 1226 842 ?
1257 786 1538 857 lmpletum
1569 790 1653 839 est
1689 780 1897 837 cunctis

298 885 578 955 prophetae
620 898 937 952 responsum
973 899 985 936 :
1025 881 1359 937 Salvatorem
1388 884 1630 933 nostrum
1666 873 1900 945 prodidit

294 978 513 1034 caelum.
539 975 766 1044 Quando
793 976 935 1031 enim
963 975 1131 1030 latere
1162 982 1392 1043 poterat,
1422 987 1584 1043 quem
1610 970 1752 1026 Deus
1775 975 1900 1023 ante

296 1066 671 1138 pmdixerat?
723 1064 1001 1121 Bethleem
1044 1063 1239 1118 civitas
1276 1062 1489 1131 accepit
1523 1060 1592 1117 de
1635 1057 1899 1115 astriferis

305 1160 557 1228 partibus
591 1160 783 1223 civem,
820 1166 874 1213 et
901 1173 998 1227 per
1027 1172 1224 1212 novum
1256 1155 1483 1212 incolam
1509 1156 1715 1224 grande
1743 1151 1902 1207 meri-

302 1262 424 1308 tum
454 1251 669 1317 transit,
697 1252 822 1321 quia
852 1265 959 1305 non
986 1255 1164 1318 potest
1188 1248 1327 1303 finiri
1375 1246 1517 1318 quod
1545 1245 1766 1302 meruit.
1795 1242 1899 1299 Sed

296 1356 497 1417 postea
548 1360 707 1415 quam
767 1351 951 1413 partus
1002 1342 1093 1397 ille
1133 1341 1335 1396 caelesti
1390 1338 1542 1409 signo
1571 1343 1901 1393 monstrante

299 1446 559 1507 repertus
586 1444 669 1491 est
691 1436 965 1506 visusque,
1001 1449 1184 1505 magos
1230 1432 1533 1489 veneranda
1566 1430 1796 1487 turbavit
1820 1429 1904 1484 in-

298 1529 504 1585 ‘fautia.
532 1528 675 1584 Nihil
706 1528 778 1583 ibi
806 1530 1024 1583 omnino
1045 1527 1412 1582 contemtibile
1439 1526 1493 1580 in
1517 1525 1622 1581 illis
1639 1525 1904 1595 vagitibus

303 1621 433 1686 fuit,
464 1619 585 1690 quia
623 1619 890 1675 humanos
918 1619 1060 1675 Deus
1092 1634 1287 1675 sensus
1324 1619 1571 1688 aspexit;
1614 1616 1709 1672 sed
1752 1626 1904 1688 post-

302 1728 475 1784 quam
515 1711 794 1782 probatam
836 1712 1003 1782 ipsius
1039 1712 1229 1769 sideris
1261 1712 1451 1777 fidem,
1483 1711 1727 1767 fallentes
1765 1710 1906 1781 magi

311 1804 495 1873 regale
524 1813 872 1872 praeceptum,
902 1814 1114 1860 exteras
1142 1814 1364 1859 tenuere
1406 1804 1685 1874 regiones;
1739 1802 1908 1857 Hero-

2002 596 2181 651 nullus
2235 597 2450 652 orbitati
2490 605 2788 653 restaverat
2841 598 3015 661 locus,
3064 595 3154 651 ubi
3205 610 3313 652 non
3356 595 3587 667 diligens

2002 692 2289 747 crudelitas
2319 693 2433 746 fuit.
2468 692 2723 749 iacebant
2751 693 2935 749 brevia
2955 692 3179 747 vulnera
3202 690 3585 757 membrorum,

2001 791 2056 839 et
2110 784 2288 839 velato
2343 784 2494 838 vultu
2538 784 2678 840 tristi
2730 784 2968 840 colorata
3016 784 3219 854 pallore
3272 789 3590 836 cunctorum

2004 877 2273 931 mentibus
2306 877 2572 949 lacrymas
2625 879 2845 933 dabant.
2897 877 3113 933 Minutis
3168 876 3431 932 mortibus
3482 882 3591 929 tota

2004 970 2195 1025 civitas
2223 971 2549 1040 replebatur,
2600 980 2655 1026 et
2705 971 2944 1026 omnium
2975 970 3289 1040 posteritate
3318 975 3589 1033 truncata,

2004 1061 2109 1116 hoc
2135 1063 2307 1117 solum
2327 1062 2516 1128 evasit,
2547 1062 2690 1132 quod
2739 1063 2973 1131 vagitum
3006 1062 3205 1116 habere
3236 1076 3342 1114 non
3375 1058 3589 1113 meruit.

2005 1154 2063 1209 In
2116 1155 2204 1210 illa
2256 1165 2455 1210 matres
2502 1155 2732 1210 filiorum
2794 1154 3087 1224 perniciem
3146 1153 3309 1226 462
3372 1151 3597 1205 intenta

2004 1248 2265 1316 grandine
2306 1246 2622 1311 liberorum,
2660 1261 2765 1299 una
2814 1244 3009 1300 femina
3061 1244 3187 1299 felix
3239 1242 3425 1306 evasit,
3477 1253 3597 1310 quae

2006 1338 2103 1391 fuit
2129 1337 2279 1405 virgo
2304 1349 2422 1405 post
2455 1347 2685 1405 partum.
2718 1336 2856 1401 Quid
2881 1337 3019 1406 juvit
3051 1336 3291 1406 replesse
3324 1342 3401 1389 tot
3442 1335 3600 1387 fune-

2008 1431 2158 1485 ribus
2190 1431 2438 1485 terram?
2481 1432 2608 1500 quid
2658 1431 2857 1501 profuit
2913 1441 3058 1485 tanta
3106 1430 3271 1485 ubera
3314 1429 3600 1488 ﬂuentibus

2008 1521 2263 1587 siccasse,
2313 1537 2434 1576 cum
2483 1520 2717 1576 futurum
2760 1522 2957 1576 malum
2988 1520 3129 1576 Deus
3159 1531 3282 1575 ante
3314 1521 3600 1590 praedixit?

2008 1610 2231 1668 Constat
2286 1629 2412 1684 ergo
2456 1610 2733 1681 Iudaicam
2798 1624 3010 1685 gentem
3074 1613 3314 1669 nascenti
3371 1613 3602 1669 Domino

2010 1721 2314 1776 praeparare
2346 1707 2674 1776 perniciem;
2705 1706 2945 1776 adeoque
2971 1706 3163 1783 eodem
3194 1715 3436 1777 tempore
3458 1708 3603 1764 Deus

2012 1796 2256 1852 Christus
2306 1798 2476 1852 voluit
2524 1797 2743 1868 docere,
2800 1798 2921 1868 quia
2977 1797 3195 1853 Judteus
3241 1812 3350 1852 non
3380 1808 3608 1854 noverat

306 1896 398 1951 dis
438 1898 578 1965 regis
616 1896 847 1951 vitantes
904 1905 1222 1966 aspectum,
1276 1897 1562 1951 voluerunt
1606 1889 2156 1959 monstrarquu0d
2188 1889 2361 1946 ﬁeret.
2421 1889 2528 1946 Sed
2579 1892 2701 1961 quia
2758 1891 3015 1946 Dominus
3068 1890 3312 1945 Christus
3367 1891 3607 1960 passioni

311 1989 527 2060 plenius
548 1988 709 2060 46],
737 1988 879 2058 quod
912 1989 1191 2044 timebant.
1226 1988 1483 2059 Majorem
1516 2002 1609 2043 rex
1632 1987 1907 2043 stimulum

312 2088 501 2149 sentit,
548 2086 771 2140 cuinon
825 2086 1128 2141 ostenditur
1167 2085 1309 2155 quod
1352 2094 1589 2141 veretur.
1642 2084 1747 2139 Sed
1787 2100 1909 2139 cum

314 2175 587 2231 sollicitus
618 2190 745 2241 rex,
768 2183 1041 2229 transacto
1074 2186 1315 2245 tempore
1361 2174 1632 2241 veniendi,
1666 2174 1914 2231 fallentes

312 2279 502 2334 magos
548 2265 792 2320 deviasse
841 2275 1212 2336 cognosceret,
1271 2266 1443 2335 adque
1492 2266 1609 2335 ejus
1666 2266 1908 2320 animum

312 2357 629 2427 incognitus
655 2356 878 2413 infantis
920 2366 1168 2427 aspectus
1198 2356 1424 2412 diversis
1472 2357 1707 2411 motibus
1757 2356 1916 2411 dissi-

310 2459 503 2518 paret;
536 2448 636 2502 hoc
669 2448 900 2518 prodidit
940 2448 1147 2503 crudeli
1178 2456 1293 2504 arte
1317 2449 1547 2514 consilii,
1591 2456 1650 2503 ut
1671 2448 1737 2501 ad
1763 2448 1918 2503 inve-

308 2541 575 2619 niendam
606 2541 938 2596 successoris
990 2538 1292 2605 infantiam,
1325 2540 1622 2595 occidendo
1653 2548 1917 2607 quzereret

309 2634 464 2707 quod
489 2633 713 2699 latebat,
761 2634 901 2689 sicut
949 2633 1207 2703 scriptum
1239 2642 1368 2687 est:
1410 2630 1537 2687 Cum
1582 2631 1770 2685 videret
1805 2630 1917 2685 He-

313 2728 497 2793 rodes,
526 2727 661 2796 quod
687 2726 895 2780 delusus
941 2734 1070 2780 esset
1099 2742 1133 2779 a
1167 2725 1353 2795 magis,
1386 2727 1549 2779 iratus
1581 2724 1916 2790 vehementer,

315 2819 461 2874 misit
490 2829 541 2871 ut
573 2817 925 2871 occiderentur
976 2833 1148 2871 omnes
1177 2818 1400 2888 infantes
1443 2818 1495 2870 in
1539 2814 1823 2882 Bethleem,
1870 2826 1919 2869 et

315 2914 379 2970 in
407 2913 638 2967 omnibus
668 2912 856 2982 ﬁnibus
898 2914 1012 2984 ejus
1051 2928 1081 2963 a
1116 2912 1308 2965 bimatu
1341 2919 1388 2964 et
1430 2910 1592 2983 infra.
1626 2909 1775 2965 Felix
1805 2918 1921 2966 erat

316 3002 487 3063 ludus
518 3005 784 3073 parvulis,
815 3002 1083 3058 moriendi
1126 3002 1394 3071 conditio,
1436 3003 1526 3072 qui
1568 3018 1667 3071 pro
1706 3000 1923 3058 Christo

318 3108 642 3155 meruerunt
670 3097 801 3166 pati.
832 3096 1080 3152 Furentis
1118 3098 1265 3167 regis
1306 3111 1501 3151 vesana
1546 3096 1749 3151 saevitia
1798 3109 1919 3150 mo-

320 3188 593 3248 rientibus
616 3188 812 3259 profuit
839 3207 851 3241 :
883 3189 997 3258 qui,
1017 3188 1143 3242 dum
1176 3202 1545 3243 successorem
1596 3201 1753 3240 suum
1800 3186 1921 3241 dili-

2016 1982 2315 2051 prohibitus
2360 1983 2445 2037 vel
2475 1983 2669 2037 dilatus
2715 1994 2841 2049 est,
2898 1983 3087 2038 maluit
3135 1983 3423 2040 virtutibus
3451 1983 3611 2051 disci,

2015 2088 2177 2144 quam
2208 2083 2332 2130 ante
2357 2085 2567 2145 tempus
2598 2076 2792 2131 occidi.

2021 2175 2081 2230 V.
2139 2190 2534 2232 TESTAlENTUH
2581 2193 2855 2233 ILLUSTBIS
2901 2193 3165 2234 IATBON£
3217 2193 3612 2237 BBIBNTBUDII.‘

2115 2271 2192 2321 Ea:
2217 2270 2516 2335 autographa
2539 2269 2830 2335 Dionysiano
2859 2271 2909 2322 in
2927 2270 3095 2322 charta
3114 2273 3407 2338 1E9de
3422 2274 3516 2338 (a).

2263 2355 2657 2409 sacratissimus
2684 2355 2844 2410 ﬁscus
2873 2354 3161 2426 percipeat.
3193 2355 3249 2411 Si
3282 2370 3409 2411 vero
3434 2355 3611 2414 omnia

2019 2446 2160 2514 quod
2203 2444 2257 2500 in
2286 2445 2427 2500 hunc
2480 2455 2853 2502 testamentum
2900 2447 3243 2503 inserui......
3269 2447 3612 2517 custodieris,

2020 2540 2275 2612 quidquid
2308 2540 2404 2595 tibi
2432 2540 2677 2609 superius
2706 2541 2977 2612 delegavi,
3012 2543 3065 2595 in
3114 2549 3205 2595 tuo
3232 2540 3353 2611 jure
3392 2539 3617 2609 perenni

2025 2645 2267 2704 tempore
2298 2642 2907 2704 permaneant...........
2938 2633 2990 2687 in
3024 2631 3166 2687 hunc
3204 2641 3613 2699 testamentum,

2025 2728 2343 2798 cuicumque
2376 2744 2481 2783 non
2514 2725 2921 2798 depotavi,',tibi,
2950 2726 3262 2783 dulcissime
3292 2727 3389 2795 fili,
3420 2727 3615 2785 habere

2022 2819 2200 2890 cupio.
2228 2819 2627 2875 Similiter......
2682 2818 3093 2875 demandatione
3142 2819 3298 2874 boote
3344 2818 3623 2876 memerita

2024 2911 2341 2968 Deorovaldi
2374 2913 2519 2968 dono
2570 2912 2666 2968 tibi
2718 2927 2892 2968 canna
2944 2921 3197 2985 argentea
3246 2914 3456 2968 valente
3504 2913 3624 2982 plus

2027 3005 2202 3059 minus
2228 3004 2430 3059 solidos
2470 3020 2602 3060 xxv.
2637 3003 2706 3059 Et
2734 3018 2765 3058 a
2792 3014 2942 3074 parte
2982 3019 3100 3061 mea
3130 3005 3272 3060 dono
3322 3004 3415 3059 tibi
3456 3018 3624 3061 cauco

2025 3107 2279 3168 argenteo
2335 3095 2545 3150 valente
2595 3096 2697 3151 sol.
2746 3111 2880 3161 xxx,
2924 3104 2981 3151 et
3034 3095 3378 3152 medietatem
3417 3095 3621 3163 ovium,

2026 3205 2161 3258 quas
2184 3189 2404 3259 Vigilius
2420 3187 2682 3255 adtendit,
2706 3204 2828 3243 cum
2846 3198 3061 3259 pastore
3077 3189 3293 3245 nomine
3315 3187 3620 3259 Gaugiulfo.

322 3280 479 3353 genti
506 3280 817 3335 crudelitate
865 3279 1147 3349 perquirit,
1200 3279 1389 3350 dignos
1441 3279 1610 3333 iratus
1660 3285 1924 3348 martyres
1950 3279 2000 3344 C
2031 3279 2203 3337 Simili
2235 3280 2393 3336 modo
2421 3280 2489 3335 de
2513 3278 2793 3334 Latiniaco
2821 3288 2878 3334 et
2903 3280 3231 3348 Balbiniaco,
3275 3290 3381 3335 tam
3422 3280 3623 3349 vestis,

324 3369 483 3428 fecit.
517 3372 650 3427 Nam
708 3371 968 3438 Herodes,
1002 3387 1161 3440 quem
1208 3380 1417 3426 tantum
1476 3369 1694 3425 ravidus
1734 3384 1926 3427 sensus

327 3461 528 3519 furoris
586 3460 792 3517 facibus
851 3461 1143 3532 eregebat,
1213 3473 1470 3532 quantum
1539 3476 1691 3517 amor
1755 3460 1927 3519 dulcis

322 3556 612 3627 petestatis
629 3555 979 3622 accendebat,
1006 3555 1292 3613 carnifices
1314 3572 1439 3611 suos
1465 3556 1532 3611 ad
1554 3557 1930 3628 inquirendum

329 3646 482 3703 misit
538 3646 805 3714 infantes,
866 3649 1016 3714 quasi
1072 3649 1161 3717 qui
1214 3648 1379 3704 Deum
1443 3656 1625 3718 posset
1686 3650 1931 3706 invenire

327 3752 455 3795 cum
479 3738 661 3793 vellet.
687 3738 922 3808 Pergunt
949 3740 1001 3793 in
1048 3738 1315 3793 civitatem
1347 3738 1576 3794 ministri
1602 3740 1764 3808 regis,
1809 3754 1932 3794 eru-

336 3826 460 3884 dele
525 3836 795 3897 portantes
856 3827 1180 3896 imperium,
1246 3836 1303 3883 et
1351 3828 1543 3883 durum
1604 3838 1931 3898 praeceptum

332 3920 589 3986 ferentes,
615 3921 667 3975 in
699 3920 891 3989 gladiis
923 3919 990 3975 ad
1022 3931 1247 3975 matrum
1282 3921 1550 3990 lacrymas
1575 3920 1929 3977 festinabant.

335 4010 591 4068 lnfantile
635 4012 832 4067 bellum
883 4013 934 4066 in
985 4012 1235 4068 domibus
1277 4012 1595 4082 gerebatur;
1653 4021 1709 4067 ct
1748 4026 1935 4068 secum

335 4099 455 4158 sola
482 4111 751 4173 pugnante
780 4101 1009 4168 saevitia,
1040 4100 1286 4156 orbitatis
1315 4101 1609 4157 crudelitas
1638 4101 1934 4157 eminebat.

338 4192 713 4250 laetabantur
742 4193 795 4248 in
828 4192 980 4248 cunis
1040 4194 1297 4258 infantes,
1345 4193 1398 4247 in
1454 4194 1648 4260 quibus
1700 4193 1937 4248 nondum

335 4294 463 4343 erat
516 4285 775 4341 nascendi
834 4286 1164 4341 conscientia
1213 4303 1225 4340 :
1281 4296 1336 4340 et
1393 4284 1524 4340 illud
1574 4286 1939 4341 membrorum

340 4380 556 4437 initium
610 4380 840 4451 primum
889 4378 1048 4435 funus
1107 4380 1267 4435 discit
1326 4394 1448 4436 esse
1503 4396 1662 4451 quam
1720 4396 1937 4450 corpus.

337 4474 739 4531 Occidebantur
792 4474 937 4531 initia
987 4473 1388 4543 membrorum,
1450 4474 1799 4531 minutissimi
1865 4476 1942 4529 la-

343 4576 589 4634 ctantes,
622 4577 677 4622 et
721 4567 933 4636 accepti
975 4581 1003 4621 a
1052 4568 1314 4623 matribus
1370 4569 1575 4638 parvuli
1626 4569 1680 4624 in
1739 4569 1937 4624 duritia

2031 3390 2189 3446 quam
2211 3388 2442 3430 mramen
2472 3374 2554 3429 vel
2584 3372 2846 3438 utinsilia,
2869 3381 2924 3427 et
2952 3372 3019 3427 de
3065 3372 3303 3428 bovebus
3340 3388 3408 3427 ex
3445 3372 3629 3427 omnia

2032 3468 2393 3533 medietatem,
2424 3466 2539 3533 tibi,
2589 3465 2901 3521 dulcissime
2950 3464 3047 3531 fili,
3102 3464 3301 3520 habere
3348 3463 3627 3533 praecipio.

2032 3562 2154 3620 Pari
2184 3561 2493 3617 conditione
2547 3575 2615 3615 ex
2671 3558 3087 3615 demandatione
3145 3559 3300 3614 bona;
3350 3556 3630 3613 memoriae

2033 3656 2354 3714 Deorovaldi
2409 3656 2552 3712 dono
2600 3654 2718 3721 tibi,
2779 3652 3087 3710 dulcissime
3116 3652 3223 3719 fili,
3275 3650 3342 3705 de
3385 3650 3631 3720 portione

2034 3749 2153 3819 ejus
2185 3749 2325 3805 etde
2354 3748 2681 3820 proprietate
2706 3762 2827 3804 mea
2872 3746 3143 3816 mancipia
3171 3744 3256 3799 his
3286 3742 3629 3811 nominebus,

2036 3840 2383 3911 Unnegiselo,
2423 3839 2803 3906 Aunemundo,
2840 3847 2896 3895 et
2948 3838 3085 3893 filias
3137 3836 3387 3902 Patricio,
3449 3833 3504 3889 id
3548 3841 3633 3891 est

2038 3931 2275 4001 Fedane,
2299 3940 2350 3987 et
2385 3931 2727 4003 Ausegunde,
2773 3940 2829 3987 et
2881 3930 3212 4002 Agnechilde
3260 3938 3318 3985 et
3365 3928 3633 3985 Baecione

2039 4041 2160 4081 cum
2190 4024 2392 4095 gregim
2426 4039 2746 4096 porcorum;
2778 4024 2948 4079 vineae
2989 4022 3273 4093 pedaturas
3291 4021 3446 4085 duas,
3495 4021 3628 4076 sitas

2040 4117 2095 4170 in
2125 4124 2313 4171 monte
2356 4114 2690 4182 Maurilioni,
2735 4129 2867 4184 quas
2914 4112 3318 4169 Theodaharius
3361 4120 3419 4169 et
3473 4111 3630 4168 Gari-

2040 4208 2273 4263 mundus
2295 4207 2497 4263 colunt.
2522 4206 2707 4264 Vineae
2738 4208 2997 4277 pedatura
3026 4206 3205 4271 tertia,
3234 4207 3336 4271 sita
3366 4205 3420 4260 in
3447 4213 3631 4261 monte

2042 4300 2381 4364 Metobaure,
2432 4314 2553 4354 cum
2625 4300 2858 4355 vinitore
2911 4298 3404 4355 Guntrachario....
3454 4297 3639 4352 Vinea:

2043 4391 2296 4461 pedatura
2330 4399 2553 4460 quarta,
2603 4392 2705 4446 sita
2753 4392 3098 4458 Taurimaeo,
3151 4407 3311 4462 quem
3359 4389 3642 4446 Imnerdus

2041 4485 2172 4540 colit
2192 4499 2312 4539 cum
2336 4485 2564 4540 vinitore
2588 4484 2925 4554 Munegisilo.
2953 4484 3135 4539 Vineae
3155 4484 3412 4550 pedatura
3433 4482 3640 4551 quinta,

2046 4575 2145 4629 sita
2178 4577 2229 4629 in
2260 4586 2446 4631 monte
2484 4574 2843 4642 Vultoricino,
2892 4590 3050 4644 quem
3104 4573 3287 4629 Sevila
3337 4574 3487 4641 colit,
3519 4590 3643 4629 cum

345 4660 586 4729 lapidum
637 4660 986 4715 vibrabantur
1013 4700 1031 4727 ,
1090 4668 1148 4714 ut
1204 4660 1270 4716 ad
1323 4661 1685 4716 execrandum
1736 4663 1938 4718 malum
1965 4653 2023 4716 D
2050 4666 2302 4722 vinitore.
2333 4668 2461 4723 Haec
2488 4668 2668 4721 omnia
2708 4682 2869 4736 supra
2921 4666 3117 4720 scribta
3177 4667 3293 4731 tibi,
3333 4668 3644 4724 dulcissime

346 4766 604 4808 saxorum
656 4767 847 4823 aspera
880 4753 1049 4807 moles
1100 4760 1248 4807 artus
1301 4763 1597 4824 spargeret.
1628 4754 1697 4807 Et
1723 4763 1943 4810 necatos

346 4845 566 4916 excepit
616 4846 802 4901 nolens
858 4853 996 4899 terra
1044 4844 1280 4898 conlisos
1310 4886 1325 4911 ,
1374 4852 1533 4913 atque
1585 4844 1779 4899 iterum
1826 4845 1941 4913 ipsa

349 4939 674 4995 mortalibus
720 4938 1051 5009 sepulturam
1102 4938 1352 5007 praebuit,
1400 4938 1488 5007 qui
1539 4938 1742 5007 pridem
1788 4945 1943 4992 natos

350 5033 495 5089 festo
520 5031 778 5100 suscepit.
832 5031 943 5087 Sub
969 5040 1260 5099 conspectu
1292 5038 1521 5084 matrum
1555 5028 1943 5099 premebantur

351 5124 568 5193 vagitus
615 5122 912 5190 infantum,
969 5132 1023 5178 et
1080 5123 1345 5191 lacrymas
1390 5135 1516 5175 suas
1565 5120 1620 5174 in
1672 5128 1945 5175 maternos

352 5216 544 5271 oculos
568 5214 943 5284 reportabant.
976 5212 1230 5270 Salvator
1258 5223 1441 5267 noster
1476 5213 1616 5268 inter
1664 5211 1947 5268 infantium

357 5310 550 5365 funera
594 5308 935 5377 qumrebatur
973 5324 988 5360 :
1043 5307 1132 5375 qui
1182 5306 1247 5359 ad
1288 5306 1388 5360 hoc
1443 5306 1690 5375 permisit
1736 5320 1835 5375 pro
1891 5320 1951 5361 se

357 5404 595 5459 infantes
624 5402 817 5468 occidi,
859 5411 919 5457 ut
971 5416 1067 5470 pro
1116 5399 1232 5469 ipso
1260 5399 1428 5455 ceteri
1475 5400 1743 5455 discerent
1790 5399 1949 5456 mori.

360 5495 630 5553 Natabant
657 5496 848 5550 domus
874 5494 1135 5565 sanguine
1165 5493 1540 5562 parvulorum;
1580 5508 1680 5548 nec
1727 5493 1826 5547 fuit
1864 5494 1953 5563 qui

359 5588 633 5644 consolari
661 5588 888 5642 alterum
920 5597 1122 5656 posset,
1150 5586 1271 5657 quia
1306 5599 1412 5639 non
1438 5593 1554 5639 erat
1577 5586 1666 5655 qui
1693 5585 1958 5656 lacrymas

2052 4759 2146 4824 fili,
2180 4774 2245 4813 ex
2288 4773 2407 4813 mea
2461 4758 2738 4812 voluntate
2791 4757 2877 4811 vel
2924 4772 2990 4812 ex
3046 4757 3463 4815 demandatione
3507 4760 3646 4815 diva

2051 4851 2329 4905 memoriae
2360 4848 2682 4905 Deorovaldi
2709 4849 2910 4903 habere
2935 4850 3216 4906 constitui.
3268 4848 3432 4905 Vinea
3465 4852 3566 4905 sita
3592 4850 3646 4906 in

2053 4950 2235 4998 monte
2257 4941 2419 5012 5.63
2451 4940 2693 4997 Me.......
2722 4956 2879 5011 quem
2906 4940 3318 4997 Habundancius
3356 4942 3502 5009 colit,
3537 4958 3648 4999 me-

2054 5034 2304 5089 dietatem
2360 5044 2559 5089 sancta:
2584 5032 2895 5089 ecclesiae...
2928 5034 3134 5089 eliense
3185 5034 3312 5090 dare
3354 5035 3601 5103 praecipio
3632 5053 3647 5088 :

2053 5126 2209 5180 aliam
2239 5125 2582 5182 medietatem
2627 5125 2695 5181 de
2723 5126 2835 5196 ipsa
2887 5128 3045 5181 vinea
3096 5125 3417 5182 dulcissimo
3462 5125 3646 5194 nepoti

2054 5231 2176 5272 meo
2232 5217 2532 5288 Bertigisilo
2586 5217 2781 5274 habere
2817 5218 3002 5289 jubeo.
3037 5218 3245 5283 Vinea,
3293 5233 3451 5289 quam
3500 5218 3650 5287 Agila

2054 5312 2252 5368 femina
2283 5315 2483 5379 tenuit;
2534 5323 2588 5369 et
2616 5315 2847 5378 vineam,
2887 5330 3045 5384 quam
3102 5313 3470 5381 lmnacharius
3498 5313 3650 5379 colit,

2057 5403 2377 5459 dulcissimae
2408 5406 2552 5474 nepti
2583 5420 2716 5460 meae
2761 5405 3079 5461 Deorovartc
3128 5420 3255 5459 cum
3308 5405 3425 5473 ipso
3474 5405 3651 5460 Inma-

2059 5496 2243 5551 chario
2272 5495 2470 5552 habere
2503 5497 2773 5567 praecipio.
2806 5496 3209 5565 Vineaplantas,
3233 5496 3322 5565 qui
3345 5505 3467 5550 sunt
3493 5509 3652 5551 secus

2060 5591 2270 5645 vineam
2301 5591 2555 5659 Sevilam,
2611 5590 2922 5645 dulcissimo
2978 5586 3162 5657 nepoti
3213 5603 3332 5644 meo
3380 5589 3653 5646 Berterico

365 5696 479 5739 non
504 5680 748 5738 haberet.
781 5681 981 5735 Invicta
1009 5680 1210 5735 orbitas
1260 5690 1481 5734 cuuch
1528 5686 1856 5748 aequaverat.
1906 5686 1962 5733 et
2064 5684 2263 5739 habere
2306 5682 2582 5754 praccipio.
2616 5681 2785 5737 Vinea
2814 5697 2973 5752 quem
3009 5680 3341 5738 Vincimalus
3369 5681 3421 5736 in
3468 5688 3651 5739 monte

362 5784 657 5829 commune
677 5772 1101 5843 malum'ubique
1121 5773 1351 5831 luctibus
1373 5771 1674 5843 gerebatur.
1697 5771 1959 5843 Oppressi

445 5883 524 5955 (α)
562 5884 696 5943 Vide
723 5900 843 5956 pag.
875 5886 1001 5942 184.

2066 5779 2397 5837 Vultoricino
2423 5777 2571 5847 colit,
2598 5785 2653 5833 et
2692 5776 2888 5848 puella,
2920 5778 3137 5836 nomine
3174 5774 3569 5843 Sunnechilde,
3598 5780 3652 5837 et
