4060 6346
568 346 675 405 455

1283 345 1632 409 APPENDIX
1668 346 1762 405 AD
1800 341 2031 400 OPERA
2072 338 2320 396 SANCTI
2361 336 2671 394 GERMANI
2711 333 3158 399 PARISIENSIS.’

3770 330 3861 390 ὥσ

565 459 753 515 ancilla
783 460 1003 529 nomine
1035 461 1240 528 lveriae,
1269 477 1391 516 cum
1426 462 1536 535 ﬁlio
1565 458 1804 517 Leudino
1830 457 2152 527 dulcissima;
2180 456 2237 535 ᾼ
2259 452 2441 509 barius
2481 450 2729 508 similiter
2753 466 2872 507 cum
2903 450 3067 506 boves
3108 457 3162 503 ut
3202 447 3469 503 laborent
3518 445 3715 516 iubeo,
3741 446 3865 501 unde

566 566 713 606 nunc
744 566 880 607 mea:
910 551 1215 608 Bertovarae
1248 554 1645 624 haberejubeo.
1684 555 1810 608 Item
1842 550 2157 623 dulcissimo

564 644 748 713 nepoti
776 658 897 698 meo
946 644 1258 716 Bertegisilo
1289 644 1541 723 ichriarlo
1585 654 1858 718 argenteo,
1911 653 1966 697 et
2006 657 2159 703 man-

564 735 705 804 cipia
732 735 814 790 his
842 734 1182 801 nominebus,
1237 736 1542 804 Sunniullo,
1575 746 1631 790 et
1674 750 1864 791 sorore
1892 733 2009 805 eius
2060 733 2155 813 Gi-

563 827 852 895 bethrude,
885 838 941 883 et
995 827 1131 882 tilias
1154 826 1431 882 Anthimio
1454 869 1467 892 ,
1498 836 1552 883 et
1581 825 1689 881 lilio
1741 827 2024 881 The.......
2072 841 2157 903 nae

564 916 780 989 iuniore
836 919 1036 975 habere
1082 920 1370 974 constituo.
1436 919 1590 988 Νεριί
1642 934 1775 974 meae
1835 918 2157 973 Deorovarar.

565 1010 791 1067 scutella
817 1022 1068 1081 argentea
1093 1014 1399 1075 cruciolata,
1434 1022 1489 1068 et
1517 1014 1781 1083 mancipia
1812 1011 1892 1065 his
1916 1012 2160 1067 nomine-

565 1102 704 1169 bus,
749 1103 1129 1160 Tanecbildem
1181 1105 1616 1176 lmnegunthem,
1663 1105 2062 1175 lmnegisilum;
2104 1115 2159 1159 et

564 1190 785 1250 lectaria
818 1197 884 1250 ad
915 1196 1055 1251 lecto
1082 1211 1189 1253 uno
1211 1200 1298 1268 qui
1332 1199 1523 1253 melior
1555 1197 1733 1265 fuerit,
1773 1206 1829 1254 et
1856 1212 2025 1268 puero
2056 1212 2153 1253 no-

564 1280 715 1343 mine
763 1288 1133 1355 Gundofredo,
1184 1300 1239 1347 et
1270 1293 1463 1346 ancilla
1509 1292 1724 1347 nomine
1753 1291 2152 1361 'l'heignndem,

564 1397 775 1437 necnon
794 1394 842 1437 et
868 1383 1039 1453 puella
1074 1384 1290 1438 nomine
1314 1383 1697 1439 Audechildem
1719 1385 1835 1439 dari
1866 1383 2153 1439 constituo.

562 1472 888 1531 Dulcissimo
945 1475 1123 1546 nepoti
1182 1492 1303 1531 meo
1359 1475 1666 1543 Berterico,
1723 1490 1891 1547 puero
1940 1476 2157 1531 nomine

562 1565 865 1636 Medigisilo
894 1566 1093 1622 habere
1108 1566 1293 1636 iubeo.

2262 548 2441 617 oblata
2492 546 2558 600 ad
2610 545 2836 613 buselica
2885 543 3058 600 sancti
3108 541 3423 607 Sinsuriani
3481 555 3591 613 pro
3645 542 3865 610 requiem

2262 636 2577 695 Deorovaldi
2624 636 2899 707 olTeretur.
2952 635 3119 711 Simili
3170 634 3329 690 modo
3387 633 3592 687 vinea:
3638 632 3864 701 pedatnra

2262 748 2371 809 una
2392 774 2408 800 ,
2441 733 2540 786 sita
2568 731 2912 805 Tauriniaco,
2946 741 3002 785 et
3038 745 3198 801 quem
3230 729 3407 798 Pinpo
3444 726 3624 793 colit,
3648 727 3864 783 baselicze

2262 825 2550 899 Doutni....
2586 826 2730 897 eorgi
2762 824 3022 897 (Georgii)
3045 824 3209 879 Cal...
3240 821 3428 897 (Gala)
3460 820 3592 875 dari
3621 821 3866 891 pracipio.

2261 916 2447 973 Vinea;
2494 916 2745 987 pedatura
2787 931 2921 981 una,
2962 915 3060 969 sita
3104 916 3157 968 in
3201 922 3391 968 monte
3442 911 3697 976 Buxata,
3736 926 3865 980 qnetn

2259 1005 2445 1075 Juvius
2486 1006 2647 1071 colit,
2696 1004 3365 1073 ecclisiae'Boninsiaciuse
3426 1002 3561 1059 dari
3609 1005 3865 1056 constituo.

2260 1082 2461 1168 Vinea,
2492 1115 2649 1170 quem
2677 1098 2902 1155 Uvassio
2933 1100 3095 1166 colit,
3128 1112 3251 1153 cum
3280 1098 3402 1168 ipso
3430 1094 3767 1151 Uvassione.
3803 1134 3815 1147 .
3850 1134 3861 1147 .

2261 1299 2420 1356 quem
2449 1323 2462 1336 .
2488 1324 2503 1339 .
2535 1325 2548 1339 .
2582 1324 2597 1337 .
2636 1325 2647 1338 .
2677 1323 2691 1337 .
2727 1318 2743 1337 .
2782 1324 2793 1339 .
2830 1319 2846 1337 .
2875 1283 3057 1338 colere
3114 1282 3337 1347 debeat,
3397 1279 3675 1336 baselica:
3720 1279 3867 1335 damni

2259 1372 3627 1431 Sinsuriani........oblata.........
3675 1371 3867 1427 ..ὀπί

2259 1469 2546 1524 constituo.
2570 1467 2754 1522 Vineae
2780 1468 3035 1538 pedatura
3055 1482 3188 1529 una,
3219 1468 3319 1521 sita
3340 1468 3399 1520 in
3437 1474 3643 1535 monte
3665 1466 3865 1531 Blixata,

2258 1575 2418 1629 quem
2448 1558 2785 1614 Leudefredu
2813 1560 2967 1623 colit,
3018 1558 3267 1616 basclicte
3297 1560 3486 1613 sancti
3515 1599 3531 1613 .
3576 1601 3590 1613 .
3628 1598 3643 1612 .
3673 1599 3687 1611 .
3721 1598 3736 1614 .
3768 1598 3781 1611 .
3804 1574 3867 1614 εει

580 1652 585 1655 ’
635 1653 892 1711 Baselicis
917 1656 1221 1710 constitutis
1246 1656 1505 1722 Parisius,
1535 1655 1585 1709 id
1609 1664 1692 1711 est
1713 1655 1961 1711 baselicze
1983 1655 2154 1711 sancti
2262 1649 2360 1704 tini
2396 1649 2546 1718 (Leq.
2602 1649 2833 1717 Martini)
2885 1649 2931 1703 ei
2990 1660 3211 1718 perente
3254 1646 3371 1703 dari
3423 1648 3609 1723 iubeo
3638 1688 3653 1702 .
3686 1687 3701 1701 .
3733 1684 3749 1701 .
3773 1688 3786 1701 .
3815 1691 3825 1703 .
3852 1690 3861 1704 .

562 1745 731 1815 Petri,
782 1749 931 1803 urcio
974 1756 1233 1817 argenteo
1284 1749 1491 1802 valente
1538 1748 1755 1803 soledus
1802 1747 2063 1815 duodece,
2105 1755 2160 1803 et
2259 1744 2574 1801 libertorum
2644 1756 2888 1797 meorum
2940 1758 3169 1797 nomena
3218 1745 3295 1798 in.
3331 1780 3345 1795 .
3379 1785 3392 1796 .
3433 1783 3449 1795 .
3484 1783 3497 1795 .
3528 1782 3543 1795 .
3578 1750 3864 1799 testamenta

563 1839 691 1895 ilbla
723 1854 883 1895 aurea
916 1851 1183 1908 gemmata
1212 1839 1278 1893 ad
1313 1849 1494 1895 mento
1523 1838 1639 1893 dari
1664 1839 1953 1894 constituo.
1988 1840 2153 1895 Base-
2184 1855 2234 1939 β
2262 1837 2409 1891 abin.
2444 1877 2459 1891 .
2490 1874 2503 1888 .
2536 1874 2551 1889 .
2588 1876 2601 1888 .
2640 1874 2653 1887 .
2681 1835 2751 1889 cti
2808 1836 3079 1890 constituo
3131 1835 3563 1904 Medibergane,
3642 1836 3860 1902 Honorio,

561 1930 685 1987 lica:
753 1933 965 1987 domnae
1014 1933 1192 1988 Mariae
1246 1941 1438 2003 gavata
1480 1942 1731 2002 argentea
1787 1933 2000 1989 valente
2052 1935 2154 1989 sol.

564 2024 829 2092 duodece,
874 2036 934 2082 et
973 2041 1131 2081 cruce
1172 2042 1334 2082 aurea
1362 2026 1572 2082 valente
1596 2027 1697 2080 sol.
1730 2034 1900 2097 septe,
1934 2027 2046 2082 dari
2071 2028 2159 2099 iu-

562 2118 687 2175 beo.
741 2118 994 2174 Baselicze
1025 2120 1207 2174 domni
1236 2119 1442 2176 Stefani
1493 2119 1652 2175 anolo
1698 2133 1865 2175 aureo
1905 2121 2158 2191 nigellato

562 2210 779 2266 valente
805 2210 907 2264 sol.
938 2220 1185 2280 quatuor,
1210 2211 1328 2265 dari
1362 2211 1504 2266 volo.
1538 2210 1779 2266 Basilica:
1809 2211 1992 2267 domni
2018 2212 2156 2267 Ger-

562 2302 675 2357 vasi
723 2304 883 2359 anolo
933 2319 1118 2373 aureo,
1174 2320 1370 2359 nomen
1422 2319 1599 2358 meum
1657 2304 1709 2357 in
1766 2318 1825 2360 se
1869 2304 2156 2360 habentem

559 2396 849 2461 scribtum,
899 2398 1014 2452 dari
1064 2399 1333 2467 praecipio.
1370 2398 1624 2453 Baselicte
1654 2397 1827 2452 sancti
1855 2396 2159 2455 Sinsuriani

562 2486 725 2557 (Sic),
776 2488 828 2542 in
869 2504 970 2557 qua
1002 2488 1155 2542 bona:
1187 2488 1574 2544 recordatiOnis
1607 2488 1745 2543 [ilius
1773 2504 1922 2544 meus
1954 2488 2155 2544 Deoro-

562 2580 759 2633 valdus
783 2582 1103 2650 requiescit,
1140 2580 1287 2636 freno
1317 2582 1528 2637 valente
1558 2582 1660 2636 sol.
1695 2582 1960 2647 duodece,
1990 2590 2045 2637 et
2070 2596 2160 2637 ca-

558 2671 707 2729 ballo
738 2681 927 2739 strato,
961 2682 1015 2729 et
1040 2689 1261 2730 carruca
1288 2677 1345 2745 in
1374 2691 1472 2744 qua
1496 2674 1687 2732 sedere
1718 2676 1968 2731 consuevi
1995 2720 2009 2745 ,
2034 2690 2154 2731 cum

562 2762 759 2829 boves;
811 2773 864 2819 et
915 2765 1130 2820 lectaria
1166 2783 1285 2821 cum
1317 2769 1463 2822 omni
1516 2779 1743 2824 stratura
1773 2785 1866 2824 sua
1888 2808 1902 2833 ,
1939 2783 2036 2837 pro
2064 2754 2158 2823 de-

560 2854 779 2911 Votione
825 2872 941 2911 mea
996 2866 1051 2913 et
1094 2859 1330 2929 requiem
1380 2860 1701 2915 Deorovaldi
1732 2861 1847 2915 dari
1877 2862 2154 2931 praecipio.

562 2945 684 3000 Alia
712 2962 932 3002 carruca
957 2963 1077 3003 cum
1108 2948 1271 3005 boves
1302 2950 1385 3005 vel
1408 2952 1551 3005 omni
1577 2961 1809 3007 stratura
1837 2966 1962 3019 sua.
1992 2950 2159 3006 eccli-

561 3037 660 3093 sia:
686 3040 791 3094 vici
833 3040 1211 3096 Bonisiacinsis
1243 3042 1354 3097 dari
1375 3042 1559 3113 iubeo.
1587 3042 1847 3099 Similiter
1876 3044 2118 3099 villarem
2138 3083 2153 3110 ,

560 3131 649 3185 cui
693 3133 1008 3188 vocabulum
1062 3142 1146 3189 est
1200 3134 1621 3200 Volonno,.cum
1674 3122 1973 3205 adiacentia
2025 3151 2156 3201 sua,

2267 1928 2695 1994 Gundileubane,
2746 1928 2933 1995 Piane,
2966 1925 3273 1983 Sumthulfo
3336 1924 3702 1993 Ciuecirane,
3767 1926 3861 1981 llic-

2263 2021 2542 2086 chicione,
2580 2023 2731 2075 Maxa
2768 2035 2931 2075 uxore
2960 2018 3293 2091 Chioberga,
3334 2019 3696 2089 Sinderedo,
3730 2020 3859 2091 Angi-

2262 2114 2409 2181 lone,
2466 2113 2799 2169 Leudefredo
2846 2129 2967 2169 cum
2995 2128 3163 2169 uxore
3208 2098 3568 2170 Vuandilone
3601 2157 3616 2179 ,
3670 2112 3858 2170 Chaide-

2262 2223 2427 2275 runa,
2458 2207 2815 2271 Cltilderuna,
2844 2206 3236 2277 Thrasleberga
3257 2251 3269 2275 ,
3306 2206 3739 2262 Tlieodacltario
3759 2249 3770 2271 ,
3793 2204 3858 2259 Vi-

2262 2300 2393 2373 gilio
2420 2315 2540 2355 cum
2573 2315 2739 2355 uxore
2759 2298 3022 2365 Sunnine,
3049 2299 3253 2372 Agione
3282 2315 3414 2354 cum
3454 2300 3578 2365 ﬁlio
3609 2314 3705 2354 suo
3730 2295 3850 2352 Cari-

2262 2392 2421 2461 lullo,
2458 2392 2754 2447 Vinciman
2801 2408 2921 2447 cum
2958 2408 3122 2448 uxore
3161 2392 3458 2459 Maurclla,
3520 2392 3719 2447 Mellita
3760 2405 3852 2446 cum

2262 2484 2375 2540 ﬁlio
2414 2500 2511 2540 suo
2549 2486 2791 2555 iuniore.
2850 2483 3117 2541 Coccione
3146 2501 3268 2541 cum
3300 2486 3413 2541 lilio
3477 2502 3582 2543 suo
3620 2485 3849 2555 Daigisilu,

2263 2576 2532 2645 Mudilane
2562 2590 2685 2631 cum
2716 2575 2841 2631 filiis
2888 2576 2997 2631 suis
3040 2573 3353 2648 Munegisilo
3382 2587 3445 2633 et
3504 2574 3850 2639 Monachrude,

2261 2673 2555 2749 Accbione,
2587 2670 2825 2739 Bonane,
2862 2668 3282 2737 Leubosaintlm,
3306 2670 3537 2726 Gibulfo
3582 2670 3688 2739 lilio
3732 2666 3841 2739 Vigi-

2263 2762 2355 2839 lio.
2391 2765 2785 2831 Dommoruna,
2830 2759 3248 2829 Childerimane,
3296 2763 3541 2829 Basone,
3613 2759 3841 2833 Cbildegi-

2262 2858 2407 2929 seio,
2434 2855 2851 2927 Cltildegunthe.
2899 2853 3215 2911 Chrodulfo.
3248 2895 3265 2913 .
3298 2896 3311 2910 .
3346 2895 3363 2912 .
3396 2858 3573 2932 465
3605 2855 3842 2921 Sindebet-

2260 2967 2417 3029 gane,
2448 2950 2819 3015 Monechilde,
2854 2950 3100 3015 Eterno,
3152 2952 3516 3019 Bauderuna;
3552 2954 3648 3008 hos
3694 2961 3843 3023 omnes

2261 3057 2384 3099 cum
2412 3043 2557 3098 omni
2586 3044 2857 3115 peculiare
2878 3058 3066 3098 eorum
3089 3083 3105 3109 ,
3147 3054 3257 3109 tam,
3283 3044 3503 3100 areolas
3527 3084 3544 3109 ,
3578 3039 3833 3121 hospitiol.

2262 3135 2579 3208 altortellus,
2606 3134 2689 3189 vel
2722 3134 2981 3200 vineolas,
3014 3144 3069 3189 et
3111 3150 3231 3190 cum
3264 3134 3317 3190 id
3344 3136 3497 3208 quod
3538 3135 3591 3188 in
3622 3130 3840 3205 quibusli-

561 3237 722 3292 supra
755 3225 971 3280 scribta:
1006 3226 1233 3280 ecclisia:
1296 3218 1695 3291 Bonis'iacinse,
1729 3242 1827 3296 pro
1858 3228 2155 3284 remedium
2187 3209 2235 3309 (ξ
2268 3228 2359 3284 bet
2381 3229 2541 3284 rebus
2597 3228 2794 3284 habere
2848 3229 3117 3295 videntur,
3172 3224 3370 3286 liberos
3403 3229 3723 3298 'iiberasque
3746 3236 3835 3299 esse

561 3318 757 3373 anima:
786 3332 917 3372 mea:
958 3319 1156 3374 habere
1187 3319 1462 3389 prmcipiu.
1494 3320 1861 3376 Sacrosanctte
1911 3321 2154 3377 ecclesiae

559 3408 793 3465 civitatis
822 3409 1152 3465 Parisiorum
1203 3400 1451 3467 missorio
1481 3422 1753 3483 argenteo,
1800 3412 2011 3468 valente
2049 3413 2151 3470 sol.

561 3502 942 3573 quinquaginta
966 3546 982 3573 ,
1015 3504 1129 3559 dari
1176 3504 1452 3574 praecipio.
1501 3506 1752 3561 Baselicze
1792 3518 1993 3573 sanctae
2023 3508 2159 3585 Cru-

566 3602 659 3650 ces
690 3596 772 3651 vel
805 3595 995 3651 Domni
1021 3595 1270 3651 Vincenti
1298 3598 1550 3652 cocliaria
1580 3608 1829 3668 argentea
1860 3586 1993 3655 decc
2042 3584 2159 3656 dari

556 3687 741 3758 jubeo.
789 3688 1030 3744 Lectaria
1082 3706 1181 3761 par
1208 3707 1338 3756 uno,
1374 3703 1426 3746 et
1470 3692 1776 3747 vestimenti
1808 3693 1913 3748 mei
1947 3695 2160 3764 pareclo

558 3796 670 3836 uno
695 3782 947 3837 fratribus
993 3784 1058 3837 ad
1090 3784 1262 3839 minsa
1310 3785 1557 3840 baselicre
1604 3788 1772 3841 sancti
1806 3786 2009 3843 Dionisi
2046 3788 2162 3847 dari

556 3875 843 3945 praecipio.
880 3875 996 3929 Alia
1024 3875 1237 3943 pareclo
1269 3878 1573 3931 vestimenti
1620 3879 1685 3931 ad
1729 3878 1848 3932 vico
1884 3877 2160 3941 Bonisiaca

557 3963 815 4021 fratribus
858 3966 971 4020 dari
1012 3965 1177 4037 464
1204 3968 1493 4023 constituo.
1533 3967 1716 4023 Tertio
1762 3969 1962 4037 pariclu
2003 3972 2167 4026 vesti-

560 4060 731 4139 menti
758 4058 947 4113 Emilia
970 4059 1036 4114 ad
1067 4058 1188 4114 vico
1218 4060 1329 4114 dari
1367 4060 1551 4130 jubeo.
1586 4061 1714 4117 item
1746 4076 1843 4131 pro
1870 4064 2166 4119 remedium

562 4164 771 4205 anemae
811 4165 945 4206 meae
971 4192 986 4217 ,
1021 4151 1102 4205 vel
1142 4166 1206 4207 ex
1250 4152 1676 4221 demandacione
1720 4144 1878 4209 bona:
1918 4155 2169 4211 recorda-

562 4244 735 4299 cionis
766 4244 842 4298 ﬁli
889 4245 994 4300 mei
1026 4245 1343 4300 Deorovaldi
1371 4246 1554 4300 villam
1577 4290 1592 4315 ,
1621 4246 1707 4301 cui
1736 4247 2058 4302 vocabulum
2086 4262 2171 4325 est

561 4339 856 4404 Latiniaco,
882 4338 985 4393 sita
1034 4339 1086 4393 in
1122 4339 1399 4394 territurio
1430 4338 1706 4410 Meldinse,
1752 4356 1877 4396 cum
1932 4344 2166 4412 campis,

562 4436 835 4490 colonecis
865 4434 931 4491 ad
959 4435 1145 4491 eadem
1178 4438 1511 4507 pertinentes
1532 4478 1548 4505 ,
1582 4452 1702 4492 cum
1734 4438 1901 4511 pratis
1926 4439 2166 4508 pascuis,

562 4529 737 4595 silvis,
758 4532 838 4587 vel
869 4533 1011 4587 omni
1032 4532 1153 4603 iure
1178 4541 1233 4588 et
1257 4535 1490 4588 termino
1521 4548 1637 4609 suo,
1686 4534 1811 4604 quia
1843 4534 1896 4607 in
1922 4533 2170 4603 portione

2260 3321 2549 3411 Ρῗπείρίοὲ
2582 3331 2637 3376 εί
2673 3319 2933 3392 (ἰυίάίιυίἀ
2976 3320 3169 3377 exinde
3214 3321 3399 3380 facere
3463 3317 3836 3385 voluerint.l1a-

2258 3413 2422 3493 beant
2451 3413 2677 3468 liberam
2707 3421 3024 3483 potestatem

2332 3506 2589 3583 Similiter
2636 3504 2936 3560 Mumolane
2976 3519 3100 3561 cum
3141 3505 3289 3573 omni
3317 3507 3597 3577 peculiare
3650 3516 3736 3577 suo
3776 3499 3832 3573 in;

2294 3615 2495 3677 enuum
2519 3613 2639 3655 esse
2667 3598 2920 3668 prrecipio
2952 3617 2965 3651 :
3000 3598 3287 3656 luminaria
3328 3609 3545 3667 tantum
3567 3608 3618 3657 ω
3646 3591 3829 3655 cecidi!

2294 3615 2495 3677 enuum
2519 3615 2639 3655 esse
2667 3615 2920 3668 pI‘EBClplO
2952 3617 2965 3651 :
3000 3615 3287 3656 luminaria
3328 3615 3545 3667 tantum
3567 3615 3618 3657 tu
3646 3615 3829 3655 πρίαμ

2262 3615 2541 3767 ἓρηὶεἱδοδ
2606 3692 2915 3761 ministrare
2970 3691 3204 3761 stodeat.
3277 3692 3693 3775 Vualacbarmm
3738 3700 3830 3755 cum

2265 3787 2413 3853 omni
2441 3785 2711 3857 peculiare
2723 3801 2843 3851 suo,
2863 3795 2919 3841 et
2944 3800 3065 3842 cum
3086 3786 3252 3843 boves
3281 3802 3424 3859 quos
3462 3787 3677 3858 baiotit,
3712 3783 3826 3851 inse-

2266 3893 2437 3951 nuum
2481 3893 2548 3945 ea
2586 3877 2905 3934 condicione
2927 3891 3047 3934 esse
3071 3877 3258 3949 iubeo,
3306 3888 3365 3936 ut
3395 3880 3541 3952 ligna
3580 3869 3825 3932 tantumad

2268 3970 2447 4047 oblata
2508 3968 2812 4045 faciendum
2869 3969 3179 4041 ministrare
3203 3982 3482 4045 procuret.
3532 3962 3823 4031 Gundeftido

2271 4078 2393 4125 cum
2424 4063 2588 4137 boves
2614 4062 2752 4121 duos
2779 4064 3024 4137 laborare
3052 4066 3325 4139 praecipio,
3352 4069 3496 4124 unde
3524 4080 3647 4123 cera
3670 4062 3729 4117 ad
3748 4060 3819 4121 h-

2273 4156 2439 4225 seliea
2490 4156 2676 4229 domui
2727 4156 3031 4221 Sinsuriani
3094 4169 3457 4230 comparetur.
3527 4156 3813 4217 Martiniano.

2275 4251 2631 4327 Theoderuna
2685 4267 2807 4327 cum
2852 4252 2959 4321 lilio
2998 4268 3098 4310 suo
3143 4255 3380 4322 seniore,
3424 4271 3548 4317 cum
3599 4246 3817 4325 ναίω

2274 4359 2462 4419 eorum
2479 4387 2492 4412 ,
2521 4346 2836 4420 sicutsupra
2863 4346 3049 4407 scribti
3078 4347 3437 4419 benemereti,
3467 4351 3707 4419 ingenuos
3725 4351 3814 4396 esse

2273 4436 2459 4519 iubeo.
2491 4438 2662 4515 Simili
2711 4440 2872 4523 modo
2913 4456 3011 4510 pro
3045 4444 3345 4509 remedium
3387 4447 3581 4505 anima:
3616 4450 3747 4500 mea.
3769 4439 3811 4487 α

2278 4544 2345 4589 ex
2376 4530 2790 4601 demandatione
2813 4532 2886 4587 liii
2916 4533 3025 4605 mei
3047 4533 3386 4603 Deorovaldi,
3418 4534 3646 4605 Gygone.
3666 4527 3811 4593 $00M-

2286 3758 2291 3767 ρ

562 4616 724 4691 supra
748 4625 1026 4679 memorati
1051 4623 1142 4679 ﬁlii
1160 4626 1265 4679 mei
1289 4606 1602 4680 Deorovaldi
1622 4610 1860 4699 obvenit,
1881 4641 2002 4699 cum
2020 4627 2165 4682 omni
2192 4605 2249 4703 ξ)
2274 4623 2406 4680 redo
2436 4639 2559 4703 cum
2591 4638 2761 4691 uxore
2781 4623 3097 4697 Goderuna,
3142 4626 3508 4699 Tlteodonivia
3535 4664 3554 4692 ,
3599 4609 3808 4679 Bamb

567 4713 874 4788 integritate
902 4715 1146 4771 basclicre
1168 4716 1339 4771 sancti
1375 4716 1671 4771 Sinsuriani
1693 4758 1707 4782 ,
1760 4717 1848 4771 ubi
1897 4718 2167 4787 sepultura

564 4809 768 4867 habere
824 4811 1143 4875 dinuscitnr,
1190 4825 1288 4891 pro
1317 4811 1558 4889 requiem
1599 4810 1715 4879 ejus
1739 4810 1853 4891 dari
1881 4811 2161 4891 praecipio.

565 4901 828 4959 Similiter
882 4903 1148 4970 porcario,
1180 4888 1415 4957 nomine
1446 4888 1780 4981 Gundila‘ne,
1813 4888 1933 4967 cum
1957 4903 2158 4976 gregim

563 5010 884 5067 porcorum,
935 5004 989 5051 et
1034 4988 1366 5051 Baudomere
1403 5010 1527 5050 cum
1571 4994 1773 5073 gregim
1832 4996 2052 5062 ovium,
2103 5006 2159 5054 et

563 5096 757 5157 troppo
800 5072 1187 5163 iumentorum,
1234 5088 1332 5163 'qui
1382 5097 1507 5142 sunt
1533 5076 1597 5141 ad
1622 5101 1779 5156 supra
1808 5089 2005 5165 scripta
2037 5088 2165 5165 villa

563 5178 877 5247 Latiniaco,
928 5158 1249 5249 supradictae
1273 5178 1519 5259 baselicte
1542 5174 1714 5255 sancti
1745 5156 2043 5261 Sinsuriani
2075 5158 2173 5235 ba—

565 5275 694 5329 bere
733 5274 896 5344 iubeo

641 5363 904 5421 Goderico
943 5373 997 5421 et
1026 5364 1332 5423 Gunderico
1372 5365 1425 5421 in
1467 5381 1630 5437 supra
1676 5365 1927 5434 scriptam
1954 5363 2169 5427 villam,

568 5470 725 5527 quem
769 5457 1015 5513 baselicaa
1059 5459 1242 5515 domni
1281 5457 1582 5516 Sinsuriani
1607 5458 1868 5527 deligavi,
1900 5456 1970 5510 ita
1992 5454 2156 5525 iubeo

568 5558 625 5602 ut
677 5548 956 5615 laborent,
1000 5551 1141 5607 unde
1188 5552 1255 5607 ad
1286 5554 1399 5622 ipsa
1442 5544 1674 5606 basileca
1726 5549 1905 5605 oblata
1944 5546 2159 5602 cotidize

569 5640 924 5697 ministretur.
951 5641 1209 5699 Leudull‘o
1236 5660 1357 5699 cum
1388 5644 1566 5707 vinea,
1596 5656 1755 5712 quem
1779 5639 2033 5696 Sabucito
2061 5653 2158 5694 co—

570 5735 665 5801 iit,
697 5734 764 5789 ad
792 5737 1047 5801 oraturio,
1073 5738 1160 5806 qui
1204 5745 1287 5794 est
1318 5738 1369 5792 in
1396 5734 1515 5791 villa
1554 5726 1849 5811 Latiniaco‘,
1895 5732 2037 5787 unde
2064 5731 2160 5791 ibi-

572 5824 696 5883 dem
718 5826 897 5884 oblata
934 5802 1217 5895 occurrat,
1243 5828 1358 5884 dari
1380 5830 1522 5883 volo.
1559 5802 1875 5898 iiaudull‘us,
1918 5825 2165 5885 Sumtha-

2272 4718 2391 4782 via,
2424 4718 2650 4797 Carene,
2681 4718 2913 4789 Patricio
2958 4734 3081 4791 cum
3110 4735 3277 4777 uxore
3303 4719 3531 4783 Eusebia
3551 4756 3567 4783 ,
3600 4706 3806 4779 Daer

2271 4825 2394 4869 cum
2426 4826 2593 4887 uxore
2621 4811 2885 4881 Aurovela
2905 4852 2921 4878 ,
2964 4812 3319 4880 Ciuncileuo,.
3360 4802 3688 4873 Blidemundll
3711 4807 3799 4887 εφη

2267 4904 2377 4969 alia
2420 4903 2776 4979 Blidecbilde,
2834 4902 3154 4969 Manileubo,
3199 4903 3515 4973 Trasilane,
3554 4886 3800 4979 E11me

2264 4994 2548 5055 lmneredo
2608 4976 2731 5049 cum
2784 5008 2957 5065 uxore
3001 4994 3218 5067 Torigia
3245 5037 3259 5061 ,
3312 4989 3588 5063 Chadulto,
3632 4976 3799 5047 Διτίάίι,

2279 5086 2607 5157 Bocculane,
2635 5084 2958 5157 Babicco‘no,
2981 5083 3340 5153 Gunthivera;
3389 5085 3491 5155 hos,
3518 5087 3684 5147 οωιιοβ
3712 5076 3799 5164 “fu

2276 5179 2425 5236 omni
2454 5178 2724 5251 peculiare
2749 5222 2763 5246 ,
2814 5187 2925 5247 tam
2950 5179 3179 5245 areolas,
3207 5193 3373 5249 quam
3416 5167 3709 5244 hospiciula,
3746 5170 3796 5210 vt-

2276 5273 2462 5327 neolas
2489 5270 2573 5327 vel
2613 5270 2897 5336 bortellus,
2949 5284 3069 5327 cum
3098 5269 3153 5325 id
3180 5264 3585 5340 quodprasenti
3609 5260 3795 5340 ιοωροςο

2277 5364 2479 5419 habere
2505 5363 2774 5435 videntur,
2824 5364 3085 5437 ingenuus
3125 5336 3244 5421 esse
3290 5336 3791 5431 coitstituo,B§llld““°

2277 5466 2334 5535 et
2357 5456 2757 5533 Sumthabario,
2802 5470 2924 5527 cum
2954 5458 3119 5527 boves
3145 5454 3564 5527 quosqbaiolam,
3602 5438 3793 5537 hlium?

2262 5532 2540 5621 praecipio.
2573 5532 2713 5603 unde
2743 5547 2919 5603 oblata
2973 5549 3039 5627 ab
3071 5547 3303 5607 baselica
3335 5548 3521 5617 Domni
3541 5532 3779 5627 δὶαδυτψξξ

2259 5639 2457 5715 iugiter
2500 5639 2853 5711 ministretur.
2900 5621 2985 5697 Ita.
3015 5640 3108 5709 do,
3149 5642 3219 5696 ita
3262 5640 3391 5713 ligo.
3423 5641 3492 5695 ita
3534 5636 3694 5699 κείων

2264 5752 2363 5811 vos
2409 5737 2538 5805 mihi
2589 5737 2809 5807 Quiritis
2837 5738 3201 5811 testimonium
3245 5740 3592 5810 perhibetote;
3632 5722 3779 5781 om“!

2268 5831 2554 5904 citeraeque
2585 5830 2834 5901 proximi,
2864 5832 3262 5917 proximeque,
3292 5826 3565 5917 «heredis,
3714 5820 3780 5863 α’
