4060 6346
206 299 340 358 837

784 297 879 357 AD
1494 293 1849 373 LITURGM‘I
1899 290 2328 351 NONUMENTA
2376 292 2723 352 APPENMX
2762 291 2993 349 PRIMA.

3429 301 3535 359 458

206 424 351 473 tote
380 434 395 470 :
424 406 715 499 proculque
735 414 985 473 habetote
1006 414 1191 488 siquae
1210 417 1385 473 litura
1405 416 1488 489 vel
1508 422 1840 470 caraxatum
1865 409 1922 471 Δ
1944 408 2085 463 mani
2125 425 2161 463 a
2198 407 2373 464 Pratis
2428 426 2574 476 mm,
2632 409 2782 477 ibid.,
2833 409 2889 462 in
2930 407 3084 464 Coma
3111 406 3373 479 Domini).
3405 405 3535 465 Post

208 508 281 565 in
320 508 435 565 hoc
464 517 785 589 testamento
810 524 930 575 meo
960 519 1115 580 sunt,
1163 524 1263 581 ego
1309 510 1411 566 feci
1445 509 1665 578 fierique
1692 522 1837 578 prae.

210 598 383 671 cipi,
428 599 557 655 dum
605 601 736 656 mihi
786 602 979 677 sapius
1008 603 1151 658 volui
1180 603 1476 660 recenseri.
1505 602 1644 657 Addi
1676 604 1837 657 etiam

213 694 531 759 constitui,
579 693 772 763 siquis
814 705 1003 751 contra
1034 697 1176 753 hunc
1223 706 1600 767 testamentum
1652 695 1840 751 venire

214 784 509 853 voluerit,
527 774 627 841 aut
653 786 981 844 voluntatem
1008 804 1179 844 meam
1192 790 1263 846 \in
1292 790 1469 859 aliquo
1490 803 1840 858 corrumpere

217 879 622 948 temptaverit,
661 894 689 932 a
722 882 1368 940 communioneoomnium
1393 891 1701 937 sanctorum
1727 888 1781 936 et
1809 898 1839 938 a

219 969 547 1028 limenehus
573 973 921 1029 ecclesiarum
971 976 1249 1033 el'ﬂceatur
1272 986 1587 1043 extraneus,
1617 984 1671 1031 et
1695 976 1843 1031 insu-

218 1076 334 1134 per
386 1073 511 1121 ante
564 1065 797 1122 tribunal
846 1067 1045 1145 Christi
1092 1070 1453 1125 anathimatus
1503 1076 1843 1138 permaneat.

222 1156 437 1227 Actum
483 1157 719 1233 Parisios
764 1160 865 1215 sub
911 1160 1000 1217 die
1035 1171 1089 1216 et
1125 1170 1368 1231 tempore
1410 1177 1575 1234 supra
1616 1164 1835 1234 scripto.

222 1244 469 1317 Signum
516 1247 557 1321 1-
601 1248 1048 1323 Erminethrudize
1098 1236 1402 1309 testatricis.
1442 1255 1483 1326 -ι-
1521 1240 1846 1313 Mummolus

223 1352 408 1412 com.,
433 1330 656 1419 rogante
685 1354 738 1400 et
779 1355 1040 1417 praesente
1073 1346 1488 1415 Ermenthrude,
1520 1347 1663 1407 hunc
1684 1358 1849 1406 testa-

224 1442 481 1489 mentum
528 1436 675 1492 subs.
724 1435 960 1504 Scupilio
1006 1438 1295 1508 spatarius,
1345 1448 1568 1511 rogante
1598 1439 1849 1499 Ermine—

225 1524 494 1601 thrudiae,
529 1528 651 1584 huic
700 1537 1080 1586 testamentum
1138 1530 1290 1587 subs.
1321 1546 1413 1587 no.
1456 1532 1546 1587 die
1596 1540 1652 1587 et
1706 1547 1848 1590 anno

225 1620 439 1688 quibus
509 1637 694 1692 supra.
752 1622 1134 1697 Munegiselus,
1192 1636 1415 1697 rogante
1470 1634 1527 1681 et
1581 1635 1850 1703 prasente

225 1707 739 1785 Ermminethrude,
770 1714 914 1771 hunc
935 1725 1315 1777 testamentum
1361 1726 1481 1789 test.
1519 1758 1536 1775 .
1572 1757 1588 1772 .
1625 1759 1641 1774 .
1669 1758 1685 1773 .
1711 1757 1728 1775 .
1754 1733 1848 1779 no.

225 1870 427 1956 tensor
661 1870 921 1961 Eusebius
944 1870 1170 1977 rogatus.
1184 1907 1251 1963 ab
1270 1870 1686 1964 Erminethrude
1707 1908 1853 1966 hunc

228 1999 618 2050 testamentum
641 1996 852 2066 scripsi,
885 1997 1044 2067 relegi
1074 2007 1126 2052 et
1173 1999 1322 2054 subs.

372 2086 451 2143 Ea:
476 2090 756 2137 testamenta
780 2087 930 2139 sancti
952 2088 1161 2151 Remigii
1186 2090 1477 2141 Rhemarum
1500 2088 1733 2156 episcopi.

312 2164 421 2222 Vas
460 2177 770 2239 argenteum
808 2171 998 2227 decem
1047 2183 1099 2227 et
1141 2181 1265 2229 octo
1290 2173 1548 2230 librarum
1586 2176 1724 2232 inter
1769 2182 1845 2247 te,

232 2256 402 2314 heres
456 2274 573 2315 mea
603 2258 861 2332 (Ecclesia
894 2264 1217 2335 Rhemensis)
1261 2276 1315 2320 et
1367 2266 1646 2323 dimcesim
1698 2278 1847 2325 tuam

231 2351 546 2407 ecclesiam‘
573 2352 1013 2424 Laudunensem,
1057 2356 1208 2411 factis
1249 2358 1327 2429 (id
1351 2370 1426 2413 est
1447 2361 1720 2434 faciendis)
1747 2379 1845 2435 pa-

234 2445 383 2519 tenis
412 2455 572 2517 atque
617 2447 873 2503 calicibus
900 2448 968 2504 ad
1018 2449 1375 2506 ministerium
1401 2464 1805 2511 sacrosanctum
1825 2498 1842 2524 ,

235 2550 402 2609 prout
445 2540 628 2607 valui,
662 2540 770 2596 Deo
824 2553 1093 2598 annuente
1140 2542 1411 2599 distribui.
1434 2544 1601 2615 {Aliud
1632 2561 1727 2603 vas
1757 2563 1845 2603 ar-

238 2638 527 2702 genteum,
585 2632 725 2703 quod
770 2632 901 2689 mihi
931 2634 1171 2689 Domnus
1214 2634 1436 2691 illustris
1480 2636 1845 2696 Cbludovicus

240 2722 425 2794 (quem
453 2725 518 2779 de
546 2740 699 2781 sacro
746 2726 1081 2797 baptismatis
1128 2727 1275 2785 fonte
1327 2731 1565 2803 suscepi)
1639 2732 1845 2790 donare

240 2813 487 2884 dignatus
512 2817 623 2882 est',
656 2817 749 2871 tibi
772 2816 955 2873 heredi
1000 2833 1133 2873 meae
1170 2819 1414 2876 ecclesiae
1446 2835 1611 2891 supra
1638 2838 1844 2880 memo-

240 2917 374 2962 rata:
391 2908 555 2976 jubeo
585 2908 897 2964 turriculum
923 2920 973 2964 et
1001 2910 1349 2981 imaginatum
1378 2913 1603 2969 calicem
1647 2914 1724 2986 (a)
1759 2916 1841 2969 fa-

241 3000 459 3056 bricari.
492 3041 505 3054 .
534 3038 550 3054 .
582 2999 882 3071 ,Vineam,
939 3018 1098 3071 quam
1136 3002 1489 3060 Bebrimodus
1536 3004 1693 3074 facit,
1747 3006 1845 3063 tibi

244 3102 471 3153 eatenus
509 3093 844 3164 derelinquo,
875 3103 931 3149 ut
975 3094 1164 3150 diebus
1190 3095 1345 3153 festis
1375 3106 1430 3153 et
1453 3100 1704 3155 omnibus
1738 3100 1842 3156 Do-

246 3187 475 3269 minicis,
506 3186 672 3242 sacris
699 3188 952 3269 altaribus
974 3202 1089 3243 mea
1112 3189 1367 3244 oll‘eratur
1384 3190 1586 3245 oblatio
1607 3192 1683 3265 (b)
1704 3232 1717 3247 .
1747 3232 1761 3245 .
1792 3232 1807 3269 .
1835 3234 1852 3252 .
1883 3186 1931 3251 C

246 3267 469 3335 Vineam
496 3278 585 3346 do,
617 3295 773 3349 quam
833 3280 983 3347 posui
1027 3279 1362 3335 Vindonissae
1388 3322 1403 3349 ,
1436 3282 1537 3337 sub
1564 3297 1626 3337 ea
1669 3267 1857 3339 condi-

248 3371 411 3438 tione,
462 3380 579 3427 uta
610 3372 850 3442 patribus
888 3373 1022 3439 suis,
1069 3373 1320 3428 omnibus
1370 3374 1561 3430 diebus
1608 3374 1763 3433 festis
1792 3393 1855 3435 ac

251 3464 557 3529 Dominicis,
586 3481 679 3535 pro
707 3465 1225 3521 commemoratione
1251 3480 1372 3521 mea
1394 3466 1565 3522 sacris
1590 3468 1853 3526 altaribus

250 3556 503 3635 olleratur
525 3540 748 3613 oblatio.

558 3674 648 3741 Vl.
692 3692 1009 3733 rescissum
1048 3691 1524 3735 ειειιικοΝιΑιιυκ.

252 3789 332 3847 De
383 3792 621 3859 passione
677 3806 784 3847 nan
828 3789 1049 3862 legenda
1100 3790 1378 3849 ﬂaminica
1424 3788 1739 3851 Palinurum
1793 3793 1855 3849 in

769 3864 938 3917 missis
956 3862 1165 3932 privatis
1190 3862 1284 3932 (ε),

321 3973 597 4035 ﬂaminica
625 3974 677 4028 in
703 3972 924 4041 Paimis.
960 4013 975 4029 .
1011 4011 1026 4028 .
1061 4012 1075 4027 .
1105 4013 1119 4027 .
1145 3972 1465 4039 Sacerdotes
1506 3972 1573 4035 ad
1618 3973 1854 4043 privatas

256 4068 444 4129 missas
477 4082 635 4135 unam
667 4075 873 4133 tantum
903 4065 1199 4138 collectam
1219 4065 1430 4137 dicant;
1458 4065 1847 4139 Evangelium:

261 4156 389 4223 Cum
414 4160 912 4229 appropinquasset;
942 4157 1248 4229 passionem
1297 4157 1475 4227 nullus
1526 4156 1701 4235 legat,
1742 4157 1849 4214 nisi

257 4252 445 4319 iratres
468 4253 561 4321 qui
586 4252 638 4307 in
671 4252 865 4321 formis
887 4260 1129 4319 cantant.
1155 4250 1536 4322 (Lanfrancus,
1565 4252 1621 4317 in
1641 4249 1845 4319 Deerat.

256 4361 346 4415 pro
372 4345 485 4399 ard.
513 4349 678 4400 sancti
703 4343 926 4412 Bened.,
954 4360 1076 4417 pag.
1105 4344 1260 4414 260.)

326 4437 381 4494 In
410 4436 594 4499 Ramis
623 4436 925 4497 Palmarum
977 4437 1045 4505 ad
1074 4434 1445 4503 matutinalem
1469 4435 1689 4493 missam
1716 4451 1850 4505 non-

257 4530 359 4599 nisi
385 4544 485 4584 una
515 4528 750 4599 Collecta
780 4538 864 4587 est
891 4529 1150 4603 dicenda;
1183 4543 1282 4586 nec
1311 4528 1491 4601 passio
1513 4529 1728 4600 legitur,
1752 4528 1847 4586 sed

259 4621 345 4691 illa
373 4630 576 4691 tantum
622 4621 781 4697 iactio
832 4622 1004 4691 sancti
1035 4619 1315 4693 Evangelii
1349 4619 1519 4676 :Cum
1565 4622 1851 4693 αρρνορὶηο

259 4721 427 4787 quaret
477 4710 647 4769 Iesus.
679 4712 839 4787 Quod,
862 4713 1025 4770 etiam
1073 4712 1283 4771 cunctis
1331 4711 1725 4781 sacerdotibus,
1756 4716 1847 4785 qui

259 4802 495 4875 privatas
540 4804 734 4871 missas
759 4804 1126 4873 cantaverint,
1163 4802 1491 4873 praecipitur,
1536 4813 1593 4861 ut
1628 4803 1737 4863 sint
1760 4818 1853 4874 pa-

260 4895 358 4965 rati
395 4896 462 4950 ad
490 4894 625 4955 duas
664 4895 1043 4973 pracessiones
1073 4909 1195 4973 quae
1222 4894 1315 4963 illo
1335 4894 1425 4951 die
1451 4902 1578 4969 sunt
1605 4895 1845 4965 agendas.

260 4987 579 5065 (Udalricus,
608 4989 662 5045 in
688 4987 781 5047 lib.
813 5002 831 5057 ι
860 4985 1177 5055 Consectari.
1212 4985 1474 5055 Cluniac.,
1503 4984 1761 5057 €011.54.)

330 5083 549 5161 Quando
597 5081 796 5151 erimus
836 5081 979 5149 circa
1027 5080 1189 5155 linem
1222 5079 1467 5144 Tractus,
1494 5079 1714 5145 sacrista
1737 5078 1855 5149 pul-

262 5179 396 5247 sabit
423 5192 589 5249 uuam
616 5191 843 5250 parvam
871 5190 1185 5247 campanam
1230 5188 1328 5247 pro
1350 5172 1725 5245 congreganda
1747 5172 1851 5229 do-

262 5271 431 5328 minos
459 5270 527 5339 ad
552 5268 875 5331 audiendam
899 5267 1204 5339 passionem
1224 5306 1240 5333 ,
1263 5265 1387 5336 quia
1416 5267 1530 5337 ipsa
1558 5280 1665 5333 non
1691 5266 1850 5331 debet

263 5364 364 5437 legi
390 5364 499 5441 nisi
552 5365 607 5429 in
658 5378 847 5435 magna
879 5362 1043 5421 missa
1071 5357 1502 5434 (Comuetudines
1525 5361 1692 5427 sancti
1718 5359 1849 5419 Ger-

332 5481 571 5624 lttir
596 5482 933 5624 erat“

359 5552 409 5637 δ)
430 5554 567 5637 Fid?
596 5552 725 5625 Pii-—
752 5552 878 5637 31‘5-

357 5630 413 5701 c).
433 5626 569 5701 itide
594 5641 714 5699 naso
752 5625 873 5701 1%?-

335 5630 413 5770 (ei
433 5630 569 5684 Vide
594 5641 714 5699 pag.
752 5630 873 5680 127.

356 5700 410 5765 ά)
433 5697 571 5770 _Vide
600 5706 719 5767 pag.
753 5692 878 5753 386.

338 5766 418 5842 (ei
432 5768 613 5842 Passio
639 5766 750 5842 haec
767 5768 902 5842 apud
951 5766 1281 5842 .ombritium
1296 5766 1580 5842 Ambrosio
1602 5767 1854 5842 tribuitur

272 5836 510 5898 sub'hoc
557 5840 755 5895 initio:
807 5836 995 5895 Servus
1014 5838 1203 5895 Christi
1224 5836 1521 5892 Ambrosius
1560 5840 1848 5909 episcopus,

226 1805 327 1889 gie
356 1816 413 1861 et
435 1807 598 1889 466
654 1826 796 1867 anno
830 1811 1023 1882 quibus
1086 1829 1271 1884 supra.
1324 1813 1724 1883 Baudacharius
1764 1814 1855 1870 de-
1882 1805 1935 1868 B

1943 503 2176 557 Primam
2206 502 2450 559 dicentur
2476 510 2682 572 septem
2727 501 2948 573 psalmi,
2993 509 3050 557 et
3069 501 3320 567 Letsnia;
3342 509 3534 571 postea

1943 595 2220 651 veniemus
2245 609 2454 651 sessum
2479 593 2637 666 487
2672 595 2727 649 in
2753 593 3006 650 claustro.
3040 592 3362 649 Sacerdotes
3380 589 3536 647 ibunt

1944 689 2142 744 dictum
2167 688 2357 744 missas
2401 702 2546 753 suas,
2594 698 2650 744 et
2695 702 2885 743 omnes
2926 685 3536 743 debenteelebraredie

1946 782 2035 837 illa
2055 800 2070 850 ;
2101 790 2156 838 et
2178 782 2527 855 celebrabunt
2545 781 2660 835 sine
2682 781 2823 861 igne.

1946 873 2060 928 Vll.
2126 888 2303 930 passm
2372 887 2792 929 BEATISSIMOBUI
2866 888 3152 929 HARTYRBM
3224 885 3537 929 SANC'I‘OMJI

2542 1009 2941 1063 csnrtmonuu.

2089 1104 2165 1163 κω
2186 1116 2275 1155 ms.
2306 1100 2484 1153 Codice
2501 1100 2597 1159 viri
2614 1098 2876 1163 clarissimi
2905 1097 3061 1152 Ulrici
3085 1099 3308 1155 Obrechti
3329 1101 3429 1165 (ά).

2021 1186 2209 1249 Omnia
2234 1184 2305 1260 (ε)
2339 1200 2457 1258 qua:
2496 1200 2527 1240 a
2563 1184 2764 1245 sanctis
2791 1194 2939 1265 gesta
2984 1193 3107 1240 sunt
3136 1185 3221 1241 vel
3263 1193 3541 1261 geruntur,

1952 1278 1997 1335 si
2023 1280 2142 1351 quis
2171 1278 2404 1345 voluerit
2445 1278 2686 1336 studiose
2713 1280 3047 1351 perquirere,
3079 1288 3133 1335 et
3159 1278 3261 1335 sibi
3284 1289 3337 1335 et
3368 1281 3545 1352 pluri-

1952 1372 2057 1429 mis
2086 1371 2455 1429 aedilicatiouis
2508 1373 2727 1437 exhibet
2779 1372 3032 1429 fructum.
3086 1372 3155 1445 Et
3189 1374 3329 1427 sicut
3385 1373 3545 1445 arbor

1953 1464 2225 1522 fructifera
2276 1481 2380 1521 non
2425 1466 2546 1531 sine
2576 1482 2736 1535 causa
2767 1468 3023 1537 probatur
3054 1454 3257 1535 terram
3279 1483 3544 1538 accupare

1956 1565 2085 1633 dum
2111 1565 2268 1632 vivit,
2298 1578 2419 1625 cum
2450 1574 2503 1618 et
2528 1564 2643 1633 ipsa
2674 1564 2787 1629 suis
2814 1566 2985 1643 pontis
3017 1573 3261 1631 ornatur,
3292 1573 3346 1625 et
3371 1566 3547 1633 omnis

1957 1656 2045 1728 qui
2068 1671 2132 1713 ex
2155 1670 2220 1713 eo
2245 1654 2415 1711 fructu
2445 1655 2775 1725 perceperit,
2827 1655 3118 1729 saginatur.
3163 1656 3457 1715 Scribimus
3484 1666 3547 1714 ut

1958 1750 2014 1819 in
2040 1750 2201 1819 gestis
2223 1749 2541 1815 invenimus,
2570 1746 2696 1819 quid
2717 1746 2951 1819 egerint,
2978 1747 3105 1818 quid
3132 1747 3297 1813 locuti
3321 1749 3542 1817 fuerint,

1958 1842 2086 1912 quid
2110 1840 2251 1911 passi
2277 1841 2387 1901 sint.
2405 1840 2597 1901 sancti.
2644 1838 2941 1907 ostenditis
2963 1854 3060 1897 vos
3083 1855 3203 1898 esse
3226 1841 3542 1912 catholicos,

1954 1935 2043 2007 qui
2071 1934 2321 1997 victorias
2342 1932 2538 1991 Christi
2566 1932 2795 1999 libenter
2838 1931 3032 2003 legitis,
3057 1931 3290 1990 libenter
3331 1934 3548 1990 auditis.

1954 2028 2233 2097 Interrogo
2254 2039 2351 2085 vos
2380 2024 2474 2095 qui
2500 2025 2602 2083 ista
2634 2026 2773 2080 inter
2794 2025 3169 2097 apochryphas
3197 2026 3403 2083 litteras
3446 2043 3550 2084 ex-

1952 2119 2181 2175 volanda
2221 2118 2453 2181 censetis
2479 2136 2489 2170 :
2525 2132 2620 2187 per
2651 2132 2789 2188 quos
2821 2126 3033 2177 constat
3058 2133 3233 2187 canon
3251 2118 3550 2192 Scriptura.

1952 2233 2072 2276 rum
2101 2218 2341 2283 omnium
2368 2216 2707 2283 divinarum?
2735 2217 2995 2288 numquid
3027 2232 3121 2289 per
3172 2234 3267 2279 eos
3308 2222 3398 2291 qui
3456 2236 3551 2292 pro

1950 2312 2075 2381 ipso,
2114 2325 2321 2375 canone
2349 2309 2524 2379 occidi
2567 2308 2737 2381 magis
2784 2317 3107 2379 aptaverant
3156 2325 3315 2381 quam
3366 2313 3551 2369 vincit

1949 2404 2091 2475 Quid
2120 2418 2249 2477 ergo
2289 2410 2574 2469 tenuerunt
2604 2403 2917 2473 martyres?
2951 2402 3135 2459 Fidem
3166 2413 3370 2467 rectam
3388 2447 3404 2470 ,
3428 2421 3552 2477 quia

1950 2496 2120 2559 sacris
2138 2480 2500 2559 voluminibus
2525 2491 2954 2555 certu‘librorum
2979 2508 3207 2550 numero
3229 2495 3551 2565 continetur.

1947 2589 2129 2659 Agunt
2151 2588 2257 2645 illis
2274 2586 2475 2658 gratias
2504 2584 2682 2655 apices
2712 2586 3084 2652 sacratissimi,
3112 2587 3203 2657 qui
3231 2602 3329 2658 per
3361 2602 3550 2645 eorum

1944 2680 2409 2753 perseverantiam
2447 2685 2816 2748 perseverant.
2854 2678 2922 2733 Et
2969 2678 3092 2739 ideo
3134 2680 3321 2736 volunt
3362 2696 3553 2745 eorum

1946 2779 2097 2845 gesta
2122 2769 2413 2835 conscribi,
2442 2777 2498 2828 ut
2523 2768 2579 2824 in
2599 2774 2898 2841 conspectu
2921 2770 3011 2833 Dei
3034 2779 3093 2826 et
3114 2770 3393 2831 hominum
3416 2787 3556 2835 sem.

1950 2876 2045 2937 per
2070 2862 2350 2927 laudentur
2374 2860 2579 2925 sancti,
2608 2861 2697 2933 qui
2729 2859 2785 2915 in
2813 2869 3110 2931 conspectu
3156 2862 3555 2923 incredulorum

1946 2970 2047 3027 pro
2101 2969 2285 3021 eorum
2329 2953 2645 3013 defensione
2701 2952 2967 3015 tormenta
3006 2954 3262 3010 immania
3308 2957 3555 3026 pertule-

1946 3056 2096 3119 runt.
2126 3046 2266 3103 Nihil
2290 3054 2487 3116 praeter
2531 3045 2842 3115 Scripturas
2880 3047 3167 3102 canonicas
3206 3048 3553 3119 recipientes,

1958 3139 2061 3197 ista
2088 3139 2329 3195 studiose
2357 3136 2802 3211 conscripsimus,
2825 3137 3172 3194 ostendentes
3216 3139 3410 3211 dogma
3463 3155 3556 3195 ca~

1965 3232 2223 3299 tholicum
2255 3244 2349 3300 per
2369 3228 2670 3301 catholicos
2697 3238 2965 3301 martyres
2992 3230 3337 3288 custoditum.
3364 3232 3559 3293 Exem-

1960 3325 2107 3396 plum
2177 3321 2406 3393 posteris
2456 3323 2671 3387 damus,
2729 3321 3144 3380 aediﬁcationem
3210 3325 3555 3383 credentibus

1958 3417 2243 3484 tradimus,
2282 3424 2455 3483 artem
2498 3414 2627 3472 belli
2669 3412 2870 3471 Christi
2914 3417 3173 3472 militibus
3220 3418 3558 3475 demonstra-

1957 3525 2099 3577 rnus.
2132 3508 2355 3571 Constat
2391 3522 2486 3569 eos
2515 3508 2661 3569 nolle
2692 3523 2930 3581 pugnare
2972 3510 3018 3565 si
3064 3525 3287 3575 necesse
3333 3514 3438 3582 sit,
3467 3515 3559 3584 qui

1957 3604 2145 3660 nolunt
2165 3603 2345 3675 legere
2376 3612 2717 3676 pugnatorcs.
2766 3604 3035 3673 Imperant
3062 3604 3335 3663 silentium
3370 3608 3561 3664 inlide-

1957 3696 2121 3763 libus,
2152 3706 2402 3767 spectent
2424 3697 2627 3766 pugiles
2647 3696 2944 3753 diabolicos
2973 3699 3063 3768 qui
3092 3696 3320 3755 athletas
3348 3701 3558 3758 Domini

1958 3798 2204 3859 spectare
2231 3798 2605 3845 contemnunt.
2639 3789 2748 3845 Nos
2778 3790 2990 3845 divinas
3019 3792 3243 3847 virtutes
3272 3793 3561 3865 loquimur,

1954 3880 2263 3951 scribimus,
2292 3881 2664 3951 praedicamus.
2700 3881 3027 3947 Prohibeant
3054 3884 3229 3939 aemuli
3250 3926 3264 3952 ,
3296 3886 3564 3956 imperent

1957 3971 2234 4037 silentium
2256 3971 2464 4040 timidi,
2516 3973 2803 4039 verberent
2842 3982 3288 4043 contemnentes:
3321 3978 3563 4048 legentes

1958 4064 2276 4135 increpent,
2330 4064 2563 4139 libenter
2603 4066 2722 4122 haec
2767 4066 3046 4125 audientes
3076 4078 3365 4136 accusent;
3396 4069 3563 4149 463

1958 4159 2225 4235 gloriosos
2277 4156 2474 4225 facient
2531 4158 2725 4231 milites
2780 4159 3004 4231 vulnera
3056 4176 3155 4237 pro
3216 4162 3558 4231 imperatoris

1953 4250 2114 4308 laude
2158 4260 2432 4321 suscepta,
2476 4265 2572 4320 pro
2606 4250 2759 4321 cujus
2804 4266 2991 4310 amore
3043 4253 3203 4310 etiam
3234 4253 3440 4315 animas
3468 4270 3562 4325 po-

1954 4360 2084 4415 nere
2112 4345 2340 4413 libenter
2363 4354 2629 4418 optamus.
2676 4344 3095 4427 Triumphorum
3120 4346 3317 4403 Christi
3365 4360 3431 4403 ac
3483 4346 3564 4403 νὶ-

1950 4441 2243 4509 ctoriaruin
2266 4441 2475 4498 labores
2492 4440 2818 4499 exercitibus
2841 4441 2909 4499 de
2930 4442 3152 4509 occultis
3182 4441 3314 4509 foris
3336 4444 3563 4513 proferi-

1956 4547 2097 4599 mus.
2128 4532 2336 4593 Scimus
2366 4546 2571 4603 pugnas
2597 4572 2613 4597 ,
2656 4546 2789 4601 quas
2820 4531 2895 4591 illi
2918 4532 3201 4595 visibiliter
3227 4531 3371 4603 passi
3404 4533 3514 4589 sint
3542 4574 3558 4599 ,

1961 4624 2299 4687 invisibiliter
2326 4622 2486 4685 nobis
2516 4623 2739 4679 excitari
2785 4622 3060 4697 quotidie,
3112 4631 3166 4679 et
3212 4624 3561 4696 neglegenter

1958 4726 2260 4795 pugnantes
2280 4715 2458 4779 acrius
2487 4712 2779 4770 vulnerari.
2812 4713 2953 4784 Ergo
2983 4720 3041 4769 ut
3062 4726 3214 4779 arma
3240 4724 3559 4785 pertractes,

1962 4810 2193 4869 adtende
2223 4809 2522 4874 bellantes;
2558 4806 2626 4863 da
2651 4815 2888 4873 mentem
2916 4805 3107 4873 studiis
3130 4845 3148 4872 ,
3180 4815 3240 4862 ut
3281 4805 3452 4863 hostis
3479 4807 3563 4877 in-

1959 4907 2124 4972 cipiat
2146 4914 2198 4961 te
2220 4903 2430 4961 timere.

2032 4999 2093 5065 2.
2132 4994 2475 5061 Beatissimos
2503 4994 2767 5065 martyres
2796 4989 3075 5062 Cantium,
3118 4990 3473 5062 Cantiannm,
3504 5001 3563 5049 et

1956 5088 2371 5159 Cantianellum,
2393 5101 2425 5142 a
2447 5085 2731 5158 padagogo
2759 5099 2860 5151 suo
2886 5084 3047 5151 Prata
3069 5086 3226 5151 valde
3248 5084 3363 5142 ﬁde‘
3381 5084 3562 5141 catho-

1954 5184 2054 5242 lica
2084 5184 2249 5240 fuisse
2278 5182 2521 5241 edoctae.
2552 5218 2567 5233 .
2602 5219 2617 5233 .
2648 5180 2740 5250 qui
2764 5179 2833 5235 de
2874 5195 3072 5251 genere
3093 5178 3424 5247 Aniciorum,
3456 5179 3562 5236 hoc

1952 5286 2039 5333 est
2082 5274 2220 5343 divae
2273 5272 2549 5329 memoria:
2602 5270 2783 5327 Carini
2832 5272 3197 5341 imperatoris,
3252 5281 3551 5335 noscuntur

1951 5366 2247 5439 progeniti,
2272 5376 2328 5425 et
2354 5366 2499 5422 intra
2539 5362 2725 5433 urbem
2751 5363 2977 5427 Romam
2997 5403 3013 5428 ,
3050 5364 3105 5431 in
3129 5370 3319 5433 quarta
3351 5362 3556 5419 decima

1964 5484 2224 5540 Christum
2246 5482 2410 5538 Deum
2439 5496 2613 5535 verum
2640 5478 2919 5534 animalibus
2945 5476 3196 5549 fratribus
3228 5492 3318 5548 per
3360 5492 3561 5531 omnem

1965 5555 2220 5624 Italiam,
2276 5556 2333 5609 in
2378 5551 2603 5624 Domino
2650 5565 2851 5605 omnem
2895 5547 3130 5605 salutem.
3160 5547 3346 5624 (ingnia
3388 5565 3503 5618 qua:
3528 5564 3561 5601 a

1965 5618 2387 5695 Sanctis,'usque
2429 5620 2493 5677 ad
2534 5630 3125 5695 sequentem__versum,
3165 5618 3463 5695 Scribimus
3504 5627 3561 5672 ut

1962 5700 2015 5753 in
2053 5690 2204 5770 gestis
2243 5690 2545 5770 inienirnus,
2568 5690 2655 5747 etc
2680 5730 2719 5755 .,
2771 5692 2961 5759 quibus
2994 5692 3227 5757 omissis,
3268 5690 3559 5746 resumitur

1961 5766 2120 5845 lectio
2139 5784 2170 5824 a
2194 5766 2439 5838 sequenti
2457 5777 2681 5819 numero
2707 5772 2917 5834 quarto.
