4060 6346
602 369 709 427 ιδθ

1289 360 1635 420 APPE‘NDIX
1673 364 1767 419 AD
1803 362 2034 420 OPERA
2073 361 2315 419 SANCTI
2354 362 2665 422 GERMANI
2701 362 3145 423 PARISIENSIS.
3822 366 3901 424 ΝΘ

599 489 816 559 regione
839 527 855 551 ,
905 494 1013 541 nati
1066 462 1224 554 atque
1251 480 1426 539 edocti
1475 480 1768 551 probantur
1793 522 1809 548 ,
1867 478 2187 535 Dioclitiano
2213 481 2269 541 Α
2363 477 2666 534 Beatissimi
2682 494 2809 535 vero
2836 487 3099 549 martyres
3128 490 3382 533 ascenso
3410 473 3511 547 (α)
3541 472 3791 533 vehiculo
3802 476 3901 549 jun-

600 595 785 636 «omne
832 571 1164 646 imperante,
1217 582 1271 627 et
1310 571 1626 627 Maximiano
1686 570 1923 639 partihus
1964 569 2191 640 Illyrici,

601 668 797 723 Carino
812 681 1023 738 quoque
1041 666 1179 721 intra
1192 663 1391 719 Gallias
1419 663 1557 718 bene
1578 672 1770 733 agente
1792 676 1915 731 erga
1937 660 2197 716 Christia-

596 772 719 823 nos,
760 757 851 827 qui
873 772 976 811 nun
1007 764 1126 825 post
1155 755 1379 809 mttltum
1405 762 1610 823 tempus
1627 752 1909 808 defunctus
1938 762 2041 808 est.
2068 752 2198 808 Post

598 849 751 920 cujus
771 849 973 905 obitum
997 846 1393 903 sceleratissimi
1409 845 1755 900 Dioclitianus
1776 852 1832 899 et
1848 843 2197 899 Maximianus

595 955 694 1011 per
715 956 901 995 omnes
923 938 1225 1009 provincias
1245 938 1460 993 decreta
1483 946 1804 1007 posuerunt,
1836 943 1895 990 ut
1931 935 2018 990 ubi
2044 935 2198 991 Cbri-

596 1032 754 1088 stiani
788 1032 1170 1097 invenirentur,
1218 1032 1262 1086 si
1289 1030 1592 1085 sacriﬁcare
1620 1036 2062 1095 contemnerent,
2116 1027 2197 1082 di-

595 1124 765 1179 versis
794 1124 966 1193 ptenis
987 1123 1384 1193 adﬂigerentur.
1414 1121 1656 1189 Cumque
1701 1121 1783 1176 his
1810 1121 1965 1175 dictis
1995 1120 2198 1175 beatis-

596 1213 720 1269 simi
758 1226 1022 1272 tuartvres
1046 1215 1286 1271 Cantiani
1316 1215 1368 1269 in
1396 1214 1529 1269 urbe
1551 1213 1719 1269 Roma
1745 1213 1973 1270 fuissent
2002 1216 2192 1283 positi,

593 1310 821 1365 oonsrlio
852 1309 1032 1365 habito
1056 1323 1176 1363 cum
1223 1310 1380 1365 beato
1409 1307 1591 1373 Proto,
1622 1316 1680 1362 ut
1705 1307 1939 1379 iniquam
1970 1309 2197 1363 vitarent

594 1402 919 1459 sententiam
942 1444 959 1470 ,
998 1403 1195 1471 praedia
1223 1416 1318 1455 sua
1368 1401 1677 1456 suburbano
1723 1401 1895 1471 posita
1944 1401 2045 1456 sub
2072 1416 2199 1471 spe-

600 1493 685 1549 cie
714 1494 1036 1549 visitationis
1064 1494 1295 1549 circuire
1320 1492 1692 1548 decreverunt.

665 1588 720 1642 3.
762 1587 863 1654 Qui
891 1588 1081 1643 eodem
1112 1598 1353 1657 tempore
1375 1588 1428 1641 in
1456 1589 1639 1643 urbem
1682 1586 2092 1657 Aquilegensem
2109 1603 2195 1644 re-

593 1679 860 1751 pedarunt
894 1702 906 1734 :
940 1681 991 1735 in
1014 1682 1268 1749 qua‘tunc
1299 1674 1690 1747 temporis’non
1722 1693 1885 1747 parva
1920 1694 2043 1733 rura
2073 1694 2198 1750 pos-

594 1771 861 1829 sidebant.
908 1772 1012 1827 Sed
1040 1773 1161 1842 quia
1193 1772 1375 1827 lumen
1408 1773 1460 1826 in
1489 1772 1722 1827 tenebris
1765 1772 1930 1827 latere
1967 1788 2072 1827 non
2102 1789 2196 1843 po-

2298 569 2399 627 etis
2427 570 2696 639 mulabus,
2730 586 2852 627 cum
2884 571 3137 626 secedere
3164 568 3531 634 voluissent,
3566 577 3628 625 et
3652 584 3756 625 non
3782 571 3903 643 longe

2298 661 2365 717 ab
2389 662 2539 717 urbis
2567 661 2835 718 mtenibus
2882 663 2983 718 iter
3011 671 3251 734 agerent,
3290 670 3361 718 et
3409 675 3605 716 unum
3653 661 3831 717 animal
3854 664 3903 722 de

2296 756 2594 826 subjunctis
2614 756 2789 810 subito
2815 758 3108 811 corruisset
3136 756 3189 811 in
3212 757 3349 811 loco
3374 756 3486 826 qui
3525 755 3824 824 appellatur
3845 758 3902 812 Ad

2297 848 2477 918 Aquas
2504 846 2786 914 Gradatas,
2820 847 2891 902 ita
2924 847 3070 903 illinc
3090 856 3262 903 sunta
3296 845 3777 918 persecutoribus
3796 862 3903 904 eom-

2298 939 2568 1011 prehensi.
2616 939 2773 1006 Quod
2808 939 3005 994 factum
3046 954 3207 1008 quam
3237 939 3586 1009 gloriosum
3620 936 3699 992 sit
3725 947 3777 993 et
3801 954 3826 992 a
3847 940 3901 993 tli-

2296 1031 2517 1085 vinitate
2571 1029 2932 1100 dispositum,
2992 1029 3251 1085 debemus
3309 1028 3668 1085 advertere.
3718 1027 3899 1099 Semper

2298 1124 2439 1179 enim
2465 1124 2602 1178 Deus
2619 1138 2755 1193 quos
2771 1123 2954 1195 elegit,
2973 1124 3121 1193 quasi
3140 1124 3397 1179 victores
3422 1137 3567 1178 cum
3592 1122 3899 1180 subvectioue

2299 1214 2515 1270 sublimi
2547 1214 2601 1269 in
2629 1214 2804 1269 aulam
2854 1215 3007 1284 regni
3052 1216 3282 1270 cmlestis
3319 1213 3588 1269 inducit.
3624 1212 3758 1268 Nam
3798 1214 3899 1269 sict;

2302 1307 2480 1363 Helias
2508 1322 2629 1361 cum
2672 1307 2941 1377 adplicato
2968 1307 3232 1377 quadriga
3288 1307 3580 1362 ascendit
3610 1306 3668 1361 in
3709 1307 3897 1371 caelum,

2298 1400 2369 1455 ita
2396 1408 2450 1453 et
2479 1399 2565 1454 isti
2590 1398 2835 1454 vehiculo
2854 1408 3033 1453 amoto
3061 1398 3128 1453 ad
3152 1398 3507 1470 martyrium
3544 1408 3896 1467 pervenerunt;

2298 1500 2355 1545 et
2385 1492 2639 1563 quadriga
2662 1492 2800 1547 sicut
2827 1490 2975 1546 illum
3010 1492 3187 1547 evexit
3217 1491 3286 1545 ad
3320 1491 3629 1561 requiem,
3662 1490 3733 1544 ita
3760 1489 3893 1545 ethos

2298 1584 2532 1655 portavit
2561 1584 2626 1639 ad
2656 1585 2905 1655 gloriam.
2936 1584 3005 1639 Et
3034 1583 3278 1654 quamvis
3315 1583 3426 1639 illa
3483 1584 3654 1652 ignea
3680 1580 3894 1652 quadriga

2299 1676 2491 1743 fuerit,
2527 1678 2642 1731 haec
2690 1686 2869 1731 tamen
2912 1690 3021 1731 non
3069 1675 3289 1729 inferior
3345 1671 3625 1729 habenda
3662 1673 3889 1741 est;quia

2300 1766 2390 1822 illa
2436 1784 2598 1823 unum
2652 1768 2887 1839 gestavit
2928 1750 3240 1837 praphetam
3267 1811 3282 1836 ,
3318 1767 3457 1821 haec
3511 1775 3629 1821 tres
3675 1774 3891 1835 martyres

593 1872 768 1931 terat,
801 1878 1026 1919 necesse
1049 1873 1163 1919 erat
1190 1872 1382 1919 ut.eos
1414 1862 1673 1918 Dominus
1694 1862 1760 1917 ad
1783 1864 2002 1933 gloriam
2027 1866 2200 1920 nomi-
2234 1863 2279 1923 B
2306 1860 2643 1915 sustentavit.
2696 1860 2802 1915 Sed
2853 1860 2980 1914 dicit
3028 1860 3218 1929 aliquis
3251 1860 3275 1911 ἐ
3326 1858 3660 1914 Gloriosius
3706 1858 3885 1928 gestavit

592 1958 683 2010 nis
737 1958 820 2011 sui
856 1966 1159 2012 coronaret.
1205 1956 1446 2026 Cumque
1475 1956 1531 2011 in
1564 1957 1975 2027 Aquilegensem
2008 1960 2195 2016 urbem

596 2054 769 2105 sancti
813 2050 1042 2107 fuissent
1095 2052 1353 2120 ingressi,
1411 2051 1683 2106 duriorem
1740 2052 2000 2107 saevitiam
2070 2070 2196 2125 erga

594 2139 935 2198 Christianos
964 2144 1274 2213 repperiunt
1295 2188 1309 2213 ,
1341 2158 1501 2214 quam
1533 2144 1859 2214 reliquerant
1886 2145 2089 2201 Romae.
2120 2146 2196 2203 Ita

596 2250 736 2291 enim
766 2251 954 2291 omnes
978 2245 1283 2290 sanctorum
1327 2237 1415 2291 vel
1459 2237 1831 2293 confessorum
1869 2253 1971 2308 pro
1998 2239 2196 2294 Christi

595 2328 815 2384 nomine
836 2328 1122 2383 multitudo
1148 2329 1200 2384 in
1229 2328 1456 2385 vinculis
1504 2345 1778 2386 carcerum
1829 2333 2070 2387 custodia
2116 2342 2197 2388 te-

596 2418 881 2483 nebantur,
916 2428 977 2473 ut
1016 2421 1321 2475 enumerari
1369 2435 1478 2475 non
1508 2424 1841 2490 potuissent,
1870 2432 2062 2493 agente
2087 2425 2196 2478 sci-

596 2506 722 2567 licet
750 2510 995 2564 Dulcidio
1027 2513 1276 2580 praeside,
1296 2527 1404 2567 una
1434 2528 1555 2568 cum
1583 2513 1821 2569 Sisinnio
1850 2516 2069 2571 comite.

667 2600 723 2654 4.
764 2602 1058 2656 Audientes
1087 2603 1266 2672 itaque
1296 2614 1515 2659 sanctos
1545 2605 1640 2659 Dei
1670 2606 1953 2662 advenisse
1974 2651 1989 2674 ,
2014 2608 2196 2664 statim

601 2690 829 2749 inveniri
869 2693 935 2747 ab
962 2694 1356 2763 apparitoribus
1384 2697 1785 2766 praecipiuntur,
1820 2709 1877 2753 ut
1901 2698 2005 2753 diis
2040 2700 2195 2755 thura

602 2793 886 2854 ponerent.
942 2785 1094 2840 Tunc
1141 2786 1442 2841 beatissimi
1490 2798 1753 2859 martyres
1802 2791 2120 2861 aspicientes
2143 2793 2195 2847 in

602 2876 791 2931 caelum
837 2876 1271 2945 responderunt:
1300 2878 1410 2933 Nos
1454 2878 1735 2937 daemoniis
1784 2898 1892 2937 non
1927 2884 2196 2939 sacriﬁca-

603 2983 742 3034 mus,
775 2968 897 3037 quia
926 2970 1183 3039 scriptum
1211 2981 1291 3025 est
1319 2988 1333 3027 :
1364 2970 1550 3026 Omnes
1572 2972 1645 3026 dii
1664 2975 1887 3042 gentium
1918 2976 2194 3044 dmmom‘a,

582 3060 853 3116 Dominus
903 3071 1073 3116 autem
1124 3065 1272 3119 caelos
1302 3066 1439 3135 fecit.
1473 3064 1543 3119 Et
1583 3067 1772 3121 iterum
1806 3084 1820 3121 :
1854 3060 2062 3123 Similes
2090 3070 2196 3123 illis

603 3153 733 3222 [iant
773 3154 860 3223 qui
888 3156 1085 3224 faciunt
1134 3172 1213 3223 ea,
1256 3165 1301 3210 et
1326 3172 1499 3210 omnes
1520 3157 1607 3220 qui
1629 3158 1893 3225 conﬁdunt
1920 3160 1973 3213 in
1996 3160 2087 3213 eis.
2119 3159 2195 3215 Ite

2302 1952 2556 2022 quadriga
2582 1952 2762 2021 ignea,
2803 1965 2960 2021 quam
2998 1959 3231 2005 terrena.
3260 1948 3383 2005 Nec
3433 1950 3549 2003 hoc
3581 1950 3737 2017 plane
3762 1948 3886 2003 deluit

2300 2042 2499 2095 sanctis
2529 2040 2678 2095 viris.
2734 2040 2866 2095 Nam
2894 2042 3035 2096 sicut
3062 2039 3269 2095 Heliam
3301 2039 3479 2110 ignea
3514 2038 3771 2110 quadriga
3795 2053 3880 2107 por-

2300 2132 2449 2197 tavit,
2481 2134 2553 2186 ita
2577 2142 2631 2188 et
2669 2144 2931 2204 martyres
2978 2132 3113 2187 ﬁdes
3151 2132 3307 2201 ignea
3333 2132 3465 2201 jam
3504 2130 3735 2186 ferebat.
3763 2129 3881 2185 Fere-

2300 2224 2389 2278 bat
2418 2225 2561 2291 illos,
2612 2225 2853 2295 inquam,
2886 2224 3153 2291 Christus,
3178 2225 3269 2294 qui
3297 2224 3500 2279 lumen
3535 2234 3645 2289 est,
3676 2223 3759 2294 qui
3779 2222 3876 2292 ignis

2299 2328 2401 2383 est,
2448 2319 2515 2373 de
2545 2334 2652 2389 quo
2683 2319 2946 2390 scriptum
2976 2329 3060 2375 est
3087 2336 3099 2373 :
3127 2317 3267 2373 Deus
3312 2331 3507 2374 noster
3554 2321 3691 2391 ignis
3735 2334 3876 2373 constt-

2298 2427 2439 2467 mens
2465 2422 2560 2468 est.
2597 2414 2737 2484 Ergo
2764 2428 2884 2468 cum
2917 2414 3103 2468 beatos
3131 2412 3200 2468 de
3225 2413 3435 2482 quibus
3486 2412 3754 2482 loquimur
3780 2425 3869 2481 per-

2300 2514 2511 2559 secutor
2556 2513 2851 2577 urgueret,
2928 2504 3231 2560 vehiculum
3281 2504 3747 2561 conscenderunt.
3789 2502 3871 2568 Qua

2299 2597 2492 2651 causa?
2530 2606 2588 2651 ut
2614 2598 2901 2665 fugerent?
2928 2597 3097 2662 absit;
3129 2613 3234 2653 non
3258 2608 3316 2651 ut
3340 2598 3627 2667 fugerent,
3653 2594 3740 2650 sed
3764 2591 3868 2647 utad

2298 2693 2616 2760 martyrium
2680 2690 2839 2745 citius
2884 2692 3258 2760 pervenirent;
3317 2705 3435 2746 non
3489 2699 3554 2744 ut
3601 2688 3864 2749 latitarent,

2297 2780 2462 2852 570
2508 2782 2603 2837 sed
2662 2791 2721 2836 ut
2758 2798 2816 2836 se
2861 2782 3197 2837 Christianos
3245 2781 3469 2836 cunctis
3517 2775 3864 2835 transeuntibus

2298 2872 2720 2927 manifestarent.
2759 2874 3009 2929 Ceterum
3039 2875 3301 2929 occultius
3333 2876 3488 2929 inter
3525 2874 3700 2942 plures
3746 2870 3791 2924 in
3810 2868 3861 2922 cl-

2296 2964 2463 3021 vitate
2488 2965 2656 3021 latere
2688 2974 2962 3035 poterant;
2995 2966 3091 3022 sed
3125 2966 3228 3020 hoc
3256 2977 3519 3036 egerunt,
3548 2975 3605 3018 ut
3635 2964 3778 3017 totius
3793 2973 3859 3029 po-

2297 3059 2407 3128 puli
2436 3059 2616 3125 corda,
2650 3059 2778 3115 dum
2818 3076 2912 3129 per
2938 3060 3153 3115 diversa
3189 3060 3439 3129 fugiunt,
3470 3056 3674 3113 Christi
3718 3063 3855 3106 amore

2297 3147 2662 3205 ﬂammantur.
2694 3152 2767 3207 At
2793 3165 2921 3205 vero
2955 3151 3040 3205 ubi
3070 3152 3188 3219 quis
3225 3150 3467 3206 vehiculi
3500 3149 3746 3219 adparata
3778 3143 3857 3198 dis-

603 3262 732 3317 ergo
763 3249 1005 3302 nuntiate
1034 3248 1215 3317 iniquo
1259 3248 1473 3319 praesidi
1500 3258 1700 3317 vestro,
1736 3264 1834 3304 nos
1870 3266 1966 3318 pro
1992 3250 2195 3306 Christi

2302 3244 2479 3313 posito
2502 3284 2518 3311 ,
2563 3258 2657 3312 per
2702 3258 2952 3314 aggerem
3002 3245 3270 3313 publicum
3303 3244 3604 3313 graditur;
3650 3240 3745 3293 illic
3778 3248 3851 3291 non

604 3342 824 3396 nomine
871 3350 1056 3411 optare
1105 3344 1273 3410 mori,
1296 3360 1455 3412 quam
1497 3346 1565 3401 ab
1587 3346 1703 3415 ejus
1732 3346 1996 3400 mandatis
2020 3346 2206 3401 absce-

605 3435 755 3501 dere,
770 3437 891 3505 quia
908 3435 977 3490 ab
992 3436 1121 3504 ipsis
1136 3437 1707 3493 cunabulisDominum
1725 3437 1907 3493 Jesum
1929 3436 2204 3491 Christum

606 3528 945 3584 conﬁtemur.
989 3527 1058 3584 At
1102 3529 1178 3583 illi
1209 3532 1495 3586 redeuntes
1524 3531 1739 3600 praesidi
1789 3530 1875 3586 vei
1906 3529 2088 3584 comiti
2121 3544 2207 3585 re-

605 3624 842 3679 tulerunt
861 3625 1041 3679 omnia
1060 3639 1178 3695 quae
1191 3635 1340 3694 gesta
1367 3624 1598 3678 fuerant.

678 3737 843 3809 469
882 3738 1033 3793 Tunc
1082 3738 1349 3795 Dulcidius
1394 3753 1593 3808 praises
1637 3755 1743 3793 una
1793 3754 1914 3794 cum
1970 3738 2208 3795 Sisinnio

614 3830 812 3882 comite
834 3828 991 3883 valde
1015 3831 1300 3893 commoti,
1329 3831 1489 3884 talem
1518 3829 1784 3885 dederunt
1810 3828 1975 3900 impio
2007 3831 2206 3885 Diocli-

610 3915 759 3971 tiano
803 3919 1200 3987 suggestionem
1241 3934 1254 3971 :
1295 3918 1567 3982 Piissimi,
1617 3919 1900 3973 subvenite
1950 3920 2207 3975 Romanis

612 4004 846 4074 legibus,
879 4021 976 4075 pro
1017 4007 1211 4076 quibus
1242 4008 1433 4061 victrix
1477 4008 1700 4063 dextera
1749 4020 1924 4063 vestra
1970 4010 2207 4067 hostium

611 4098 853 4152 cervices
898 4098 1166 4164 inclinat,
1219 4109 1272 4153 et
1334 4098 1440 4154 diis
1488 4101 1985 4169 omnipotentibus,
2037 4104 2123 4172 qui
2175 4118 2206 4158 n

614 4187 933 4244 Christianis
970 4198 1421 4257 contemnuntur,
1457 4191 1731 4257 juvamina
1783 4194 2037 4262 praebete.
2090 4193 2204 4249 Ad-

617 4288 884 4333 venerunt
924 4280 1068 4334 enim
1116 4292 1225 4335 tres
1269 4282 1507 4350 germani
1557 4297 1621 4336 ex
1672 4284 1803 4337 urbe
1847 4282 2051 4351 Roma,
2099 4299 2207 4340 uno

616 4370 798 4424 animo
828 4370 1035 4426 fortiter
1066 4370 1426 4441 reluctantes,
1459 4382 1513 4429 et
1541 4376 1722 4430 nescio
1744 4391 1902 4445 quem
1931 4377 2204 4434 Christum

614 4463 956 4527 conﬁtentes,
980 4471 1037 4518 et
1065 4473 1474 4519 contemnentes
1496 4466 1711 4521 decreta
1747 4466 1958 4535 pietatis
1984 4478 2202 4524 vestraa.

618 4552 777 4608 Unde
804 4554 927 4622 quid
969 4555 1212 4624 jussione
1237 4565 1415 4611 vestra
1464 4555 1815 4613 decreveritis
1842 4601 1855 4624 ,
1905 4559 2201 4616 decernite.

2307 3332 2432 3405 fuga
2460 3334 2688 3390 dicenda
2715 3346 2819 3404 est,
2850 3336 2943 3391 sed
2968 3335 3255 3405 profectus.
3289 3336 3483 3392 Sancti
3514 3334 3656 3391 enim
3680 3328 3767 3383 viri
3782 3326 3854 3380 hoc

2309 3430 2474 3497 facto,
2497 3432 2643 3486 velut
2672 3433 2725 3487 in
2754 3432 3065 3501 triumphali
3093 3447 3255 3487 curru
3284 3432 3449 3500 positi
3475 3474 3489 3495 ,
3522 3424 3843 3483 contestaban-

2310 3533 2398 3580 tur
2426 3523 2669 3579 dicentes
2698 3540 2711 3578 :
2738 3524 2900 3590 Ecce,
2951 3533 3280 3593 persecutor,
3312 3539 3448 3579 ecce
3496 3516 3847 3592 proﬁciscimur,

2310 3630 2438 3672 ecce
2465 3615 2841 3687 praecedimus.
2872 3615 3009 3683 Quid
3040 3615 3287 3670 resides?
3315 3614 3453 3685 quid
3486 3608 3731 3668 moraris!
3755 3601 3845 3659 subv

2310 3721 2542 3778 sequere
2570 3720 2753 3762 nostra
2784 3707 3030 3776 vestigia.
3060 3706 3317 3761 Nolumus
3366 3707 3517 3763 enim
3549 3700 3706 3757 videri
3732 3691 3844 3759 invni

2309 3803 2434 3858 duci
2472 3804 2539 3858 ad
2584 3817 2821 3875 poenam,
2867 3802 2959 3873 qui
3011 3803 3315 3872 praecedere
3363 3817 3465 3859 nos
3493 3797 3777 3872 proﬁtemur
3795 3784 3840 3841 ad

2308 3894 2554 3965 gloriam.

2381 4003 2533 4058 Tunc
2565 4002 2831 4058 Sisinnius
2866 4002 3038 4058 comis
3068 4003 3182 4059 haec
3210 4003 3440 4058 audiens
3464 4042 3480 4069 ,
3507 3995 3659 4070 jussit
3698 3994 3836 4049 beatos

2311 4104 2582 4166 martyres
2614 4096 3031 4166 comprehendi;
3064 4097 3153 4165 qui
3202 4096 3371 4166 judex
3421 4095 3656 4152 hortatur
3677 4086 3838 4147 eos,ul

2309 4187 2429 4243 Jovi
2462 4187 2614 4243 thura
2642 4187 2923 4244 offerrent.
2956 4189 3263 4245 Beatissimi
3294 4205 3428 4246 vero
3456 4185 3636 4243 famuli
3673 4177 3749 4235 Dei
3768 4188 3832 4230 et-

2310 4289 2592 4337 secrantes
2619 4279 2875 4336 dixerunt
2905 4296 2966 4338 se
2993 4296 3289 4353 numquam
3332 4280 3609 4339 daemoniis
3645 4265 3833 4329 immola-

2313 4381 2485 4442 turos,
2520 4374 2617 4429 sed
2644 4375 2997 4446 omnipotenti
3026 4376 3255 4432 Domino
3279 4378 3367 4447 qui
3397 4375 3522 4431 fecit
3548 4369 3732 4428 celum.
3754 4369 3828 4413 ια’

2312 4477 2451 4529 ram,
2501 4480 2649 4519 mare
2687 4475 2741 4521 et
2781 4467 2959 4521 omnia
3006 4483 3126 4536 quae
3157 4468 3208 4521 in
3240 4469 3318 4522 eis
3362 4475 3506 4522 sunt.
3545 4460 3663 4517 Nam
3702 4448 3830 4508 omnia

2313 4553 2474 4621 idola,
2506 4557 2623 4612 sive
2652 4558 2743 4628 qui
2769 4574 2831 4613 ea
2862 4562 3067 4626 colunt,
3091 4575 3212 4615 cum
3239 4560 3441 4614 eisdem
3469 4557 3611 4614 ibunt
3636 4551 3680 4604 in
3698 4547 3825 4628 ίεηεω

619 4643 716 4700 His
745 4645 938 4700 auditis
965 4647 1415 4702 sceleratissimus
1447 4649 1797 4706 Dioclitianus
1834 4653 2200 4709 vehementius

2317 4625 2837 4716 perpetuumaTunc
2858 4625 3057 4720 impius
3077 4650 3340 4705 Sisinnius
3356 4649 3542 4713 comis,
3562 4645 3655 4698 hoc
3671 4625 3824 4720 audito,

615 4745 699 4792 est
721 4747 1055 4805 commotus,
1088 4748 1141 4793 et
1170 4739 1307 4794 hanc
1348 4739 1497 4795 dedit
1525 4742 1914 4808 auctoritatem,
1948 4753 2008 4798 ut
2036 4746 2080 4799 si
2112 4760 2203 4799 sa-

616 4830 859 4885 criﬁcare
887 4830 1206 4897 noluissent,
1260 4833 1474 4901 capitati
1514 4836 1776 4888 sententia
1824 4836 2203 4903 plecterentur.

616 4920 859 4989 Cumque
896 4921 1077 4991 iniqua
1108 4924 1371 4978 sententia
1406 4924 1741 4993 pervenisset
1770 4927 1835 4979 ad
1869 4927 2208 4984 beatissimos

615 5019 881 5080 martyres
905 5051 922 5077 ,
959 5025 1184 5066 ascenso
1232 5013 1476 5067 vehiculo
1506 5031 1607 5069 una
1636 5030 1754 5070 cum
1786 5016 2075 5087 paedagogo
2110 5033 2209 5075 suo

614 5100 777 5156 Proto
821 5116 887 5155 ex
939 5102 1070 5157 urbe
1113 5105 1470 5175 Aquilcgense
1518 5108 1724 5177 egressi
1768 5119 1927 5177 sunt,
1974 5109 2205 5164 divinam

559 5195 567 5221 ³
614 5190 946 5261 Scripturam
991 5191 1250 5249 habentes
1280 5210 1391 5264 prae
1444 5197 1651 5263 oculis,
1711 5215 1829 5268 quae
1880 5200 2206 5255 dicit:Cum

614 5294 979 5353 persequentur
1006 5301 1093 5340 vos
1124 5288 1175 5340 in
1205 5289 1404 5342 civitate
1432 5290 1560 5354 ista,
1589 5291 1751 5360 fugite
1773 5293 1824 5345 in
1841 5294 2020 5347 aliam.
2054 5292 2203 5348 Nun-

616 5377 778 5432 tiatur
826 5394 955 5448 crgo
1007 5380 1354 5449 iniquissimis
1395 5382 1661 5451 iudicibus
1711 5395 1924 5438 sanctos
1950 5384 2043 5438 Dei
2082 5399 2205 5453 pro-

620 5482 855 5534 perasse.
891 5469 1042 5524 Tunc
1068 5470 1335 5526 Sisinnius
1365 5472 1533 5526 comis
1574 5487 1675 5525 una
1705 5487 1825 5526 cum
1866 5474 2204 5541 spiculatori-

621 5559 721 5613 bus
751 5576 820 5614 ex
870 5574 1137 5632 prazcepto
1184 5564 1481 5634 impiissimi
1520 5562 1822 5620 Dioclitiani
1869 5565 2205 5635 imperatoris

620 5650 979 5718 subsequitur.

691 5816 933 5904 (uiiich
957 5817 1119 5904 verba
1166 5834 1332 5904 usque
1378 5820 1452 5904 ad.
1492 5828 1803 5887 sequentem
1833 5818 2132 5878 sectionem
2153 5858 2168 5888 ,
2209 5823 2391 5890 paucis
2421 5828 2821 5897 praetermissis,
2850 5828 3103 5899 leguntur
3124 5831 3181 5887 in
3208 5830 3425 5904 vulgato
3455 5823 3668 5892 Ιθτωοηθ

620 5884 960 5947 Anthrosium
992 5899 1045 5946 et
1072 5890 1209 5957 apud
1235 5884 1604 5958 Augustinum.

2319 4736 2479 4791 valde
2525 4737 2692 4793 iratus
2730 4750 2852 4804 est,
2888 4716 2952 4793 et
2970 4739 3228 4810 praecepit
3269 4735 3695 4810 spiculatoribus,
3728 4716 3821 4822 ulli

2315 4825 2432 4881 Jovi
2466 4828 2621 4882 thura
2653 4843 2760 4883 non
2782 4829 3061 4896 offerrent,
3084 4832 3255 4901 capita
3285 4832 3648 4902 plecterentur.
3672 4820 3821 4875 Bellis-

2317 4922 2440 4976 simi
2470 4939 2599 4979 vero
2627 4936 2892 4997 martyres
2932 4925 3177 4984 Cantiani
3226 4946 3332 4985 una
3363 4946 3483 4986 cum
3526 4928 3668 4983 Proto
3693 4908 3817 4985 ρωάε·

2318 5029 2454 5086 8°80
2490 5031 2588 5071 δυο
2632 4996 2927 5086 Βδυάέηῑθε
2955 5029 3010 5076 et
3051 5022 3345 5093 psallentes
3374 5020 3720 5078 ducebantura
3743 4996 3817 5069 εΡί·

2319 5105 2664 5161 culatorihus.
2702 5108 2851 5164 Tunc
2873 5108 3012 5165 beati
3038 5111 3219 5168 famuli
3250 5114 3341 5169 Dei
3366 5108 3605 5184 expansis
3631 5093 3812 5157 manibus

2313 5196 2380 5249 ad
2407 5198 2597 5252 caelum
2622 5200 2920 5257 orationem
2946 5202 3195 5259 fuderunt
3218 5205 3284 5259 ad
3313 5205 3580 5261 Dominum
3599 5191 3810 5252 dicentes:

2308 5288 2533 5347 Domine
2579 5293 2707 5348 Jesu
2763 5295 3003 5363 Christe,
3046 5298 3137 5367 qui
3179 5293 3627 5367 perseverantibus
3662 5282 3704 5338 in
3746 5281 3809 5327 "‘0

2312 5382 2530 5437 nomine
2584 5394 2633 5439 te
2667 5396 2872 5452 patrem
2918 5399 2973 5444 et
3003 5400 3226 5445 matrem
3272 5391 3463 5447 dixisti
3505 5397 3628 5447 esse,
3668 5381 3709 5430 οε
3744 5374 3806 5435 Pro

2312 5478 2698 5546 temporalibus
2722 5481 2918 5548 futura,
2948 5494 3002 5538 et
3026 5499 3125 5554 pro
3140 5485 3391 5554 perituris
3421 5484 3658 5556 perpetua,
3683 5464 3805 5556 91W

2312 5567 2514 5626 divitiis
2566 5575 2793 5629 terrenis
2842 5576 3205 5646 incorruptam
3253 5554 3435 5632 vitam
3462 5573 3677 5628 aeternam
3716 5554 3799 5604 ουω

2313 5662 2565 5723 felicitate
2611 5667 2740 5726 dare
2782 5671 3073 5740 promisisti
3102 5689 3113 5725 :
3139 5681 3188 5728 te
3238 5672 3604 5729 obsecramus,
3640 5648 3803 5707 Amm"

3698 5786 3795 5868 1ρῶ

3359 6040 3403 6049 μ’
