4060 6346
242 293 371 351 Ml

788 289 884 347 RD
923 288 1431 348 PRECEDENTIA
1469 289 1820 349 LITURGLE
1867 292 2292 354 MONUMEN'I‘A
2332 296 2682 360 APPENDIX
2720 301 3014 361 ALTERA.

3446 308 3550 365 με

247 425 423 482 purae
446 406 807 473 conscientiae,
828 413 888 462 ut
912 405 1169 476 reSpicias
1184 405 1251 461 de
1274 406 1581 461 summitate
1602 406 1863 463 caelorum
1889 412 1941 473 Α
1965 411 2138 485 ligens
2167 414 2597 473 beatissimorum
2630 428 2926 490 martyrum
2947 434 3195 492 corpora,
3215 422 3455 482 condivit
3482 443 3547 487 ea

246 504 333 561 ad
366 504 506 558 hanc
534 502 743 566 horam,
776 508 833 555 ut
858 500 1120 571 suscipias
1142 500 1349 554 animas
1376 509 1588 555 nostras
1611 499 1665 554 in
1697 514 1848 569 pace,

251 605 323 655 et
352 597 497 651 inter
524 603 741 650 sanctos
768 593 981 650 Electos
1002 603 1123 649 tuos
1168 594 1436 650 conlocari
1467 594 1764 666 praecipias,
1794 604 1854 651 ut

252 693 599 761 “noscant
618 698 804 740 omnes
837 683 958 754 quia
1002 693 1057 738 tu
1082 699 1140 740 es
1177 684 1321 741 Deus
1350 684 1503 740 solus
1550 692 1608 740 et
1633 685 1855 741 benedi-

252 788 386 834 ctus
418 777 473 833 in
515 777 730 832 sarcula.
763 777 829 832 Et
862 791 983 833 cum
1012 778 1377 849 complessent
1406 779 1724 847 orationem,
1754 795 1852 850 po-

256 882 464 926 nentes
510 884 684 941 genua
728 881 1078 939 susceperunt
1115 870 1348 942 gladium
1371 914 1385 937 ,
1412 882 1496 927 oet
1535 882 1857 942 acceperunt

268 976 512 1018 coronas
538 960 894 1033 sempiternas
920 978 937 1019 :
962 972 1018 1018 et
1063 976 1191 1019 ecce
1221 977 1438 1035 sanguis
1480 978 1672 1019 eorum
1722 972 1857 1020 tam-

260 1070 436 1126 quam
472 1055 555 1112 lac
583 1056 837 1112 omnibus
863 1056 1172 1114 videntibus
1202 1058 1470 1128 apparuit.

341 1146 461 1214 Quo
490 1155 737 1219 tempore
764 1147 1090 1206 venerabilis
1111 1149 1197 1205 vir
1225 1149 1418 1207 Zoelus
1446 1153 1727 1224 presbyter
1745 1151 1860 1207 col-

1961 507 2286 563 aromatibus
2328 508 2600 578 pretiosis,
2643 510 2780 565 etin
2813 510 2991 567 loculo
3011 514 3333 571 conlocavit.
3362 516 3463 584 Qui
3492 529 3549 576 et

1961 599 2075 669 ipse
2086 609 2300 655 sanctus
2315 600 2508 656 Zoelus
2524 609 2646 671 post
2667 602 2998 673 aliquantum
3021 614 3230 675 tempus
3249 611 3552 678 susceptio-

1961 694 2044 748 nis
2066 708 2176 749 sum
2204 692 2306 748 hoc
2333 694 2521 751 ordine
2547 696 2784 765 perrexit
2802 692 2880 752 ‘ad
2904 697 3208 753 Dominum.
3241 699 3393 757 Passi
3421 712 3548 760 sunt

1961 795 2139 842 autem
2196 785 2485 842 beatissimi
2543 797 2809 861 martyres
2864 787 3107 858 Cantius,
3152 793 3448 849 Cantianus
3489 801 3546 850 et

1962 877 2311 943 Cantianella,
2364 878 2536 948 pridie
2585 879 2703 935 Kal.
2752 881 2974 948 lunias,
3025 892 3284 952 regnante
3320 884 3547 939 Domino

1964 981 2148 1028 nostro
2167 973 2295 1028 Jesu
2320 971 2556 1042 Christo,
2588 974 2673 1029 cui
2701 983 2787 1031 est
2811 974 3002 1047 gloria,
3028 974 3198 1031 honor
3225 986 3283 1031 et
3318 986 3549 1036 potestas

1966 1066 2023 1121 in
2046 1065 2243 1121 sacula
2271 1064 2611 1133 saeculorum,
2637 1082 2815 1123 amen.

262 1305 3555 1340 mm

1098 1458 1897 1568 APPENDIX
2032 1460 2667 1569 ALTERA
2690 1524 2730 1565 .

273 1679 434 1790 In
460 1715 671 1825 quo
696 1686 1287 1788 variantes
1321 1688 1931 1819 scripturae
1972 1716 2331 1788 sacrae
2380 1681 2904 1790 lectiones
2943 1686 3551 1825 praecipuae

742 1882 893 1952 ex
946 1846 1662 1954 Lectionario
1726 1842 2326 1951 Gallicana
2370 1845 3112 1968 exhibentur,

1689 2049 2164 2064 ψ

347 2118 510 2191 ᾹῚῙ
539 2117 798 2186 Quoniam
824 2130 1148 2187 magnopere
1166 2116 1392 2173 interest
1419 2117 1559 2172 scire
1585 2116 1860 2187 antiquam
1892 2121 1942 2180 B
1967 2119 2106 2187 ﬁlias
2134 2118 2412 2189 pharetrae,
2447 2117 2655 2185 Graece,
2689 2120 2820 2181 ἰοὺς.
2850 2118 3118 2187 Lection.,
3151 2117 3355 2188 phialas
3376 2118 3562 2189 phare-

272 2212 567 2284 Scripturaa
599 2226 767 2267 sacrae
796 2210 1122 2278 versionem,
1155 2226 1259 2280 qua
1308 2211 1494 2280 primis
1525 2211 1861 2279 temporibus

273 2319 376 2361 usa
408 2303 786 2360 est-Gallicana
815 2303 1065 2370 ecclesia,
1096 2302 1219 2359 ideo
1251 2302 1336 2357 hic
1364 2302 1468 2358 sub
1499 2318 1606 2358 uno
1636 2316 1865 2372 conspe-

274 2408 370 2455 ctu
399 2398 666 2453 variantes
696 2397 1019 2452 Lectionarii
1050 2395 1412 2466 antiquissimi
1444 2394 1707 2451 lectiones
1736 2394 1867 2452 insi-

276 2489 493 2561 gniores
520 2488 723 2543 referre
751 2486 923 2551 visum
963 2497 1047 2542 est
1075 2501 1256 2555 operae
1295 2485 1528 2555 pretium
1551 2527 1566 2554 ,
1603 2494 1660 2540 ut
1688 2500 1756 2541 ex
1783 2485 1866 2542 his

276 2585 380 2640 viri
407 2583 548 2638 docti
580 2596 732 2637 suam
758 2581 825 2636 de
855 2580 943 2635 illa
974 2579 1220 2635 versione
1269 2577 1592 2636 sententiam
1621 2587 1865 2634 statuere

278 2680 506 2750 possint.

347 2771 415 2826 Et
454 2771 626 2841 primo
662 2766 875 2841 quidem
923 2766 1219 2839 generatim
1283 2784 1679 2826 Observandum
1729 2774 1868 2825 anti-

281 2878 443 2936 quam
474 2864 616 2917 illam
646 2862 951 2917 versionem
980 2860 1225 2931 Vulgata;
1247 2869 1444 2917 nostrae
1476 2862 1676 2931 passim
1699 2861 1868 2917 inhae-

278 2971 419 3023 rere,
451 2966 505 3013 et
542 2957 826 3027 plerasque
874 2956 1135 3012 lectiones
1172 2956 1445 3011 variantes
1476 2957 1652 3024 potius
1694 2970 1759 3011 ex
1800 2956 1867 3011 li-

280 3055 584 3113 brariorum
611 3055 771 3126 genio
796 3054 882 3109 vel
907 3068 1114 3120 errore,
1141 3067 1297 3123 quam
1322 3068 1387 3108 ex
1413 3052 1677 3107 versionis
1701 3050 1871 3120 ipsius

278 3147 640 3216 discrepantia
671 3145 1016 3216 repetendas.
1060 3143 1267 3199 Deinde
1298 3143 1389 3197 ubi
1424 3143 1602 3198 versio
1649 3142 1870 3209 antiqua

279 3242 459 3298 differt
505 3256 535 3294 a
584 3249 769 3297 nostra
805 3240 1065 3310 Vulgata,
1098 3253 1216 3294 eam
1265 3236 1460 3306 saepius
1484 3279 1499 3303 ,
1531 3250 1640 3291 non
1691 3242 1868 3290 tamen

279 3344 558 3406 perpetuo,
608 3349 732 3389 cum
786 3332 1040 3389 versione
1087 3332 1273 3388 Graeca
1325 3328 1637 3385 convenire.
1686 3324 1872 3381 Tertio

281 3427 573 3498 Scriptura:
617 3426 782 3481 libros
808 3466 825 3492 ,
871 3440 939 3480 ex
969 3424 1163 3494 quibus
1192 3423 1453 3478 lectiones
1501 3421 1553 3475 in
1585 3418 1871 3474 Lectiona-

1976 2221 2088 2277 tne,
2117 2210 2256 2267 forte
2279 2211 2551 2268 mendose.

2043 2304 2241 2360 Ezscn.
2294 2318 2464 2369 nm,
2512 2302 2605 2370 20,
2656 2313 2703 2359 et
2728 2318 2880 2375 super
2929 2319 3171 2357 coronam
3211 2303 3264 2356 in
3308 2302 3559 2368 circuitu,

1974 2395 2182 2463 Graece,
2212 2398 2387 2469 βασιν.
2420 2395 2685 2463 Lection.,
2716 2404 2762 2451 et
2807 2412 2964 2466 super
2989 2409 3181 2450 cornua
3224 2397 3279 2449 in
3307 2396 3543 2450 circuitu.

1970 2515 2042 2529 —
2062 2486 2193 2557 Cap.
2224 2501 2366 2550 xuv,
2399 2485 2466 2554 3,
2499 2486 2564 2556 4,
2603 2486 2906 2557 egredietur.
2938 2486 3003 2540 Et
3049 2486 3273 2541 adduxit
3304 2502 3406 2552 me,
3434 2501 3560 2541 cum

1970 2577 2135 2635 LXX.
2175 2577 2441 2646 Lection.,
2472 2579 2781 2650 egredietur.
2818 2577 2910 2634 Sic
2938 2578 3069 2633 sicut
3099 2589 3169 2633 est
3195 2578 3371 2633 clausa
3392 2621 3409 2648 ,
3445 2579 3560 2634 Rea:

1973 2674 2205 2728 transivit
2236 2688 2325 2744 per
2354 2688 2484 2726 eam.
2511 2671 2580 2726 Et
2604 2673 2824 2726 adduxit
2851 2688 2952 2728 me.

2044 2766 2250 2822 Deum.
2277 2781 2357 2833 ιιι,
2388 2768 2443 2832 1,
2477 2764 2957 2821 Nabuchodonosor
2986 2784 3075 2821 rex
3108 2766 3247 2837 fecit.
3280 2765 3554 2833 Lection.,

1973 2870 2094 2913 cum
2136 2856 2311 2924 LXX,
2343 2872 2479 2912 anno
2508 2867 2681 2912 octavo
2712 2858 2911 2912 decimo
2956 2857 3437 2914 Nabuchodonosor
3471 2874 3563 2914 rea:

1974 2950 2113 3020 fecit.
2145 2948 2304 3017 Ibid.,
2334 2963 2475 3005 vers.
2506 2949 2559 3015 6,
2594 2950 2679 3017 15,
2708 2949 2799 3015 20,
2830 2951 3089 3017 fornacem
3141 2951 3275 3021 ignis
3300 2952 3554 3017 ardentis,

1973 3040 2244 3107 Lection.,
2270 3055 2393 3096 cum
2422 3040 2594 3107 LXX,
2621 3041 2817 3111 ubique
2865 3042 3029 3098 habet
3075 3042 3362 3097 ardentem.
3393 3041 3560 3108 Ibid.,

1973 3147 2115 3188 vers.
2163 3132 2253 3198 94,
2302 3131 2577 3217 Sarabqla.
2622 3133 2893 3201 Lection.,
2926 3148 3049 3189 cum
3078 3133 3222 3189 LXX
3244 3175 3258 3200 ,
3289 3133 3560 3188 sarabara.

1975 3225 2138 3292 Ibid.,
2164 3240 2305 3282 vers.
2337 3226 2437 3293 96,
2468 3228 2694 3298 positum
2737 3238 2810 3282 est
2849 3228 2948 3283 hoc
2976 3229 3253 3283 decretum.
3289 3225 3564 3293 Lection.,

1974 3331 2098 3374 cum
2127 3317 2271 3372 LXX
2290 3360 2305 3384 ,
2336 3319 2657 3390 propositum
2685 3329 2756 3374 est
2783 3312 3059 3375 decretum.
3097 3319 3253 3383 Ibid.,
3288 3334 3435 3375 vers.
3466 3314 3560 3385 97,

1977 3410 2067 3478 98,
2095 3411 2150 3463 in
2166 3411 2427 3480 provincia
2444 3408 2748 3481 Babylonis.
2777 3408 3281 3465 Nabuchodonosor.
3297 3408 3566 3473 Lection.,
3656 3417 3663 3423 '

281 3521 420 3576 rium
452 3527 689 3575 nostrum
718 3526 953 3586 acceptae
974 3525 1120 3579 sunt,
1139 3515 1239 3571 hos
1260 3514 1482 3569 omnino
1503 3527 1644 3579 esse,
1668 3526 1865 3581 nempe
1897 3515 1946 3581 (ι
1975 3502 2031 3557 in
2061 3501 2374 3573 provinciam
2399 3500 2700 3573 Babylonis,
2735 3511 2787 3557 et
2808 3502 3011 3574 scripsit
3040 3499 3320 3573 epistulam
3339 3500 3411 3554 sic
3433 3515 3561 3554 con-

282 3612 530 3670 Genesim
564 3654 580 3678 ,
650 3608 896 3665 Exodum
928 3649 947 3677 ,
1013 3607 1175 3664 Josue
1208 3647 1224 3672 ,
1285 3606 1506 3662 Tobiam
1538 3647 1554 3673 ,
1626 3603 1808 3660 Judith
1850 3644 1868 3670 ,

284 3705 498 3773 Esther,
527 3700 715 3760 omnes
745 3702 1069 3773 prophetas,
1121 3700 1352 3769 majores
1380 3713 1443 3754 ac
1491 3697 1727 3751 minores
1756 3738 1771 3764 ,
1803 3710 1873 3751 ex

283 3796 463 3853 Veteri
494 3795 875 3859 Testamento;
908 3807 975 3847 ex
1003 3790 1154 3845 Novo
1179 3799 1358 3843 autem
1381 3832 1397 3856 ,
1428 3797 1659 3857 quatuor
1688 3786 1871 3841 Evan-

283 3889 421 3960 gelia
447 3928 465 3956 ,
505 3888 687 3943 Actus
713 3883 1081 3957 apostolorum
1106 3920 1124 3948 ,
1164 3895 1350 3937 omnes
1380 3878 1529 3934 Pauli
1560 3876 1829 3947 Epistolas
1850 3914 1868 3941 ,

283 3991 478 4055 praeter
502 3995 663 4036 uuam
694 3978 761 4035 ad
789 3977 1184 4047 Philippenses,
1214 3988 1404 4030 omnes
1434 3971 1741 4028 Catholicas
1762 4011 1777 4037 ,
1810 3978 1871 4026 et

289 4074 671 4147 Apocalypsin.
709 4072 960 4143 Singulos
992 4085 1059 4126 ex
1090 4068 1279 4124 ordine
1312 4079 1706 4137 percurramus.

609 4189 679 4245 ΙΝ
719 4186 976 4245 VETERI
1016 4182 1502 4242 TESTAMENTO.

357 4308 553 4364 Cenes.
585 4321 682 4371 vn,
710 4302 798 4370 16,
831 4303 921 4359 ubi
947 4300 1138 4371 legitur
1166 4298 1219 4353 in
1245 4298 1493 4368 Vulgata,
1520 4295 1732 4350 inclusit
1753 4310 1870 4349 eum

286 4401 537 4457 Dominus
558 4398 769 4469 deforis,
790 4393 938 4451 addit
963 4390 1359 4449 Lectionarium
1382 4388 1575 4458 deforis
1596 4388 1652 4441 in
1672 4403 1869 4455 arcam,

285 4495 425 4567 quod
454 4492 647 4549 melius
676 4489 864 4546 Graeco
894 4486 1061 4542 textui
1092 4482 1405 4555 respondet,
1436 4483 1525 4537 καὶ
1550 4479 1750 4537 {aliter
1776 4484 1867 4538 τήν

288 4586 495 4642 κιϐωτὸν
522 4583 701 4650 ἔξωθεν
729 4583 907 4639 αὐτοῦ.

358 4678 519 4735 Josoe
546 4691 622 4743 tv,
666 4674 754 4741 19,
788 4673 987 4727 decimo
1022 4670 1105 4725 die
1144 4669 1332 4723 mensis
1370 4666 1562 4737 primi,
1590 4663 1872 4722 Lectione-

286 4771 422 4827 rium
471 4768 631 4824 habet
667 4766 866 4822 decimo
907 4779 1111 4830 mense,
1156 4762 1324 4830 prima
1364 4760 1447 4815 die
1474 4759 1679 4813 mensis.
1729 4755 1874 4813 LXX

288 4860 526 4929 Vulgata:
560 4858 758 4912 favent.

1975 3594 2243 3649 tinentem.
2278 3592 2783 3662 Nabuchodonosor,
2811 3610 2932 3666 quae
2958 3593 3120 3651 verba
3169 3593 3332 3648 etiam
3368 3592 3565 3647 desunt

1973 3683 2113 3754 apud
2140 3683 2307 3739 LXX.
2326 3684 2540 3754 -—Cap.
2571 3700 2645 3753 rx,
2680 3686 2769 3749 M,
2802 3694 2852 3739 et
2874 3685 3099 3757 vigilavit
3128 3682 3381 3738 Dominus
3409 3698 3565 3753 super

1974 3776 2248 3832 malitiam.
2280 3775 2442 3831 Deest
2467 3792 2623 3847 super
2643 3778 2899 3831 malitiam
2930 3778 2981 3832 in
3007 3775 3368 3833 Lectionario.
3400 3774 3566 3842 Ibid.,

1974 3882 2117 3924 vers.
2147 3867 2240 3937 25,
2272 3869 2400 3924 scito
2447 3884 2567 3939 ergo
2614 3879 2663 3924 et
2708 3869 3073 3925 animadverte.
3112 3868 3356 3925 Lection.
3409 3867 3558 3924 Scito

1974 3978 2117 4035 ergo,
2156 3972 2204 4019 et
2233 3963 2413 4031 planta
2443 3978 2643 4031 aurem,
2666 3972 2715 4017 et
2739 3964 3107 4019 animadverte.

1949 4104 1952 4107 λ
2042 4076 2187 4135 Osee
2226 4092 2305 4145 tv,
2340 4077 2430 4146 17,
2462 4077 2659 4132 dimitte
2696 4094 2832 4132 eum.
2868 4076 3136 4142 Lection.,
3168 4075 3390 4129 dimittet
3408 4089 3553 4131 eum.

1972 4200 2044 4213 -—
2060 4171 2194 4240 Cap.
2216 4185 2292 4235 vr,
2317 4169 2372 4236 6,
2403 4177 2578 4224 etnon
2606 4170 2938 4239 sacriﬁcium,
2965 4182 3086 4225 cum
3122 4166 3286 4223 LXX.
3312 4167 3556 4224 Lection.

1973 4278 2127 4333 vero,
2150 4272 2198 4318 et
2229 4280 2333 4317 non
2353 4263 2638 4335 judicium.

2045 4377 2179 4433 lost.
2210 4393 2249 4443 ι,
2281 4376 2370 4442 15,
2403 4378 2597 4432 libatio.
2630 4376 2899 4446 Lection.,
2934 4376 3355 4445 oblatio.—Cap.
3389 4392 3446 4442 It,
3466 4374 3563 4445 25,

1975 4473 2259 4527 serotinum
2281 4472 2411 4527 sicut
2430 4472 2486 4525 in
2508 4472 2786 4549 principio.
2811 4471 2927 4528 Vox
2947 4473 3077 4526 sicut
3098 4472 3368 4526 dwstnon
3388 4467 3560 4524 semel

1977 4566 2030 4620 in
2060 4564 2424 4620 Lectionario.
2467 4563 2630 4631 Ibid.,
2661 4578 2807 4619 vers.
2839 4563 2940 4627 ‘28,
2972 4563 3211 4632 spiritum
3237 4575 3427 4616 meum.
3464 4560 3566 4615 Le-

1975 4656 2168 4723 ction.,
2198 4656 2262 4711 de
2289 4656 2476 4728 spiritu
2503 4671 2635 4722 meo,
2658 4669 2780 4711 cum
2814 4652 2977 4710 LXX.
3013 4653 3080 4708 Et
3108 4651 3187 4708 sic
3213 4652 3343 4723 legit
3382 4652 3555 4708 Lucas

2081 4786 2095 4802 .
2130 4761 2191 4802 ιι.
2218 4744 2309 4799 47.

2081 4786 2095 4802 .
2218 4747 2309 4799 47.

1976 4747 2222 4906 Aegatis,
2252 4854 2367 4905 vnt,
2400 4839 2454 4905 5,
2482 4837 2690 4910 quando
2733 4834 2967 4889 transibit
3003 4833 3216 4901 mensis,
3243 4848 3366 4890 cum
3398 4832 3563 4891 LXX.

358 4916 513 5008 Isim
543 4966 687 5016 xxvr,
719 4949 774 5016 6,
803 4963 920 5018 pes,
954 4947 1111 5018 pedes
1146 4945 1413 5017 pauperis.
1442 4942 1712 5008 Lection.,
1747 4941 1871 4997 abs-
1896 4916 1951 4976 Ῑ)
1976 4934 2247 5000 Lection.,
2276 4934 2479 5000 messis,
2507 4931 2648 4987 forte
2674 4929 2951 4986 mendose.

290 5061 389 5117 que
416 5042 798 5117 geminatione,
832 5057 919 5111 pes
950 5039 1212 5110 pauperis.
1246 5036 1389 5092 LXX
1410 5081 1425 5106 ,
1452 5035 1609 5097 πόδες
1632 5074 1649 5101 ,
1679 5037 1867 5089 semel.

289 5136 445 5203 Ibid.,
481 5150 635 5192 vers.
671 5132 774 5199 18,
819 5142 863 5187 et
892 5131 1182 5201 peperimus
1225 5129 1463 5198 spiritum
1485 5130 1723 5182 :salutes
1764 5142 1871 5180 non

290 5229 519 5299 fecimus,
552 5227 607 5280 in
650 5235 809 5278 terra.
838 5222 1082 5277 Lection.
1115 5234 1277 5287 vero,
1308 5220 1425 5274 sine
1458 5218 1868 5287 dispunctione,

289 5321 524 5391 spiritum
553 5318 732 5373 salutis
764 5332 873 5370 non
916 5314 1128 5385 fecimus
1159 5314 1211 5366 in
1254 5322 1413 5367 terra.
1455 5309 1621 5377 LXX,
1668 5318 1874 5384 πνεῦμα

290 5415 548 5491 σωτηρίας
562 5435 656 5470 σου
681 5415 1015 5482 ἐποιησαμεν.
1030 5407 1322 5477 Complut.,
1343 5404 1368 5460 ὃ
1388 5406 1869 5473 inducam—Cap.

292 5527 406 5578 ιιι,
447 5507 554 5573 14,
596 5509 672 5562 sic
717 5505 972 5577 inglorius
1029 5503 1144 5556 erit.
1174 5499 1458 5561 Lection.,
1488 5500 1562 5553 sic
1601 5497 1875 5569 gloriosior

292 5606 404 5665 erit.
435 5603 599 5669 LXX,
630 5617 750 5658 cum
784 5600 1029 5669 Vulgata,
1060 5596 1318 5661 ἀδοξήσει.

362 5692 914 5771 4721ειιειιαιιῆ,
934 5691 987 5744 in
1008 5705 1163 5742 manu
1190 5685 1514 5741 inimicorum
1541 5687 1673 5751 eius.
1701 5682 1869 5751 LXX,

296 5785 1091 5857 adrﬁc.Lection.,inimicornm
1106 5796 1351 5837 meorum.
1376 5776 1647 5838 —Thren.
1682 5792 1760 5843 ιιι,
1789 5774 1873 5843 15,

2045 5029 2292 5086 Musca.
2322 5041 2419 5095 ιιι,
2445 5025 2479 5079 5
2503 5068 2520 5095 ,
2550 5024 2735 5080 celabit
2775 5040 2881 5079 eos.
2930 5024 3199 5091 Lection.,
3231 5039 3352 5078 cum
3383 5020 3524 5078 LXX
3548 5062 3565 5088 ,

1976 5124 2217 5193 conﬂabit
2249 5138 2336 5178 eos
2358 5160 2375 5189 ,
2402 5120 2625 5177 rectius.
2670 5118 2833 5183 Ibid.,
2861 5119 3006 5174 ver's.
3037 5117 3071 5173 8
3095 5157 3111 5182 ,
3144 5116 3452 5186 conﬁximus
3483 5126 3564 5181 te,

1976 5231 2101 5272 cum
2128 5212 2303 5280 LXX,
2336 5228 2433 5284 pro
2463 5212 2769 5283 conﬁgimus
2796 5221 2843 5265 te
2865 5252 2878 5275 ,
2910 5210 3052 5281 quod
3083 5218 3167 5263 est
3213 5208 3266 5262 in
3313 5206 3563 5274 Vulgata.

1981 5308 2137 5375 Ibid.,
2170 5321 2314 5363 vers.
2348 5307 2436 5372 17,
2465 5314 2614 5359 erunt
2640 5304 2786 5359 mihi.
2817 5301 3089 5365 Lection.,
3121 5306 3271 5353 erunt
3296 5298 3423 5351 mihi
3452 5312 3566 5353 oves

1974 5416 2118 5456 mete.
2144 5430 2215 5441 —
2236 5399 2367 5469 Cap.
2402 5413 2455 5452 tv
2479 5438 2494 5463 ,
2526 5398 2550 5452 1
2582 5439 2598 5463 ,
2631 5396 2839 5468 stipula.
2873 5394 3146 5459 Lection.,
3173 5391 3311 5445 sicut
3340 5390 3561 5458 stipula.

1980 5495 2139 5550 Deest
2162 5504 2342 5550 tamen
2366 5492 2480 5547 lucc
2497 5490 2759 5561 particula
2786 5486 2927 5558 apud
2962 5482 3133 5550 LXX,
3154 5481 3279 5538 licet
3304 5481 3569 5538 subintel-

1978 5586 2190 5658 l'gam'
2357 5655 2424 5710 IN
2461 5652 2645 5709 novo
2680 5645 3173 5708 resrsusu'ro.

2053 5770 2271 5829 Mum.
2300 5785 2377 5836 v1,
2410 5767 2499 5835 11,
2528 5760 3094 5835 supersubstantsalcm.
3126 5756 3395 5824 Laetior)"
3424 5767 3560 5829 cogi.
