4060 6346
607 308 713 368 447

1445 303 1788 364 APPENDIX
1825 302 1918 361 ΔΙ)
1955 300 2229 357 OPERAS
2269 299 2580 355 GERMANI
2620 301 3070 362 PARISIENSIS.
3825 308 3897 366 με

609 421 771 479 etiam
844 417 919 473 ita
972 417 1165 488 legisse
1218 416 1429 473 videtur
1502 416 1859 473 Tertullianus
1934 415 2189 470 adversus
2220 414 2479 478 Aeadem
2529 416 2697 485 prima
2749 418 2984 486 epistola
3030 417 3325 484 Johannis,
3366 431 3509 487 cap.
3550 433 3648 483 vn,
3682 434 3807 475 vers.
3839 423 3894 491 l2,

612 510 897 577 Praxeam,
928 509 982 564 in
1014 511 1128 565 haec
1151 509 1333 575 verba,
1363 524 1482 579 cap.
1507 508 1577 562 25
1602 524 1618 562 :
1654 526 1672 559 ι
1702 506 1953 563 Ceterum
1983 506 2049 563 de
2076 522 2196 561 meo
2296 509 2384 580 qui
2404 524 2507 561 non
2533 509 2677 562 habet
2707 509 2895 578 ﬁlium,
2926 511 3190 576 Lection.,
3219 526 3357 566 cum
3390 508 3613 566 Graeco
3633 511 3775 568 addit
3809 514 3893 573 Dei.

615 612 814 671 sumet,
842 602 1034 671 inquit,
1086 602 1227 657 sicut
1277 603 1391 670 ipse
1438 601 1506 656 de
1552 600 1748 656 Patris.
1806 600 1880 655 lta
1924 614 2199 655 connexus

616 699 790 756 Patris
818 699 871 753 in
892 698 1052 766 Filio,
1084 706 1137 751 et
1167 696 1288 751 Filii
1314 697 1366 751 in
1400 695 1696 761 Paracleto,
1744 705 1853 751 tres
1896 695 2056 749 elﬁcit
2101 710 2195 748 co-

616 790 902 850 hrereutes.
928 790 1153 843 alterum
1176 804 1243 843 ex
1267 788 1455 852 altero,
1483 787 1574 858 qui
1604 796 1712 842 tres
1737 800 1901 840 unum
1932 785 2061 849 sint,
2093 800 2198 840 non

616 899 773 940 unus.
806 884 924 952 Quo
953 883 1111 938 modo
1139 883 1336 938 dictum
1368 890 1486 937 est:
1520 880 1630 952 Ego
1657 891 1703 935 et
1725 878 1885 934 Pater
1922 896 2082 933 unum
2106 896 2198 935 su-

616 994 746 1043 mus,
783 997 803 1031 ι
837 987 941 1033 etc.
974 977 1039 1031 Et
1064 977 1163 1032 sub
1193 975 1350 1031 ﬁnem
1376 975 1494 1030 libri
1526 991 1575 1028 ει
1609 973 1763 1040 Quod
1793 987 1927 1042 Opus
1958 974 2201 1039 Evange-

619 1069 702 1137 lii,
732 1085 854 1140 qutc
884 1078 964 1125 est
992 1067 1287 1124 substantia
1305 1066 1443 1122 Novi
1474 1065 1827 1132 Testamenti,
1854 1072 2096 1119 statuens
2127 1063 2203 1117 le-

621 1177 740 1232 gem
772 1172 827 1217 et
848 1161 1156 1233 prophetas,
1184 1175 1353 1229 usque
1373 1158 1439 1213 ad
1465 1158 1784 1221 Johannem,
1814 1157 1859 1211 si
1882 1170 1986 1211 non
2009 1155 2203 1212 exinde

618 1252 776 1308 Pater
821 1261 877 1309 et
919 1252 1085 1329 Filius
1128 1260 1184 1306 et
1226 1250 1456 1320 Spiritus
1485 1258 1593 1304 tres
1622 1248 1810 1305 crediti
1842 1262 2001 1303 unum
2035 1248 2201 1303 Deum

616 1343 859 1399 sistunt?
895 1363 913 1396 ι
967 1344 1032 1397 Hi
1061 1344 1168 1399 duo
1212 1342 1334 1407 loci,
1378 1342 1609 1396 maxime
1659 1340 1828 1409 pridi,
1880 1339 1947 1393 ad
2000 1348 2201 1393 textum

615 1434 867 1505 Epistula:
891 1434 1151 1490 Johannis
1198 1434 1467 1503 respicere
1512 1432 1742 1486 videtur.
1795 1430 2064 1500 Quidquid
2112 1432 2200 1497 sit,

2302 599 2434 654 Dein
2467 615 2608 654 vers.
2642 600 2747 655 l5:
2785 600 2851 654 Et
2877 602 3063 655 scimus
3091 604 3212 672 quia
3232 602 3404 657 audit
3438 618 3546 656 nos
3577 604 3810 673 quicquid
3832 624 3893 675 ρε-

2300 695 2527 749 tierimus
2546 694 2696 749 deest
2720 696 2773 749 in
2799 694 3037 751 Lection.
3058 741 3072 763 ,
3102 696 3198 751 sed
3225 711 3341 751 non
3402 696 3467 750 in
3505 693 3730 751 Graeco.
3776 699 3893 769 ibid,

2300 788 2651 856 postulamus;
2678 785 2918 840 Lection.
2958 788 3365 857 postulavimus,
3402 802 3546 841 cum
3582 785 3771 842 Greco
3808 795 3895 849 ἡτέ-

2302 897 2481 946 σαμεν.
2506 874 2696 930 Postea
2726 890 2848 931 vers
2882 875 2973 944 16,
3028 888 3083 932 ut
3127 888 3267 949 roget
3313 878 3483 949 quis.
3536 877 3715 934 Abest
3754 885 3845 947 quis
3872 902 3892 937 ει

2301 960 2542 1025 Lection.
2569 978 2624 1024 et
2652 969 2863 1025 Graeco.
2894 969 3028 1025 Tum
3059 986 3199 1026 vers.
3233 971 3325 1037 17,
3369 980 3673 1040 peccatum
3694 973 3759 1024 ad
3797 991 3895 1028 mor-

2301 1072 2443 1128 tem;
2472 1064 2523 1116 in
2547 1062 2785 1117 Lection.
2813 1072 2866 1117 et
2890 1063 3097 1130 Grteco,
3130 1074 3415 1133 peccatum
3449 1080 3571 1118 non
3600 1064 3675 1118 ad
3704 1078 3891 1120 mortem.

2373 1156 2525 1209 J0me
2558 1170 2632 1221 tv,
2663 1156 2718 1221 4,
2774 1154 3055 1208 Dominum
3093 1166 3331 1209 nostrum
3385 1154 3623 1210 Iesum.
3677 1155 3894 1223 Lection.,

2304 1247 2469 1302 Deum
2500 1258 2729 1302 nostrum
2758 1246 2956 1313 Iesum,
2986 1257 3042 1303 et
3070 1248 3123 1302 in
3171 1247 3397 1303 Graeco.
3458 1248 3637 1312 lbid.,
3687 1264 3814 1304 vers.
3852 1254 3887 1314 6,

2296 1341 2555 1411 judicium
2583 1340 2755 1413 magni
2782 1340 2903 1405 diei,
2933 1355 3056 1394 cum
3088 1340 3295 1396 Graeco.
3338 1340 3649 1404 Lection.,
3677 1342 3890 1408 judicium

2306 1434 2408 1487 diei
2430 1433 2603 1503 magni
2630 1432 2749 1485 Dei.
2784 1433 2989 1487 Rursus
3018 1448 3160 1487 vers.
3195 1434 3282 1496 ll,
3313 1434 3380 1487 in
3435 1432 3532 1486 via
3591 1430 3739 1493 Cain,
3783 1442 3821 1485 et
3856 1436 3891 1486 in

620 1526 782 1594 plana
843 1535 927 1581 est
977 1524 1229 1596 Cypriani
1277 1533 1331 1579 et
1375 1524 1684 1594 Hieronymi
1728 1523 2036 1589 auctoritas,
2084 1536 2205 1591 quae
2313 1524 2740 1579 contradictione.
2802 1523 2963 1578 Deest
3022 1524 3076 1578 in
3100 1523 3349 1579 Lection.
3407 1533 3472 1578 et
3518 1520 3735 1578 Graeco.
3777 1522 3894 1589 ibid,

615 1626 841 1687 utraque
892 1616 1140 1672 sufﬁcere
1169 1622 1351 1685 potest
1395 1614 1463 1671 ad
1514 1613 1863 1669 asserendam
1912 1613 2039 1668 huic
2084 1612 2205 1668 loco
2305 1632 2451 1683 vers,
2502 1617 2591 1681 2t,
2640 1625 2988 1687 exspectantes
3036 1615 3470 1669 misericordiam
3516 1612 3741 1667 Domini
3775 1616 3892 1667 nostri

614 1710 1011 1765 auctoritatem.
1049 1708 1144 1763 His
1175 1719 1353 1763 tamen
1385 1708 1649 1763 accedunt
1678 1706 1995 1778 Fulgentius
2022 1708 2074 1762 in
2107 1707 2202 1763 lib.

2306 1708 2430 1765 Jesu
2476 1708 2666 1763 Christi
2705 1711 2758 1763 in
2790 1711 2947 1763 vitam
2975 1718 3238 1763 cateruam.
3272 1708 3509 1763 Desunt
3547 1706 3669 1761 hac
3693 1705 3839 1760 verba
3858 1706 3893 1758 in

614 1801 682 1855 de
696 1800 1196 1869 Trinitate,cap.4;
1217 1800 1401 1856 Victor
1416 1800 1854 1867 Vitensis,inlih.
1878 1801 1999 1855 nde
2020 1801 2208 1857 Perse-
2238 1803 2285 1862 B
2312 1801 2578 1867 Lection.,
2609 1802 2701 1857 sed
2732 1816 2840 1857 non
2869 1800 2922 1855 in
2953 1800 3159 1856 Graeco.
3198 1802 3481 1871 Denique,
3544 1814 3692 1857 vers.
3742 1800 3816 1864 24,
3856 1802 3889 1852 is

614 1893 831 1948 cutione
859 1892 1144 1947 Vandalica
1172 1909 1186 1957 ;
1217 1892 1488 1962 Eugenius
1517 1890 1981 1962 Carthaginensis,
2014 1892 2067 1947 in
2099 1891 2201 1947 Ex-

617 1983 882 2050 positione
911 1983 1035 2039 ﬁdei
1064 1984 1368 2049 catholicaa,
1396 1994 1449 2038 et
1494 1982 1577 2055 (ut
1601 1982 1735 2038 alios
1761 1982 2030 2054 omittam)
2076 1986 2205 2039 Am-

2312 1894 2643 1958 exultatione,
2672 1894 2726 1947 in
2747 1894 2965 1947 adventu
2993 1892 3201 1948 Domini
3230 1895 3409 1948 nostri
3438 1893 3584 1947 Jeau
3627 1891 3803 1946 Christi
3822 1892 3889 1945 soli

2313 1984 2445 2052 Deo,
2476 1993 2579 2039 etc.
2611 1984 2879 2049 Lection.,
2909 1999 3029 2039 cum
3058 1986 3270 2045 Graeco.
3317 1986 3384 2040 in
3442 1985 3786 2051 exultatione,
3822 1982 3891 2037 ωε

622 2073 834 2130 brosius
866 2076 1176 2145 Autpertus,
1210 2074 1263 2129 in
1293 2074 1390 2130 lib.
1435 2090 1454 2129 ι
1498 2089 1658 2145 super
1706 2075 2085 2145 Apocalypsin,
2137 2073 2205 2129 ad
2314 2075 2445 2130 Deo.
2476 2075 2601 2130 Haec
2623 2075 2674 2130 in
2699 2075 2974 2145 specimen
3000 2076 3147 2133 satis.

631 2164 774 2220 hunc
822 2182 1030 2223 versum
1057 2185 1070 2222 :
1125 2165 1227 2235 Qui
1266 2177 1339 2220 est
1365 2168 1503 2221 testis
1531 2166 1723 2235 ﬁdelis,
1750 2175 1855 2222 etc.
1887 2193 1956 2207 --
1990 2166 2119 2220 Item
2149 2165 2203 2220 in

616 2334 3884 2393 Ἢ

871 2398 2378 2906 SACltAMIiN’llltllslil
2524 2477 3676 2739 utilium

983 2997 1588 3142 LIBER
1683 2844 3520 3155 SACRSZMENTORUM

1358 3255 2139 3365 ECCLESUE
2264 3259 3179 3369 GALLICANIE

1219 3466 1300 3550 A
1350 3468 2092 3561 MURATORIO
2146 3472 2267 3559 IN
2318 3470 2744 3558 LUCEM
2810 3472 3284 3558 EDITUM

1611 3652 1848 3729 {niuem
1892 3669 2127 3713 ITALICI
2161 3670 2316 3716 TOMI
2362 3674 2417 3728 ι,
2466 3672 2524 3713 Ρ.
2569 3652 2689 3714 273
2732 3655 2940 3735 εΕΩΩο)

1696 3807 2756 3849 w-

1513 3926 2293 4078 muratocii
2363 3931 2987 4108 prwfatio.

695 4167 737 4224 l.
776 4168 922 4224 Ordo
947 4167 1150 4237 missae,
1182 4182 1339 4237 quem
1373 4184 1491 4225 mox
1526 4168 1896 4240 subjiciemus,
1932 4169 2073 4225 haud
2115 4170 2275 4227 dubie
2300 4171 2535 4243 pertinet
2558 4171 2626 4227 ad
2652 4170 2942 4243 Liturgiam
2971 4172 3320 4229 Gallicanam.
3370 4174 3609 4231 Primum
3638 4159 3848 4237 hujusrt‘i

624 4267 999 4329 argumentum
1028 4258 1235 4315 desumi
1266 4268 1441 4330 potest
1481 4276 1546 4317 ex
1568 4260 1990 4319 Collectionibus
2012 4262 2140 4319 Post
2166 4262 2413 4327 Nomina,
2445 4264 2526 4318 Ad
2553 4264 2771 4331 Pacem,
2806 4273 2858 4321 et
2888 4280 2955 4320 ex
2984 4266 3244 4322 vocabulo
3257 4255 3849 4330 Contestationis,quales

624 4358 765 4409 notae
791 4350 847 4406 in
880 4366 1004 4407 vera
1036 4351 1272 4422 Liturgia
1310 4352 1584 4409 Gallicana
1612 4355 2108 4426 deprehenduntur,
2137 4364 2203 4411 ut
2227 4356 2281 4411 in
2308 4371 2473 4427 opere
2496 4357 2563 4412 de
2591 4357 2828 4429 Liturgia
2854 4358 3123 4414 Gallicana
3165 4361 3525 4417 ostendimus.

694 4445 762 4501 ll.
800 4444 1043 4501 Alterum
1075 4457 1443 4516 argumentum
1472 4449 1673 4517 p‘etitur
1710 4463 1778 4505 ex
1826 4450 2225 4517 convenientia,
2257 4464 2418 4519 quam
2463 4449 2623 4505 habet
2667 4449 2754 4506 hic
2792 4450 2936 4505 Ordo
2975 4465 3098 4507 cum
3138 4452 3632 4515 Missaﬁ-‘Gothico,
3656 4438 3845 4503 δεηθει-

626 4538 803 4593 licano
834 4546 1034 4596 etcum
1066 4538 1407 4596 Lectionario
1428 4540 1763 4597 Luxovieusi
1790 4556 1821 4595 a
1847 4541 2004 4597 nobis
2024 4541 2202 4611 editis,
2228 4549 2289 4597 ut
2314 4540 2449 4597 facta
2468 4543 2869 4611 comparatione
2899 4542 3010 4597 suis
3028 4542 3159 4599 locis
3189 4543 3613 4601 observabimus.
3635 4537 3841 4593 Cuﬂefo

624 4630 681 4685 in
703 4629 954 4685 omnibus
985 4644 1093 4685 non
1121 4631 1424 4697 conveniat,
1456 4629 1681 4687 inferius
1709 4630 1901 4687 dicturi
1930 4647 2139 4688 sumus.

700 4722 783 4778 Ill.
823 4723 1061 4779 Tertium
1085 4733 1460 4794 argumentum
1510 4724 1855 4795 suppeditant
1891 4733 2197 4781 sanctorum
2224 4723 2381 4789 festa,
2413 4739 2531 4795 quae
2574 4725 2893 4794 paucissima
2939 4727 2992 4781 in
3027 4727 3128 4782 hoc
3154 4727 3358 4786 Ordine
3407 4729 3712 4787 referuntur.
3736 4715 3829 4771 Ηωο

624 4827 756 4885 festa
785 4839 909 4883 sunt
933 4836 1241 4883 sanctorum
1269 4826 1531 4896 Stephani
1556 4830 1990 4899 protomartyris,
2021 4826 2211 4883 Jacobi
2239 4837 2294 4883 et
2320 4825 2542 4882 Joannis
2584 4828 2974 4898 apostolorum,
3006 4826 3289 4887 Cathedraa
3318 4831 3489 4888 sancti
3511 4826 3668 4889 Petri,
3703 4820 3836 4885 Βερ⁰³

622 4920 833 4976 sitionis
858 4937 952 4977 seu
981 4918 1374 4991 Assumptionis
1399 4922 1753 4977 sanctissimae
1782 4922 2014 4992 Virginis
2034 4964 2048 4989 ,
2084 4921 2643 4989 lnventionissanctte
2673 4920 2880 4988 Crucis,
2913 4922 3220 4981 Nativitatis
3260 4928 3430 4981 sancti
3456 4920 3662 4982 Joannis
3686 4905 3828 4979 Bapti-

622 5024 741 5083 stae,
769 5014 1115 5087 ejusdemque
1145 5017 1438 5085 passionis;
1470 5016 1834 5087 apostolorum
1866 5016 2008 5072 Petri
2039 5024 2095 5073 et
2126 5016 2298 5082 Pauli,
2350 5017 2507 5073 Missa
2538 5018 2865 5087 Sigismundi
2894 5020 3059 5090 regis,
3091 5020 3286 5076 festum
3316 5021 3487 5077 sancti
3530 5008 3717 5073 Martini
3742 5000 3827 5071 OPi‘

623 5110 769 5179 scopi
804 5110 1149 5178 Turonensis,
1177 5119 1231 5165 et
1258 5110 1536 5168 Michaelis
1565 5109 1902 5179 archangeli;
1936 5109 2128 5178 quibus
2156 5108 2293 5166 adde
2322 5111 2553 5167 triduum
2594 5110 2949 5182 Rogationum
2978 5120 3103 5168 ante
3144 5111 3543 5169 Ascensionem.
3571 5106 3641 5161 Ex
3678 5097 3744 5154 his
3761 5106 3826 5161 p6-

622 5204 846 5258 culiaria
871 5201 1039 5258 Gallis
1068 5212 1223 5259 erant
1248 5206 1408 5259 missa
1450 5205 1619 5259 sancti
1647 5204 1974 5274 Sigistnundi
2009 5203 2327 5274 Burgundiaz
2373 5206 2541 5276 regis,
2590 5215 2644 5262 et
2686 5204 2879 5261 festum
2910 5207 3081 5262 sancti
3110 5206 3347 5277 Martini,
3377 5205 3514 5277 quod
3542 5209 3696 5256 tamen
3712 5195 3823 5245 extra

622 5293 847 5350 Galliam
879 5294 1169 5363 antiquitus
1196 5295 1457 5352 celebrari
1489 5297 1681 5366 potuit.
1710 5296 1791 5350 Ad
1842 5296 1955 5349 haec
1986 5294 2312 5365 Rogationes
2344 5296 2605 5352 triduana:
2633 5306 2756 5354 ante
2798 5298 3169 5355 ascensionem
3196 5299 3323 5354 ritui
3377 5298 3631 5355 Gallicano
3672 5291 3818 5341 con'e‘

626 5385 806 5453 niunt;
837 5393 893 5440 et
921 5384 1193 5454 Depositio
1218 5400 1314 5440 seu
1355 5387 1662 5456 Assumptio
1689 5387 1930 5457 Deipara:
1960 5387 2013 5441 in
2049 5386 2323 5455 Januario,
2364 5387 2657 5458 itidemque
2703 5389 2968 5447 Cathedra
3012 5394 3183 5448 sancti
3237 5393 3381 5449 Petri
3441 5394 3491 5449 in
3534 5389 3624 5444 hoc
3664 5373 3816 5436 οτάίυθ

623 5476 815 5531 eodem
838 5490 1041 5543 mense,
1068 5475 1145 5531 uti
1167 5484 1223 5532 et
1248 5477 1301 5531 in
1332 5476 1559 5534 Gothico
1586 5486 1640 5533 et
1664 5479 1716 5533 in
1752 5479 2086 5535 Lectionario
2133 5479 2451 5541 Luxoviensi
2494 5481 2853 5555 assignantur.
2900 5485 3169 5544 Praeterea
3209 5487 3263 5543 in
3292 5486 3505 5545 canone
3545 5483 3597 5539 ﬁt
3636 5478 3814 5533 εοωωθ·

633 5567 863 5621 moratio
888 5567 1056 5622 sancti
1083 5566 1288 5623 Hilarii.

699 5704 715 5723 '
751 5699 1084 5780 Quodsttpra
1110 5700 1178 5757 de
1218 5705 1408 5780 magis
1438 5705 1697 5780 librorum
1748 5707 2005 5780 Liturgia:
2044 5707 2218 5765 Galli-

639 5785 813 5842 canae,
847 5772 903 5829 in
932 5771 1061 5851 line
1086 5773 1280 5831 moniti
1307 5774 1499 5833 iisdem
1528 5776 1684 5835 libris
1711 5771 1935 5851 praeﬁxi,
1965 5781 2219 5851 diximus,

2328 5709 2571 5784 relegere
2608 5711 2768 5777 velis,
2802 5711 2968 5767 lector
3015 5715 3247 5784 erudite,
3295 5716 3585 5780 dictumque
3622 5707 3748 5784 ,ρυίέε
3766 5684 3811 5741 de

2330 5773 2668 5852 sequentium
2696 5773 3170 5842 monumentorum
3201 5773 3593 5859 sphalmatibuS.
3616 5773 3742 5835 EDIT-
