4060 6346
157 305 270 364 με)
1023 301 1656 363 SACRAMENTARIUM
1711 302 2170 363 GALLICANUM.
2205 302 2597 362 PREFATIO.
3344 305 3447 362 450

232 421 332 476 IV.
367 417 606 489 Denique
634 417 721 474 hic
753 417 897 473 Ordo
937 435 1044 474 non
1077 431 1160 476 est
1189 420 1485 488 Romanus,
1511 431 1569 477 ut
1590 423 1764 493 primo
1784 423 1976 478 intuitu
2000 423 2174 478 evinci
2194 432 2400 493 potest;
2429 438 2603 494 neque
2634 421 2800 477 ferme
2828 421 2988 476 ullam
3015 421 3196 490 habet,
3219 431 3447 492 excepto

151 516 409 583 Canone,
435 529 560 570 cum
591 513 876 570 Gelasiano
903 525 995 569 aut
1038 515 1368 587 Gregoriano
1397 518 1596 573 Ordine
1624 519 2079 575 convenientiam.
2121 520 2179 574 In
2211 520 2378 575 veteri
2415 529 2598 574 nostro
2626 519 2917 589 exemplari
2947 521 3284 588 praemittitur
3329 520 3452 590 qui-

155 611 290 666 dem
327 611 485 664 Missa
517 609 805 663 Romensis
829 610 1138 676 cottidiana,
1185 627 1305 666 cum
1344 612 1564 668 Canone
1605 612 1730 665 item
1767 611 2030 668 Romano.
2078 612 2276 667 Verum
2325 614 2376 667 in
2417 612 2522 667 fine
2565 612 2791 666 Missalis
2823 612 3031 667 Gothici
3063 612 3251 668 eadem
3289 613 3454 668 missa

157 700 409 768 ascripta
442 708 580 765 erat,
633 698 726 753 sed
781 699 966 754 mutila
997 701 1048 754 in
1078 699 1278 757 Codice
1309 701 1598 756 Christinze
1626 704 1845 774 reginae,
1876 718 1983 773 quo
2011 718 2139 758 usus
2171 714 2254 759 est
2279 703 2523 760 eruditus
2553 703 2875 758 Thomasius
2904 704 2957 758 in
2988 703 3193 759 edendo
3221 703 3454 774 primum

159 795 267 847 illo
300 793 526 848 Missali.
569 794 651 850 An
684 796 863 852 Canon
892 797 1052 850 etiam
1087 796 1362 854 Romanus
1394 799 1446 853 in
1478 813 1544 853 eo
1575 798 1772 853 Codice
1803 799 2005 854 relatus
2037 801 2218 867 fuerit,
2248 798 2518 857 afﬁrmare
2549 818 2654 856 non
2703 802 2830 855 licet
2858 810 3075 870 pr0pter
3101 799 3275 854 mutili
3299 797 3456 853 Codi-

154 887 245 938 cis
292 886 585 942 defectum.
628 890 878 942 Attamen
919 904 1040 942 cum
1073 889 1137 942 ad
1171 889 1412 960 singulas
1441 890 1639 945 missas
1673 891 1725 944 in
1760 890 1852 942 illo
1881 890 2111 946 Gothico
2158 893 2454 966 habeantur
2497 894 2687 964 singuli
2714 892 2987 957 Canones,
3018 907 3172 948 secus
3201 905 3359 960 quam
3396 888 3454 945 in

155 977 376 1032 Ordine
402 993 562 1048 quem
601 978 686 1034 hic
727 981 1031 1052 vulgamus,
1065 982 1260 1051 conjici
1314 991 1492 1052 potest
1521 983 1574 1037 in
1618 983 1713 1037 illo
1760 983 1990 1038 Gothico
2041 985 2277 1039 nondum
2308 985 2471 1040 fuisse
2513 997 2786 1055 receptum
2831 987 3100 1040 Canonem
3126 985 3450 1049 Romanum,

157 1076 259 1144 qui
290 1075 346 1128 in
382 1084 565 1130 nostro
631 1075 829 1132 Ordine
865 1077 976 1147 jam
1004 1077 1269 1132 admissus
1300 1088 1434 1144 erat,
1471 1079 1548 1132 uti
1578 1080 1739 1133 etiam
1771 1080 1824 1133 in
1868 1078 2067 1133 Missali
2100 1079 2425 1134 Francorum
2469 1079 2852 1144 Thomasiano,
2881 1080 3020 1150 quod
3062 1094 3092 1134 a
3123 1079 3277 1134 nobis
3305 1091 3457 1132 recu-

159 1181 289 1221 sum
321 1176 422 1220 est.
449 1171 624 1237 Atque
652 1168 806 1230 adeo.
843 1176 902 1222 ut
931 1168 985 1222 in
1014 1168 1154 1223 libro
1183 1170 1355 1236 primo
1385 1169 1454 1224 de
1500 1169 1737 1238 Liturgia
1775 1167 2048 1223 Gallicana
2079 1169 2450 1235 observatum,
2511 1170 2740 1238 majores
2771 1171 2940 1226 nostri
2982 1169 3132 1239 prius
3160 1169 3457 1223 Romanum

162 1260 448 1318 Cononem
477 1278 636 1334 quam
664 1263 931 1334 integrum
957 1265 1140 1320 missae
1168 1267 1331 1320 ritum
1389 1263 1688 1320 Romanum
1736 1273 2112 1333 susceperunt.
2162 1265 2241 1319 Ex
2272 1265 2356 1319 his
2386 1265 2725 1321 manifestum
2767 1273 2852 1320 est
2896 1265 3038 1319 hunc
3065 1263 3321 1318 Ordinem
3362 1274 3458 1318 no-

164 1368 350 1420 strum
381 1373 488 1414 non
519 1373 642 1414 esse
665 1358 986 1415 Romanum.
2631 1367 2634 1370 ’

251 1471 313 1526 V’.
350 1472 456 1529 Sed
480 1487 656 1542 neque
700 1471 1072 1528 Mozarabicus
1100 1482 1210 1540 est,
1240 1481 1299 1527 ut
1328 1470 1624 1528 conferenti
1652 1480 1818 1542 patet.
1857 1470 2043 1540 Neque
2075 1471 2461 1526 Ambrosianus
2504 1487 2516 1522 :
2548 1469 2831 1541 siquidem,
2880 1478 3073 1539 praeter
3102 1468 3296 1522 multas
3323 1468 3456 1522 alias

162 1560 434 1626 rationes,
465 1561 792 1630 Rogationes
821 1563 876 1617 in
920 1563 1122 1619 Ordine
1151 1563 1508 1618 Ambrosiano
1537 1563 1881 1618 celebrantur
1911 1571 2032 1632 post
2062 1562 2464 1626 Ascensionem,
2500 1561 2586 1615 hic
2609 1570 2733 1616 ante
2762 1561 2906 1615 illam
2939 1576 3004 1616 ex
3033 1559 3136 1614 ritu
3163 1559 3454 1615 Gallicauo.

162 1649 377 1709 Praeter
402 1669 462 1709 ea
492 1654 693 1709 nullum
722 1663 806 1710 est
850 1655 902 1708 in
936 1665 1123 1710 nostro
1158 1655 1358 1710 Ordine
1385 1655 1580 1710 festum
1605 1663 1910 1709 sanctorum
1959 1653 2468 1718 Mediolanensium;
2498 1668 2560 1706 ac
2588 1653 2808 1706 demum
2856 1667 2963 1706 non
2992 1653 3210 1706 omnino
3250 1652 3458 1708 eaedem

165 1759 302 1804 sunt
331 1751 506 1804 missae
552 1760 734 1819 partes
783 1751 835 1804 in
866 1750 1243 1815 Ambrosiano,
1272 1750 1357 1805 cui
1388 1750 1582 1805 desunt
1612 1749 1960 1804 Prrcfationes
1992 1748 2144 1802 initio
2193 1747 2390 1815 missae,
2433 1747 2489 1802 in
2532 1747 2634 1802 hoc
2660 1745 2861 1802 Ordine
2900 1745 3296 1812 usitatissimae;
3329 1746 3456 1801 item

164 1835 535 1895 Collectiones
565 1839 692 1894 Post
720 1839 948 1894 Nomina
978 1848 1033 1893 et
1069 1839 1151 1893 Ad
1182 1840 1374 1895 Pacem
1405 1850 1528 1895 ante
1558 1839 2036 1895 Contestationem.

251 1954 339 2010 VI.
373 1957 443 2011 At
471 1955 607 2010 forte
635 1955 722 2010 hic
753 1956 898 2011 Ordo
925 1956 1086 2011 fuerit
1108 1955 1365 2010 Ecclesiae
1409 1956 1696 2012 Africanae.
1729 1954 1836 2010 Sed
1868 1968 2041 2024 neque
2069 1952 2174 2008 hoc
2199 1951 2306 2008 dici
2337 1961 2530 2021 p0test.
2564 1951 2770 2020 Quippe
2800 1951 3048 2022 Liturgize
3092 1950 3357 2006 Africana:
3379 1949 3457 2004 in-

169 2049 315 2106 dicia
342 2051 448 2107 duo
472 2067 537 2108 ex
567 2052 863 2118 Augustino
888 2051 1165 2118 discimus,
1197 2065 1317 2118 quae
1348 2051 1488 2114 huic,
1516 2065 1618 2118 qua
1649 2051 1716 2105 de
1744 2048 1970 2118 agimus,
2005 2047 2149 2102 nullo
2180 2046 2339 2101 modo
2382 2047 2728 2100 conveniunt.
2766 2045 3004 2099 Primum
3049 2043 3304 2098 indicium
3353 2049 3458 2111 est,

169 2146 319 2215 quod
357 2159 479 2199 cum
529 2146 582 2200 in
614 2146 848 2200 Ecclesia
879 2143 1146 2199 Gallicana
1178 2151 1288 2197 tres
1336 2142 1616 2196 Lectiones
1663 2157 1729 2196 ex
1776 2139 1924 2193 libris
1969 2139 2138 2193 sacris
2170 2138 2236 2192 ad
2261 2136 2480 2192 missam
2529 2135 3036 2190 catechumenorum
3080 2135 3297 2190 recitari
3341 2149 3459 2192 tnos

172 2244 342 2302 esset,
375 2237 428 2290 in
453 2237 707 2291 Africana
735 2237 854 2292 duae
886 2246 1088 2292 tantum
1119 2236 1402 2292 Lectiones
1427 2251 1550 2292 cum
1579 2234 1898 2290 intermedio
1927 2233 2136 2303 psalmo
2179 2232 2562 2288 recitabantur.
2610 2230 2665 2284 Id
2696 2239 2843 2299 patet
2869 2245 2934 2285 ex
2970 2230 3306 2287 sermonibus
3336 2234 3458 2288 Au-

170 2329 377 2400 gustini
414 2330 480 2383 ad
525 2330 798 2399 populum,
828 2329 986 2385 editis
1018 2333 1071 2384 in
1123 2338 1270 2384 tomo
1300 2329 1341 2383 ν
1374 2328 1752 2398 ejusﬂperum
1799 2340 1949 2381 novae
2001 2325 2271 2391 editionis,
2329 2339 2430 2394 qua
2468 2323 2522 2377 in
2556 2331 2827 2392 posterum
2873 2335 3087 2390 semper
3116 2330 3347 2376 utemur.
3397 2321 3456 2376 In

177 2433 434 2475 sermone
460 2420 560 2474 ΗΞ
587 2437 599 2473 :
640 2438 659 2471 ‹
690 2420 973 2475 Lectiones
1002 2429 1203 2475 sancta:
1244 2421 1533 2490 propositae
1562 2427 1705 2482 sunt,
1738 2425 1792 2472 et
1820 2431 1951 2487 quas
1995 2416 2296 2480 audiamus,
2329 2425 2382 2471 et
2427 2417 2493 2470 de
2538 2416 2729 2485 quibus
2763 2414 2959 2484 aliquid
2989 2416 3275 2477 sermonis,
3300 2413 3451 2482 adju-

176 2520 342 2566 vante
369 2512 610 2576 Domino,
640 2511 992 2580 proferamus.
1025 2509 1079 2564 In
1111 2509 1364 2565 Lectione
1394 2509 1698 2579 Apostolica
1728 2507 1912 2576 gratia:
1941 2516 2169 2577 aguntur
2196 2507 2424 2561 Domino
2448 2507 2515 2560 de
2543 2507 2646 2561 ﬁde
2686 2506 2944 2575 gentium.
2989 2506 3043 2559 In
3075 2507 3278 2573 psalmo
3305 2505 3445 2559 dixi-

177 2615 326 2666 mus,
374 2599 512 2656 Deus
544 2604 788 2656 uirtutum
825 2610 1058 2655 converte
1087 2617 1202 2666 nos,
1231 2610 1338 2655 etc.
1371 2599 1429 2654 In
1462 2599 1752 2670 Evangelio
1779 2596 1846 2651 ad
1892 2611 2098 2653 coenam
2131 2598 2304 2653 vocati
2351 2612 2554 2652 sumus.
2586 2615 2606 2650 ι
2660 2597 2880 2652 Brevius
2910 2598 2960 2652 in
3001 2612 3248 2652 sermone
3287 2595 3391 2652 I65
3433 2611 3449 2650 :

190 2710 216 2746 ι
249 2692 558 2762 Apostolum
589 2691 914 2758 audivimus,
946 2691 1208 2760 psalmum
1239 2690 1560 2751 audivimus,
1594 2687 1941 2758 Evangelium
1971 2687 2294 2743 audivimus.
2333 2707 2352 2740 ι
2390 2687 2533 2742 Idem
2563 2687 2832 2756 colligitur
2872 2701 2938 2742 ex
2986 2689 3320 2743 sermonibus
3357 2688 3458 2742 I70

176 2794 238 2842 et
265 2784 389 2840 I76.
420 2783 634 2854 Loquor
661 2783 730 2838 de
757 2782 1103 2839 Lectionibus
1131 2783 1323 2838 sacris.
1353 2782 1486 2837 Nam
1517 2783 1678 2851 paulo
1717 2788 1840 2836 ante
1885 2778 2104 2837 missam
2138 2784 2191 2836 in
2239 2781 2389 2836 festis
2419 2781 2709 2852 Martyrum
2742 2783 2871 2834 Acta
2910 2795 3094 2836 eorum
3127 2782 3459 2852 legebantur,

178 2886 243 2934 ut
267 2885 416 2948 patet
443 2892 508 2932 ex
536 2877 874 2932 sermonibus
901 2875 969 2931 57
999 2887 1055 2933 et
1081 2875 1212 2931 276.
1245 2895 1266 2930 ‹
1296 2877 1425 2932 Post
1463 2892 1768 2934 sermonem
1797 2881 1857 2934 ﬁt
1883 2882 2046 2934 missa
2080 2878 2198 2952 (seu
2239 2879 2502 2942 dimissm)
2537 2877 2937 2932 catechumenis
2969 2875 3272 2945 (Augustini
3302 2876 3460 2931 verba

183 2982 314 3028 sunt
338 2975 390 3029 in
419 2989 671 3030 sermone
699 2973 768 3028 49
799 2989 946 3029 num.
980 2974 1071 3042 8);
1123 2975 1416 3030 manebunt
1458 2975 1676 3041 ﬁdeles;
1710 2975 1956 3032 venietur
2003 2976 2068 3030 ad
2099 2975 2273 3030 locum
2317 2974 2579 3029 orationis
2612 2973 2841 3042 (scilicet
2873 2972 3184 3026 Dominicae.
3219 2971 3460 3027 Alterum

181 3065 443 3121 indicium
469 3077 572 3134 est,
598 3065 740 3138 quod
767 3066 822 3121 in
851 3065 1101 3122 Africana
1130 3066 1392 3134 Ecclesia,
1419 3067 1497 3120 uti
1524 3074 1579 3120 et
1598 3067 1650 3120 in
1676 3067 1914 3124 Romana
1933 3069 2064 3122 etin
2093 3064 2534 3136 Mediolancnsi);
2564 3074 2684 3134 post
2711 3064 3186 3120 sanctiﬁcationem
3214 3063 3459 3122 sacriﬁcii

182 3165 243 3212 et
270 3158 567 3214 orationem
609 3158 966 3224 Dominicam,
997 3158 1208 3214 dicitur
1258 3157 1376 3212 Pax
1431 3159 1723 3224 vobiscum,
1771 3169 1824 3214 et
1871 3162 2177 3216 osculantur
2205 3175 2264 3214 se
2299 3157 2587 3214 Christiani
2638 3160 2690 3212 in
2719 3160 2902 3214 osculo
2929 3167 3135 3222 sancto,
3171 3176 3190 3209 ι
3224 3173 3292 3212 ex
3336 3173 3453 3214 ser-

179 3263 342 3306 mone
367 3249 498 3305 257.
529 3248 728 3305 Contra
753 3250 808 3304 in
843 3250 1117 3306 Gallicana
1145 3259 1202 3306 et
1229 3252 1280 3306 in
1311 3252 1640 3307 Mozarabica
1672 3253 1906 3322 Liturgia
1932 3254 2041 3308 Pax
2069 3253 2291 3308 dabatur
2314 3260 2436 3306 ante
2460 3251 2749 3317 actionem,
2781 3251 2890 3306 imo
2918 3260 3042 3306 ante
3073 3250 3446 3308 Praefationem

181 3343 455 3409 sacriﬁcii,
498 3358 617 3414 quae
639 3341 968 3400 Contestatio
995 3344 1313 3415 appellatur.
1345 3345 1528 3416 Itaque
1571 3357 1802 3414 sequens
1828 3345 1974 3400 Ordo
2022 3359 2126 3400 non
2157 3353 2241 3400 est
2289 3345 2592 3409 Africanus,
2646 3357 2710 3398 ac
2740 3341 2962 3412 proinde
3004 3351 3251 3412 superest
3282 3351 3338 3398 ut
3381 3344 3454 3401 sit

183 3437 505 3494 Gallicanus.

259 3527 366 3582 VII.
397 3526 503 3584 Cur
529 3543 676 3599 ergo,
709 3528 906 3598 inquis,
939 3530 991 3584 in
1022 3532 1272 3587 omnibus
1309 3545 1415 3587 non
1445 3533 1698 3587 convenit
1721 3545 1842 3586 cum
1867 3529 2062 3585 Missali
2095 3529 2327 3586 Gothico
2353 3526 2671 3585 Gallicana?
2701 3526 2754 3581 Id
2778 3540 2842 3580 ex
2869 3539 2936 3580 eo
2965 3524 3159 3579 factum
3187 3537 3309 3578 esse
3335 3523 3450 3577 exi.

185 3619 484 3686 stimamus,
513 3621 679 3691 quod.
708 3621 808 3676 etsi
839 3622 894 3676 in
921 3622 1151 3679 ecclesia
1201 3624 1474 3679 Gallicana
1498 3624 1683 3692 primis
1713 3624 1943 3688 saeculis,
1974 3623 2024 3676 id
2055 3633 2140 3678 est
2168 3631 2293 3678 ante
2321 3624 2500 3678 Caroli
2530 3620 2705 3691 Magni
2737 3618 3112 3688 principatum,
3144 3617 3305 3672 fuerit
3331 3620 3451 3672 uni-

185 3712 374 3768 formis
401 3713 745 3769 celebrandae
773 3716 951 3772 missae
981 3718 1134 3782 ritus,
1166 3717 1479 3787 eaedemque
1509 3727 1707 3786 partes,
1741 3734 1848 3773 non
1880 3726 2055 3772 tamen
2086 3718 2287 3773 eaedem
2323 3727 2474 3771 erant
2505 3717 2704 3783 ubique
2731 3716 3110 3781 Collectiones,
3145 3710 3447 3776 Lectiones,

185 3813 242 3860 et
268 3802 698 3864 Contestationes
726 3827 742 3864 :
773 3809 870 3866 sed
900 3809 1080 3864 forsan
1115 3810 1168 3864 in
1197 3824 1512 3879 unaquaque
1541 3810 1820 3878 metropoli
1847 3807 2096 3864 diversae.
2134 3808 2187 3862 ld
2237 3807 2488 3877 colligere
2519 3808 2642 3862 licet
2686 3821 2753 3862 ex
2780 3805 3004 3861 concilio
3029 3801 3283 3858 Venetico
3326 3802 3453 3854 anni

197 3895 322 3966 465,
349 3898 501 3967 cujus
528 3899 645 3955 haec
673 3901 841 3956 verba
867 3910 992 3956 sunt
1022 3903 1070 3956 in
1106 3916 1310 3958 canone
1344 3900 1409 3954 I5
1436 3919 1447 3952 :
1485 3901 1700 3954 Rectum
1722 3917 1924 3970 quoque
1947 3900 2205 3964 duximus,
2240 3908 2291 3952 ut
2317 3899 2392 3952 vel
2419 3899 2557 3952 intra
2581 3898 2895 3966 provinciam
2915 3905 3162 3959 nostram,
3189 3906 3458 3946 sacrorum

188 3993 314 4045 ordo
339 4000 386 4045 et
415 3993 670 4062 psallendi
719 4011 822 4047 una
851 3995 918 4048 sit
942 3996 1273 4049 consuetudo.
1302 3994 1461 4062 Quasi
1513 3993 1749 4048 dicerent
1797 3993 2021 4047 Patres:
2055 3993 2110 4045 Si
2143 4007 2248 4046 non
2282 3993 2336 4046 in
2368 3999 2478 4046 tota
2510 3990 2698 4054 Gallia,
2729 3990 2918 4044 saltem
2951 3989 3089 4043 intra
3121 3986 3453 4057 provinciam

189 4092 446 4150 nostram,
478 4084 530 4138 id
558 4093 641 4140 est
668 4085 1060 4152 Turonensem,
1108 4087 1384 4142 uniformis
1413 4087 1482 4140 sit
1508 4101 1782 4142 sacrorum
1830 4089 1988 4142 ritus.
2033 4085 2378 4153 Epaunense,
2410 4100 2550 4139 anno
2600 4085 2701 4139 5I7
2735 4085 3082 4147 celebratum,
3136 4082 3262 4137 huic
3293 4082 3457 4137 inter-

189 4173 469 4241 pretationi
495 4173 813 4243 suffragatur
841 4190 1048 4230 canone
1069 4175 1137 4228 27
1165 4193 1178 4229 :
1213 4176 1294 4229 Ad
1316 4176 1618 4230 celebranda
1643 4177 1816 4230 divina
1847 4178 2026 4247 oﬂicia,
2073 4177 2316 4230 Ordinem
2345 4192 2494 4244 quem
2520 4175 2900 4243 metropolitani
2936 4185 3122 4240 tenent,
3171 4173 3456 4246 provincia-

191 4262 262 4317 les
290 4263 546 4317 observare
575 4264 846 4318 debebunt.
898 4265 1033 4320 Hinc
1065 4274 1150 4320 est
1177 4265 1320 4335 quod
1358 4265 1596 4322 Ecclesia
1627 4266 1995 4337 Lugdunensis
2021 4269 2338 4335 peculiarem
2369 4267 2421 4321 in
2451 4268 2620 4322 sacris
2640 4267 2799 4322 ritum
2826 4282 3039 4337 semper
3068 4266 3307 4321 retinuit.
3342 4265 3457 4320 Non

190 4355 367 4427 itaque
396 4356 588 4411 mirum
619 4357 663 4412 si
695 4358 964 4428 provincia
997 4358 1384 4427 Narbonensis,
1432 4374 1551 4428 quae
1581 4357 1881 4414 Gothorum
1923 4359 2148 4430 imperio
2175 4368 2298 4414 tunc
2328 4359 2570 4428 parebat,
2615 4375 2719 4415 non
2766 4359 2819 4413 in
2851 4359 3097 4415 omnibus
3121 4357 3456 4414 consenserit

192 4462 312 4503 cum
340 4446 456 4501 aliis
483 4446 774 4503 Gallicanis
795 4449 1117 4517 provinciis;
1151 4449 1258 4502 imo
1287 4463 1391 4502 non
1423 4450 1641 4513 mirum,
1673 4450 1719 4504 si
1748 4449 1970 4519 singulae
1998 4449 2302 4517 provinciae,
2325 4463 2446 4519 quae
2477 4450 2748 4506 rarissime
2770 4450 2822 4504 in
2848 4465 3008 4504 unum
3040 4449 3306 4502 nationale
3329 4463 3460 4502 con-

196 4539 370 4592 cilium
396 4540 686 4594 convenire
714 4548 978 4608 poterant,
1008 4539 1208 4609 aliquid
1240 4539 1525 4596 habuerint
1553 4540 1750 4597 diversi
1780 4543 1834 4596 in
1863 4541 2062 4597 Ordine
2084 4557 2261 4596 rerum
2293 4557 2588 4613 sacrarum,
2642 4544 2854 4598 tametsi
2893 4543 2947 4597 in
2993 4542 3262 4611 plerisque
3303 4550 3463 4610 atque

195 4630 247 4686 in
279 4631 385 4701 ipsa
414 4631 492 4686 rei
522 4631 607 4702 (ut
639 4631 711 4686 ita
741 4630 942 4702 dicam)
971 4631 1262 4687 substantia
1293 4634 1700 4689 conveniebant.

268 4722 395 4776 VIII.
427 4721 681 4778 Codicem
711 4723 1010 4791 antiquum,
1039 4738 1105 4778 ex
1133 4738 1241 4793 quo
1289 4725 1702 4795 subsequentem
1730 4725 1984 4781 Ordinem
2028 4724 2356 4782 Gallicanum
2401 4727 2802 4796 descripsimus,
2848 4726 3149 4782 invenimus
3181 4728 3232 4780 in
3277 4727 3464 4782 biblio«

195 4814 348 4869 theca
373 4813 696 4884 percelebris
717 4822 773 4870 et
802 4814 1108 4885 perantiqui
1141 4816 1457 4872 monasterii
1491 4816 1788 4872 Bobiensis.
1820 4815 2073 4886 Scriptus
2096 4826 2179 4872 est
2203 4815 2383 4871 Codex
2410 4824 2533 4871 ante
2559 4829 2726 4870 annos
2757 4815 2922 4876 mille.
2956 4816 3242 4883 etquidem
3276 4817 3470 4872 litteris

198 4906 525 4977 maiusculis.

265 4998 528 5053 Bertulfus
555 4999 752 5054 alicubi
785 4993 997 5068 legitur
1024 4999 1078 5054 in
1097 5001 1199 5056 ~ora
1232 4997 1343 5056 folii
1372 4999 1670 5070 cujusdam,
1700 5013 1864 5070 quem
1891 5009 2140 5068 putamus
2181 5014 2303 5055 esse
2351 4999 2521 5069 ipsum
2550 4998 2844 5053 Bertulfum
2885 4999 2984 5053 loci
3013 5000 3256 5056 abbatem
3293 4999 3475 5055 medio

197 5090 393 5147 saeculo
417 5106 512 5145 vn.
545 5091 602 5144 In
633 5092 739 5146 alio
769 5091 897 5145 folio
947 5090 1254 5157 Elderatus;
1287 5092 1412 5147 item
1458 5093 1509 5146 in
1558 5091 1664 5145 alio
1704 5091 2069 5146 Munubertus.
2102 5091 2233 5146 Illud
2271 5092 2323 5146 in
2348 5105 2414 5146 eo
2444 5091 2641 5146 Codice
2672 5090 2848 5159 magni
2875 5090 3198 5156 faciendum,
3220 5091 3362 5160 quod
3392 5090 3465 5144 sit

197 5188 421 5254 integer,
455 5200 559 5239 non
589 5185 828 5252 mutilus,
859 5192 915 5238 ut
943 5185 996 5238 in
1027 5185 1130 5240 illis
1162 5187 1386 5241 vetustis
1413 5186 1564 5240 libris
1589 5187 1806 5241 evenire
1832 5187 1988 5241 solet.
2021 5183 2187 5238 Porro
2214 5184 2451 5239 continet
2478 5183 2856 5248 Collectiones,
2883 5183 3166 5238 Lectiones
3190 5181 3474 5252 propheti-

212 5295 320 5346 cas,
353 5280 677 5349 apostolicas
708 5287 762 5333 et
806 5279 1160 5348 evangelicas,
1194 5291 1350 5349 atque
1380 5281 1808 5338 Contestationes
1835 5281 1902 5336 ad
1933 5283 2149 5337 missam
2194 5296 2288 5350 per
2315 5289 2484 5337 totum
2513 5297 2732 5337 annum.
2765 5282 2820 5336 In
2849 5281 2955 5338 ﬁne
2987 5281 3147 5337 etiam
3179 5281 3345 5350 (quod
3377 5296 3472 5336 ra-

205 5372 468 5430 rissimum
496 5379 600 5435 est,
634 5379 688 5424 et
715 5384 852 5439 pene
881 5369 1171 5439 singulare)
1203 5370 1426 5427 habetur
1452 5373 1586 5429 liber
1630 5373 2038 5438 Poenitentialis,
2072 5374 2122 5427 in
2152 5389 2259 5444 quo
2288 5375 2448 5430 multa
2477 5376 2612 5432 scitu
2646 5375 2802 5445 digna
2831 5383 3120 5430 occurrunt
3172 5374 3238 5430 ad
3266 5378 3474 5434 veteris

200 5461 493 5530 disciplina
529 5459 915 5515 ecclesiasticae
950 5458 1332 5529 cognitionem.

269 5550 356 5606 IX.
402 5549 566 5620 Cujus
610 5565 772 5619 porro
813 5550 1107 5618 provincia:
1137 5550 1293 5604 fuerit
1323 5551 1423 5606 hoc
1466 5551 1696 5619 Missale,
1727 5569 1832 5609 non
1873 5555 2094 5611 obvium
2138 5565 2222 5612 est
2272 5557 2515 5612 delinire.
2555 5559 2714 5612 Forte
2741 5559 2806 5613 ad
2841 5573 2992 5613 usum
3035 5569 3152 5615 erat
3180 5561 3468 5630 prouincia

204 5643 442 5698 maximae
471 5641 864 5711 Sequanorum,
898 5640 951 5695 id
982 5651 1064 5696 est
1095 5640 1553 5708 Vesontioncnsis,
1588 5645 1638 5697 in
1667 5659 1772 5714 qua
1813 5646 1975 5701 situm
2006 5657 2089 5701 est
2117 5647 2453 5702 Luxoviense
2486 5648 2897 5714 monasterium,
2933 5649 3074 5706 unde
3102 5649 3462 5708 Columbanns

205 5733 417 5787 Bobium
450 5732 712 5801 migravit.
749 5730 914 5786 Favet
945 5731 1068 5786 huic
1095 5731 1415 5800 conjectura
1463 5733 1630 5789 missa
1659 5735 1726 5791 de
1748 5746 1934 5793 sancto
1961 5737 2305 5810 Sigismundo
2334 5754 2460 5808 rege
2491 5740 2947 5809 Burgundionum.
2978 5739 3135 5797 Certe
3183 5745 3272 5800 bie
3290 5747 3467 5804 Gades

208 5821 436 5879 nun'l'uil
461 5819 526 5876 ad
553 5835 708 5877 usum
758 5819 1144 5877 monachorum
1174 5819 1536 5876 Bobiensium.
1583 5821 1725 5878 Nihil
1749 5824 1891 5880 enim
1941 5826 1995 5880 in
2023 5842 2088 5882 eo
2132 5827 2200 5884 de
2244 5829 2446 5883 sanctis
2474 5827 2849 5899 Bobiensibus,
2891 5832 3246 5903 Columbano,
3289 5837 3466 5904 ejus"
