  <div class='ocr_page' id='page_1' title='image "/cluster/home/n/w/nwhite01/storage/ocr_20150623/72/hvd.32044015469364/234.png"; bbox 0 0 4060 6346; ppageno 0'>
   <div class='ocr_carea' id='block_1_1' title="bbox 193 281 312 344">
    <p class='ocr_par' dir='ltr' id='par_1_1' title="bbox 193 281 312 344">
     <span class='ocr_line' id='line_1_1' title="bbox 193 281 312 344; baseline 0.017 -2"><span class='ocrx_word' id='word_1_1' title='bbox 193 281 312 344; x_wconf 68' lang='grc'><strong>453</strong></span> 
     </span>
    </p>
   </div>
   <div class='ocr_carea' id='block_1_2' title="bbox 889 391 1134 441">
    <p class='ocr_par' dir='ltr' id='par_1_2' title="bbox 889 391 1134 441">
     <span class='ocr_line' id='line_1_2' title="bbox 889 391 1134 441; baseline -0.012 0"><span class='ocrx_word' id='word_1_2' title='bbox 889 391 1134 441; x_wconf 70' lang='lat' dir='ltr'><strong>Coﬂecuo.</strong></span> 
     </span>
    </p>
   </div>
   <div class='ocr_carea' id='block_1_3' title="bbox 267 470 1785 550">
    <p class='ocr_par' dir='ltr' id='par_1_3' title="bbox 267 470 1785 550">
     <span class='ocr_line' id='line_1_3' title="bbox 267 470 1785 550; baseline -0.009 -12"><span class='ocrx_word' id='word_1_3' title='bbox 267 483 449 547; x_wconf 65' lang='lat' dir='ltr'><strong>Deus,</strong></span> <span class='ocrx_word' id='word_1_4' title='bbox 489 479 579 550; x_wconf 85' lang='lat' dir='ltr'><strong>qui</strong></span> <span class='ocrx_word' id='word_1_5' title='bbox 612 477 766 548; x_wconf 88' lang='lat' dir='ltr'><strong>culpa</strong></span> <span class='ocrx_word' id='word_1_6' title='bbox 810 475 1101 533; x_wconf 77' lang='lat' dir='ltr'><strong>ofi‘enderis</strong></span> <span class='ocrx_word' id='word_1_7' title='bbox 1123 519 1137 544; x_wconf 94' lang='lat'><strong>,</strong></span> <span class='ocrx_word' id='word_1_8' title='bbox 1173 470 1482 544; x_wconf 67' lang='lat' dir='ltr'><strong>paenitentia</strong></span> <span class='ocrx_word' id='word_1_9' title='bbox 1523 471 1785 538; x_wconf 71' lang='lat' dir='ltr'><strong>placaris,</strong></span> 
     </span>
    </p>
   </div>
   <div class='ocr_carea' id='block_1_4' title="bbox 185 563 1791 642">
    <p class='ocr_par' dir='ltr' id='par_1_4' title="bbox 185 563 1791 642">
     <span class='ocr_line' id='line_1_4' title="bbox 185 563 1791 642; baseline -0.009 -10"><span class='ocrx_word' id='word_1_10' title='bbox 185 575 521 633; x_wconf 66' lang='lat' dir='ltr'><strong>afﬂictarum</strong></span> <span class='ocrx_word' id='word_1_11' title='bbox 549 573 780 642; x_wconf 77' lang='lat' dir='ltr'><strong>gemitus</strong></span> <span class='ocrx_word' id='word_1_12' title='bbox 807 571 1050 640; x_wconf 75' lang='lat' dir='ltr'><strong>respice,</strong></span> <span class='ocrx_word' id='word_1_13' title='bbox 1099 578 1156 624; x_wconf 90' lang='lat' dir='ltr'><strong>et</strong></span> <span class='ocrx_word' id='word_1_14' title='bbox 1203 568 1339 622; x_wconf 83' lang='lat' dir='ltr'><strong>mala</strong></span> <span class='ocrx_word' id='word_1_15' title='bbox 1364 579 1488 637; x_wconf 66' lang='lat' dir='ltr'><strong>quae</strong></span> <span class='ocrx_word' id='word_1_16' title='bbox 1512 563 1658 635; x_wconf 86' lang='lat' dir='ltr'><strong>iuste</strong></span> <span class='ocrx_word' id='word_1_17' title='bbox 1705 563 1791 618; x_wconf 89' lang='lat' dir='ltr'><strong>iu-</strong></span> 
     </span>
    </p>
   </div>
   <div class='ocr_carea' id='block_1_5' title="bbox 190 669 1071 742">
    <p class='ocr_par' dir='ltr' id='par_1_5' title="bbox 190 669 1071 742">
     <span class='ocr_line' id='line_1_5' title="bbox 190 669 1071 742; baseline -0.01 -13"><span class='ocrx_word' id='word_1_18' title='bbox 190 689 362 742; x_wconf 83' lang='lat' dir='ltr'><strong>rogas</strong></span> <span class='ocrx_word' id='word_1_19' title='bbox 379 717 394 741; x_wconf 88' lang='lat'><strong>,</strong></span> <span class='ocrx_word' id='word_1_20' title='bbox 425 669 846 727; x_wconf 74' lang='lat' dir='ltr'><strong>misericorditer</strong></span> <span class='ocrx_word' id='word_1_21' title='bbox 870 675 1071 723; x_wconf 78' lang='lat' dir='ltr'><strong>averte.</strong></span> 
     </span>
    </p>
   </div>
   <div class='ocr_carea' id='block_1_6' title="bbox 822 760 1188 812">
    <p class='ocr_par' dir='ltr' id='par_1_6' title="bbox 822 760 1188 812">
     <span class='ocr_line' id='line_1_6' title="bbox 822 760 1188 812; baseline -0.011 0"><span class='ocrx_word' id='word_1_22' title='bbox 822 760 942 812; x_wconf 86' lang='lat' dir='ltr'><strong>Post</strong></span> <span class='ocrx_word' id='word_1_23' title='bbox 973 761 1188 809; x_wconf 77' lang='lat' dir='ltr'><strong>nomina.</strong></span> 
     </span>
    </p>
   </div>
   <div class='ocr_carea' id='block_1_7' title="bbox 268 839 1791 911">
    <p class='ocr_par' dir='ltr' id='par_1_7' title="bbox 268 839 1791 911">
     <span class='ocr_line' id='line_1_7' title="bbox 268 839 1791 911; baseline -0.009 -7"><span class='ocrx_word' id='word_1_24' title='bbox 268 846 490 911; x_wconf 89' lang='lat' dir='ltr'><strong>Oblata,</strong></span> <span class='ocrx_word' id='word_1_25' title='bbox 543 844 793 911; x_wconf 88' lang='lat' dir='ltr'><strong>Domine,</strong></span> <span class='ocrx_word' id='word_1_26' title='bbox 843 855 1063 899; x_wconf 86' lang='lat' dir='ltr'><strong>munera</strong></span> <span class='ocrx_word' id='word_1_27' title='bbox 1127 839 1436 906; x_wconf 79' lang='lat' dir='ltr'><strong>sanctiﬁca,</strong></span> <span class='ocrx_word' id='word_1_28' title='bbox 1497 850 1703 907; x_wconf 88' lang='lat' dir='ltr'><strong>nosque</strong></span> <span class='ocrx_word' id='word_1_29' title='bbox 1761 850 1791 888; x_wconf 74' lang='grc' dir='ltr'><strong>ιι</strong></span> 
     </span>
    </p>
   </div>
   <div class='ocr_carea' id='block_1_8' title="bbox 187 935 1419 1012">
    <p class='ocr_par' dir='ltr' id='par_1_8' title="bbox 187 935 1419 1012">
     <span class='ocr_line' id='line_1_8' title="bbox 187 935 1419 1012; baseline -0.006 -14"><span class='ocrx_word' id='word_1_30' title='bbox 187 950 548 1012; x_wconf 73' lang='lat' dir='ltr'><strong>peccatorum</strong></span> <span class='ocrx_word' id='word_1_31' title='bbox 575 947 885 996; x_wconf 89' lang='lat' dir='ltr'><strong>nostrorum</strong></span> <span class='ocrx_word' id='word_1_32' title='bbox 911 938 1138 993; x_wconf 86' lang='lat' dir='ltr'><strong>macolis</strong></span> <span class='ocrx_word' id='word_1_33' title='bbox 1166 935 1419 993; x_wconf 87' lang='lat' dir='ltr'><strong>emunda.</strong></span> 
     </span>
    </p>
   </div>
   <div class='ocr_carea' id='block_1_9' title="bbox 855 1051 1161 1101">
    <p class='ocr_par' dir='ltr' id='par_1_9' title="bbox 855 1051 1161 1101">
     <span class='ocr_line' id='line_1_9' title="bbox 855 1051 1161 1101; baseline -0.003 -1"><span class='ocrx_word' id='word_1_34' title='bbox 855 1051 927 1100; x_wconf 82' lang='lat' dir='ltr'><strong>Ad</strong></span> <span class='ocrx_word' id='word_1_35' title='bbox 957 1063 1161 1101; x_wconf 86' lang='lat' dir='ltr'><strong>nacem..</strong></span> 
     </span>
    </p>
   </div>
   <div class='ocr_carea' id='block_1_10' title="bbox 271 1063 1785 1201">
    <p class='ocr_par' dir='ltr' id='par_1_10' title="bbox 271 1063 1785 1201">
     <span class='ocr_line' id='line_1_10' title="bbox 855 1063 1161 1101; baseline -0.003 -1"><span class='ocrx_word' id='word_1_36' title='bbox 855 1063 927 1100; x_wconf 72' lang='lat' dir='ltr'><strong>an</strong></span> <span class='ocrx_word' id='word_1_37' title='bbox 987 1063 1161 1101; x_wconf 88' lang='lat' dir='ltr'><strong>acem..</strong></span> 
     </span>
     <span class='ocr_line' id='line_1_11' title="bbox 271 1063 1785 1201; baseline -0.005 -11"><span class='ocrx_word' id='word_1_38' title='bbox 271 1135 434 1190; x_wconf 88' lang='lat' dir='ltr'><strong>Grata</strong></span> <span class='ocrx_word' id='word_1_39' title='bbox 466 1135 537 1190; x_wconf 89' lang='lat' dir='ltr'><strong>sit</strong></span> <span class='ocrx_word' id='word_1_40' title='bbox 581 1133 711 1201; x_wconf 83' lang='lat' dir='ltr'><strong>tibi,</strong></span> <span class='ocrx_word' id='word_1_41' title='bbox 745 1063 1001 1194; x_wconf 74' lang='lat' dir='ltr'><strong>Dominep,</strong></span> <span class='ocrx_word' id='word_1_42' title='bbox 1035 1135 1147 1186; x_wconf 69' lang='lat' dir='ltr'><strong>haec</strong></span> <span class='ocrx_word' id='word_1_43' title='bbox 1187 1131 1387 1187; x_wconf 83' lang='lat' dir='ltr'><strong>oblatio</strong></span> <span class='ocrx_word' id='word_1_44' title='bbox 1433 1129 1607 1196; x_wconf 81' lang='lat' dir='ltr'><strong>plebis</strong></span> <span class='ocrx_word' id='word_1_45' title='bbox 1654 1135 1785 1194; x_wconf 74' lang='lat' dir='ltr'><strong>ture,</strong></span> 
     </span>
    </p>
   </div>
   <div class='ocr_carea' id='block_1_11' title="bbox 189 1217 1796 1297">
    <p class='ocr_par' dir='ltr' id='par_1_11' title="bbox 189 1217 1796 1297">
     <span class='ocr_line' id='line_1_12' title="bbox 189 1217 1796 1297; baseline -0.003 -17"><span class='ocrx_word' id='word_1_46' title='bbox 189 1243 361 1297; x_wconf 87' lang='lat' dir='ltr'><strong>quam</strong></span> <span class='ocrx_word' id='word_1_47' title='bbox 406 1227 500 1281; x_wconf 82' lang='lat' dir='ltr'><strong>tibi</strong></span> <span class='ocrx_word' id='word_1_48' title='bbox 549 1225 823 1280; x_wconf 60' lang='lat' dir='ltr'><strong>nutrimus</strong></span> <span class='ocrx_word' id='word_1_49' title='bbox 868 1225 925 1279; x_wconf 93' lang='lat' dir='ltr'><strong>in</strong></span> <span class='ocrx_word' id='word_1_50' title='bbox 978 1225 1178 1280; x_wconf 85' lang='lat' dir='ltr'><strong>honore</strong></span> <span class='ocrx_word' id='word_1_51' title='bbox 1226 1223 1460 1279; x_wconf 78' lang='lat' dir='ltr'><strong>nominis</strong></span> <span class='ocrx_word' id='word_1_52' title='bbox 1509 1222 1615 1287; x_wconf 91' lang='lat' dir='ltr'><strong>tui,</strong></span> <span class='ocrx_word' id='word_1_53' title='bbox 1668 1217 1796 1294; x_wconf 72' lang='lat' dir='ltr'><strong>[uti</strong></span> 
     </span>
    </p>
   </div>
   <div class='ocr_carea' id='block_1_12' title="bbox 190 1316 1056 1389">
    <p class='ocr_par' dir='ltr' id='par_1_12' title="bbox 190 1316 1056 1389">
     <span class='ocr_line' id='line_1_13' title="bbox 190 1316 1056 1389; baseline -0.008 -14"><span class='ocrx_word' id='word_1_54' title='bbox 190 1319 408 1376; x_wconf 89' lang='lat' dir='ltr'><strong>cunctis</strong></span> <span class='ocrx_word' id='word_1_55' title='bbox 437 1317 680 1389; x_wconf 82' lang='lat' dir='ltr'><strong>proﬁciat</strong></span> <span class='ocrx_word' id='word_1_56' title='bbox 703 1316 772 1370; x_wconf 87' lang='lat' dir='ltr'><strong>ad</strong></span> <span class='ocrx_word' id='word_1_57' title='bbox 803 1317 1056 1370; x_wconf 85' lang='lat' dir='ltr'><strong>salutem.</strong></span> 
     </span>
    </p>
   </div>
   <div class='ocr_carea' id='block_1_13' title="bbox 839 1407 1147 1458">
    <p class='ocr_par' dir='ltr' id='par_1_13' title="bbox 839 1407 1147 1458">
     <span class='ocr_line' id='line_1_14' title="bbox 839 1407 1147 1458; baseline -0.003 0"><span class='ocrx_word' id='word_1_58' title='bbox 839 1407 1147 1458; x_wconf 85' lang='lat' dir='ltr'><strong>Contestatio</strong></span> 
     </span>
    </p>
   </div>
   <div class='ocr_carea' id='block_1_14' title="bbox 279 1490 1788 1564">
    <p class='ocr_par' dir='ltr' id='par_1_14' title="bbox 279 1490 1788 1564">
     <span class='ocr_line' id='line_1_15' title="bbox 279 1490 1788 1564; baseline -0.005 -13"><span class='ocrx_word' id='word_1_59' title='bbox 279 1496 410 1551; x_wconf 86' lang='lat' dir='ltr'><strong>Vere</strong></span> <span class='ocrx_word' id='word_1_60' title='bbox 438 1494 656 1564; x_wconf 85' lang='lat' dir='ltr'><strong>dignum</strong></span> <span class='ocrx_word' id='word_1_61' title='bbox 705 1501 759 1549; x_wconf 88' lang='lat' dir='ltr'><strong>et</strong></span> <span class='ocrx_word' id='word_1_62' title='bbox 783 1493 989 1564; x_wconf 90' lang='lat' dir='ltr'><strong>iustum</strong></span> <span class='ocrx_word' id='word_1_63' title='bbox 1037 1503 1150 1555; x_wconf 86' lang='lat' dir='ltr'><strong>est,</strong></span> <span class='ocrx_word' id='word_1_64' title='bbox 1201 1505 1410 1561; x_wconf 71' lang='lat' dir='ltr'><strong>aequum</strong></span> <span class='ocrx_word' id='word_1_65' title='bbox 1449 1499 1505 1547; x_wconf 87' lang='lat' dir='ltr'><strong>et</strong></span> <span class='ocrx_word' id='word_1_66' title='bbox 1549 1490 1788 1545; x_wconf 78' lang='lat' dir='ltr'><strong>salutare</strong></span> 
     </span>
    </p>
   </div>
   <div class='ocr_carea' id='block_1_15' title="bbox 195 1583 1790 1655">
    <p class='ocr_par' dir='ltr' id='par_1_15' title="bbox 195 1583 1790 1655">
     <span class='ocr_line' id='line_1_16' title="bbox 195 1583 1790 1655; baseline -0.003 -14"><span class='ocrx_word' id='word_1_67' title='bbox 195 1601 304 1641; x_wconf 83' lang='lat' dir='ltr'><strong>nos</strong></span> <span class='ocrx_word' id='word_1_68' title='bbox 341 1586 436 1640; x_wconf 90' lang='lat' dir='ltr'><strong>tibi</strong></span> <span class='ocrx_word' id='word_1_69' title='bbox 482 1600 700 1654; x_wconf 81' lang='lat' dir='ltr'><strong>semper</strong></span> <span class='ocrx_word' id='word_1_70' title='bbox 725 1594 784 1639; x_wconf 88' lang='lat' dir='ltr'><strong>et</strong></span> <span class='ocrx_word' id='word_1_71' title='bbox 831 1584 1028 1655; x_wconf 90' lang='lat' dir='ltr'><strong>ubique</strong></span> <span class='ocrx_word' id='word_1_72' title='bbox 1070 1585 1272 1653; x_wconf 79' lang='lat' dir='ltr'><strong>gratias</strong></span> <span class='ocrx_word' id='word_1_73' title='bbox 1315 1597 1510 1654; x_wconf 88' lang='lat' dir='ltr'><strong>agere,</strong></span> <span class='ocrx_word' id='word_1_74' title='bbox 1563 1583 1790 1638; x_wconf 83' lang='lat' dir='ltr'><strong>Domine</strong></span> 
     </span>
    </p>
   </div>
   <div class='ocr_carea' id='block_1_16' title="bbox 195 1676 1792 1747">
    <p class='ocr_par' dir='ltr' id='par_1_16' title="bbox 195 1676 1792 1747">
     <span class='ocr_line' id='line_1_17' title="bbox 195 1676 1792 1747; baseline -0.003 -12"><span class='ocrx_word' id='word_1_75' title='bbox 195 1689 414 1743; x_wconf 78' lang='lat' dir='ltr'><strong>sancte,</strong></span> <span class='ocrx_word' id='word_1_76' title='bbox 436 1679 594 1733; x_wconf 84' lang='lat' dir='ltr'><strong>Pater</strong></span> <span class='ocrx_word' id='word_1_77' title='bbox 611 1679 971 1747; x_wconf 89' lang='lat' dir='ltr'><strong>omnipotens,</strong></span> <span class='ocrx_word' id='word_1_78' title='bbox 996 1685 1196 1732; x_wconf 74' lang='lat' dir='ltr'><strong>teterne</strong></span> <span class='ocrx_word' id='word_1_79' title='bbox 1218 1676 1380 1739; x_wconf 89' lang='lat' dir='ltr'><strong>Deus,</strong></span> <span class='ocrx_word' id='word_1_80' title='bbox 1401 1689 1496 1745; x_wconf 87' lang='lat' dir='ltr'><strong>per</strong></span> <span class='ocrx_word' id='word_1_81' title='bbox 1514 1676 1792 1730; x_wconf 84' lang='lat' dir='ltr'><strong>Christum</strong></span> 
     </span>
    </p>
   </div>
   <div class='ocr_carea' id='block_1_17' title="bbox 651 253 3024 341">
    <p class='ocr_par' dir='ltr' id='par_1_17' title="bbox 651 253 3024 341">
     <span class='ocr_line' id='line_1_18' title="bbox 651 253 3024 341; baseline -0.011 -1"><span class='ocrx_word' id='word_1_82' title='bbox 651 265 1290 341; x_wconf 59' lang='lat' dir='ltr'><strong>SACRAMENTARIUM</strong></span> <span class='ocrx_word' id='word_1_83' title='bbox 1337 263 1808 330; x_wconf 66' lang='lat' dir='ltr'><strong>GALLIC&#39;ANUMi</strong></span> <span class='ocrx_word' id='word_1_84' title='bbox 1840 282 1910 307; x_wconf 57' lang='grc' dir='ltr'><strong>ιιι</strong></span> <span class='ocrx_word' id='word_1_85' title='bbox 1933 263 2141 322; x_wconf 70' lang='grc' dir='ltr'><strong>ΜῖὃὸΑ</strong></span> <span class='ocrx_word' id='word_1_86' title='bbox 2192 257 2535 318; x_wconf 72' lang='lat' dir='ltr'><strong>ROMENSIS</strong></span> <span class='ocrx_word' id='word_1_87' title='bbox 2575 253 3024 327; x_wconf 66' lang='lat' dir='ltr'><strong>QUGTIDIANA.</strong></span> 
     </span>
    </p>
   </div>
   <div class='ocr_carea' id='block_1_18' title="bbox 1821 373 3482 446">
    <p class='ocr_par' dir='ltr' id='par_1_18' title="bbox 1821 373 3482 446">
     <span class='ocr_line' id='line_1_19' title="bbox 1821 373 3482 446; baseline -0.008 -9"><span class='ocrx_word' id='word_1_88' title='bbox 1821 389 1868 446; x_wconf 75' lang='grc' dir='ltr'><strong>Α</strong></span> <span class='ocrx_word' id='word_1_89' title='bbox 1899 380 2040 436; x_wconf 91' lang='lat' dir='ltr'><strong>nium</strong></span> <span class='ocrx_word' id='word_1_90' title='bbox 2089 386 2396 434; x_wconf 81' lang='lat' dir='ltr'><strong>sanctorum</strong></span> <span class='ocrx_word' id='word_1_91' title='bbox 2425 384 2661 442; x_wconf 87' lang='lat' dir='ltr'><strong>tuorum,</strong></span> <span class='ocrx_word' id='word_1_92' title='bbox 2710 374 2801 444; x_wconf 88' lang='lat' dir='ltr'><strong>qui</strong></span> <span class='ocrx_word' id='word_1_93' title='bbox 2828 389 2924 444; x_wconf 88' lang='lat' dir='ltr'><strong>per</strong></span> <span class='ocrx_word' id='word_1_94' title='bbox 2973 373 3288 430; x_wconf 75' lang='lat' dir='ltr'><strong>universum</strong></span> <span class='ocrx_word' id='word_1_95' title='bbox 3328 386 3482 426; x_wconf 89' lang='lat' dir='ltr'><strong>mun-</strong></span> 
     </span>
    </p>
   </div>
   <div class='ocr_carea' id='block_1_19' title="bbox 3371 250 3476 313">
    <p class='ocr_par' dir='ltr' id='par_1_19' title="bbox 3371 250 3476 313">
     <span class='ocr_line' id='line_1_20' title="bbox 3371 250 3476 313; baseline 0.038 -5"><span class='ocrx_word' id='word_1_96' title='bbox 3371 250 3476 313; x_wconf 71' lang='grc'><strong>454</strong></span> 
     </span>
    </p>
   </div>
   <div class='ocr_carea' id='block_1_20' title="bbox 1895 465 3488 542">
    <p class='ocr_par' dir='ltr' id='par_1_20' title="bbox 1895 465 3488 542">
     <span class='ocr_line' id='line_1_21' title="bbox 1895 465 3488 542; baseline -0.006 -14"><span class='ocrx_word' id='word_1_97' title='bbox 1895 473 2021 528; x_wconf 85' lang='lat' dir='ltr'><strong>dum</strong></span> <span class='ocrx_word' id='word_1_98' title='bbox 2066 472 2204 542; x_wconf 84' lang='lat' dir='ltr'><strong>passi</strong></span> <span class='ocrx_word' id='word_1_99' title='bbox 2235 480 2359 525; x_wconf 89' lang='lat' dir='ltr'><strong>sunt</strong></span> <span class='ocrx_word' id='word_1_100' title='bbox 2389 477 2606 538; x_wconf 83' lang='lat' dir='ltr'><strong>propter</strong></span> <span class='ocrx_word' id='word_1_101' title='bbox 2637 481 2832 524; x_wconf 84' lang='lat' dir='ltr'><strong>neme</strong></span> <span class='ocrx_word' id='word_1_102' title='bbox 2864 477 3035 532; x_wconf 86' lang='lat' dir='ltr'><strong>tuum,</strong></span> <span class='ocrx_word' id='word_1_103' title='bbox 3084 465 3336 532; x_wconf 88' lang='lat' dir='ltr'><strong>Domine,</strong></span> <span class='ocrx_word' id='word_1_104' title='bbox 3385 477 3488 520; x_wconf 83' lang='lat' dir='ltr'><strong>seu</strong></span> 
     </span>
    </p>
   </div>
   <div class='ocr_carea' id='block_1_21' title="bbox 1893 559 3480 632">
    <p class='ocr_par' dir='ltr' id='par_1_21' title="bbox 1893 559 3480 632">
     <span class='ocr_line' id='line_1_22' title="bbox 1893 559 3480 632; baseline -0.006 -10"><span class='ocrx_word' id='word_1_105' title='bbox 1893 565 2286 623; x_wconf 84' lang='lat' dir='ltr'><strong>confessoribus</strong></span> <span class='ocrx_word' id='word_1_106' title='bbox 2312 563 2437 628; x_wconf 89' lang='lat' dir='ltr'><strong>tuis,</strong></span> <span class='ocrx_word' id='word_1_107' title='bbox 2466 576 2689 632; x_wconf 88' lang='lat' dir='ltr'><strong>quorum</strong></span> <span class='ocrx_word' id='word_1_108' title='bbox 2714 561 2921 616; x_wconf 88' lang='lat' dir='ltr'><strong>meritis</strong></span> <span class='ocrx_word' id='word_1_109' title='bbox 2951 559 3310 629; x_wconf 85' lang='lat' dir='ltr'><strong>precibusque</strong></span> <span class='ocrx_word' id='word_1_110' title='bbox 3345 570 3480 612; x_wconf 88' lang='lat' dir='ltr'><strong>cou-</strong></span> 
     </span>
    </p>
   </div>
   <div class='ocr_carea' id='block_1_22' title="bbox 1899 647 3486 726">
    <p class='ocr_par' dir='ltr' id='par_1_22' title="bbox 1899 647 3486 726">
     <span class='ocr_line' id='line_1_23' title="bbox 1899 647 3486 726; baseline -0.009 -11"><span class='ocrx_word' id='word_1_111' title='bbox 1899 659 2091 726; x_wconf 81' lang='lat' dir='ltr'><strong>cedas,</strong></span> <span class='ocrx_word' id='word_1_112' title='bbox 2139 666 2198 712; x_wconf 92' lang='lat' dir='ltr'><strong>ut</strong></span> <span class='ocrx_word' id='word_1_113' title='bbox 2243 657 2295 711; x_wconf 90' lang='lat' dir='ltr'><strong>in</strong></span> <span class='ocrx_word' id='word_1_114' title='bbox 2339 654 2586 710; x_wconf 88' lang='lat' dir='ltr'><strong>omnibus</strong></span> <span class='ocrx_word' id='word_1_115' title='bbox 2631 652 2982 724; x_wconf 89' lang='lat' dir='ltr'><strong>protectionis</strong></span> <span class='ocrx_word' id='word_1_116' title='bbox 3022 658 3125 705; x_wconf 76' lang='lat' dir='ltr'><strong>tua:</strong></span> <span class='ocrx_word' id='word_1_117' title='bbox 3166 647 3486 704; x_wconf 85' lang='lat' dir='ltr'><strong>muniamur</strong></span> 
     </span>
    </p>
   </div>
   <div class='ocr_carea' id='block_1_23' title="bbox 1899 747 3540 820">
    <p class='ocr_par' dir='ltr' id='par_1_23' title="bbox 1899 747 3540 820">
     <span class='ocr_line' id='line_1_24' title="bbox 1899 747 3540 820; baseline -0.009 -13"><span class='ocrx_word' id='word_1_118' title='bbox 1899 752 2130 816; x_wconf 77' lang='lat' dir='ltr'><strong>auxilio,</strong></span> <span class='ocrx_word' id='word_1_119' title='bbox 2161 764 2256 820; x_wconf 88' lang='lat' dir='ltr'><strong>per</strong></span> <span class='ocrx_word' id='word_1_120' title='bbox 2284 748 2554 804; x_wconf 79' lang='lat' dir='ltr'><strong>Christum</strong></span> <span class='ocrx_word' id='word_1_121' title='bbox 2586 747 2868 801; x_wconf 87' lang='lat' dir='ltr'><strong>Dominum</strong></span> <span class='ocrx_word' id='word_1_122' title='bbox 2902 755 3165 799; x_wconf 89' lang='lat' dir='ltr'><strong>nostrum.</strong></span> <span class='ocrx_word' id='word_1_123' title='bbox 3537 809 3540 813; x_wconf 12' lang='lat' dir='ltr'><strong>i</strong></span> 
     </span>
    </p>
   </div>
   <div class='ocr_carea' id='block_1_24' title="bbox 1972 837 3526 912">
    <p class='ocr_par' dir='ltr' id='par_1_24' title="bbox 1972 837 3526 912">
     <span class='ocr_line' id='line_1_25' title="bbox 1972 837 3526 912; baseline -0.008 -13"><span class='ocrx_word' id='word_1_124' title='bbox 1972 843 2120 899; x_wconf 84' lang='lat' dir='ltr'><strong>Hanc</strong></span> <span class='ocrx_word' id='word_1_125' title='bbox 2149 842 2312 912; x_wconf 79' lang='lat' dir='ltr'><strong>igitur</strong></span> <span class='ocrx_word' id='word_1_126' title='bbox 2355 840 2685 896; x_wconf 86' lang='lat' dir='ltr'><strong>oblationem</strong></span> <span class='ocrx_word' id='word_1_127' title='bbox 2712 837 2992 894; x_wconf 84' lang='lat' dir='ltr'><strong>servitutis</strong></span> <span class='ocrx_word' id='word_1_128' title='bbox 3021 845 3220 891; x_wconf 73' lang='lat' dir='ltr'><strong>nosme</strong></span> <span class='ocrx_word' id='word_1_129' title='bbox 3239 875 3254 900; x_wconf 93' lang='lat'><strong>,</strong></span> <span class='ocrx_word' id='word_1_130' title='bbox 3285 843 3378 890; x_wconf 84' lang='lat' dir='ltr'><strong>seu</strong></span> <span class='ocrx_word' id='word_1_131' title='bbox 3428 845 3484 888; x_wconf 80' lang='lat' dir='ltr'><strong>et</strong></span> <span class='ocrx_word' id='word_1_132' title='bbox 3524 901 3526 904; x_wconf 19' lang='grc' dir='ltr'><strong><em>τ</em></strong></span> 
     </span>
    </p>
   </div>
   <div class='ocr_carea' id='block_1_25' title="bbox 1902 926 3485 1002">
    <p class='ocr_par' dir='ltr' id='par_1_25' title="bbox 1902 926 3485 1002">
     <span class='ocr_line' id='line_1_26' title="bbox 1902 926 3485 1002; baseline -0.008 -10"><span class='ocrx_word' id='word_1_133' title='bbox 1902 945 2110 992; x_wconf 67' lang='lat' dir='ltr'><strong>cunctae</strong></span> <span class='ocrx_word' id='word_1_134' title='bbox 2141 934 2358 990; x_wconf 77' lang='lat' dir='ltr'><strong>familia:</strong></span> <span class='ocrx_word' id='word_1_135' title='bbox 2386 942 2489 988; x_wconf 82' lang='lat' dir='ltr'><strong>tuae</strong></span> <span class='ocrx_word' id='word_1_136' title='bbox 2510 931 2561 1001; x_wconf 72' lang='grc' dir='ltr'><strong>δ,</strong></span> <span class='ocrx_word' id='word_1_137' title='bbox 2592 946 2752 1002; x_wconf 89' lang='lat' dir='ltr'><strong>quam</strong></span> <span class='ocrx_word' id='word_1_138' title='bbox 2784 930 2876 985; x_wconf 86' lang='lat' dir='ltr'><strong>tibi</strong></span> <span class='ocrx_word' id='word_1_139' title='bbox 2906 929 3181 986; x_wconf 81' lang='lat' dir='ltr'><strong>offerimus</strong></span> <span class='ocrx_word' id='word_1_140' title='bbox 3207 926 3261 981; x_wconf 92' lang='lat' dir='ltr'><strong>in</strong></span> <span class='ocrx_word' id='word_1_141' title='bbox 3310 926 3485 981; x_wconf 87' lang='lat' dir='ltr'><strong>bono-</strong></span> 
     </span>
    </p>
   </div>
   <div class='ocr_carea' id='block_1_26' title="bbox 1900 1022 3484 1096">
    <p class='ocr_par' dir='ltr' id='par_1_26' title="bbox 1900 1022 3484 1096">
     <span class='ocr_line' id='line_1_27' title="bbox 1900 1022 3484 1096; baseline -0.006 -11"><span class='ocrx_word' id='word_1_142' title='bbox 1900 1044 2011 1086; x_wconf 88' lang='lat' dir='ltr'><strong>rem</strong></span> <span class='ocrx_word' id='word_1_143' title='bbox 2036 1027 2268 1084; x_wconf 85' lang='lat' dir='ltr'><strong>nominis</strong></span> <span class='ocrx_word' id='word_1_144' title='bbox 2291 1026 2389 1089; x_wconf 85' lang='lat' dir='ltr'><strong>tui,</strong></span> <span class='ocrx_word' id='word_1_145' title='bbox 2410 1026 2570 1094; x_wconf 87' lang='lat' dir='ltr'><strong>Deus,</strong></span> <span class='ocrx_word' id='word_1_146' title='bbox 2590 1039 2921 1096; x_wconf 62' lang='lat' dir='ltr'><strong>quasumus,</strong></span> <span class='ocrx_word' id='word_1_147' title='bbox 2949 1025 3196 1092; x_wconf 87' lang='lat' dir='ltr'><strong>Domine,</strong></span> <span class='ocrx_word' id='word_1_148' title='bbox 3221 1032 3284 1081; x_wconf 88' lang='lat' dir='ltr'><strong>ut</strong></span> <span class='ocrx_word' id='word_1_149' title='bbox 3305 1022 3484 1093; x_wconf 85' lang='lat' dir='ltr'><strong>placa-</strong></span> 
     </span>
    </p>
   </div>
   <div class='ocr_carea' id='block_1_27' title="bbox 1901 1115 3482 1191">
    <p class='ocr_par' dir='ltr' id='par_1_27' title="bbox 1901 1115 3482 1191">
     <span class='ocr_line' id='line_1_28' title="bbox 1901 1115 3482 1191; baseline -0.008 -11"><span class='ocrx_word' id='word_1_150' title='bbox 1901 1134 1986 1180; x_wconf 90' lang='lat' dir='ltr'><strong>tus</strong></span> <span class='ocrx_word' id='word_1_151' title='bbox 2013 1122 2271 1191; x_wconf 90' lang='lat' dir='ltr'><strong>aecipias,</strong></span> <span class='ocrx_word' id='word_1_152' title='bbox 2318 1121 2542 1190; x_wconf 89' lang='lat' dir='ltr'><strong>diesque</strong></span> <span class='ocrx_word' id='word_1_153' title='bbox 2571 1128 2784 1176; x_wconf 86' lang='lat' dir='ltr'><strong>nostros</strong></span> <span class='ocrx_word' id='word_1_154' title='bbox 2823 1119 2877 1175; x_wconf 87' lang='lat' dir='ltr'><strong>in</strong></span> <span class='ocrx_word' id='word_1_155' title='bbox 2919 1128 3008 1173; x_wconf 90' lang='lat' dir='ltr'><strong>tua</strong></span> <span class='ocrx_word' id='word_1_156' title='bbox 3041 1131 3174 1187; x_wconf 89' lang='lat' dir='ltr'><strong>pce</strong></span> <span class='ocrx_word' id='word_1_157' title='bbox 3203 1115 3482 1184; x_wconf 84' lang='lat' dir='ltr'><strong>disponas,</strong></span> 
     </span>
    </p>
   </div>
   <div class='ocr_carea' id='block_1_28' title="bbox 1900 1209 3486 1286">
    <p class='ocr_par' dir='ltr' id='par_1_28' title="bbox 1900 1209 3486 1286">
     <span class='ocr_line' id='line_1_29' title="bbox 1900 1209 3486 1286; baseline -0.005 -14"><span class='ocrx_word' id='word_1_158' title='bbox 1900 1216 2072 1286; x_wconf 81' lang='lat' dir='ltr'><strong>adque</strong></span> <span class='ocrx_word' id='word_1_159' title='bbox 2100 1216 2170 1271; x_wconf 85' lang='lat' dir='ltr'><strong>ab</strong></span> <span class='ocrx_word' id='word_1_160' title='bbox 2191 1222 2391 1270; x_wconf 68' lang='lat' dir='ltr'><strong>aeterna</strong></span> <span class='ocrx_word' id='word_1_161' title='bbox 2416 1214 2758 1270; x_wconf 82' lang='lat' dir='ltr'><strong>damnatione</strong></span> <span class='ocrx_word' id='word_1_162' title='bbox 2789 1228 2886 1268; x_wconf 91' lang='lat' dir='ltr'><strong>nos</strong></span> <span class='ocrx_word' id='word_1_163' title='bbox 2915 1212 3048 1282; x_wconf 89' lang='lat' dir='ltr'><strong>eripi</strong></span> <span class='ocrx_word' id='word_1_164' title='bbox 3072 1249 3088 1278; x_wconf 96' lang='lat'><strong>,</strong></span> <span class='ocrx_word' id='word_1_165' title='bbox 3115 1219 3170 1266; x_wconf 89' lang='lat' dir='ltr'><strong>et</strong></span> <span class='ocrx_word' id='word_1_166' title='bbox 3200 1210 3254 1265; x_wconf 90' lang='lat' dir='ltr'><strong>in</strong></span> <span class='ocrx_word' id='word_1_167' title='bbox 3284 1209 3486 1266; x_wconf 87' lang='lat' dir='ltr'><strong>electo-</strong></span> 
     </span>
    </p>
   </div>
   <div class='ocr_carea' id='block_1_29' title="bbox 1900 1302 3481 1377">
    <p class='ocr_par' dir='ltr' id='par_1_29' title="bbox 1900 1302 3481 1377">
     <span class='ocr_line' id='line_1_30' title="bbox 1900 1302 3481 1377; baseline -0.004 -13"><span class='ocrx_word' id='word_1_168' title='bbox 1900 1324 2019 1364; x_wconf 85' lang='lat' dir='ltr'><strong>rum</strong></span> <span class='ocrx_word' id='word_1_169' title='bbox 2052 1318 2258 1363; x_wconf 80' lang='lat' dir='ltr'><strong>tuorum</strong></span> <span class='ocrx_word' id='word_1_170' title='bbox 2286 1307 2472 1376; x_wconf 80' lang='lat' dir='ltr'><strong>iubeas</strong></span> <span class='ocrx_word' id='word_1_171' title='bbox 2493 1320 2657 1377; x_wconf 84' lang='lat' dir='ltr'><strong>grege</strong></span> <span class='ocrx_word' id='word_1_172' title='bbox 2699 1305 3006 1373; x_wconf 87' lang='lat' dir='ltr'><strong>numerari,</strong></span> <span class='ocrx_word' id='word_1_173' title='bbox 3061 1318 3156 1373; x_wconf 89' lang='lat' dir='ltr'><strong>per</strong></span> <span class='ocrx_word' id='word_1_174' title='bbox 3205 1302 3481 1358; x_wconf 87' lang='lat' dir='ltr'><strong>Cbristmu</strong></span> 
     </span>
    </p>
   </div>
   <div class='ocr_carea' id='block_1_30' title="bbox 1903 1402 2484 1457">
    <p class='ocr_par' dir='ltr' id='par_1_30' title="bbox 1903 1402 2484 1457">
     <span class='ocr_line' id='line_1_31' title="bbox 1903 1402 2484 1457; baseline -0.005 -1"><span class='ocrx_word' id='word_1_175' title='bbox 1903 1402 2190 1457; x_wconf 88' lang='lat' dir='ltr'><strong>Dominum</strong></span> <span class='ocrx_word' id='word_1_176' title='bbox 2221 1410 2484 1455; x_wconf 89' lang='lat' dir='ltr'><strong>nostrum.</strong></span> 
     </span>
    </p>
   </div>
   <div class='ocr_carea' id='block_1_31' title="bbox 1974 1487 3490 1561">
    <p class='ocr_par' dir='ltr' id='par_1_31' title="bbox 1974 1487 3490 1561">
     <span class='ocr_line' id='line_1_32' title="bbox 1974 1487 3490 1561; baseline -0.004 -15"><span class='ocrx_word' id='word_1_177' title='bbox 1974 1493 2013 1561; x_wconf 64' lang='grc' dir='ltr'><strong>’ξ-</strong></span> <span class='ocrx_word' id='word_1_178' title='bbox 2036 1493 2205 1560; x_wconf 85' lang='lat' dir='ltr'><strong>Quam</strong></span> <span class='ocrx_word' id='word_1_179' title='bbox 2236 1491 2559 1546; x_wconf 86' lang='lat' dir='ltr'><strong>oblationem</strong></span> <span class='ocrx_word' id='word_1_180' title='bbox 2591 1500 2665 1555; x_wconf 78' lang='lat' dir='ltr'><strong>tu,</strong></span> <span class='ocrx_word' id='word_1_181' title='bbox 2705 1490 2845 1544; x_wconf 88' lang='lat' dir='ltr'><strong>Deus</strong></span> <span class='ocrx_word' id='word_1_182' title='bbox 2865 1529 2882 1555; x_wconf 97' lang='lat'><strong>,</strong></span> <span class='ocrx_word' id='word_1_183' title='bbox 2909 1489 2964 1544; x_wconf 89' lang='lat' dir='ltr'><strong>in</strong></span> <span class='ocrx_word' id='word_1_184' title='bbox 2991 1487 3241 1544; x_wconf 87' lang='lat' dir='ltr'><strong>omnibus</strong></span> <span class='ocrx_word' id='word_1_185' title='bbox 3271 1500 3490 1556; x_wconf 80' lang='lat' dir='ltr'><strong>quaesu-</strong></span> 
     </span>
    </p>
   </div>
   <div class='ocr_carea' id='block_1_32' title="bbox 1905 1576 3494 1652">
    <p class='ocr_par' dir='ltr' id='par_1_32' title="bbox 1905 1576 3494 1652">
     <span class='ocr_line' id='line_1_33' title="bbox 1905 1576 3494 1652; baseline -0.006 -13"><span class='ocrx_word' id='word_1_186' title='bbox 1905 1597 2022 1640; x_wconf 87' lang='lat' dir='ltr'><strong>mus</strong></span> <span class='ocrx_word' id='word_1_187' title='bbox 2051 1583 2382 1638; x_wconf 83' lang='lat' dir='ltr'><strong>benedictam</strong></span> <span class='ocrx_word' id='word_1_188' title='bbox 2413 1583 2484 1652; x_wconf 75' lang='lat'><strong>1-,</strong></span> <span class='ocrx_word' id='word_1_189' title='bbox 2528 1579 2848 1650; x_wconf 85' lang='lat' dir='ltr'><strong>adscriptam</strong></span> <span class='ocrx_word' id='word_1_190' title='bbox 2876 1580 2939 1650; x_wconf 55' lang='grc' dir='ltr'>-ιη,</span> <span class='ocrx_word' id='word_1_191' title='bbox 2969 1591 3138 1636; x_wconf 86' lang='lat' dir='ltr'><strong>rat-am</strong></span> <span class='ocrx_word' id='word_1_192' title='bbox 3158 1617 3176 1645; x_wconf 91' lang='lat'><strong>,</strong></span> <span class='ocrx_word' id='word_1_193' title='bbox 3204 1576 3494 1633; x_wconf 83' lang='lat' dir='ltr'><strong>rationabi-</strong></span> 
     </span>
    </p>
   </div>
   <div class='ocr_carea' id='block_1_33' title="bbox 1904 1668 3490 1744">
    <p class='ocr_par' dir='ltr' id='par_1_33' title="bbox 1904 1668 3490 1744">
     <span class='ocr_line' id='line_1_34' title="bbox 1904 1668 3490 1744; baseline -0.007 -11"><span class='ocrx_word' id='word_1_194' title='bbox 1904 1679 2008 1734; x_wconf 90' lang='lat' dir='ltr'><strong>lem</strong></span> <span class='ocrx_word' id='word_1_195' title='bbox 2035 1675 2528 1744; x_wconf 85' lang='lat' dir='ltr'><strong>acceptabilemque</strong></span> <span class='ocrx_word' id='word_1_196' title='bbox 2569 1672 2748 1728; x_wconf 89' lang='lat' dir='ltr'><strong>facere</strong></span> <span class='ocrx_word' id='word_1_197' title='bbox 2775 1674 3012 1744; x_wconf 75' lang='lat' dir='ltr'><strong>digneris</strong></span> <span class='ocrx_word' id='word_1_198' title='bbox 3032 1707 3047 1738; x_wconf 90' lang='lat'><strong>-,</strong></span> <span class='ocrx_word' id='word_1_199' title='bbox 3076 1687 3195 1742; x_wconf 64' lang='lat' dir='ltr'><strong>quas</strong></span> <span class='ocrx_word' id='word_1_200' title='bbox 3215 1681 3237 1710; x_wconf 74' lang='grc' dir='ltr'><strong><em>ο</em></strong></span> <span class='ocrx_word' id='word_1_201' title='bbox 3271 1671 3425 1725; x_wconf 90' lang='lat' dir='ltr'><strong>nobis</strong></span> <span class='ocrx_word' id='word_1_202' title='bbox 3452 1668 3490 1740; x_wconf 71' lang='lat'><strong>1-</strong></span> 
     </span>
    </p>
   </div>
   <div class='ocr_carea' id='block_1_34' title="bbox 197 1761 3492 1856">
    <p class='ocr_par' dir='ltr' id='par_1_34' title="bbox 197 1761 3492 1856">
     <span class='ocr_line' id='line_1_35' title="bbox 197 1761 3492 1856; baseline -0.003 -29"><span class='ocrx_word' id='word_1_203' title='bbox 197 1773 487 1827; x_wconf 86' lang='lat' dir='ltr'><strong>Dominum</strong></span> <span class='ocrx_word' id='word_1_204' title='bbox 519 1777 784 1825; x_wconf 87' lang='lat' dir='ltr'><strong>nostrum.</strong></span> <span class='ocrx_word' id='word_1_205' title='bbox 813 1770 914 1826; x_wconf 87' lang='lat' dir='ltr'><strong>Per</strong></span> <span class='ocrx_word' id='word_1_206' title='bbox 944 1783 1101 1838; x_wconf 85' lang='lat' dir='ltr'><strong>quem</strong></span> <span class='ocrx_word' id='word_1_207' title='bbox 1135 1769 1471 1838; x_wconf 71' lang='lat' dir='ltr'><strong>Maiestatem</strong></span> <span class='ocrx_word' id='word_1_208' title='bbox 1505 1777 1647 1823; x_wconf 87' lang='lat' dir='ltr'><strong>tuam</strong></span> <span class='ocrx_word' id='word_1_209' title='bbox 1682 1769 1797 1823; x_wconf 89' lang='lat' dir='ltr'><strong>lau-</strong></span> <span class='ocrx_word' id='word_1_210' title='bbox 1825 1777 1875 1856; x_wconf 52' lang='grc'>³</span> <span class='ocrx_word' id='word_1_211' title='bbox 1902 1785 2098 1841; x_wconf 88' lang='lat' dir='ltr'><strong>corpus</strong></span> <span class='ocrx_word' id='word_1_212' title='bbox 2126 1770 2163 1841; x_wconf 60' lang='grc' dir='ltr'>ῒ</span> <span class='ocrx_word' id='word_1_213' title='bbox 2192 1779 2249 1825; x_wconf 89' lang='lat' dir='ltr'><strong>et</strong></span> <span class='ocrx_word' id='word_1_214' title='bbox 2274 1766 2492 1838; x_wconf 79' lang='lat' dir='ltr'><strong>sanguis</strong></span> <span class='ocrx_word' id='word_1_215' title='bbox 2522 1767 2614 1822; x_wconf 86' lang='lat' dir='ltr'><strong>fiat</strong></span> <span class='ocrx_word' id='word_1_216' title='bbox 2645 1767 2984 1822; x_wconf 86' lang='lat' dir='ltr'><strong>dilectissimi</strong></span> <span class='ocrx_word' id='word_1_217' title='bbox 3017 1765 3142 1820; x_wconf 82' lang='lat' dir='ltr'><strong>Filii</strong></span> <span class='ocrx_word' id='word_1_218' title='bbox 3174 1765 3246 1819; x_wconf 90' lang='lat' dir='ltr'><strong>tui</strong></span> <span class='ocrx_word' id='word_1_219' title='bbox 3278 1761 3492 1818; x_wconf 89' lang='lat' dir='ltr'><strong>Domini</strong></span> 
     </span>
    </p>
   </div>
   <div class='ocr_carea' id='block_1_35' title="bbox 202 1861 1798 1930">
    <p class='ocr_par' dir='ltr' id='par_1_35' title="bbox 202 1861 1798 1930">
     <span class='ocr_line' id='line_1_36' title="bbox 202 1861 1798 1930; baseline -0.001 -15"><span class='ocrx_word' id='word_1_220' title='bbox 202 1862 339 1915; x_wconf 89' lang='lat' dir='ltr'><strong>dant</strong></span> <span class='ocrx_word' id='word_1_221' title='bbox 368 1862 566 1930; x_wconf 82' lang='lat' dir='ltr'><strong>angeli,</strong></span> <span class='ocrx_word' id='word_1_222' title='bbox 598 1861 822 1916; x_wconf 88' lang='lat' dir='ltr'><strong>adorant</strong></span> <span class='ocrx_word' id='word_1_223' title='bbox 854 1861 1273 1927; x_wconf 88' lang='lat' dir='ltr'><strong>dominationes,</strong></span> <span class='ocrx_word' id='word_1_224' title='bbox 1303 1869 1539 1916; x_wconf 88' lang='lat' dir='ltr'><strong>tremunt</strong></span> <span class='ocrx_word' id='word_1_225' title='bbox 1563 1865 1798 1930; x_wconf 75' lang='lat' dir='ltr'><strong>potesta-</strong></span> 
     </span>
    </p>
   </div>
   <div class='ocr_carea' id='block_1_36' title="bbox 199 1953 1798 2024">
    <p class='ocr_par' dir='ltr' id='par_1_36' title="bbox 199 1953 1798 2024">
     <span class='ocr_line' id='line_1_37' title="bbox 199 1953 1798 2024; baseline 0.001 -16"><span class='ocrx_word' id='word_1_226' title='bbox 199 1963 308 2009; x_wconf 87' lang='lat' dir='ltr'><strong>tes.</strong></span> <span class='ocrx_word' id='word_1_227' title='bbox 359 1953 485 2009; x_wconf 80' lang='lat' dir='ltr'><strong>Caeli</strong></span> <span class='ocrx_word' id='word_1_228' title='bbox 543 1956 908 2024; x_wconf 69' lang='lat' dir='ltr'><strong>caelorumque</strong></span> <span class='ocrx_word' id='word_1_229' title='bbox 961 1955 1188 2010; x_wconf 84' lang='lat' dir='ltr'><strong>virtutes</strong></span> <span class='ocrx_word' id='word_1_230' title='bbox 1236 1970 1299 2009; x_wconf 90' lang='lat' dir='ltr'><strong>ac</strong></span> <span class='ocrx_word' id='word_1_231' title='bbox 1341 1955 1496 2009; x_wconf 87' lang='lat' dir='ltr'><strong>beata</strong></span> <span class='ocrx_word' id='word_1_232' title='bbox 1547 1953 1798 2024; x_wconf 85' lang='lat' dir='ltr'><strong>seraphin</strong></span> 
     </span>
    </p>
   </div>
   <div class='ocr_carea' id='block_1_37' title="bbox 199 2047 1798 2119">
    <p class='ocr_par' dir='ltr' id='par_1_37' title="bbox 199 2047 1798 2119">
     <span class='ocr_line' id='line_1_38' title="bbox 199 2047 1798 2119; baseline 0.001 -16"><span class='ocrx_word' id='word_1_233' title='bbox 199 2047 352 2103; x_wconf 81' lang='lat' dir='ltr'><strong>socia</strong></span> <span class='ocrx_word' id='word_1_234' title='bbox 369 2047 696 2102; x_wconf 80' lang='lat' dir='ltr'><strong>exultatione</strong></span> <span class='ocrx_word' id='word_1_235' title='bbox 717 2049 1115 2104; x_wconf 86' lang='lat' dir='ltr'><strong>concelebrant.</strong></span> <span class='ocrx_word' id='word_1_236' title='bbox 1136 2049 1267 2104; x_wconf 92' lang='lat' dir='ltr'><strong>Cum</strong></span> <span class='ocrx_word' id='word_1_237' title='bbox 1290 2047 1485 2119; x_wconf 87' lang='lat' dir='ltr'><strong>quibus</strong></span> <span class='ocrx_word' id='word_1_238' title='bbox 1508 2057 1564 2104; x_wconf 87' lang='lat' dir='ltr'><strong>et</strong></span> <span class='ocrx_word' id='word_1_239' title='bbox 1586 2056 1798 2104; x_wconf 81' lang='lat' dir='ltr'><strong>nostras</strong></span> 
     </span>
    </p>
   </div>
   <div class='ocr_carea' id='block_1_38' title="bbox 200 2139 1802 2210">
    <p class='ocr_par' dir='ltr' id='par_1_38' title="bbox 200 2139 1802 2210">
     <span class='ocr_line' id='line_1_39' title="bbox 200 2139 1802 2210; baseline 0.001 -16"><span class='ocrx_word' id='word_1_240' title='bbox 200 2152 368 2194; x_wconf 75' lang='lat' dir='ltr'><strong>voces</strong></span> <span class='ocrx_word' id='word_1_241' title='bbox 389 2148 444 2193; x_wconf 90' lang='lat' dir='ltr'><strong>ut</strong></span> <span class='ocrx_word' id='word_1_242' title='bbox 484 2139 691 2193; x_wconf 87' lang='lat' dir='ltr'><strong>admitti</strong></span> <span class='ocrx_word' id='word_1_243' title='bbox 719 2139 907 2208; x_wconf 84' lang='lat' dir='ltr'><strong>iubeas</strong></span> <span class='ocrx_word' id='word_1_244' title='bbox 936 2141 1303 2210; x_wconf 84' lang='lat' dir='ltr'><strong>deprecamur,</strong></span> <span class='ocrx_word' id='word_1_245' title='bbox 1327 2140 1568 2210; x_wconf 87' lang='lat' dir='ltr'><strong>supplice</strong></span> <span class='ocrx_word' id='word_1_246' title='bbox 1589 2141 1802 2197; x_wconf 88' lang='lat' dir='ltr'><strong>confes-</strong></span> 
     </span>
    </p>
   </div>
   <div class='ocr_carea' id='block_1_39' title="bbox 213 2230 958 2287">
    <p class='ocr_par' dir='ltr' id='par_1_39' title="bbox 213 2230 958 2287">
     <span class='ocr_line' id='line_1_40' title="bbox 213 2230 958 2287; baseline 0.001 -3"><span class='ocrx_word' id='word_1_247' title='bbox 213 2231 372 2286; x_wconf 84' lang='lat' dir='ltr'><strong>sione</strong></span> <span class='ocrx_word' id='word_1_248' title='bbox 400 2231 638 2286; x_wconf 86' lang='lat' dir='ltr'><strong>dicentes</strong></span> <span class='ocrx_word' id='word_1_249' title='bbox 667 2247 681 2284; x_wconf 89' lang='lat'><strong>:</strong></span> <span class='ocrx_word' id='word_1_250' title='bbox 707 2230 958 2287; x_wconf 87' lang='lat' dir='ltr'><strong>Sanctus.</strong></span> 
     </span>
    </p>
   </div>
   <div class='ocr_carea' id='block_1_40' title="bbox 277 2320 1803 2391">
    <p class='ocr_par' dir='ltr' id='par_1_40' title="bbox 277 2320 1803 2391">
     <span class='ocr_line' id='line_1_41' title="bbox 277 2320 1803 2391; baseline 0.002 -16"><span class='ocrx_word' id='word_1_251' title='bbox 277 2321 354 2378; x_wconf 90' lang='lat' dir='ltr'><strong>&#39;l‘e</strong></span> <span class='ocrx_word' id='word_1_252' title='bbox 385 2321 612 2390; x_wconf 56' lang='lat' dir='ltr'><strong>igitur“,</strong></span> <span class='ocrx_word' id='word_1_253' title='bbox 641 2322 1060 2378; x_wconf 83' lang='lat' dir='ltr'><strong>clementissime</strong></span> <span class='ocrx_word' id='word_1_254' title='bbox 1091 2322 1269 2391; x_wconf 84' lang='lat' dir='ltr'><strong>Pater,</strong></span> <span class='ocrx_word' id='word_1_255' title='bbox 1315 2337 1413 2391; x_wconf 88' lang='lat' dir='ltr'><strong>per</strong></span> <span class='ocrx_word' id='word_1_256' title='bbox 1434 2322 1614 2379; x_wconf 87' lang='lat' dir='ltr'><strong>Jesum</strong></span> <span class='ocrx_word' id='word_1_257' title='bbox 1645 2320 1803 2378; x_wconf 87' lang='lat' dir='ltr'><strong>Chri-</strong></span> 
     </span>
    </p>
   </div>
   <div class='ocr_carea' id='block_1_41' title="bbox 201 2411 1798 2482">
    <p class='ocr_par' dir='ltr' id='par_1_41' title="bbox 201 2411 1798 2482">
     <span class='ocr_line' id='line_1_42' title="bbox 201 2411 1798 2482; baseline 0.001 -16"><span class='ocrx_word' id='word_1_258' title='bbox 201 2421 348 2467; x_wconf 79' lang='lat' dir='ltr'><strong>stum</strong></span> <span class='ocrx_word' id='word_1_259' title='bbox 373 2411 564 2466; x_wconf 86' lang='lat' dir='ltr'><strong>Filium</strong></span> <span class='ocrx_word' id='word_1_260' title='bbox 588 2423 752 2477; x_wconf 90' lang='lat' dir='ltr'><strong>tuum,</strong></span> <span class='ocrx_word' id='word_1_261' title='bbox 787 2413 1070 2467; x_wconf 87' lang='lat' dir='ltr'><strong>Dominum</strong></span> <span class='ocrx_word' id='word_1_262' title='bbox 1103 2425 1368 2480; x_wconf 69' lang='lat' dir='ltr'><strong>nosuum,</strong></span> <span class='ocrx_word' id='word_1_263' title='bbox 1403 2413 1676 2482; x_wconf 84' lang='lat' dir='ltr'><strong>supplices</strong></span> <span class='ocrx_word' id='word_1_264' title='bbox 1703 2427 1798 2468; x_wconf 85' lang='lat' dir='ltr'><strong>ro-</strong></span> 
     </span>
    </p>
   </div>
   <div class='ocr_carea' id='block_1_42' title="bbox 204 2504 1804 2577">
    <p class='ocr_par' dir='ltr' id='par_1_42' title="bbox 204 2504 1804 2577">
     <span class='ocr_line' id='line_1_43' title="bbox 204 2504 1804 2577; baseline 0.001 -19"><span class='ocrx_word' id='word_1_265' title='bbox 204 2519 398 2576; x_wconf 88' lang='lat' dir='ltr'><strong>gamus</strong></span> <span class='ocrx_word' id='word_1_266' title='bbox 411 2513 463 2560; x_wconf 87' lang='lat' dir='ltr'><strong>et</strong></span> <span class='ocrx_word' id='word_1_267' title='bbox 485 2507 731 2575; x_wconf 83' lang='lat' dir='ltr'><strong>petimus,</strong></span> <span class='ocrx_word' id='word_1_268' title='bbox 750 2506 826 2560; x_wconf 91' lang='lat' dir='ltr'><strong>uti</strong></span> <span class='ocrx_word' id='word_1_269' title='bbox 847 2514 1122 2576; x_wconf 87' lang='lat' dir='ltr'><strong>acceptum</strong></span> <span class='ocrx_word' id='word_1_270' title='bbox 1136 2506 1360 2575; x_wconf 87' lang='lat' dir='ltr'><strong>habeas,</strong></span> <span class='ocrx_word' id='word_1_271' title='bbox 1379 2513 1435 2561; x_wconf 90' lang='lat' dir='ltr'><strong>et</strong></span> <span class='ocrx_word' id='word_1_272' title='bbox 1454 2505 1744 2561; x_wconf 89' lang='lat' dir='ltr'><strong>benedicas</strong></span> <span class='ocrx_word' id='word_1_273' title='bbox 1764 2504 1804 2577; x_wconf 61' lang='lat'><strong>1-</strong></span> 
     </span>
    </p>
   </div>
   <div class='ocr_carea' id='block_1_43' title="bbox 207 2597 1801 2662">
    <p class='ocr_par' dir='ltr' id='par_1_43' title="bbox 207 2597 1801 2662">
     <span class='ocr_line' id='line_1_44' title="bbox 207 2597 1801 2662; baseline -0.001 -11"><span class='ocrx_word' id='word_1_274' title='bbox 207 2597 328 2652; x_wconf 82' lang='lat' dir='ltr'><strong>haec</strong></span> <span class='ocrx_word' id='word_1_275' title='bbox 368 2597 529 2660; x_wconf 88' lang='lat' dir='ltr'><strong>dona,</strong></span> <span class='ocrx_word' id='word_1_276' title='bbox 561 2598 680 2654; x_wconf 69' lang='lat' dir='ltr'><strong>haec</strong></span> <span class='ocrx_word' id='word_1_277' title='bbox 705 2612 961 2662; x_wconf 89' lang='lat' dir='ltr'><strong>munera,</strong></span> <span class='ocrx_word' id='word_1_278' title='bbox 999 2597 1113 2652; x_wconf 74' lang='lat' dir='ltr'><strong>haec</strong></span> <span class='ocrx_word' id='word_1_279' title='bbox 1143 2607 1328 2653; x_wconf 84' lang='lat' dir='ltr'><strong>sancta</strong></span> <span class='ocrx_word' id='word_1_280' title='bbox 1377 2597 1641 2654; x_wconf 87' lang='lat' dir='ltr'><strong>sacrificia</strong></span> <span class='ocrx_word' id='word_1_281' title='bbox 1671 2597 1801 2653; x_wconf 85' lang='lat' dir='ltr'><strong>inli-</strong></span> 
     </span>
    </p>
   </div>
   <div class='ocr_carea' id='block_1_44' title="bbox 211 2685 354 2742">
    <p class='ocr_par' dir='ltr' id='par_1_44' title="bbox 211 2685 354 2742">
     <span class='ocr_line' id='line_1_45' title="bbox 211 2685 354 2742; baseline -0.028 0"><span class='ocrx_word' id='word_1_282' title='bbox 211 2685 354 2742; x_wconf 89' lang='lat' dir='ltr'><strong>bata.</strong></span> 
     </span>
    </p>
   </div>
   <div class='ocr_carea' id='block_1_45' title="bbox 286 2778 1800 2854">
    <p class='ocr_par' dir='ltr' id='par_1_45' title="bbox 286 2778 1800 2854">
     <span class='ocr_line' id='line_1_46' title="bbox 286 2778 1800 2854; baseline 0.005 -21"><span class='ocrx_word' id='word_1_283' title='bbox 286 2778 341 2834; x_wconf 90' lang='lat' dir='ltr'><strong>ln</strong></span> <span class='ocrx_word' id='word_1_284' title='bbox 369 2779 556 2849; x_wconf 88' lang='lat' dir='ltr'><strong>primis</strong></span> <span class='ocrx_word' id='word_1_285' title='bbox 585 2795 704 2850; x_wconf 72' lang='lat' dir='ltr'><strong>qua:</strong></span> <span class='ocrx_word' id='word_1_286' title='bbox 732 2781 829 2836; x_wconf 85' lang='lat' dir='ltr'><strong>tibi</strong></span> <span class='ocrx_word' id='word_1_287' title='bbox 856 2781 1132 2838; x_wconf 82' lang='lat' dir='ltr'><strong>offerimus</strong></span> <span class='ocrx_word' id='word_1_288' title='bbox 1153 2797 1251 2854; x_wconf 90' lang='lat' dir='ltr'><strong>pro</strong></span> <span class='ocrx_word' id='word_1_289' title='bbox 1280 2783 1526 2840; x_wconf 87' lang='lat' dir='ltr'><strong>Ecclesia</strong></span> <span class='ocrx_word' id='word_1_290' title='bbox 1557 2793 1646 2840; x_wconf 89' lang='lat' dir='ltr'><strong>tua</strong></span> <span class='ocrx_word' id='word_1_291' title='bbox 1672 2799 1800 2841; x_wconf 90' lang='lat' dir='ltr'><strong>san-</strong></span> 
     </span>
    </p>
   </div>
   <div class='ocr_carea' id='block_1_46' title="bbox 213 2869 1804 2945">
    <p class='ocr_par' dir='ltr' id='par_1_46' title="bbox 213 2869 1804 2945">
     <span class='ocr_line' id='line_1_47' title="bbox 213 2869 1804 2945; baseline 0.005 -20"><span class='ocrx_word' id='word_1_292' title='bbox 213 2879 298 2926; x_wconf 83' lang='lat' dir='ltr'><strong>cta</strong></span> <span class='ocrx_word' id='word_1_293' title='bbox 344 2869 626 2937; x_wconf 86' lang='lat' dir='ltr'><strong>catholica,</strong></span> <span class='ocrx_word' id='word_1_294' title='bbox 671 2885 828 2942; x_wconf 87' lang='lat' dir='ltr'><strong>quam</strong></span> <span class='ocrx_word' id='word_1_295' title='bbox 859 2874 1162 2943; x_wconf 85' lang='lat' dir='ltr'><strong>paeificare,</strong></span> <span class='ocrx_word' id='word_1_296' title='bbox 1203 2875 1498 2941; x_wconf 86' lang='lat' dir='ltr'><strong>custodire,</strong></span> <span class='ocrx_word' id='word_1_297' title='bbox 1541 2877 1804 2945; x_wconf 88' lang='lat' dir='ltr'><strong>adunare,</strong></span> 
     </span>
    </p>
   </div>
   <div class='ocr_carea' id='block_1_47' title="bbox 213 2963 1801 3034">
    <p class='ocr_par' dir='ltr' id='par_1_47' title="bbox 213 2963 1801 3034">
     <span class='ocr_line' id='line_1_48' title="bbox 213 2963 1801 3034; baseline 0.004 -17"><span class='ocrx_word' id='word_1_298' title='bbox 213 2970 270 3017; x_wconf 84' lang='lat' dir='ltr'><strong>et</strong></span> <span class='ocrx_word' id='word_1_299' title='bbox 291 2973 478 3032; x_wconf 89' lang='lat' dir='ltr'><strong>regere</strong></span> <span class='ocrx_word' id='word_1_300' title='bbox 520 2963 757 3032; x_wconf 82' lang='lat' dir='ltr'><strong>digneris</strong></span> <span class='ocrx_word' id='word_1_301' title='bbox 788 2972 956 3019; x_wconf 84' lang='lat' dir='ltr'><strong>tutum</strong></span> <span class='ocrx_word' id='word_1_302' title='bbox 987 2964 1171 3019; x_wconf 89' lang='lat' dir='ltr'><strong>orbem</strong></span> <span class='ocrx_word' id='word_1_303' title='bbox 1201 2974 1487 3034; x_wconf 88' lang='lat' dir='ltr'><strong>terrarum,</strong></span> <span class='ocrx_word' id='word_1_304' title='bbox 1538 2983 1640 3022; x_wconf 90' lang='lat' dir='ltr'><strong>una</strong></span> <span class='ocrx_word' id='word_1_305' title='bbox 1673 2983 1801 3024; x_wconf 89' lang='lat' dir='ltr'><strong>cum</strong></span> 
     </span>
    </p>
   </div>
   <div class='ocr_carea' id='block_1_48' title="bbox 209 3052 1804 3130">
    <p class='ocr_par' dir='ltr' id='par_1_48' title="bbox 209 3052 1804 3130">
     <span class='ocr_line' id='line_1_49' title="bbox 209 3052 1804 3130; baseline 0.005 -22"><span class='ocrx_word' id='word_1_306' title='bbox 209 3053 568 3109; x_wconf 86' lang='lat' dir='ltr'><strong>devotissimo</strong></span> <span class='ocrx_word' id='word_1_307' title='bbox 597 3052 796 3110; x_wconf 85' lang='lat' dir='ltr'><strong>famolo</strong></span> <span class='ocrx_word' id='word_1_308' title='bbox 820 3066 912 3111; x_wconf 91' lang='lat' dir='ltr'><strong>tuo</strong></span> <span class='ocrx_word' id='word_1_309' title='bbox 941 3057 1016 3111; x_wconf 93' lang='lat' dir='ltr'><strong>ill.</strong></span> <span class='ocrx_word' id='word_1_310' title='bbox 1053 3069 1187 3128; x_wconf 89' lang='lat' dir='ltr'><strong>papa</strong></span> <span class='ocrx_word' id='word_1_311' title='bbox 1222 3067 1432 3129; x_wconf 88' lang='lat' dir='ltr'><strong>nostro,</strong></span> <span class='ocrx_word' id='word_1_312' title='bbox 1483 3061 1628 3116; x_wconf 91' lang='lat' dir='ltr'><strong>sedis</strong></span> <span class='ocrx_word' id='word_1_313' title='bbox 1673 3074 1804 3130; x_wconf 88' lang='lat' dir='ltr'><strong>apo-</strong></span> 
     </span>
    </p>
   </div>
   <div class='ocr_carea' id='block_1_49' title="bbox 1905 1857 3488 1928">
    <p class='ocr_par' dir='ltr' id='par_1_49' title="bbox 1905 1857 3488 1928">
     <span class='ocr_line' id='line_1_50' title="bbox 1905 1857 3488 1928; baseline -0.005 -12"><span class='ocrx_word' id='word_1_314' title='bbox 1905 1863 1998 1916; x_wconf 91' lang='lat' dir='ltr'><strong>Dei</strong></span> <span class='ocrx_word' id='word_1_315' title='bbox 2029 1862 2195 1916; x_wconf 89' lang='lat' dir='ltr'><strong>nostri</strong></span> <span class='ocrx_word' id='word_1_316' title='bbox 2245 1860 2371 1914; x_wconf 83' lang='lat' dir='ltr'><strong>Jesu</strong></span> <span class='ocrx_word' id='word_1_317' title='bbox 2399 1858 2623 1914; x_wconf 87' lang='lat' dir='ltr'><strong>Christi.</strong></span> <span class='ocrx_word' id='word_1_318' title='bbox 2663 1858 2767 1925; x_wconf 80' lang='lat' dir='ltr'><strong>Qui</strong></span> <span class='ocrx_word' id='word_1_319' title='bbox 2797 1857 2969 1928; x_wconf 86' lang='lat' dir='ltr'><strong>pridie</strong></span> <span class='ocrx_word' id='word_1_320' title='bbox 2996 1871 3157 1928; x_wconf 81' lang='lat' dir='ltr'><strong>quam</strong></span> <span class='ocrx_word' id='word_1_321' title='bbox 3191 1863 3488 1925; x_wconf 88' lang='lat' dir='ltr'><strong>pateretur,</strong></span> 
     </span>
    </p>
   </div>
   <div class='ocr_carea' id='block_1_50' title="bbox 1902 1950 3497 2010">
    <p class='ocr_par' dir='ltr' id='par_1_50' title="bbox 1902 1950 3497 2010">
     <span class='ocr_line' id='line_1_51' title="bbox 1902 1950 3497 2010; baseline -0.003 -1"><span class='ocrx_word' id='word_1_322' title='bbox 1902 1958 2137 2010; x_wconf 79' lang='lat' dir='ltr'><strong>ACCEPIT</strong></span> <span class='ocrx_word' id='word_1_323' title='bbox 2183 1969 2361 2009; x_wconf 71' lang='lat' dir='ltr'><strong>PANEI</strong></span> <span class='ocrx_word' id='word_1_324' title='bbox 2403 1970 2452 2008; x_wconf 77' lang='lat' dir='ltr'><strong>IN</strong></span> <span class='ocrx_word' id='word_1_325' title='bbox 2485 1969 2718 2009; x_wconf 65' lang='lat' dir='ltr'><strong>sucus</strong></span> <span class='ocrx_word' id='word_1_326' title='bbox 2753 1951 2776 1989; x_wconf 76' lang='grc' dir='ltr'><strong>ί¹</strong></span> <span class='ocrx_word' id='word_1_327' title='bbox 2811 1968 2875 2007; x_wconf 88' lang='lat' dir='ltr'><strong>ac</strong></span> <span class='ocrx_word' id='word_1_328' title='bbox 2923 1950 3258 2008; x_wconf 84' lang='lat' dir='ltr'><strong>venerabiles</strong></span> <span class='ocrx_word' id='word_1_329' title='bbox 3307 1961 3497 2005; x_wconf 84' lang='lat' dir='ltr'><strong>manus</strong></span> 
     </span>
    </p>
   </div>
   <div class='ocr_carea' id='block_1_51' title="bbox 1898 2040 3497 2120">
    <p class='ocr_par' dir='ltr' id='par_1_51' title="bbox 1898 2040 3497 2120">
     <span class='ocr_line' id='line_1_52' title="bbox 1898 2040 3497 2120; baseline -0.003 -19"><span class='ocrx_word' id='word_1_330' title='bbox 1898 2061 2048 2115; x_wconf 70' lang='lat' dir='ltr'><strong>suos,</strong></span> <span class='ocrx_word' id='word_1_331' title='bbox 2079 2044 2175 2120; x_wconf 89' lang='lat' dir='ltr'><strong>[et]</strong></span> <span class='ocrx_word' id='word_1_332' title='bbox 2202 2047 2424 2102; x_wconf 85' lang='lat' dir='ltr'><strong>elevatis</strong></span> <span class='ocrx_word' id='word_1_333' title='bbox 2465 2045 2634 2100; x_wconf 90' lang='lat' dir='ltr'><strong>oculis</strong></span> <span class='ocrx_word' id='word_1_334' title='bbox 2667 2043 2779 2099; x_wconf 88' lang='lat' dir='ltr'><strong>suis</strong></span> <span class='ocrx_word' id='word_1_335' title='bbox 2807 2045 2861 2099; x_wconf 90' lang='lat' dir='ltr'><strong>in</strong></span> <span class='ocrx_word' id='word_1_336' title='bbox 2889 2044 3077 2099; x_wconf 81' lang='lat' dir='ltr'><strong>caelum</strong></span> <span class='ocrx_word' id='word_1_337' title='bbox 3097 2081 3113 2110; x_wconf 93' lang='lat'><strong>,</strong></span> <span class='ocrx_word' id='word_1_338' title='bbox 3146 2042 3214 2098; x_wconf 83' lang='lat' dir='ltr'><strong>ad</strong></span> <span class='ocrx_word' id='word_1_339' title='bbox 3244 2051 3297 2098; x_wconf 89' lang='lat' dir='ltr'><strong>te</strong></span> <span class='ocrx_word' id='word_1_340' title='bbox 3326 2040 3497 2097; x_wconf 90' lang='lat' dir='ltr'><strong>Deum</strong></span> 
     </span>
    </p>
   </div>
   <div class='ocr_carea' id='block_1_52' title="bbox 1903 2134 3493 2208">
    <p class='ocr_par' dir='ltr' id='par_1_52' title="bbox 1903 2134 3493 2208">
     <span class='ocr_line' id='line_1_53' title="bbox 1903 2134 3493 2208; baseline -0.003 -14"><span class='ocrx_word' id='word_1_341' title='bbox 1903 2140 2115 2195; x_wconf 81' lang='lat' dir='ltr'><strong>Patrem</strong></span> <span class='ocrx_word' id='word_1_342' title='bbox 2150 2154 2304 2195; x_wconf 91' lang='lat' dir='ltr'><strong>suum</strong></span> <span class='ocrx_word' id='word_1_343' title='bbox 2336 2139 2782 2207; x_wconf 88' lang='lat' dir='ltr'><strong>omnipotentem,</strong></span> <span class='ocrx_word' id='word_1_344' title='bbox 2815 2137 3016 2205; x_wconf 75' lang='lat' dir='ltr'><strong>gratias</strong></span> <span class='ocrx_word' id='word_1_345' title='bbox 3043 2151 3229 2208; x_wconf 83' lang='lat' dir='ltr'><strong>agens,</strong></span> <span class='ocrx_word' id='word_1_346' title='bbox 3260 2134 3493 2190; x_wconf 86' lang='lat' dir='ltr'><strong>benedi-</strong></span> 
     </span>
    </p>
   </div>
   <div class='ocr_carea' id='block_1_53' title="bbox 1904 2227 3491 2301">
    <p class='ocr_par' dir='ltr' id='par_1_53' title="bbox 1904 2227 3491 2301">
     <span class='ocr_line' id='line_1_54' title="bbox 1904 2227 3491 2301; baseline -0.003 -15"><span class='ocrx_word' id='word_1_347' title='bbox 1904 2233 1982 2286; x_wconf 79' lang='lat' dir='ltr'><strong>xit</strong></span> <span class='ocrx_word' id='word_1_348' title='bbox 2006 2231 2069 2301; x_wconf 76' lang='lat' dir='ltr'><strong>-i~,</strong></span> <span class='ocrx_word' id='word_1_349' title='bbox 2104 2247 2317 2298; x_wconf 81' lang='lat' dir='ltr'><strong>rnsctr,</strong></span> <span class='ocrx_word' id='word_1_350' title='bbox 2352 2245 2512 2286; x_wconf 79' lang='lat' dir='ltr'><strong>DEDIT</strong></span> <span class='ocrx_word' id='word_1_351' title='bbox 2543 2244 2827 2285; x_wconf 71' lang='lat' dir='ltr'><strong>mscwuus</strong></span> <span class='ocrx_word' id='word_1_352' title='bbox 2855 2230 2966 2284; x_wconf 86' lang='lat' dir='ltr'><strong>suis</strong></span> <span class='ocrx_word' id='word_1_353' title='bbox 2995 2229 3214 2297; x_wconf 88' lang='lat' dir='ltr'><strong>dicens,</strong></span> <span class='ocrx_word' id='word_1_354' title='bbox 3245 2227 3491 2297; x_wconf 83' lang='lat' dir='ltr'><strong>Accipite</strong></span> 
     </span>
    </p>
   </div>
   <div class='ocr_carea' id='block_1_54' title="bbox 1904 2320 3498 2389">
    <p class='ocr_par' dir='ltr' id='par_1_54' title="bbox 1904 2320 3498 2389">
     <span class='ocr_line' id='line_1_55' title="bbox 1904 2320 3498 2389; baseline -0.001 -13"><span class='ocrx_word' id='word_1_355' title='bbox 1904 2329 1961 2376; x_wconf 87' lang='lat' dir='ltr'><strong>et</strong></span> <span class='ocrx_word' id='word_1_356' title='bbox 1987 2322 2312 2378; x_wconf 79' lang='lat' dir='ltr'><strong>manducate</strong></span> <span class='ocrx_word' id='word_1_357' title='bbox 2357 2337 2425 2377; x_wconf 81' lang='lat' dir='ltr'><strong>ex</strong></span> <span class='ocrx_word' id='word_1_358' title='bbox 2455 2323 2556 2377; x_wconf 91' lang='lat' dir='ltr'><strong>hoc</strong></span> <span class='ocrx_word' id='word_1_359' title='bbox 2589 2335 2799 2377; x_wconf 90' lang='lat' dir='ltr'><strong>omnes.</strong></span> <span class='ocrx_word' id='word_1_360' title='bbox 2850 2320 2962 2377; x_wconf 87' lang='lat' dir='ltr'><strong>Hoc</strong></span> <span class='ocrx_word' id='word_1_361' title='bbox 3003 2330 3086 2376; x_wconf 90' lang='lat' dir='ltr'><strong>est</strong></span> <span class='ocrx_word' id='word_1_362' title='bbox 3112 2321 3259 2376; x_wconf 89' lang='lat' dir='ltr'><strong>enim</strong></span> <span class='ocrx_word' id='word_1_363' title='bbox 3305 2332 3498 2389; x_wconf 86' lang='lat' dir='ltr'><strong>corpus</strong></span> 
     </span>
    </p>
   </div>
   <div class='ocr_carea' id='block_1_55' title="bbox 1899 2411 3494 2482">
    <p class='ocr_par' dir='ltr' id='par_1_55' title="bbox 1899 2411 3494 2482">
     <span class='ocr_line' id='line_1_56' title="bbox 1899 2411 3494 2482; baseline -0.001 -14"><span class='ocrx_word' id='word_1_364' title='bbox 1899 2423 2106 2469; x_wconf 83' lang='lat' dir='ltr'><strong>meum.</strong></span> <span class='ocrx_word' id='word_1_365' title='bbox 2135 2413 2324 2468; x_wconf 80' lang='lat' dir='ltr'><strong>Simile</strong></span> <span class='ocrx_word' id='word_1_366' title='bbox 2353 2411 2514 2468; x_wconf 90' lang='lat' dir='ltr'><strong>modo</strong></span> <span class='ocrx_word' id='word_1_367' title='bbox 2538 2420 2891 2482; x_wconf 86' lang='lat' dir='ltr'><strong>posteaquam</strong></span> <span class='ocrx_word' id='word_1_368' title='bbox 2921 2419 3168 2466; x_wconf 85' lang='lat' dir='ltr'><strong>cenatum</strong></span> <span class='ocrx_word' id='word_1_369' title='bbox 3201 2420 3304 2478; x_wconf 87' lang='lat' dir='ltr'><strong>est,</strong></span> <span class='ocrx_word' id='word_1_370' title='bbox 3337 2424 3494 2466; x_wconf 87' lang='lat' dir='ltr'><strong>acce-</strong></span> 
     </span>
    </p>
   </div>
   <div class='ocr_carea' id='block_1_56' title="bbox 1901 2506 3492 2578">
    <p class='ocr_par' dir='ltr' id='par_1_56' title="bbox 1901 2506 3492 2578">
     <span class='ocr_line' id='line_1_57' title="bbox 1901 2506 3492 2578; baseline -0.003 -16"><span class='ocrx_word' id='word_1_371' title='bbox 1901 2507 1986 2578; x_wconf 83' lang='lat' dir='ltr'><strong>pit</strong></span> <span class='ocrx_word' id='word_1_372' title='bbox 2010 2516 2066 2563; x_wconf 90' lang='lat' dir='ltr'><strong>et</strong></span> <span class='ocrx_word' id='word_1_373' title='bbox 2096 2507 2236 2562; x_wconf 87' lang='lat' dir='ltr'><strong>hunc</strong></span> <span class='ocrx_word' id='word_1_374' title='bbox 2257 2507 2574 2577; x_wconf 84' lang='lat' dir='ltr'><strong>praeclarum</strong></span> <span class='ocrx_word' id='word_1_375' title='bbox 2602 2506 2824 2562; x_wconf 84' lang='lat' dir='ltr'><strong>calicem</strong></span> <span class='ocrx_word' id='word_1_376' title='bbox 2850 2507 2904 2561; x_wconf 94' lang='lat' dir='ltr'><strong>in</strong></span> <span class='ocrx_word' id='word_1_377' title='bbox 2929 2515 3142 2561; x_wconf 89' lang='lat' dir='ltr'><strong>sanctas</strong></span> <span class='ocrx_word' id='word_1_378' title='bbox 3173 2520 3235 2561; x_wconf 88' lang='lat' dir='ltr'><strong>ac</strong></span> <span class='ocrx_word' id='word_1_379' title='bbox 3263 2519 3492 2560; x_wconf 85' lang='lat' dir='ltr'><strong>venera-</strong></span> 
     </span>
    </p>
   </div>
   <div class='ocr_carea' id='block_1_57' title="bbox 1905 2595 3496 2669">
    <p class='ocr_par' dir='ltr' id='par_1_57' title="bbox 1905 2595 3496 2669">
     <span class='ocr_line' id='line_1_58' title="bbox 1905 2595 3496 2669; baseline -0.004 -13"><span class='ocrx_word' id='word_1_380' title='bbox 1905 2599 2044 2657; x_wconf 83' lang='lat' dir='ltr'><strong>biles</strong></span> <span class='ocrx_word' id='word_1_381' title='bbox 2071 2614 2264 2655; x_wconf 88' lang='lat' dir='ltr'><strong>manus</strong></span> <span class='ocrx_word' id='word_1_382' title='bbox 2293 2613 2451 2666; x_wconf 90' lang='lat' dir='ltr'><strong>suas;</strong></span> <span class='ocrx_word' id='word_1_383' title='bbox 2483 2599 2612 2654; x_wconf 90' lang='lat' dir='ltr'><strong>item</strong></span> <span class='ocrx_word' id='word_1_384' title='bbox 2641 2599 2737 2654; x_wconf 87' lang='lat' dir='ltr'><strong>tibi</strong></span> <span class='ocrx_word' id='word_1_385' title='bbox 2781 2599 2980 2669; x_wconf 76' lang='lat' dir='ltr'><strong>gratias</strong></span> <span class='ocrx_word' id='word_1_386' title='bbox 3005 2612 3190 2668; x_wconf 83' lang='lat' dir='ltr'><strong>agens,</strong></span> <span class='ocrx_word' id='word_1_387' title='bbox 3223 2595 3496 2652; x_wconf 83' lang='lat' dir='ltr'><strong>benedixit</strong></span> 
     </span>
    </p>
   </div>
   <div class='ocr_carea' id='block_1_58' title="bbox 1905 2690 3493 2765">
    <p class='ocr_par' dir='ltr' id='par_1_58' title="bbox 1905 2690 3493 2765">
     <span class='ocr_line' id='line_1_59' title="bbox 1905 2690 3493 2765; baseline -0.003 -16"><span class='ocrx_word' id='word_1_388' title='bbox 1905 2693 1966 2765; x_wconf 65' lang='grc' dir='ltr'><strong>τ,</strong></span> <span class='ocrx_word' id='word_1_389' title='bbox 1990 2709 2149 2749; x_wconf 78' lang='lat' dir='ltr'><strong>DEDIT</strong></span> <span class='ocrx_word' id='word_1_390' title='bbox 2174 2709 2458 2750; x_wconf 80' lang='lat' dir='ltr'><strong>msctrous</strong></span> <span class='ocrx_word' id='word_1_391' title='bbox 2480 2708 2614 2759; x_wconf 67' lang='lat' dir='ltr'><strong>suus,</strong></span> <span class='ocrx_word' id='word_1_392' title='bbox 2637 2692 2844 2758; x_wconf 89' lang='lat' dir='ltr'><strong>dicens,</strong></span> <span class='ocrx_word' id='word_1_393' title='bbox 2867 2692 3128 2762; x_wconf 80' lang='lat' dir='ltr'><strong>Accipite,</strong></span> <span class='ocrx_word' id='word_1_394' title='bbox 3153 2698 3207 2747; x_wconf 88' lang='lat' dir='ltr'><strong>et</strong></span> <span class='ocrx_word' id='word_1_395' title='bbox 3227 2690 3396 2746; x_wconf 83' lang='lat' dir='ltr'><strong>bibite</strong></span> <span class='ocrx_word' id='word_1_396' title='bbox 3422 2703 3493 2744; x_wconf 80' lang='lat' dir='ltr'><strong>ex</strong></span> 
     </span>
    </p>
   </div>
   <div class='ocr_carea' id='block_1_59' title="bbox 1903 2783 3493 2855">
    <p class='ocr_par' dir='ltr' id='par_1_59' title="bbox 1903 2783 3493 2855">
     <span class='ocr_line' id='line_1_60' title="bbox 1903 2783 3493 2855; baseline -0.002 -12"><span class='ocrx_word' id='word_1_397' title='bbox 1903 2801 1975 2843; x_wconf 82' lang='lat' dir='ltr'><strong>eo</strong></span> <span class='ocrx_word' id='word_1_398' title='bbox 2005 2801 2211 2844; x_wconf 88' lang='lat' dir='ltr'><strong>omnes.</strong></span> <span class='ocrx_word' id='word_1_399' title='bbox 2263 2789 2360 2843; x_wconf 87' lang='lat' dir='ltr'><strong>Hic</strong></span> <span class='ocrx_word' id='word_1_400' title='bbox 2390 2796 2473 2843; x_wconf 87' lang='lat' dir='ltr'><strong>est</strong></span> <span class='ocrx_word' id='word_1_401' title='bbox 2507 2789 2649 2842; x_wconf 88' lang='lat' dir='ltr'><strong>enim</strong></span> <span class='ocrx_word' id='word_1_402' title='bbox 2680 2787 2819 2842; x_wconf 84' lang='lat' dir='ltr'><strong>calix</strong></span> <span class='ocrx_word' id='word_1_403' title='bbox 2845 2787 3126 2855; x_wconf 79' lang='lat' dir='ltr'><strong>sanguinis</strong></span> <span class='ocrx_word' id='word_1_404' title='bbox 3149 2795 3174 2824; x_wconf 75' lang='grc' dir='ltr'><strong>ο</strong></span> <span class='ocrx_word' id='word_1_405' title='bbox 3203 2787 3338 2851; x_wconf 90' lang='lat' dir='ltr'><strong>mei,</strong></span> <span class='ocrx_word' id='word_1_406' title='bbox 3367 2783 3493 2840; x_wconf 88' lang='lat' dir='ltr'><strong>novi</strong></span> 
     </span>
    </p>
   </div>
   <div class='ocr_carea' id='block_1_60' title="bbox 1911 2877 3500 2951">
    <p class='ocr_par' dir='ltr' id='par_1_60' title="bbox 1911 2877 3500 2951">
     <span class='ocr_line' id='line_1_61' title="bbox 1911 2877 3500 2951; baseline -0.002 -16"><span class='ocrx_word' id='word_1_407' title='bbox 1911 2887 1967 2935; x_wconf 89' lang='lat' dir='ltr'><strong>et</strong></span> <span class='ocrx_word' id='word_1_408' title='bbox 1994 2882 2178 2935; x_wconf 66' lang='lat' dir='ltr'><strong>aeterni</strong></span> <span class='ocrx_word' id='word_1_409' title='bbox 2211 2881 2540 2946; x_wconf 88' lang='lat' dir='ltr'><strong>testamenti,</strong></span> <span class='ocrx_word' id='word_1_410' title='bbox 2574 2881 2890 2951; x_wconf 85' lang='lat' dir='ltr'><strong>mysterium</strong></span> <span class='ocrx_word' id='word_1_411' title='bbox 2923 2879 3068 2944; x_wconf 88' lang='lat' dir='ltr'><strong>fidei,</strong></span> <span class='ocrx_word' id='word_1_412' title='bbox 3102 2879 3189 2949; x_wconf 89' lang='lat' dir='ltr'><strong>qui</strong></span> <span class='ocrx_word' id='word_1_413' title='bbox 3221 2893 3316 2948; x_wconf 92' lang='lat' dir='ltr'><strong>pro</strong></span> <span class='ocrx_word' id='word_1_414' title='bbox 3346 2877 3500 2932; x_wconf 81' lang='lat' dir='ltr'><strong>vobis</strong></span> 
     </span>
    </p>
   </div>
   <div class='ocr_carea' id='block_1_61' title="bbox 1913 2970 3496 3043">
    <p class='ocr_par' dir='ltr' id='par_1_61' title="bbox 1913 2970 3496 3043">
     <span class='ocr_line' id='line_1_62' title="bbox 1913 2970 3496 3043; baseline -0.001 -16"><span class='ocrx_word' id='word_1_415' title='bbox 1913 2981 1968 3028; x_wconf 90' lang='lat' dir='ltr'><strong>et</strong></span> <span class='ocrx_word' id='word_1_416' title='bbox 1998 2987 2094 3043; x_wconf 90' lang='lat' dir='ltr'><strong>pro</strong></span> <span class='ocrx_word' id='word_1_417' title='bbox 2123 2973 2305 3028; x_wconf 89' lang='lat' dir='ltr'><strong>multis</strong></span> <span class='ocrx_word' id='word_1_418' title='bbox 2344 2973 2632 3028; x_wconf 70' lang='lat' dir='ltr'><strong>effunditur</strong></span> <span class='ocrx_word' id='word_1_419' title='bbox 2673 2973 2726 3028; x_wconf 90' lang='lat' dir='ltr'><strong>in</strong></span> <span class='ocrx_word' id='word_1_420' title='bbox 2763 2970 3085 3029; x_wconf 82' lang='lat' dir='ltr'><strong>remissione</strong></span> <span class='ocrx_word' id='word_1_421' title='bbox 3130 2982 3496 3042; x_wconf 87' lang='lat' dir='ltr'><strong>peccatorum.</strong></span> 
     </span>
    </p>
   </div>
   <div class='ocr_carea' id='block_1_62' title="bbox 1913 3062 3498 3134">
    <p class='ocr_par' dir='ltr' id='par_1_62' title="bbox 1913 3062 3498 3134">
     <span class='ocr_line' id='line_1_63' title="bbox 1913 3062 3498 3134; baseline 0.002 -16"><span class='ocrx_word' id='word_1_422' title='bbox 1913 3062 2041 3120; x_wconf 61' lang='lat' dir='ltr'><strong>Huic</strong></span> <span class='ocrx_word' id='word_1_423' title='bbox 2091 3065 2569 3134; x_wconf 85' lang='lat' dir='ltr'><strong>quotienscumque</strong></span> <span class='ocrx_word' id='word_1_424' title='bbox 2617 3065 2892 3133; x_wconf 80' lang='lat' dir='ltr'><strong>feceritis,</strong></span> <span class='ocrx_word' id='word_1_425' title='bbox 2936 3066 2990 3121; x_wconf 90' lang='lat' dir='ltr'><strong>in</strong></span> <span class='ocrx_word' id='word_1_426' title='bbox 3035 3065 3142 3122; x_wconf 90' lang='lat' dir='ltr'><strong>mei</strong></span> <span class='ocrx_word' id='word_1_427' title='bbox 3182 3064 3498 3122; x_wconf 84' lang='lat' dir='ltr'><strong>memoriam</strong></span> 
     </span>
    </p>
   </div>
   <div class='ocr_carea' id='block_1_63' title="bbox 215 3145 2141 3245">
    <p class='ocr_par' dir='ltr' id='par_1_63' title="bbox 215 3145 2141 3245">
     <span class='ocr_line' id='line_1_64' title="bbox 215 3145 2141 3245; baseline 0.006 -47"><span class='ocrx_word' id='word_1_428' title='bbox 215 3145 424 3200; x_wconf 79' lang='lat' dir='ltr'><strong>stolicae</strong></span> <span class='ocrx_word' id='word_1_429' title='bbox 463 3154 517 3201; x_wconf 91' lang='lat' dir='ltr'><strong>et</strong></span> <span class='ocrx_word' id='word_1_430' title='bbox 546 3148 799 3202; x_wconf 89' lang='lat' dir='ltr'><strong>antestite</strong></span> <span class='ocrx_word' id='word_1_431' title='bbox 827 3158 1036 3214; x_wconf 90' lang='lat' dir='ltr'><strong>nostro,</strong></span> <span class='ocrx_word' id='word_1_432' title='bbox 1082 3157 1135 3204; x_wconf 90' lang='lat' dir='ltr'><strong>et</strong></span> <span class='ocrx_word' id='word_1_433' title='bbox 1158 3151 1409 3206; x_wconf 90' lang='lat' dir='ltr'><strong>omnibus</strong></span> <span class='ocrx_word' id='word_1_434' title='bbox 1458 3151 1801 3220; x_wconf 83' lang='lat' dir='ltr'><strong>orthodoxis,</strong></span> <span class='ocrx_word' id='word_1_435' title='bbox 1838 3177 1883 3245; x_wconf 65' lang='grc' dir='ltr'>ο</span> <span class='ocrx_word' id='word_1_436' title='bbox 1913 3155 2141 3212; x_wconf 80' lang='lat' dir='ltr'><strong>facietis.</strong></span> 
     </span>
    </p>
   </div>
   <div class='ocr_carea' id='block_1_64' title="bbox 217 3236 1201 3304">
    <p class='ocr_par' dir='ltr' id='par_1_64' title="bbox 217 3236 1201 3304">
     <span class='ocr_line' id='line_1_65' title="bbox 217 3236 1201 3304; baseline 0.006 -15"><span class='ocrx_word' id='word_1_437' title='bbox 217 3236 393 3304; x_wconf 88' lang='lat' dir='ltr'><strong>adque</strong></span> <span class='ocrx_word' id='word_1_438' title='bbox 434 3238 714 3293; x_wconf 63' lang='lat' dir='ltr'><strong>catholica:</strong></span> <span class='ocrx_word' id='word_1_439' title='bbox 739 3239 859 3295; x_wconf 87' lang='lat' dir='ltr'><strong>fidei</strong></span> <span class='ocrx_word' id='word_1_440' title='bbox 889 3240 1201 3298; x_wconf 88' lang='lat' dir='ltr'><strong>cultoribus.</strong></span> 
     </span>
    </p>
   </div>
   <div class='ocr_carea' id='block_1_65' title="bbox 292 3330 1810 3408">
    <p class='ocr_par' dir='ltr' id='par_1_65' title="bbox 292 3330 1810 3408">
     <span class='ocr_line' id='line_1_66' title="bbox 292 3330 1810 3408; baseline 0.007 -23"><span class='ocrx_word' id='word_1_441' title='bbox 292 3330 580 3398; x_wconf 85' lang='lat' dir='ltr'><strong>Memento,</strong></span> <span class='ocrx_word' id='word_1_442' title='bbox 603 3333 858 3400; x_wconf 88' lang='lat' dir='ltr'><strong>Domine,</strong></span> <span class='ocrx_word' id='word_1_443' title='bbox 894 3334 1214 3391; x_wconf 84' lang='lat' dir='ltr'><strong>famulorum</strong></span> <span class='ocrx_word' id='word_1_444' title='bbox 1235 3335 1667 3408; x_wconf 87' lang='lat' dir='ltr'><strong>famularumque</strong></span> <span class='ocrx_word' id='word_1_445' title='bbox 1692 3347 1810 3395; x_wconf 83' lang='lat' dir='ltr'><strong>tua-</strong></span> 
     </span>
    </p>
   </div>
   <div class='ocr_carea' id='block_1_66' title="bbox 219 3429 1808 3502">
    <p class='ocr_par' dir='ltr' id='par_1_66' title="bbox 219 3429 1808 3502">
     <span class='ocr_line' id='line_1_67' title="bbox 219 3429 1808 3502; baseline 0.007 -24"><span class='ocrx_word' id='word_1_446' title='bbox 219 3437 370 3490; x_wconf 88' lang='lat' dir='ltr'><strong>rum,</strong></span> <span class='ocrx_word' id='word_1_447' title='bbox 426 3434 480 3480; x_wconf 88' lang='lat' dir='ltr'><strong>et</strong></span> <span class='ocrx_word' id='word_1_448' title='bbox 509 3429 748 3483; x_wconf 84' lang='lat' dir='ltr'><strong>omnium</strong></span> <span class='ocrx_word' id='word_1_449' title='bbox 779 3429 982 3485; x_wconf 86' lang='lat' dir='ltr'><strong>circum</strong></span> <span class='ocrx_word' id='word_1_450' title='bbox 1012 3431 1379 3500; x_wconf 86' lang='lat' dir='ltr'><strong>adstantium,</strong></span> <span class='ocrx_word' id='word_1_451' title='bbox 1429 3447 1660 3502; x_wconf 91' lang='lat' dir='ltr'><strong>quorum</strong></span> <span class='ocrx_word' id='word_1_452' title='bbox 1712 3433 1808 3489; x_wconf 89' lang='lat' dir='ltr'><strong>tibi</strong></span> 
     </span>
    </p>
   </div>
   <div class='ocr_carea' id='block_1_67' title="bbox 221 3517 1816 3592">
    <p class='ocr_par' dir='ltr' id='par_1_67' title="bbox 221 3517 1816 3592">
     <span class='ocr_line' id='line_1_68' title="bbox 221 3517 1816 3592; baseline 0.006 -23"><span class='ocrx_word' id='word_1_453' title='bbox 221 3517 358 3572; x_wconf 85' lang='lat' dir='ltr'><strong>fides</strong></span> <span class='ocrx_word' id='word_1_454' title='bbox 400 3519 607 3588; x_wconf 88' lang='lat' dir='ltr'><strong>cognita</strong></span> <span class='ocrx_word' id='word_1_455' title='bbox 647 3527 761 3585; x_wconf 91' lang='lat' dir='ltr'><strong>est,</strong></span> <span class='ocrx_word' id='word_1_456' title='bbox 793 3528 848 3576; x_wconf 88' lang='lat' dir='ltr'><strong>et</strong></span> <span class='ocrx_word' id='word_1_457' title='bbox 879 3527 1003 3577; x_wconf 89' lang='lat' dir='ltr'><strong>nota</strong></span> <span class='ocrx_word' id='word_1_458' title='bbox 1033 3520 1273 3589; x_wconf 84' lang='lat' dir='ltr'><strong>devotio,</strong></span> <span class='ocrx_word' id='word_1_459' title='bbox 1312 3523 1401 3592; x_wconf 85' lang='lat' dir='ltr'><strong>qui</strong></span> <span class='ocrx_word' id='word_1_460' title='bbox 1444 3521 1540 3579; x_wconf 89' lang='lat' dir='ltr'><strong>tibi</strong></span> <span class='ocrx_word' id='word_1_461' title='bbox 1582 3522 1816 3579; x_wconf 71' lang='lat' dir='ltr'><strong>offerunt</strong></span> 
     </span>
    </p>
   </div>
   <div class='ocr_carea' id='block_1_68' title="bbox 221 3608 1812 3686">
    <p class='ocr_par' dir='ltr' id='par_1_68' title="bbox 221 3608 1812 3686">
     <span class='ocr_line' id='line_1_69' title="bbox 221 3608 1812 3686; baseline 0.006 -24"><span class='ocrx_word' id='word_1_462' title='bbox 221 3608 328 3664; x_wconf 91' lang='lat' dir='ltr'><strong>hoc</strong></span> <span class='ocrx_word' id='word_1_463' title='bbox 355 3610 672 3667; x_wconf 87' lang='lat' dir='ltr'><strong>sacrificium</strong></span> <span class='ocrx_word' id='word_1_464' title='bbox 703 3613 897 3680; x_wconf 88' lang='lat' dir='ltr'><strong>laudis,</strong></span> <span class='ocrx_word' id='word_1_465' title='bbox 929 3629 1027 3684; x_wconf 86' lang='lat' dir='ltr'><strong>pro</strong></span> <span class='ocrx_word' id='word_1_466' title='bbox 1057 3629 1117 3670; x_wconf 90' lang='lat' dir='ltr'><strong>se</strong></span> <span class='ocrx_word' id='word_1_467' title='bbox 1142 3614 1358 3686; x_wconf 89' lang='lat' dir='ltr'><strong>suisque</strong></span> <span class='ocrx_word' id='word_1_468' title='bbox 1382 3614 1658 3677; x_wconf 87' lang='lat' dir='ltr'><strong>omnibus,</strong></span> <span class='ocrx_word' id='word_1_469' title='bbox 1712 3623 1812 3685; x_wconf 86' lang='lat' dir='ltr'><strong>pro</strong></span> 
     </span>
    </p>
   </div>
   <div class='ocr_carea' id='block_1_69' title="bbox 222 3706 1812 3778">
    <p class='ocr_par' dir='ltr' id='par_1_69' title="bbox 222 3706 1812 3778">
     <span class='ocr_line' id='line_1_70' title="bbox 222 3706 1812 3778; baseline 0.003 -18"><span class='ocrx_word' id='word_1_470' title='bbox 222 3706 589 3775; x_wconf 89' lang='lat' dir='ltr'><strong>redemptione</strong></span> <span class='ocrx_word' id='word_1_471' title='bbox 617 3708 918 3763; x_wconf 88' lang='lat' dir='ltr'><strong>animarum</strong></span> <span class='ocrx_word' id='word_1_472' title='bbox 956 3716 1196 3776; x_wconf 79' lang='lat' dir='ltr'><strong>Suarum,</strong></span> <span class='ocrx_word' id='word_1_473' title='bbox 1257 3724 1352 3778; x_wconf 89' lang='lat' dir='ltr'><strong>pro</strong></span> <span class='ocrx_word' id='word_1_474' title='bbox 1391 3724 1490 3778; x_wconf 82' lang='lat' dir='ltr'><strong>spe</strong></span> <span class='ocrx_word' id='word_1_475' title='bbox 1538 3709 1724 3765; x_wconf 86' lang='lat' dir='ltr'><strong>salutis</strong></span> <span class='ocrx_word' id='word_1_476' title='bbox 1755 3718 1812 3765; x_wconf 91' lang='lat' dir='ltr'><strong>et</strong></span> 
     </span>
    </p>
   </div>
   <div class='ocr_carea' id='block_1_70' title="bbox 222 3792 1809 3868">
    <p class='ocr_par' dir='ltr' id='par_1_70' title="bbox 222 3792 1809 3868">
     <span class='ocr_line' id='line_1_71' title="bbox 222 3792 1809 3868; baseline 0.002 -13"><span class='ocrx_word' id='word_1_477' title='bbox 222 3799 600 3856; x_wconf 77' lang='lat' dir='ltr'><strong>incolomitatis</strong></span> <span class='ocrx_word' id='word_1_478' title='bbox 629 3817 772 3868; x_wconf 66' lang='lat' dir='ltr'><strong>suae,</strong></span> <span class='ocrx_word' id='word_1_479' title='bbox 803 3802 896 3858; x_wconf 90' lang='lat' dir='ltr'><strong>tibi</strong></span> <span class='ocrx_word' id='word_1_480' title='bbox 924 3803 1152 3858; x_wconf 88' lang='lat' dir='ltr'><strong>reddunt</strong></span> <span class='ocrx_word' id='word_1_481' title='bbox 1181 3811 1304 3858; x_wconf 89' lang='lat' dir='ltr'><strong>vota</strong></span> <span class='ocrx_word' id='word_1_482' title='bbox 1334 3792 1428 3859; x_wconf 88' lang='lat' dir='ltr'><strong>sua</strong></span> <span class='ocrx_word' id='word_1_483' title='bbox 1459 3813 1666 3859; x_wconf 69' lang='lat' dir='ltr'><strong>azterno</strong></span> <span class='ocrx_word' id='word_1_484' title='bbox 1697 3804 1809 3860; x_wconf 92' lang='lat' dir='ltr'><strong>Deo</strong></span> 
     </span>
    </p>
   </div>
   <div class='ocr_carea' id='block_1_71' title="bbox 224 3897 607 3952">
    <p class='ocr_par' dir='ltr' id='par_1_71' title="bbox 224 3897 607 3952">
     <span class='ocr_line' id='line_1_72' title="bbox 224 3897 607 3952; baseline 0.008 -3"><span class='ocrx_word' id='word_1_485' title='bbox 224 3897 352 3950; x_wconf 80' lang='lat' dir='ltr'><strong>vivo</strong></span> <span class='ocrx_word' id='word_1_486' title='bbox 382 3906 435 3952; x_wconf 89' lang='lat' dir='ltr'><strong>et</strong></span> <span class='ocrx_word' id='word_1_487' title='bbox 457 3912 607 3952; x_wconf 89' lang='lat' dir='ltr'><strong>vero.</strong></span> 
     </span>
    </p>
   </div>
   <div class='ocr_carea' id='block_1_72' title="bbox 296 3975 1812 4056">
    <p class='ocr_par' dir='ltr' id='par_1_72' title="bbox 296 3975 1812 4056">
     <span class='ocr_line' id='line_1_73' title="bbox 296 3975 1812 4056; baseline 0.001 -14"><span class='ocrx_word' id='word_1_488' title='bbox 296 3988 787 4056; x_wconf 86' lang='lat' dir='ltr'><strong>Communicantes,</strong></span> <span class='ocrx_word' id='word_1_489' title='bbox 818 3999 872 4046; x_wconf 89' lang='lat' dir='ltr'><strong>et</strong></span> <span class='ocrx_word' id='word_1_490' title='bbox 901 3989 1044 4046; x_wconf 90' lang='lat' dir='ltr'><strong>diem</strong></span> <span class='ocrx_word' id='word_1_491' title='bbox 1075 3988 1496 4044; x_wconf 87' lang='lat' dir='ltr'><strong>sacratissimum</strong></span> <span class='ocrx_word' id='word_1_492' title='bbox 1526 3975 1812 4045; x_wconf 89' lang='lat' dir='ltr'><strong>celebran-</strong></span> 
     </span>
    </p>
   </div>
   <div class='ocr_carea' id='block_1_73' title="bbox 225 4067 1814 4153">
    <p class='ocr_par' dir='ltr' id='par_1_73' title="bbox 225 4067 1814 4153">
     <span class='ocr_line' id='line_1_74' title="bbox 225 4067 1814 4153; baseline 0.001 -18"><span class='ocrx_word' id='word_1_493' title='bbox 225 4071 329 4146; x_wconf 78' lang='lat' dir='ltr'><strong>tes,</strong></span> <span class='ocrx_word' id='word_1_494' title='bbox 364 4081 576 4150; x_wconf 80' lang='lat' dir='ltr'><strong>(dicitur</strong></span> <span class='ocrx_word' id='word_1_495' title='bbox 603 4083 654 4135; x_wconf 85' lang='lat' dir='ltr'><strong>in</strong></span> <span class='ocrx_word' id='word_1_496' title='bbox 693 4067 976 4136; x_wconf 68' lang='grc' dir='ltr'><strong>Ναιὶυἱιαὲε</strong></span> <span class='ocrx_word' id='word_1_497' title='bbox 1014 4071 1265 4137; x_wconf 75' lang='lat' dir='ltr'><strong>Domini:</strong></span> <span class='ocrx_word' id='word_1_498' title='bbox 1295 4081 1316 4153; x_wconf 91' lang='lat'>)</span> <span class='ocrx_word' id='word_1_499' title='bbox 1346 4081 1397 4136; x_wconf 92' lang='lat' dir='ltr'><strong>in</strong></span> <span class='ocrx_word' id='word_1_500' title='bbox 1430 4097 1536 4152; x_wconf 89' lang='lat' dir='ltr'><strong>quo</strong></span> <span class='ocrx_word' id='word_1_501' title='bbox 1566 4083 1814 4136; x_wconf 86' lang='lat' dir='ltr'><strong>inconta-</strong></span> 
     </span>
    </p>
   </div>
   <div class='ocr_carea' id='block_1_74' title="bbox 224 4157 1819 4244">
    <p class='ocr_par' dir='ltr' id='par_1_74' title="bbox 224 4157 1819 4244">
     <span class='ocr_line' id='line_1_75' title="bbox 224 4157 1819 4244; baseline 0.002 -17"><span class='ocrx_word' id='word_1_502' title='bbox 224 4173 424 4227; x_wconf 88' lang='lat' dir='ltr'><strong>minata</strong></span> <span class='ocrx_word' id='word_1_503' title='bbox 452 4165 729 4244; x_wconf 84' lang='lat' dir='ltr'><strong>virginitas</strong></span> <span class='ocrx_word' id='word_1_504' title='bbox 771 4174 892 4229; x_wconf 91' lang='lat' dir='ltr'><strong>huic</strong></span> <span class='ocrx_word' id='word_1_505' title='bbox 919 4174 1117 4228; x_wconf 88' lang='lat' dir='ltr'><strong>mundo</strong></span> <span class='ocrx_word' id='word_1_506' title='bbox 1145 4173 1309 4229; x_wconf 85' lang='lat' dir='ltr'><strong>edidit</strong></span> <span class='ocrx_word' id='word_1_507' title='bbox 1355 4157 1693 4229; x_wconf 81' lang='lat' dir='ltr'><strong>Salvatorem</strong></span> <span class='ocrx_word' id='word_1_508' title='bbox 1719 4163 1819 4230; x_wconf 80' lang='lat' dir='ltr'><strong>Je-</strong></span> 
     </span>
    </p>
   </div>
   <div class='ocr_carea' id='block_1_75' title="bbox 223 4263 1818 4335">
    <p class='ocr_par' dir='ltr' id='par_1_75' title="bbox 223 4263 1818 4335">
     <span class='ocr_line' id='line_1_76' title="bbox 223 4263 1818 4335; baseline 0.001 -18"><span class='ocrx_word' id='word_1_509' title='bbox 223 4276 343 4317; x_wconf 87' lang='lat' dir='ltr'><strong>sum</strong></span> <span class='ocrx_word' id='word_1_510' title='bbox 372 4263 639 4318; x_wconf 83' lang='lat' dir='ltr'><strong>Christum</strong></span> <span class='ocrx_word' id='word_1_511' title='bbox 674 4264 953 4319; x_wconf 90' lang='lat' dir='ltr'><strong>Dominum</strong></span> <span class='ocrx_word' id='word_1_512' title='bbox 998 4274 1261 4320; x_wconf 90' lang='lat' dir='ltr'><strong>nostrum.</strong></span> <span class='ocrx_word' id='word_1_513' title='bbox 1299 4265 1528 4335; x_wconf 78' lang='lat' dir='ltr'><strong>(Dicitur</strong></span> <span class='ocrx_word' id='word_1_514' title='bbox 1555 4267 1608 4317; x_wconf 77' lang='lat' dir='ltr'><strong>in</strong></span> <span class='ocrx_word' id='word_1_515' title='bbox 1638 4276 1818 4319; x_wconf 79' lang='lat' dir='ltr'><strong>sancto</strong></span> 
     </span>
    </p>
   </div>
   <div class='ocr_carea' id='block_1_76' title="bbox 225 4352 1818 4426">
    <p class='ocr_par' dir='ltr' id='par_1_76' title="bbox 225 4352 1818 4426">
     <span class='ocr_line' id='line_1_77' title="bbox 225 4352 1818 4426; baseline 0.001 -17"><span class='ocrx_word' id='word_1_516' title='bbox 225 4352 432 4410; x_wconf 81' lang='lat' dir='ltr'><strong>Pascha</strong></span> <span class='ocrx_word' id='word_1_517' title='bbox 454 4372 472 4409; x_wconf 87' lang='lat'><strong><em>:</em></strong></span> <span class='ocrx_word' id='word_1_518' title='bbox 498 4355 516 4426; x_wconf 91' lang='lat'>)</span> <span class='ocrx_word' id='word_1_519' title='bbox 539 4365 593 4410; x_wconf 91' lang='lat' dir='ltr'><strong>et</strong></span> <span class='ocrx_word' id='word_1_520' title='bbox 621 4356 762 4411; x_wconf 88' lang='lat' dir='ltr'><strong>diem</strong></span> <span class='ocrx_word' id='word_1_521' title='bbox 782 4357 1198 4411; x_wconf 87' lang='lat' dir='ltr'><strong>sacratissimum</strong></span> <span class='ocrx_word' id='word_1_522' title='bbox 1217 4357 1557 4411; x_wconf 84' lang='lat' dir='ltr'><strong>celebrantes</strong></span> <span class='ocrx_word' id='word_1_523' title='bbox 1573 4370 1818 4412; x_wconf 86' lang='lat' dir='ltr'><strong>resurre-</strong></span> 
     </span>
    </p>
   </div>
   <div class='ocr_carea' id='block_1_77' title="bbox 224 4431 1819 4506">
    <p class='ocr_par' dir='ltr' id='par_1_77' title="bbox 224 4431 1819 4506">
     <span class='ocr_line' id='line_1_78' title="bbox 224 4431 1819 4506; baseline 0.002 -3"><span class='ocrx_word' id='word_1_524' title='bbox 224 4437 417 4503; x_wconf 85' lang='lat' dir='ltr'><strong>ctionis</strong></span> <span class='ocrx_word' id='word_1_525' title='bbox 451 4436 657 4502; x_wconf 83' lang='lat' dir='ltr'><strong>Domini</strong></span> <span class='ocrx_word' id='word_1_526' title='bbox 708 4438 876 4503; x_wconf 85' lang='lat' dir='ltr'><strong>nostri</strong></span> <span class='ocrx_word' id='word_1_527' title='bbox 908 4431 1034 4504; x_wconf 77' lang='lat' dir='ltr'><strong>.iesu</strong></span> <span class='ocrx_word' id='word_1_528' title='bbox 1077 4449 1274 4504; x_wconf 84' lang='lat' dir='ltr'><strong>Christi</strong></span> <span class='ocrx_word' id='word_1_529' title='bbox 1311 4449 1430 4504; x_wconf 87' lang='lat' dir='ltr'><strong>Filii</strong></span> <span class='ocrx_word' id='word_1_530' title='bbox 1456 4452 1552 4504; x_wconf 89' lang='lat' dir='ltr'><strong>tui.</strong></span> <span class='ocrx_word' id='word_1_531' title='bbox 1600 4449 1706 4506; x_wconf 88' lang='lat' dir='ltr'><strong>Sed</strong></span> <span class='ocrx_word' id='word_1_532' title='bbox 1764 4458 1819 4506; x_wconf 91' lang='lat' dir='ltr'><strong>et</strong></span> 
     </span>
    </p>
   </div>
   <div class='ocr_carea' id='block_1_78' title="bbox 1985 3250 3501 3323">
    <p class='ocr_par' dir='ltr' id='par_1_78' title="bbox 1985 3250 3501 3323">
     <span class='ocr_line' id='line_1_79' title="bbox 1985 3250 3501 3323; baseline 0.005 -18"><span class='ocrx_word' id='word_1_533' title='bbox 1985 3250 2135 3306; x_wconf 79' lang='lat' dir='ltr'><strong>UNDE</strong></span> <span class='ocrx_word' id='word_1_534' title='bbox 2161 3267 2229 3305; x_wconf 74' lang='grc' dir='ltr'><strong>ετ</strong></span> <span class='ocrx_word' id='word_1_535' title='bbox 2261 3267 2507 3307; x_wconf 60' lang='grc' dir='ltr'>διηιοιιεε</span> <span class='ocrx_word' id='word_1_536' title='bbox 2547 3267 2746 3318; x_wconf 66' lang='lat' dir='ltr'><strong>sumus,</strong></span> <span class='ocrx_word' id='word_1_537' title='bbox 2780 3252 3034 3318; x_wconf 90' lang='lat' dir='ltr'><strong>Domine,</strong></span> <span class='ocrx_word' id='word_1_538' title='bbox 3082 3269 3180 3310; x_wconf 86' lang='lat' dir='ltr'><strong>nos</strong></span> <span class='ocrx_word' id='word_1_539' title='bbox 3210 3255 3351 3311; x_wconf 83' lang='lat' dir='ltr'><strong>servi</strong></span> <span class='ocrx_word' id='word_1_540' title='bbox 3392 3255 3501 3323; x_wconf 66' lang='lat' dir='ltr'><strong>tui,</strong></span> 
     </span>
    </p>
   </div>
   <div class='ocr_carea' id='block_1_79' title="bbox 1915 3341 3495 3413">
    <p class='ocr_par' dir='ltr' id='par_1_79' title="bbox 1915 3341 3495 3413">
     <span class='ocr_line' id='line_1_80' title="bbox 1915 3341 3495 3413; baseline 0.003 -16"><span class='ocrx_word' id='word_1_541' title='bbox 1915 3342 2009 3397; x_wconf 88' lang='lat' dir='ltr'><strong>sed</strong></span> <span class='ocrx_word' id='word_1_542' title='bbox 2031 3353 2083 3397; x_wconf 88' lang='lat' dir='ltr'><strong>et</strong></span> <span class='ocrx_word' id='word_1_543' title='bbox 2109 3344 2257 3412; x_wconf 89' lang='lat' dir='ltr'><strong>plebs</strong></span> <span class='ocrx_word' id='word_1_544' title='bbox 2283 3354 2368 3399; x_wconf 90' lang='lat' dir='ltr'><strong>tua</strong></span> <span class='ocrx_word' id='word_1_545' title='bbox 2390 3354 2572 3398; x_wconf 85' lang='lat' dir='ltr'><strong>sancta</strong></span> <span class='ocrx_word' id='word_1_546' title='bbox 2596 3344 2795 3399; x_wconf 83' lang='lat' dir='ltr'><strong>Christi</strong></span> <span class='ocrx_word' id='word_1_547' title='bbox 2821 3344 2940 3399; x_wconf 82' lang='lat' dir='ltr'><strong>Filii</strong></span> <span class='ocrx_word' id='word_1_548' title='bbox 2965 3347 3037 3400; x_wconf 92' lang='lat' dir='ltr'><strong>tui</strong></span> <span class='ocrx_word' id='word_1_549' title='bbox 3064 3347 3275 3402; x_wconf 92' lang='lat' dir='ltr'><strong>Domini</strong></span> <span class='ocrx_word' id='word_1_550' title='bbox 3300 3341 3495 3413; x_wconf 71' lang='lat' dir='ltr'><strong>nostri,</strong></span> 
     </span>
    </p>
   </div>
   <div class='ocr_carea' id='block_1_80' title="bbox 1919 3435 3500 3504">
    <p class='ocr_par' dir='ltr' id='par_1_80' title="bbox 1919 3435 3500 3504">
     <span class='ocr_line' id='line_1_81' title="bbox 1919 3435 3500 3504; baseline 0.005 -16"><span class='ocrx_word' id='word_1_551' title='bbox 1919 3444 2024 3489; x_wconf 89' lang='lat' dir='ltr'><strong>tam</strong></span> <span class='ocrx_word' id='word_1_552' title='bbox 2058 3435 2229 3490; x_wconf 77' lang='lat' dir='ltr'><strong>beatae</strong></span> <span class='ocrx_word' id='word_1_553' title='bbox 2270 3436 2565 3504; x_wconf 83' lang='lat' dir='ltr'><strong>passionis,</strong></span> <span class='ocrx_word' id='word_1_554' title='bbox 2598 3451 2806 3492; x_wconf 89' lang='lat' dir='ltr'><strong>necnon</strong></span> <span class='ocrx_word' id='word_1_555' title='bbox 2857 3447 2914 3493; x_wconf 90' lang='lat' dir='ltr'><strong>et</strong></span> <span class='ocrx_word' id='word_1_556' title='bbox 2937 3438 3009 3493; x_wconf 87' lang='lat' dir='ltr'><strong>ab</strong></span> <span class='ocrx_word' id='word_1_557' title='bbox 3037 3438 3224 3496; x_wconf 85' lang='lat' dir='ltr'><strong>inferis</strong></span> <span class='ocrx_word' id='word_1_558' title='bbox 3252 3455 3500 3496; x_wconf 87' lang='lat' dir='ltr'><strong>resurre-</strong></span> 
     </span>
    </p>
   </div>
   <div class='ocr_carea' id='block_1_81' title="bbox 1918 3526 3500 3600">
    <p class='ocr_par' dir='ltr' id='par_1_81' title="bbox 1918 3526 3500 3600">
     <span class='ocr_line' id='line_1_82' title="bbox 1918 3526 3500 3600; baseline 0.004 -18"><span class='ocrx_word' id='word_1_559' title='bbox 1918 3526 2112 3583; x_wconf 90' lang='lat' dir='ltr'><strong>ctionis</strong></span> <span class='ocrx_word' id='word_1_560' title='bbox 2131 3569 2146 3594; x_wconf 92' lang='lat'><strong>,</strong></span> <span class='ocrx_word' id='word_1_561' title='bbox 2178 3527 2273 3584; x_wconf 89' lang='lat' dir='ltr'><strong>sed</strong></span> <span class='ocrx_word' id='word_1_562' title='bbox 2298 3537 2350 3583; x_wconf 88' lang='lat' dir='ltr'><strong>et</strong></span> <span class='ocrx_word' id='word_1_563' title='bbox 2379 3529 2430 3582; x_wconf 89' lang='lat' dir='ltr'><strong>in</strong></span> <span class='ocrx_word' id='word_1_564' title='bbox 2461 3529 2626 3584; x_wconf 66' lang='lat' dir='ltr'><strong>caelos</strong></span> <span class='ocrx_word' id='word_1_565' title='bbox 2653 3530 2903 3600; x_wconf 67' lang='lat' dir='ltr'><strong>gloriosae</strong></span> <span class='ocrx_word' id='word_1_566' title='bbox 2931 3531 3284 3598; x_wconf 86' lang='lat' dir='ltr'><strong>ascensionis,</strong></span> <span class='ocrx_word' id='word_1_567' title='bbox 3319 3531 3500 3588; x_wconf 69' lang='lat' dir='ltr'><strong>oﬂeri-</strong></span> 
     </span>
    </p>
   </div>
   <div class='ocr_carea' id='block_1_82' title="bbox 1923 3622 3502 3694">
    <p class='ocr_par' dir='ltr' id='par_1_82' title="bbox 1923 3622 3502 3694">
     <span class='ocr_line' id='line_1_83' title="bbox 1923 3622 3502 3694; baseline 0.008 -22"><span class='ocrx_word' id='word_1_568' title='bbox 1923 3634 2078 3688; x_wconf 87' lang='lat' dir='ltr'><strong>mus,</strong></span> <span class='ocrx_word' id='word_1_569' title='bbox 2109 3622 2382 3691; x_wconf 56' lang='lat' dir='ltr'><strong>praeclara}</strong></span> <span class='ocrx_word' id='word_1_570' title='bbox 2414 3622 2680 3694; x_wconf 84' lang='lat' dir='ltr'><strong>Maiestati</strong></span> <span class='ocrx_word' id='word_1_571' title='bbox 2710 3633 2815 3679; x_wconf 73' lang='lat' dir='ltr'><strong>tua:</strong></span> <span class='ocrx_word' id='word_1_572' title='bbox 2841 3624 2912 3680; x_wconf 89' lang='lat' dir='ltr'><strong>de</strong></span> <span class='ocrx_word' id='word_1_573' title='bbox 2955 3625 3063 3680; x_wconf 89' lang='lat' dir='ltr'><strong>tuis</strong></span> <span class='ocrx_word' id='word_1_574' title='bbox 3092 3625 3245 3680; x_wconf 90' lang='lat' dir='ltr'><strong>donis</strong></span> <span class='ocrx_word' id='word_1_575' title='bbox 3272 3641 3336 3683; x_wconf 86' lang='lat' dir='ltr'><strong>ac</strong></span> <span class='ocrx_word' id='word_1_576' title='bbox 3361 3627 3502 3684; x_wconf 85' lang='lat' dir='ltr'><strong>datis</strong></span> 
     </span>
    </p>
   </div>
   <div class='ocr_carea' id='block_1_83' title="bbox 1920 3712 3502 3788">
    <p class='ocr_par' dir='ltr' id='par_1_83' title="bbox 1920 3712 3502 3788">
     <span class='ocr_line' id='line_1_84' title="bbox 1920 3712 3502 3788; baseline 0.004 -20"><span class='ocrx_word' id='word_1_577' title='bbox 1920 3712 1962 3782; x_wconf 67' lang='grc' dir='ltr'>ἰ’</span> <span class='ocrx_word' id='word_1_578' title='bbox 1991 3715 2217 3768; x_wconf 89' lang='lat' dir='ltr'><strong>nostiam</strong></span> <span class='ocrx_word' id='word_1_579' title='bbox 2260 3731 2466 3784; x_wconf 88' lang='lat' dir='ltr'><strong>puram,</strong></span> <span class='ocrx_word' id='word_1_580' title='bbox 2501 3718 2726 3771; x_wconf 83' lang='lat' dir='ltr'><strong>nostiam</strong></span> <span class='ocrx_word' id='word_1_581' title='bbox 2772 3726 3011 3772; x_wconf 80' lang='lat' dir='ltr'><strong>sanctam</strong></span> <span class='ocrx_word' id='word_1_582' title='bbox 3041 3717 3108 3788; x_wconf 57' lang='lat' dir='ltr'><strong>i,</strong></span> <span class='ocrx_word' id='word_1_583' title='bbox 3148 3719 3377 3774; x_wconf 79' lang='lat' dir='ltr'><strong>nostiam</strong></span> <span class='ocrx_word' id='word_1_584' title='bbox 3410 3722 3502 3775; x_wconf 79' lang='lat' dir='ltr'><strong>im-</strong></span> 
     </span>
    </p>
   </div>
   <div class='ocr_carea' id='block_1_84' title="bbox 1921 3807 3503 3877">
    <p class='ocr_par' dir='ltr' id='par_1_84' title="bbox 1921 3807 3503 3877">
     <span class='ocr_line' id='line_1_85' title="bbox 1921 3807 3503 3877; baseline 0.004 -17"><span class='ocrx_word' id='word_1_585' title='bbox 1921 3808 2234 3861; x_wconf 87' lang='lat' dir='ltr'><strong>maculatam</strong></span> <span class='ocrx_word' id='word_1_586' title='bbox 2267 3807 2336 3877; x_wconf 58' lang='grc' dir='ltr'><strong>-ιη,</strong></span> <span class='ocrx_word' id='word_1_587' title='bbox 2374 3823 2563 3875; x_wconf 84' lang='lat' dir='ltr'><strong>panem</strong></span> <span class='ocrx_word' id='word_1_588' title='bbox 2589 3817 2835 3864; x_wconf 87' lang='lat' dir='ltr'><strong>sanctum</strong></span> <span class='ocrx_word' id='word_1_589' title='bbox 2862 3810 2986 3866; x_wconf 70' lang='lat' dir='ltr'><strong>ViltB</strong></span> <span class='ocrx_word' id='word_1_590' title='bbox 3008 3819 3245 3877; x_wconf 63' lang='lat' dir='ltr'><strong>aeterna,</strong></span> <span class='ocrx_word' id='word_1_591' title='bbox 3275 3821 3330 3867; x_wconf 89' lang='lat' dir='ltr'><strong>et</strong></span> <span class='ocrx_word' id='word_1_592' title='bbox 3372 3814 3503 3867; x_wconf 85' lang='lat' dir='ltr'><strong>cali-</strong></span> 
     </span>
    </p>
   </div>
   <div class='ocr_carea' id='block_1_85' title="bbox 1921 3896 3502 3971">
    <p class='ocr_par' dir='ltr' id='par_1_85' title="bbox 1921 3896 3502 3971">
     <span class='ocr_line' id='line_1_86' title="bbox 1921 3896 3502 3971; baseline 0.005 -19"><span class='ocrx_word' id='word_1_593' title='bbox 1921 3910 2039 3952; x_wconf 88' lang='lat' dir='ltr'><strong>cem</strong></span> <span class='ocrx_word' id='word_1_594' title='bbox 2070 3896 2256 3952; x_wconf 82' lang='lat' dir='ltr'><strong>salutis</strong></span> <span class='ocrx_word' id='word_1_595' title='bbox 2286 3907 2579 3967; x_wconf 63' lang='lat' dir='ltr'><strong>perpetem.</strong></span> <span class='ocrx_word' id='word_1_596' title='bbox 2605 3898 2778 3968; x_wconf 87' lang='lat' dir='ltr'><strong>Supra</strong></span> <span class='ocrx_word' id='word_1_597' title='bbox 2801 3914 2919 3970; x_wconf 74' lang='lat' dir='ltr'><strong>qua:</strong></span> <span class='ocrx_word' id='word_1_598' title='bbox 2947 3902 3186 3971; x_wconf 87' lang='lat' dir='ltr'><strong>prepicio</strong></span> <span class='ocrx_word' id='word_1_599' title='bbox 3215 3916 3281 3957; x_wconf 88' lang='lat' dir='ltr'><strong>ac</strong></span> <span class='ocrx_word' id='word_1_600' title='bbox 3307 3915 3502 3960; x_wconf 87' lang='lat' dir='ltr'><strong>sereno</strong></span> 
     </span>
    </p>
   </div>
   <div class='ocr_carea' id='block_1_86' title="bbox 1922 3989 3505 4062">
    <p class='ocr_par' dir='ltr' id='par_1_86' title="bbox 1922 3989 3505 4062">
     <span class='ocr_line' id='line_1_87' title="bbox 1922 3989 3505 4062; baseline 0.006 -20"><span class='ocrx_word' id='word_1_601' title='bbox 1922 3990 2070 4043; x_wconf 79' lang='lat' dir='ltr'><strong>vultu</strong></span> <span class='ocrx_word' id='word_1_602' title='bbox 2103 3989 2344 4058; x_wconf 87' lang='lat' dir='ltr'><strong>aspicere</strong></span> <span class='ocrx_word' id='word_1_603' title='bbox 2370 3990 2590 4060; x_wconf 89' lang='lat' dir='ltr'><strong>dignare</strong></span> <span class='ocrx_word' id='word_1_604' title='bbox 2619 3989 2664 4058; x_wconf 73' lang='grc' dir='ltr'><strong>ί,</strong></span> <span class='ocrx_word' id='word_1_605' title='bbox 2693 4001 2746 4046; x_wconf 91' lang='lat' dir='ltr'><strong>et</strong></span> <span class='ocrx_word' id='word_1_606' title='bbox 2768 4001 3045 4062; x_wconf 89' lang='lat' dir='ltr'><strong>acceptum</strong></span> <span class='ocrx_word' id='word_1_607' title='bbox 3080 3994 3310 4061; x_wconf 90' lang='lat' dir='ltr'><strong>habere,</strong></span> <span class='ocrx_word' id='word_1_608' title='bbox 3345 3994 3505 4052; x_wconf 87' lang='lat' dir='ltr'><strong>sicuti</strong></span> 
     </span>
    </p>
   </div>
   <div class='ocr_carea' id='block_1_87' title="bbox 1923 4081 3506 4158">
    <p class='ocr_par' dir='ltr' id='par_1_87' title="bbox 1923 4081 3506 4158">
     <span class='ocr_line' id='line_1_88' title="bbox 1923 4081 3506 4158; baseline 0.007 -24"><span class='ocrx_word' id='word_1_609' title='bbox 1923 4091 2200 4150; x_wconf 88' lang='lat' dir='ltr'><strong>acceptum</strong></span> <span class='ocrx_word' id='word_1_610' title='bbox 2246 4081 2442 4138; x_wconf 88' lang='lat' dir='ltr'><strong>habere</strong></span> <span class='ocrx_word' id='word_1_611' title='bbox 2469 4081 2716 4153; x_wconf 87' lang='lat' dir='ltr'><strong>dignatus</strong></span> <span class='ocrx_word' id='word_1_612' title='bbox 2745 4099 2804 4139; x_wconf 87' lang='lat' dir='ltr'><strong>es</strong></span> <span class='ocrx_word' id='word_1_613' title='bbox 2837 4100 3060 4141; x_wconf 88' lang='lat' dir='ltr'><strong>munera</strong></span> <span class='ocrx_word' id='word_1_614' title='bbox 3085 4086 3237 4154; x_wconf 87' lang='lat' dir='ltr'><strong>pueri</strong></span> <span class='ocrx_word' id='word_1_615' title='bbox 3259 4088 3338 4142; x_wconf 89' lang='lat' dir='ltr'><strong>tui</strong></span> <span class='ocrx_word' id='word_1_616' title='bbox 3374 4088 3506 4158; x_wconf 82' lang='lat' dir='ltr'><strong>iusti</strong></span> 
     </span>
    </p>
   </div>
   <div class='ocr_carea' id='block_1_88' title="bbox 1924 4172 3507 4244">
    <p class='ocr_par' dir='ltr' id='par_1_88' title="bbox 1924 4172 3507 4244">
     <span class='ocr_line' id='line_1_89' title="bbox 1924 4172 3507 4244; baseline 0.004 -17"><span class='ocrx_word' id='word_1_617' title='bbox 1924 4172 2094 4240; x_wconf 83' lang='lat' dir='ltr'><strong>Abel,</strong></span> <span class='ocrx_word' id='word_1_618' title='bbox 2127 4183 2178 4228; x_wconf 88' lang='lat' dir='ltr'><strong>et</strong></span> <span class='ocrx_word' id='word_1_619' title='bbox 2207 4173 2559 4238; x_wconf 87' lang='lat' dir='ltr'><strong>sacrificium,</strong></span> <span class='ocrx_word' id='word_1_620' title='bbox 2596 4175 2911 4244; x_wconf 79' lang='lat' dir='ltr'><strong>patriarchae</strong></span> <span class='ocrx_word' id='word_1_621' title='bbox 2954 4177 3385 4240; x_wconf 78' lang='lat' dir='ltr'><strong>nestriAbrahte</strong></span> <span class='ocrx_word' id='word_1_622' title='bbox 3407 4221 3421 4242; x_wconf 90' lang='lat'><strong>,</strong></span> <span class='ocrx_word' id='word_1_623' title='bbox 3450 4187 3507 4236; x_wconf 90' lang='lat' dir='ltr'><strong>et</strong></span> 
     </span>
    </p>
   </div>
   <div class='ocr_carea' id='block_1_89' title="bbox 1925 4263 3506 4332">
    <p class='ocr_par' dir='ltr' id='par_1_89' title="bbox 1925 4263 3506 4332">
     <span class='ocr_line' id='line_1_90' title="bbox 1925 4263 3506 4332; baseline 0.008 -16"><span class='ocrx_word' id='word_1_624' title='bbox 1925 4264 2066 4332; x_wconf 90' lang='lat' dir='ltr'><strong>quod</strong></span> <span class='ocrx_word' id='word_1_625' title='bbox 2095 4263 2186 4318; x_wconf 91' lang='lat' dir='ltr'><strong>tibi</strong></span> <span class='ocrx_word' id='word_1_626' title='bbox 2211 4264 2402 4332; x_wconf 88' lang='lat' dir='ltr'><strong>optulit</strong></span> <span class='ocrx_word' id='word_1_627' title='bbox 2429 4280 2669 4319; x_wconf 91' lang='lat' dir='ltr'><strong>summus</strong></span> <span class='ocrx_word' id='word_1_628' title='bbox 2691 4267 2942 4324; x_wconf 84' lang='lat' dir='ltr'><strong>sacerdos</strong></span> <span class='ocrx_word' id='word_1_629' title='bbox 2968 4277 3088 4324; x_wconf 89' lang='lat' dir='ltr'><strong>tuus</strong></span> <span class='ocrx_word' id='word_1_630' title='bbox 3112 4269 3506 4328; x_wconf 86' lang='lat' dir='ltr'><strong>Melchisedech</strong></span> 
     </span>
    </p>
   </div>
   <div class='ocr_carea' id='block_1_90' title="bbox 1926 4358 3222 4423">
    <p class='ocr_par' dir='ltr' id='par_1_90' title="bbox 1926 4358 3222 4423">
     <span class='ocr_line' id='line_1_91' title="bbox 1926 4358 3222 4423; baseline 0.003 -12"><span class='ocrx_word' id='word_1_631' title='bbox 1926 4369 2168 4412; x_wconf 89' lang='lat' dir='ltr'><strong>sanctum</strong></span> <span class='ocrx_word' id='word_1_632' title='bbox 2191 4358 2532 4423; x_wconf 89' lang='lat' dir='ltr'><strong>sacrificium,</strong></span> <span class='ocrx_word' id='word_1_633' title='bbox 2558 4359 2950 4415; x_wconf 85' lang='lat' dir='ltr'><strong>immaculatam</strong></span> <span class='ocrx_word' id='word_1_634' title='bbox 2971 4361 3222 4417; x_wconf 82' lang='lat' dir='ltr'><strong>hostium.</strong></span> 
     </span>
    </p>
   </div>
   <div class='ocr_carea' id='block_1_91' title="bbox 1931 4450 3509 4530">
    <p class='ocr_par' dir='ltr' id='par_1_91' title="bbox 1931 4450 3509 4530">
     <span class='ocr_line' id='line_1_92' title="bbox 1931 4450 3509 4530; baseline 0.003 -25"><span class='ocrx_word' id='word_1_635' title='bbox 1931 4511 1936 4515; x_wconf 93' lang='lat'><strong>_</strong></span> <span class='ocrx_word' id='word_1_636' title='bbox 2002 4450 2280 4530; x_wconf 84' lang='lat' dir='ltr'><strong>Supplices</strong></span> <span class='ocrx_word' id='word_1_637' title='bbox 2334 4459 2386 4504; x_wconf 87' lang='lat' dir='ltr'><strong>te</strong></span> <span class='ocrx_word' id='word_1_638' title='bbox 2435 4464 2721 4521; x_wconf 84' lang='lat' dir='ltr'><strong>rogamus,</strong></span> <span class='ocrx_word' id='word_1_639' title='bbox 2774 4453 3117 4521; x_wconf 81' lang='lat' dir='ltr'><strong>omnipotens</strong></span> <span class='ocrx_word' id='word_1_640' title='bbox 3157 4453 3332 4519; x_wconf 87' lang='lat' dir='ltr'><strong>Deus,</strong></span> <span class='ocrx_word' id='word_1_641' title='bbox 3379 4452 3509 4522; x_wconf 85' lang='lat' dir='ltr'><strong>iube</strong></span> 
     </span>
    </p>
   </div>
   <div class='ocr_carea' id='block_1_92' title="bbox 225 4531 3508 4642">
    <p class='ocr_par' dir='ltr' id='par_1_92' title="bbox 225 4531 3508 4642">
     <span class='ocr_line' id='line_1_93' title="bbox 225 4531 3508 4642; baseline 0.002 -48"><span class='ocrx_word' id='word_1_642' title='bbox 225 4532 536 4624; x_wconf 85' lang='lat' dir='ltr'><strong>memoriam</strong></span> <span class='ocrx_word' id='word_1_643' title='bbox 591 4531 907 4598; x_wconf 84' lang='lat' dir='ltr'><strong>venerantes</strong></span> <span class='ocrx_word' id='word_1_644' title='bbox 958 4544 1010 4597; x_wconf 91' lang='lat' dir='ltr'><strong>in</strong></span> <span class='ocrx_word' id='word_1_645' title='bbox 1073 4544 1254 4611; x_wconf 85' lang='lat' dir='ltr'><strong>primis</strong></span> <span class='ocrx_word' id='word_1_646' title='bbox 1295 4544 1547 4613; x_wconf 77' lang='lat' dir='ltr'><strong>gloriosa:</strong></span> <span class='ocrx_word' id='word_1_647' title='bbox 1597 4558 1812 4617; x_wconf 83' lang='lat' dir='ltr'><strong>semper</strong></span> <span class='ocrx_word' id='word_1_648' title='bbox 1839 4543 1895 4642; x_wconf 63' lang='lat' dir='ltr'>b</span> <span class='ocrx_word' id='word_1_649' title='bbox 1929 4540 2045 4595; x_wconf 66' lang='lat' dir='ltr'><strong>baac</strong></span> <span class='ocrx_word' id='word_1_650' title='bbox 2073 4540 2300 4611; x_wconf 89' lang='lat' dir='ltr'><strong>perferri</strong></span> <span class='ocrx_word' id='word_1_651' title='bbox 2330 4555 2422 4612; x_wconf 90' lang='lat' dir='ltr'><strong>per</strong></span> <span class='ocrx_word' id='word_1_652' title='bbox 2451 4556 2641 4596; x_wconf 89' lang='lat' dir='ltr'><strong>manus</strong></span> <span class='ocrx_word' id='word_1_653' title='bbox 2664 4543 2835 4597; x_wconf 87' lang='lat' dir='ltr'><strong>sancti</strong></span> <span class='ocrx_word' id='word_1_654' title='bbox 2865 4544 3037 4612; x_wconf 89' lang='lat' dir='ltr'><strong>angeli</strong></span> <span class='ocrx_word' id='word_1_655' title='bbox 3081 4543 3158 4598; x_wconf 91' lang='lat' dir='ltr'><strong>tui</strong></span> <span class='ocrx_word' id='word_1_656' title='bbox 3192 4544 3246 4599; x_wconf 92' lang='lat' dir='ltr'><strong>in</strong></span> <span class='ocrx_word' id='word_1_657' title='bbox 3291 4544 3508 4602; x_wconf 85' lang='lat' dir='ltr'><strong>sublimi</strong></span> 
     </span>
    </p>
   </div>
   <div class='ocr_carea' id='block_1_93' title="bbox 226 4621 1813 4706">
    <p class='ocr_par' dir='ltr' id='par_1_93' title="bbox 226 4621 1813 4706">
     <span class='ocr_line' id='line_1_94' title="bbox 226 4621 1813 4706; baseline 0.008 -22"><span class='ocrx_word' id='word_1_658' title='bbox 226 4623 444 4703; x_wconf 85' lang='lat' dir='ltr'><strong>virginis</strong></span> <span class='ocrx_word' id='word_1_659' title='bbox 474 4621 674 4703; x_wconf 73' lang='lat' dir='ltr'><strong>Mariae,</strong></span> <span class='ocrx_word' id='word_1_660' title='bbox 711 4637 1000 4706; x_wconf 81' lang='lat' dir='ltr'><strong>genetricis</strong></span> <span class='ocrx_word' id='word_1_661' title='bbox 1030 4636 1122 4691; x_wconf 90' lang='lat' dir='ltr'><strong>Dei</strong></span> <span class='ocrx_word' id='word_1_662' title='bbox 1164 4646 1217 4692; x_wconf 91' lang='lat' dir='ltr'><strong>et</strong></span> <span class='ocrx_word' id='word_1_663' title='bbox 1251 4637 1457 4693; x_wconf 91' lang='lat' dir='ltr'><strong>Domini</strong></span> <span class='ocrx_word' id='word_1_664' title='bbox 1489 4641 1654 4694; x_wconf 85' lang='lat' dir='ltr'><strong>nostri</strong></span> <span class='ocrx_word' id='word_1_665' title='bbox 1684 4640 1813 4696; x_wconf 86' lang='lat' dir='ltr'><strong>Jesu</strong></span> 
     </span>
    </p>
   </div>
   <div class='ocr_carea' id='block_1_94' title="bbox 224 4713 1812 4802">
    <p class='ocr_par' dir='ltr' id='par_1_94' title="bbox 224 4713 1812 4802">
     <span class='ocr_line' id='line_1_95' title="bbox 224 4713 1812 4802; baseline 0.005 -24"><span class='ocrx_word' id='word_1_666' title='bbox 224 4723 454 4791; x_wconf 77' lang='lat' dir='ltr'><strong>Christi;</strong></span> <span class='ocrx_word' id='word_1_667' title='bbox 497 4713 589 4780; x_wconf 81' lang='lat' dir='ltr'><strong>sed</strong></span> <span class='ocrx_word' id='word_1_668' title='bbox 623 4737 673 4782; x_wconf 91' lang='lat' dir='ltr'><strong>et</strong></span> <span class='ocrx_word' id='word_1_669' title='bbox 703 4725 1134 4782; x_wconf 81' lang='lat' dir='ltr'><strong>beatissimorum</strong></span> <span class='ocrx_word' id='word_1_670' title='bbox 1167 4732 1534 4784; x_wconf 79' lang='lat' dir='ltr'><strong>apostolorum</strong></span> <span class='ocrx_word' id='word_1_671' title='bbox 1569 4746 1632 4786; x_wconf 84' lang='lat' dir='ltr'><strong>ac</strong></span> <span class='ocrx_word' id='word_1_672' title='bbox 1672 4747 1812 4802; x_wconf 89' lang='lat' dir='ltr'><strong>mar-</strong></span> 
     </span>
    </p>
   </div>
   <div class='ocr_carea' id='block_1_95' title="bbox 227 4820 1813 4890">
    <p class='ocr_par' dir='ltr' id='par_1_95' title="bbox 227 4820 1813 4890">
     <span class='ocr_line' id='line_1_96' title="bbox 227 4820 1813 4890; baseline 0.004 -20"><span class='ocrx_word' id='word_1_673' title='bbox 227 4827 400 4890; x_wconf 85' lang='lat' dir='ltr'><strong>tyrum</strong></span> <span class='ocrx_word' id='word_1_674' title='bbox 435 4827 642 4872; x_wconf 89' lang='lat' dir='ltr'><strong>tuorum</strong></span> <span class='ocrx_word' id='word_1_675' title='bbox 676 4820 839 4885; x_wconf 86' lang='lat' dir='ltr'><strong>Petri,</strong></span> <span class='ocrx_word' id='word_1_676' title='bbox 873 4821 1041 4884; x_wconf 82' lang='lat' dir='ltr'><strong>Pauli,</strong></span> <span class='ocrx_word' id='word_1_677' title='bbox 1079 4820 1328 4884; x_wconf 70' lang='lat' dir='ltr'><strong>Andreae,</strong></span> <span class='ocrx_word' id='word_1_678' title='bbox 1363 4823 1570 4881; x_wconf 81' lang='lat' dir='ltr'><strong>Jacobi.</strong></span> <span class='ocrx_word' id='word_1_679' title='bbox 1603 4824 1813 4878; x_wconf 76' lang='lat' dir='ltr'><strong>Johan-</strong></span> 
     </span>
    </p>
   </div>
   <div class='ocr_carea' id='block_1_96' title="bbox 225 4905 1812 4982">
    <p class='ocr_par' dir='ltr' id='par_1_96' title="bbox 225 4905 1812 4982">
     <span class='ocr_line' id='line_1_97' title="bbox 225 4905 1812 4982; baseline 0.002 -17"><span class='ocrx_word' id='word_1_680' title='bbox 225 4913 328 4976; x_wconf 90' lang='lat' dir='ltr'><strong>nis,</strong></span> <span class='ocrx_word' id='word_1_681' title='bbox 352 4910 590 4975; x_wconf 74' lang='lat' dir='ltr'><strong>Thomte,</strong></span> <span class='ocrx_word' id='word_1_682' title='bbox 614 4911 821 4977; x_wconf 80' lang='lat' dir='ltr'><strong>Jacobi,</strong></span> <span class='ocrx_word' id='word_1_683' title='bbox 846 4910 1102 4981; x_wconf 81' lang='lat' dir='ltr'><strong>Philippi,</strong></span> <span class='ocrx_word' id='word_1_684' title='bbox 1129 4912 1528 4982; x_wconf 61' lang='lat' dir='ltr'><strong>Bartholomtei,</strong></span> <span class='ocrx_word' id='word_1_685' title='bbox 1551 4905 1812 4981; x_wconf 68' lang='lat' dir='ltr'><strong>Mattltcei,</strong></span> 
     </span>
    </p>
   </div>
   <div class='ocr_carea' id='block_1_97' title="bbox 225 4997 1815 5078">
    <p class='ocr_par' dir='ltr' id='par_1_97' title="bbox 225 4997 1815 5078">
     <span class='ocr_line' id='line_1_98' title="bbox 225 4997 1815 5078; baseline -0.002 -20"><span class='ocrx_word' id='word_1_686' title='bbox 225 5000 481 5071; x_wconf 88' lang='lat' dir='ltr'><strong>Simonis,</strong></span> <span class='ocrx_word' id='word_1_687' title='bbox 516 5011 568 5058; x_wconf 89' lang='lat' dir='ltr'><strong>et</strong></span> <span class='ocrx_word' id='word_1_688' title='bbox 613 5001 851 5078; x_wconf 73' lang='lat' dir='ltr'><strong>Thadzei,</strong></span> <span class='ocrx_word' id='word_1_689' title='bbox 903 5001 1046 5067; x_wconf 88' lang='lat' dir='ltr'><strong>Lini,</strong></span> <span class='ocrx_word' id='word_1_690' title='bbox 1093 5003 1239 5068; x_wconf 84' lang='lat' dir='ltr'><strong>Cliti,</strong></span> <span class='ocrx_word' id='word_1_691' title='bbox 1284 4997 1594 5066; x_wconf 76' lang='lat' dir='ltr'><strong>Clementis,</strong></span> <span class='ocrx_word' id='word_1_692' title='bbox 1641 5002 1815 5070; x_wconf 81' lang='lat' dir='ltr'><strong>Sixti,</strong></span> 
     </span>
    </p>
   </div>
   <div class='ocr_carea' id='block_1_98' title="bbox 225 5093 1863 5167">
    <p class='ocr_par' dir='ltr' id='par_1_98' title="bbox 225 5093 1863 5167">
     <span class='ocr_line' id='line_1_99' title="bbox 225 5093 1863 5167; baseline 0.003 -18"><span class='ocrx_word' id='word_1_693' title='bbox 225 5093 447 5160; x_wconf 88' lang='lat' dir='ltr'><strong>Cornili,</strong></span> <span class='ocrx_word' id='word_1_694' title='bbox 468 5095 742 5167; x_wconf 88' lang='lat' dir='ltr'><strong>Cypriani,</strong></span> <span class='ocrx_word' id='word_1_695' title='bbox 776 5094 1053 5161; x_wconf 88' lang='lat' dir='ltr'><strong>Laurenti,</strong></span> <span class='ocrx_word' id='word_1_696' title='bbox 1083 5093 1439 5167; x_wconf 85' lang='lat' dir='ltr'><strong>Chrysogoni,</strong></span> <span class='ocrx_word' id='word_1_697' title='bbox 1471 5093 1735 5152; x_wconf 83' lang='lat' dir='ltr'><strong>Johannis</strong></span> <span class='ocrx_word' id='word_1_698' title='bbox 1759 5101 1816 5149; x_wconf 91' lang='lat' dir='ltr'><strong>et</strong></span> <span class='ocrx_word' id='word_1_699' title='bbox 1861 5152 1863 5154; x_wconf 82' lang='lat'>.</span> 
     </span>
    </p>
   </div>
   <div class='ocr_carea' id='block_1_99' title="bbox 226 5184 1814 5256">
    <p class='ocr_par' dir='ltr' id='par_1_99' title="bbox 226 5184 1814 5256">
     <span class='ocr_line' id='line_1_100' title="bbox 226 5184 1814 5256; baseline 0.003 -17"><span class='ocrx_word' id='word_1_700' title='bbox 226 5184 394 5251; x_wconf 81' lang='lat' dir='ltr'><strong>Pauli,</strong></span> <span class='ocrx_word' id='word_1_701' title='bbox 427 5185 633 5242; x_wconf 77' lang='lat' dir='ltr'><strong>Cosma:</strong></span> <span class='ocrx_word' id='word_1_702' title='bbox 660 5199 711 5243; x_wconf 90' lang='lat' dir='ltr'><strong>et</strong></span> <span class='ocrx_word' id='word_1_703' title='bbox 743 5187 1014 5253; x_wconf 86' lang='lat' dir='ltr'><strong>Damiani,</strong></span> <span class='ocrx_word' id='word_1_704' title='bbox 1051 5186 1263 5253; x_wconf 77' lang='lat' dir='ltr'><strong>Hilarii,</strong></span> <span class='ocrx_word' id='word_1_705' title='bbox 1292 5187 1543 5256; x_wconf 78' lang='lat' dir='ltr'><strong>Martini,</strong></span> <span class='ocrx_word' id='word_1_706' title='bbox 1581 5189 1814 5243; x_wconf 84' lang='lat' dir='ltr'><strong>Ambro-</strong></span> 
     </span>
    </p>
   </div>
   <div class='ocr_carea' id='block_1_100' title="bbox 225 5277 1817 5350">
    <p class='ocr_par' dir='ltr' id='par_1_100' title="bbox 225 5277 1817 5350">
     <span class='ocr_line' id='line_1_101' title="bbox 225 5277 1817 5350; baseline 0.004 -17"><span class='ocrx_word' id='word_1_707' title='bbox 225 5278 311 5346; x_wconf 89' lang='lat' dir='ltr'><strong>sii,</strong></span> <span class='ocrx_word' id='word_1_708' title='bbox 342 5277 605 5350; x_wconf 81' lang='lat' dir='ltr'><strong>Agustini,</strong></span> <span class='ocrx_word' id='word_1_709' title='bbox 627 5280 892 5348; x_wconf 86' lang='lat' dir='ltr'><strong>Gregorii,</strong></span> <span class='ocrx_word' id='word_1_710' title='bbox 924 5279 1260 5349; x_wconf 82' lang='lat' dir='ltr'><strong>Hieronymi,</strong></span> <span class='ocrx_word' id='word_1_711' title='bbox 1293 5279 1591 5349; x_wconf 84' lang='lat' dir='ltr'><strong>Benedicti,</strong></span> <span class='ocrx_word' id='word_1_712' title='bbox 1615 5290 1671 5338; x_wconf 87' lang='lat' dir='ltr'><strong>et</strong></span> <span class='ocrx_word' id='word_1_713' title='bbox 1699 5299 1817 5339; x_wconf 86' lang='lat' dir='ltr'><strong>om-</strong></span> 
     </span>
    </p>
   </div>
   <div class='ocr_carea' id='block_1_101' title="bbox 297 5391 1812 5465">
    <p class='ocr_par' dir='ltr' id='par_1_101' title="bbox 297 5391 1812 5465">
     <span class='ocr_line' id='line_1_102' title="bbox 297 5391 1812 5465; baseline 0.004 -19"><span class='ocrx_word' id='word_1_714' title='bbox 297 5400 324 5429; x_wconf 78' lang='lat'><strong>‘|</strong></span> <span class='ocrx_word' id='word_1_715' title='bbox 347 5391 480 5448; x_wconf 91' lang='lat' dir='ltr'><strong>Cum</strong></span> <span class='ocrx_word' id='word_1_716' title='bbox 509 5392 594 5448; x_wconf 88' lang='lat' dir='ltr'><strong>hic</strong></span> <span class='ocrx_word' id='word_1_717' title='bbox 634 5395 812 5449; x_wconf 89' lang='lat' dir='ltr'><strong>Canon</strong></span> <span class='ocrx_word' id='word_1_718' title='bbox 844 5395 936 5464; x_wconf 89' lang='lat' dir='ltr'><strong>(ut</strong></span> <span class='ocrx_word' id='word_1_719' title='bbox 969 5392 1260 5462; x_wconf 84' lang='lat' dir='ltr'><strong>vocamus)</strong></span> <span class='ocrx_word' id='word_1_720' title='bbox 1293 5410 1398 5449; x_wconf 91' lang='lat' dir='ltr'><strong>non</strong></span> <span class='ocrx_word' id='word_1_721' title='bbox 1443 5404 1718 5465; x_wconf 80' lang='lat' dir='ltr'><strong>repetatur</strong></span> <span class='ocrx_word' id='word_1_722' title='bbox 1758 5399 1812 5452; x_wconf 90' lang='lat' dir='ltr'><strong>in</strong></span> 
     </span>
    </p>
   </div>
   <div class='ocr_carea' id='block_1_102' title="bbox 223 5465 1817 5536">
    <p class='ocr_par' dir='ltr' id='par_1_102' title="bbox 223 5465 1817 5536">
     <span class='ocr_line' id='line_1_103' title="bbox 223 5465 1817 5536; baseline 0.004 -18"><span class='ocrx_word' id='word_1_723' title='bbox 223 5465 674 5536; x_wconf 80' lang='lat' dir='ltr'><strong>subsequentilms</strong></span> <span class='ocrx_word' id='word_1_724' title='bbox 700 5467 897 5531; x_wconf 89' lang='lat' dir='ltr'><strong>missis,</strong></span> <span class='ocrx_word' id='word_1_725' title='bbox 932 5465 984 5520; x_wconf 89' lang='lat' dir='ltr'><strong>id</strong></span> <span class='ocrx_word' id='word_1_726' title='bbox 1015 5473 1334 5535; x_wconf 86' lang='lat' dir='ltr'><strong>argumento</strong></span> <span class='ocrx_word' id='word_1_727' title='bbox 1357 5473 1440 5520; x_wconf 89' lang='lat' dir='ltr'><strong>est</strong></span> <span class='ocrx_word' id='word_1_728' title='bbox 1464 5482 1558 5522; x_wconf 77' lang='lat' dir='ltr'><strong>eus</strong></span> <span class='ocrx_word' id='word_1_729' title='bbox 1588 5471 1677 5536; x_wconf 91' lang='lat' dir='ltr'><strong>qui</strong></span> <span class='ocrx_word' id='word_1_730' title='bbox 1715 5471 1817 5524; x_wconf 92' lang='lat' dir='ltr'><strong>hoc</strong></span> 
     </span>
    </p>
   </div>
   <div class='ocr_carea' id='block_1_103' title="bbox 223 5535 1819 5660">
    <p class='ocr_par' dir='ltr' id='par_1_103' title="bbox 223 5535 1819 5660">
     <span class='ocr_line' id='line_1_104' title="bbox 223 5535 1819 5660; baseline 0.003 -72"><span class='ocrx_word' id='word_1_731' title='bbox 223 5535 423 5660; x_wconf 53' lang='lat' dir='ltr'><strong>ﬁodice</strong></span> <span class='ocrx_word' id='word_1_732' title='bbox 445 5537 752 5604; x_wconf 88' lang='lat' dir='ltr'><strong>utebantur,</strong></span> <span class='ocrx_word' id='word_1_733' title='bbox 784 5553 887 5593; x_wconf 92' lang='lat' dir='ltr'><strong>non</strong></span> <span class='ocrx_word' id='word_1_734' title='bbox 911 5537 1073 5592; x_wconf 91' lang='lat' dir='ltr'><strong>alium</strong></span> <span class='ocrx_word' id='word_1_735' title='bbox 1090 5536 1362 5591; x_wconf 88' lang='lat' dir='ltr'><strong>Canonem</strong></span> <span class='ocrx_word' id='word_1_736' title='bbox 1388 5535 1635 5593; x_wconf 89' lang='lat' dir='ltr'><strong>habuisse</strong></span> <span class='ocrx_word' id='word_1_737' title='bbox 1659 5555 1819 5608; x_wconf 86' lang='lat' dir='ltr'><strong>quam</strong></span> 
     </span>
     <span class='ocr_line' id='line_1_105' title="bbox 280 5621 553 5660; baseline 0.004 -1"><span class='ocrx_word' id='word_1_738' title='bbox 280 5621 553 5660; x_wconf 88' lang='lat' dir='ltr'><strong>omanum.</strong></span> 
     </span>
    </p>
   </div>
   <div class='ocr_carea' id='block_1_104' title="bbox 280 5621 553 5660">
    <p class='ocr_par' dir='ltr' id='par_1_104' title="bbox 280 5621 553 5660">
     <span class='ocr_line' id='line_1_106' title="bbox 280 5621 553 5660; baseline 0.004 -1"><span class='ocrx_word' id='word_1_739' title='bbox 280 5621 434 5660; x_wconf 87' lang='lat' dir='ltr'><strong>oman</strong></span> <span class='ocrx_word' id='word_1_740' title='bbox 444 5623 553 5660; x_wconf 80' lang='grc' dir='ltr'>ιιιη.</span> 
     </span>
    </p>
   </div>
   <div class='ocr_carea' id='block_1_105' title="bbox 298 5677 1822 5750">
    <p class='ocr_par' dir='ltr' id='par_1_105' title="bbox 298 5677 1822 5750">
     <span class='ocr_line' id='line_1_107' title="bbox 298 5677 1822 5750; baseline 0.001 -20"><span class='ocrx_word' id='word_1_741' title='bbox 298 5677 325 5715; x_wconf 71' lang='lat' dir='ltr'><strong>b</strong></span> <span class='ocrx_word' id='word_1_742' title='bbox 351 5679 473 5731; x_wconf 71' lang='lat' dir='ltr'><strong>llaec</strong></span> <span class='ocrx_word' id='word_1_743' title='bbox 522 5679 682 5750; x_wconf 74' lang='lat' dir='ltr'><strong>verba</strong></span> <span class='ocrx_word' id='word_1_744' title='bbox 704 5721 717 5743; x_wconf 91' lang='lat'><strong>,</strong></span> <span class='ocrx_word' id='word_1_745' title='bbox 764 5681 851 5734; x_wconf 84' lang='lat' dir='ltr'><strong>sed</strong></span> <span class='ocrx_word' id='word_1_746' title='bbox 882 5688 928 5734; x_wconf 83' lang='lat' dir='ltr'><strong>et</strong></span> <span class='ocrx_word' id='word_1_747' title='bbox 949 5691 1144 5734; x_wconf 70' lang='lat' dir='ltr'><strong>ctmctw</strong></span> <span class='ocrx_word' id='word_1_748' title='bbox 1175 5677 1387 5750; x_wconf 71' lang='lat' dir='ltr'><strong>familia:</strong></span> <span class='ocrx_word' id='word_1_749' title='bbox 1419 5689 1724 5750; x_wconf 69' lang='lat' dir='ltr'><strong>taurusque</strong></span> <span class='ocrx_word' id='word_1_750' title='bbox 1753 5679 1822 5732; x_wconf 85' lang='lat' dir='ltr'><strong>ad</strong></span> 
     </span>
    </p>
   </div>
   <div class='ocr_carea' id='block_1_106' title="bbox 226 5748 1822 5816">
    <p class='ocr_par' dir='ltr' id='par_1_106' title="bbox 226 5748 1822 5816">
     <span class='ocr_line' id='line_1_108' title="bbox 226 5748 1822 5816; baseline 0.003 -16"><span class='ocrx_word' id='word_1_751' title='bbox 226 5752 444 5802; x_wconf 76' lang='lat' dir='ltr'><strong>nominis</strong></span> <span class='ocrx_word' id='word_1_752' title='bbox 469 5750 542 5802; x_wconf 83' lang='lat' dir='ltr'><strong>tui</strong></span> <span class='ocrx_word' id='word_1_753' title='bbox 579 5748 747 5816; x_wconf 77' lang='lat' dir='ltr'><strong>Deus,</strong></span> <span class='ocrx_word' id='word_1_754' title='bbox 794 5753 1089 5806; x_wconf 85' lang='lat' dir='ltr'><strong>cancellata</strong></span> <span class='ocrx_word' id='word_1_755' title='bbox 1136 5748 1262 5805; x_wconf 83' lang='lat' dir='ltr'><strong>sunt</strong></span> <span class='ocrx_word' id='word_1_756' title='bbox 1303 5751 1354 5803; x_wconf 90' lang='lat' dir='ltr'><strong>in</strong></span> <span class='ocrx_word' id='word_1_757' title='bbox 1389 5749 1552 5803; x_wconf 89' lang='lat' dir='ltr'><strong>veteri</strong></span> <span class='ocrx_word' id='word_1_758' title='bbox 1597 5748 1822 5814; x_wconf 83' lang='lat' dir='ltr'><strong>Codice,</strong></span> 
     </span>
    </p>
   </div>
   <div class='ocr_carea' id='block_1_107' title="bbox 232 5818 1604 5892">
    <p class='ocr_par' dir='ltr' id='par_1_107' title="bbox 232 5818 1604 5892">
     <span class='ocr_line' id='line_1_109' title="bbox 232 5818 1604 5892; baseline 0.001 -20"><span class='ocrx_word' id='word_1_759' title='bbox 232 5818 369 5874; x_wconf 71' lang='lat' dir='ltr'><strong>item</strong></span> <span class='ocrx_word' id='word_1_760' title='bbox 402 5820 536 5875; x_wconf 89' lang='lat' dir='ltr'><strong>infra</strong></span> <span class='ocrx_word' id='word_1_761' title='bbox 563 5835 661 5887; x_wconf 86' lang='lat' dir='ltr'><strong>pro</strong></span> <span class='ocrx_word' id='word_1_762' title='bbox 715 5825 942 5892; x_wconf 83' lang='lat' dir='ltr'><strong>accipias</strong></span> <span class='ocrx_word' id='word_1_763' title='bbox 960 5832 1310 5892; x_wconf 69' lang='lat' dir='ltr'><strong>,~correctum</strong></span> <span class='ocrx_word' id='word_1_764' title='bbox 1338 5821 1604 5892; x_wconf 75' lang='lat' dir='ltr'><strong>suscipiat.</strong></span> 
     </span>
    </p>
   </div>
   <div class='ocr_carea' id='block_1_108' title="bbox 1920 4633 3505 4703">
    <p class='ocr_par' dir='ltr' id='par_1_108' title="bbox 1920 4633 3505 4703">
     <span class='ocr_line' id='line_1_110' title="bbox 1920 4633 3505 4703; baseline 0.002 -14"><span class='ocrx_word' id='word_1_765' title='bbox 1920 4633 2111 4689; x_wconf 89' lang='lat' dir='ltr'><strong>altario</strong></span> <span class='ocrx_word' id='word_1_766' title='bbox 2144 4642 2234 4689; x_wconf 88' lang='lat' dir='ltr'><strong>tuo</strong></span> <span class='ocrx_word' id='word_1_767' title='bbox 2265 4633 2319 4686; x_wconf 92' lang='lat' dir='ltr'><strong>in</strong></span> <span class='ocrx_word' id='word_1_768' title='bbox 2369 4643 2661 4703; x_wconf 88' lang='lat' dir='ltr'><strong>conspectu</strong></span> <span class='ocrx_word' id='word_1_769' title='bbox 2705 4634 2900 4688; x_wconf 82' lang='lat' dir='ltr'><strong>divinae</strong></span> <span class='ocrx_word' id='word_1_770' title='bbox 2933 4633 3225 4703; x_wconf 74' lang='lat' dir='ltr'><strong>Maiestatis</strong></span> <span class='ocrx_word' id='word_1_771' title='bbox 3275 4645 3414 4701; x_wconf 69' lang='lat' dir='ltr'><strong>tute;</strong></span> <span class='ocrx_word' id='word_1_772' title='bbox 3447 4645 3505 4692; x_wconf 90' lang='lat' dir='ltr'><strong>ut</strong></span> 
     </span>
    </p>
   </div>
   <div class='ocr_carea' id='block_1_109' title="bbox 1919 4722 3495 4793">
    <p class='ocr_par' dir='ltr' id='par_1_109' title="bbox 1919 4722 3495 4793">
     <span class='ocr_line' id='line_1_111' title="bbox 1919 4722 3495 4793; baseline 0.006 -21"><span class='ocrx_word' id='word_1_773' title='bbox 1919 4732 2178 4793; x_wconf 85' lang='lat' dir='ltr'><strong>quotquot</strong></span> <span class='ocrx_word' id='word_1_774' title='bbox 2205 4737 2269 4777; x_wconf 86' lang='lat' dir='ltr'><strong>ex</strong></span> <span class='ocrx_word' id='word_1_775' title='bbox 2299 4722 2398 4776; x_wconf 85' lang='lat' dir='ltr'><strong>hac</strong></span> <span class='ocrx_word' id='word_1_776' title='bbox 2422 4722 2609 4778; x_wconf 89' lang='lat' dir='ltr'><strong>altaris</strong></span> <span class='ocrx_word' id='word_1_777' title='bbox 2648 4723 3058 4791; x_wconf 83' lang='lat' dir='ltr'><strong>participatione</strong></span> <span class='ocrx_word' id='word_1_778' title='bbox 3087 4736 3495 4782; x_wconf 84' lang='lat' dir='ltr'><strong>sacrosanctum</strong></span> 
     </span>
    </p>
   </div>
   <div class='ocr_carea' id='block_1_110' title="bbox 1899 4815 3504 4885">
    <p class='ocr_par' dir='ltr' id='par_1_110' title="bbox 1899 4815 3504 4885">
     <span class='ocr_line' id='line_1_112' title="bbox 1899 4815 3504 4885; baseline 0.003 -15"><span class='ocrx_word' id='word_1_779' title='bbox 1899 4815 2041 4870; x_wconf 85' lang='lat' dir='ltr'><strong>&#39;Filii</strong></span> <span class='ocrx_word' id='word_1_780' title='bbox 2066 4816 2135 4868; x_wconf 91' lang='lat' dir='ltr'><strong>tui</strong></span> <span class='ocrx_word' id='word_1_781' title='bbox 2156 4830 2349 4885; x_wconf 90' lang='lat' dir='ltr'><strong>corpus</strong></span> <span class='ocrx_word' id='word_1_782' title='bbox 2377 4825 2431 4868; x_wconf 89' lang='lat' dir='ltr'><strong>et</strong></span> <span class='ocrx_word' id='word_1_783' title='bbox 2457 4816 2771 4884; x_wconf 85' lang='lat' dir='ltr'><strong>sanguinem</strong></span> <span class='ocrx_word' id='word_1_784' title='bbox 2795 4817 3205 4884; x_wconf 89' lang='lat' dir='ltr'><strong>sumpserimus,</strong></span> <span class='ocrx_word' id='word_1_785' title='bbox 3232 4818 3377 4874; x_wconf 91' lang='lat' dir='ltr'><strong>omni</strong></span> <span class='ocrx_word' id='word_1_786' title='bbox 3407 4819 3504 4875; x_wconf 88' lang='lat' dir='ltr'><strong>bc-</strong></span> 
     </span>
    </p>
   </div>
   <div class='ocr_carea' id='block_1_111' title="bbox 1921 4905 3507 4980">
    <p class='ocr_par' dir='ltr' id='par_1_111' title="bbox 1921 4905 3507 4980">
     <span class='ocr_line' id='line_1_113' title="bbox 1921 4905 3507 4980; baseline 0.006 -19"><span class='ocrx_word' id='word_1_787' title='bbox 1921 4905 2221 4961; x_wconf 83' lang='lat' dir='ltr'><strong>nedictione</strong></span> <span class='ocrx_word' id='word_1_788' title='bbox 2253 4906 2450 4960; x_wconf 73' lang='lat' dir='ltr'><strong>caelesti</strong></span> <span class='ocrx_word' id='word_1_789' title='bbox 2473 4915 2527 4961; x_wconf 90' lang='lat' dir='ltr'><strong>et</strong></span> <span class='ocrx_word' id='word_1_790' title='bbox 2557 4905 2724 4976; x_wconf 82' lang='lat' dir='ltr'><strong>gratia</strong></span> <span class='ocrx_word' id='word_1_791' title='bbox 2758 4906 3085 4976; x_wconf 74' lang='lat' dir='ltr'><strong>repleantur,</strong></span> <span class='ocrx_word' id='word_1_792' title='bbox 3120 4924 3217 4980; x_wconf 90' lang='lat' dir='ltr'><strong>per</strong></span> <span class='ocrx_word' id='word_1_793' title='bbox 3236 4907 3507 4970; x_wconf 83' lang='lat' dir='ltr'><strong>Chrismm</strong></span> 
     </span>
    </p>
   </div>
   <div class='ocr_carea' id='block_1_112' title="bbox 1924 4999 2501 5056">
    <p class='ocr_par' dir='ltr' id='par_1_112' title="bbox 1924 4999 2501 5056">
     <span class='ocr_line' id='line_1_114' title="bbox 1924 4999 2501 5056; baseline 0.005 -3"><span class='ocrx_word' id='word_1_794' title='bbox 1924 4999 2204 5054; x_wconf 89' lang='lat' dir='ltr'><strong>Dominum</strong></span> <span class='ocrx_word' id='word_1_795' title='bbox 2235 5008 2501 5056; x_wconf 90' lang='lat' dir='ltr'><strong>nostrum.</strong></span> 
     </span>
    </p>
   </div>
   <div class='ocr_carea' id='block_1_113' title="bbox 1993 5093 3506 5165">
    <p class='ocr_par' dir='ltr' id='par_1_113' title="bbox 1993 5093 3506 5165">
     <span class='ocr_line' id='line_1_115' title="bbox 1993 5093 3506 5165; baseline 0.003 -18"><span class='ocrx_word' id='word_1_796' title='bbox 1993 5093 2258 5147; x_wconf 71' lang='lat' dir='ltr'><strong>Mensura</strong></span> <span class='ocrx_word' id='word_1_797' title='bbox 2287 5107 2482 5160; x_wconf 77' lang='lat' dir='ltr'><strong>E‘l&#39;lAl,</strong></span> <span class='ocrx_word' id='word_1_798' title='bbox 2530 5093 2770 5161; x_wconf 77' lang='lat' dir='ltr'><strong>Domus,</strong></span> <span class='ocrx_word' id='word_1_799' title='bbox 2815 5102 2872 5151; x_wconf 88' lang='lat' dir='ltr'><strong>et</strong></span> <span class='ocrx_word' id='word_1_800' title='bbox 2897 5109 3088 5151; x_wconf 90' lang='lat' dir='ltr'><strong>eorum</strong></span> <span class='ocrx_word' id='word_1_801' title='bbox 3133 5098 3379 5163; x_wconf 89' lang='lat' dir='ltr'><strong>nomina,</strong></span> <span class='ocrx_word' id='word_1_802' title='bbox 3415 5097 3506 5165; x_wconf 89' lang='lat' dir='ltr'><strong>qui</strong></span> 
     </span>
    </p>
   </div>
   <div class='ocr_carea' id='block_1_114' title="bbox 1925 5189 3501 5258">
    <p class='ocr_par' dir='ltr' id='par_1_114' title="bbox 1925 5189 3501 5258">
     <span class='ocr_line' id='line_1_116' title="bbox 1925 5189 3501 5258; baseline 0.001 -15"><span class='ocrx_word' id='word_1_803' title='bbox 1925 5202 2024 5243; x_wconf 90' lang='lat' dir='ltr'><strong>nos</strong></span> <span class='ocrx_word' id='word_1_804' title='bbox 2061 5194 2450 5257; x_wconf 77' lang='lat' dir='ltr'><strong>praecesserunt</strong></span> <span class='ocrx_word' id='word_1_805' title='bbox 2493 5202 2613 5242; x_wconf 91' lang='lat' dir='ltr'><strong>cum</strong></span> <span class='ocrx_word' id='word_1_806' title='bbox 2663 5189 2816 5258; x_wconf 86' lang='lat' dir='ltr'><strong>signo</strong></span> <span class='ocrx_word' id='word_1_807' title='bbox 2863 5189 2986 5245; x_wconf 88' lang='lat' dir='ltr'><strong>fidei</strong></span> <span class='ocrx_word' id='word_1_808' title='bbox 3038 5200 3094 5245; x_wconf 90' lang='lat' dir='ltr'><strong>et</strong></span> <span class='ocrx_word' id='word_1_809' title='bbox 3144 5189 3417 5245; x_wconf 90' lang='lat' dir='ltr'><strong>dormiunt</strong></span> <span class='ocrx_word' id='word_1_810' title='bbox 3447 5190 3501 5245; x_wconf 90' lang='lat' dir='ltr'><strong>in</strong></span> 
     </span>
    </p>
   </div>
   <div class='ocr_carea' id='block_1_115' title="bbox 1921 5281 3505 5353">
    <p class='ocr_par' dir='ltr' id='par_1_115' title="bbox 1921 5281 3505 5353">
     <span class='ocr_line' id='line_1_117' title="bbox 1921 5281 3505 5353; baseline 0.001 -15"><span class='ocrx_word' id='word_1_811' title='bbox 1921 5296 2114 5338; x_wconf 90' lang='lat' dir='ltr'><strong>somno</strong></span> <span class='ocrx_word' id='word_1_812' title='bbox 2156 5281 2323 5352; x_wconf 89' lang='lat' dir='ltr'><strong>pacis.</strong></span> <span class='ocrx_word' id='word_1_813' title='bbox 2370 5281 2794 5336; x_wconf 84' lang='lat' dir='ltr'><strong>Commemoratio</strong></span> <span class='ocrx_word' id='word_1_814' title='bbox 2835 5282 3218 5353; x_wconf 80' lang='lat' dir='ltr'><strong>defunctorum.</strong></span> <span class='ocrx_word' id='word_1_815' title='bbox 3274 5282 3402 5352; x_wconf 82' lang='lat' dir='ltr'><strong>Ipsis</strong></span> <span class='ocrx_word' id='word_1_816' title='bbox 3451 5293 3505 5339; x_wconf 88' lang='lat' dir='ltr'><strong>et</strong></span> 
     </span>
    </p>
   </div>
   <div class='ocr_carea' id='block_1_116' title="bbox 1999 5396 3110 5466">
    <p class='ocr_par' dir='ltr' id='par_1_116' title="bbox 1999 5396 3110 5466">
     <span class='ocr_line' id='line_1_118' title="bbox 1999 5396 3110 5466; baseline 0 -14"><span class='ocrx_word' id='word_1_817' title='bbox 1999 5407 2020 5435; x_wconf 80' lang='grc' dir='ltr'><strong>ο</strong></span> <span class='ocrx_word' id='word_1_818' title='bbox 2045 5397 2120 5453; x_wconf 87' lang='lat' dir='ltr'><strong>ita</strong></span> <span class='ocrx_word' id='word_1_819' title='bbox 2152 5396 2402 5466; x_wconf 86' lang='lat' dir='ltr'><strong>primaria</strong></span> <span class='ocrx_word' id='word_1_820' title='bbox 2439 5412 2627 5462; x_wconf 84' lang='lat' dir='ltr'><strong>manu;</strong></span> <span class='ocrx_word' id='word_1_821' title='bbox 2656 5397 3002 5464; x_wconf 85' lang='lat' dir='ltr'><strong>secundaria,</strong></span> <span class='ocrx_word' id='word_1_822' title='bbox 3035 5399 3110 5452; x_wconf 76' lang='lat' dir='ltr'><strong>ut.</strong></span> 
     </span>
    </p>
   </div>
   <div class='ocr_carea' id='block_1_117' title="bbox 1998 5465 3514 5540">
    <p class='ocr_par' dir='ltr' id='par_1_117' title="bbox 1998 5465 3514 5540">
     <span class='ocr_line' id='line_1_119' title="bbox 1998 5465 3514 5540; baseline 0.003 -16"><span class='ocrx_word' id='word_1_823' title='bbox 1998 5465 2181 5536; x_wconf 69' lang='lat' dir='ltr'><strong>d-Quaz</strong></span> <span class='ocrx_word' id='word_1_824' title='bbox 2202 5467 2521 5540; x_wconf 88' lang='lat' dir='ltr'><strong>maiusculis</strong></span> <span class='ocrx_word' id='word_1_825' title='bbox 2552 5468 2637 5523; x_wconf 89' lang='lat' dir='ltr'><strong>hic</strong></span> <span class='ocrx_word' id='word_1_826' title='bbox 2665 5468 2858 5523; x_wconf 87' lang='lat' dir='ltr'><strong>litteris</strong></span> <span class='ocrx_word' id='word_1_827' title='bbox 2886 5467 3027 5523; x_wconf 89' lang='lat' dir='ltr'><strong>edita</strong></span> <span class='ocrx_word' id='word_1_828' title='bbox 3055 5479 3202 5535; x_wconf 89' lang='lat' dir='ltr'><strong>sunt,</strong></span> <span class='ocrx_word' id='word_1_829' title='bbox 3233 5469 3400 5526; x_wconf 92' lang='lat' dir='ltr'><strong>minio</strong></span> <span class='ocrx_word' id='word_1_830' title='bbox 3426 5471 3514 5529; x_wconf 88' lang='lat' dir='ltr'><strong>de-</strong></span> 
     </span>
    </p>
   </div>
   <div class='ocr_carea' id='block_1_118' title="bbox 1927 5540 2948 5611">
    <p class='ocr_par' dir='ltr' id='par_1_118' title="bbox 1927 5540 2948 5611">
     <span class='ocr_line' id='line_1_120' title="bbox 1927 5540 2948 5611; baseline -0.001 -18"><span class='ocrx_word' id='word_1_831' title='bbox 1927 5540 2069 5611; x_wconf 78' lang='lat' dir='ltr'><strong>picta</strong></span> <span class='ocrx_word' id='word_1_832' title='bbox 2094 5548 2307 5595; x_wconf 78' lang='lat' dir='ltr'><strong>exstant</strong></span> <span class='ocrx_word' id='word_1_833' title='bbox 2338 5540 2389 5594; x_wconf 93' lang='lat' dir='ltr'><strong>in</strong></span> <span class='ocrx_word' id='word_1_834' title='bbox 2421 5549 2607 5594; x_wconf 80' lang='lat' dir='ltr'><strong>vetere</strong></span> <span class='ocrx_word' id='word_1_835' title='bbox 2629 5540 2948 5611; x_wconf 85' lang='lat' dir='ltr'><strong>exemplari.</strong></span> 
     </span>
    </p>
   </div>
   <div class='ocr_carea' id='block_1_119' title="bbox 2003 5610 3513 5680">
    <p class='ocr_par' dir='ltr' id='par_1_119' title="bbox 2003 5610 3513 5680">
     <span class='ocr_line' id='line_1_121' title="bbox 2003 5610 3513 5680; baseline 0.002 -14"><span class='ocrx_word' id='word_1_836' title='bbox 2003 5622 2028 5649; x_wconf 73' lang='grc' dir='ltr'>ε</span> <span class='ocrx_word' id='word_1_837' title='bbox 2054 5611 2304 5666; x_wconf 88' lang='lat' dir='ltr'><strong>Additum</strong></span> <span class='ocrx_word' id='word_1_838' title='bbox 2329 5619 2444 5666; x_wconf 89' lang='lat' dir='ltr'><strong>erat</strong></span> <span class='ocrx_word' id='word_1_839' title='bbox 2468 5611 2654 5677; x_wconf 79' lang='lat' dir='ltr'><strong>sancti,</strong></span> <span class='ocrx_word' id='word_1_840' title='bbox 2687 5610 2780 5664; x_wconf 89' lang='lat' dir='ltr'><strong>sed</strong></span> <span class='ocrx_word' id='word_1_841' title='bbox 2812 5623 2996 5680; x_wconf 84' lang='lat' dir='ltr'><strong>postea</strong></span> <span class='ocrx_word' id='word_1_842' title='bbox 3021 5610 3191 5666; x_wconf 89' lang='lat' dir='ltr'><strong>tribus</strong></span> <span class='ocrx_word' id='word_1_843' title='bbox 3219 5611 3390 5668; x_wconf 82' lang='lat' dir='ltr'><strong>obelis</strong></span> <span class='ocrx_word' id='word_1_844' title='bbox 3417 5627 3513 5669; x_wconf 79' lang='lat' dir='ltr'><strong>ex-</strong></span> 
     </span>
    </p>
   </div>
   <div class='ocr_carea' id='block_1_120' title="bbox 1931 5693 2210 5751">
    <p class='ocr_par' dir='ltr' id='par_1_120' title="bbox 1931 5693 2210 5751">
     <span class='ocr_line' id='line_1_122' title="bbox 1931 5693 2210 5751; baseline 0 -15"><span class='ocrx_word' id='word_1_845' title='bbox 1931 5693 2210 5751; x_wconf 83' lang='lat' dir='ltr'><strong>punctum.</strong></span> 
     </span>
    </p>
   </div>
   <div class='ocr_carea' id='block_1_121' title="bbox 1965 5751 3516 5878">
    <p class='ocr_par' dir='ltr' id='par_1_121' title="bbox 1965 5751 3516 5878">
     <span class='ocr_line' id='line_1_123' title="bbox 1965 5751 3516 5878; baseline 0.001 -72"><span class='ocrx_word' id='word_1_846' title='bbox 1965 5753 2028 5876; x_wconf 52' lang='lat' dir='ltr'><strong>Mf</strong></span> <span class='ocrx_word' id='word_1_847' title='bbox 2055 5752 2306 5878; x_wconf 48' lang='grc' dir='ltr'><strong>(ἓῗᾳιτθιξι</strong></span> <span class='ocrx_word' id='word_1_848' title='bbox 2331 5767 2605 5809; x_wconf 90' lang='lat' dir='ltr'><strong>nonnemo</strong></span> <span class='ocrx_word' id='word_1_849' title='bbox 2637 5751 2852 5823; x_wconf 87' lang='lat' dir='ltr'><strong>antiqua</strong></span> <span class='ocrx_word' id='word_1_850' title='bbox 2881 5768 3064 5826; x_wconf 87' lang='lat' dir='ltr'><strong>manu,</strong></span> <span class='ocrx_word' id='word_1_851' title='bbox 3091 5754 3303 5823; x_wconf 80' lang='lat' dir='ltr'><strong>utalia,</strong></span> <span class='ocrx_word' id='word_1_852' title='bbox 3350 5755 3516 5821; x_wconf 74' lang='lat' dir='ltr'><strong>respi-</strong></span> 
     </span>
     <span class='ocr_line' id='line_1_124' title="bbox 2010 5835 2322 5878; baseline -0.006 0"><span class='ocrx_word' id='word_1_853' title='bbox 2010 5840 2049 5878; x_wconf 64' lang='grc' dir='ltr'>τ</span> <span class='ocrx_word' id='word_1_854' title='bbox 2115 5835 2322 5878; x_wconf 76' lang='lat' dir='ltr'><strong>mem.</strong></span> 
     </span>
    </p>
   </div>
   <div class='ocr_carea' id='block_1_122' title="bbox 1936 5835 2322 5893">
    <p class='ocr_par' dir='ltr' id='par_1_122' title="bbox 1936 5835 2322 5893">
     <span class='ocr_line' id='line_1_125' title="bbox 1936 5835 2322 5893; baseline 0.01 -20"><span class='ocrx_word' id='word_1_855' title='bbox 1936 5835 2049 5878; x_wconf 72' lang='lat' dir='ltr'><strong>cere</strong></span> <span class='ocrx_word' id='word_1_856' title='bbox 2076 5835 2322 5893; x_wconf 71' lang='lat' dir='ltr'><strong>digneris.</strong></span> 
     </span>
    </p>
   </div>
  </div>
