4060 6346
548 289 652 351 455
1244 274 1589 339 RPP-ENDIX
1631 273 1719 333 AD
1763 269 1996 327 OPERA
2038 261 2288 324 SANCTI
2325 258 2646 319 GERMANII
2687 255 3145 316 PABISIENSIS.
3748 248 3878 309 ‘56

548 408 798 465 omnibus
846 403 901 460 in
929 400 1144 458 Christo
1183 397 1588 469 quiescentibus
1619 394 1795 448 locum
1826 385 2090 457 refrigerii
2116 428 2132 454 ,
2163 385 2220 446 Α
2245 381 2458 451 pidibus
2486 421 2503 447 ,
2531 388 2585 434 et
2613 378 2731 448 ejus
2769 377 2983 449 agmina
3013 384 3337 469 sanctorum
3362 373 3634 442 sanguine
3680 372 3836 442 pingi
3859 389 3881 434 ;

547 463 704 569 lucis,
740 509 795 556 et
842 498 989 568 pacis
1035 505 1092 550 ut
1131 463 1408 564 indulgeas
1449 492 1819 559 deprecamur,
1863 498 1958 554 per
1984 479 2140 537 Chri—
2245 473 2416 528 libera
2444 486 2544 526 nos
2572 483 2666 526 tuo
2693 469 2868 524 valido
2899 469 3144 535 brachio,
3179 476 3233 522 et
3262 466 3417 520 salva
3448 479 3554 520 nos
3581 478 3688 534 per
3710 463 3884 518 atmi-

726 555 1011 650 σοηξίηυηι
1036 555 1310 643 nostrum:
1524 555 1534 559 -
2244 563 2504 618 liatricem
2525 562 2800 617 dexteram
2821 571 2986 628 tuam,
3008 568 3064 613 et
3083 558 3318 614 defende
3349 559 3404 611 in
3427 555 3589 610 nobis
3615 555 3886 626 precium

622 687 781 742 Nonis
807 697 1022 754 quoque
1055 678 1427 750 peccatoribus
1459 675 1672 730 famulis
1702 673 1825 737 tuis,
1857 671 1927 726 de
1957 667 2146 726 multi-

2293 653 2475 710 reciosi
2503 653 2776 724 sanguinis
2801 653 2899 714 tui,
2931 665 3068 720 quos
3095 650 3396 705 redemiSti.
3429 650 3539 705 Per

555 780 743 837 tudine
794 741 1199 831 miserationum
1251 780 1458 824 tuarum
1508 765 1881 837 sperantibus,
1936 771 2144 831 partem
2330 832 2382 837 __
2456 831 2467 837 .
2528 829 2540 837 _
2644 741 3110 837 Gloriflfdinissant
3135 741 3455 837 decantanda.

561 873 795 943 aliquam
832 865 1108 923 societatis
1153 864 1355 919 donare
1382 861 1616 932 digneris
1645 873 1768 913 cum
1800 857 1906 910 tuis
1947 852 2148 908 sanctis

2321 831 2502 887 Gloria
2527 829 2581 884 in
2639 829 2870 884 excelsis
2901 828 3032 894 Deo,
3060 835 3116 883 et
3175 828 3228 882 in
3282 835 3427 882 terra
3460 841 3576 896 pax
3632 826 3880 880 homini-

2334 927 2398 943 γι
2427 941 2438 943 -
2909 924 2926 943 .
2955 923 3207 943 ___.-A____
3241 932 3287 943 ._
3361 922 3750 943 μμλμ-η,
3783 933 3822 943 ,Α

561 922 824 1035 ορξειοιίε
845 969 900 1015 et
924 956 1268 1029 martyribus,
1296 970 1415 1009 cum
1437 922 1716 1016 :lohanne,
1742 948 1985 1011 Stefano,
2018 945 2148 1000 Mat-

2293 942 2352 982 us
2379 927 2533 982 bonze
2566 925 2878 981 voluntatis.
2907 923 3210 979 Laudamus
3241 932 3292 978 te
3313 963 3328 988 ,
3361 922 3752 978 benedicimus
3783 933 3828 976 te
3853 963 3874 984 ,

2311 1019 2352 1035 ,κ
2405 1034 2450 1035 η
2505 1033 2544 1035 is
2593 1026 2637 1035 ._
2727 1016 2952 1035 μιητιιη
3121 1027 3167 1035 ._
3243 1013 3454 1035 n_-.2-_
3508 1015 3730 1035 -_:____-
3783 1013 3874 1035 ,τις

563 1013 1105 1121 iniit-mvjiiarnaban,
1156 1013 1403 1119 lgnacio,
1456 1013 1787 1106 Alexandro,
1819 1038 2147 1103 Marcellino,
2255 1019 2548 1074 adoramus
2593 1026 2676 1083 ιθ.
2721 1016 3087 1121 glorificamus
3120 1027 3192 1070 te.
3243 1013 3456 1121 Gratias
3505 1015 3732 1121 agimus
3783 1013 3882 1065 tibi

560 1107 754 1211 Petro;
772 1145 1054 1212 Perpetua,
1081 1107 1251 1209 Agne,
1285 1136 1489 1200 Cicilia,
1517 1134 1817 1198 Felicitate,
1841 1128 2150 1194 Anastasia,

2293 1123 2490 1181 iropter
2538 1125 2784 1180 magnam
2837 1109 3060 1180 gloriam
3103 1119 3270 1175 tuam,
3308 1107 3533 1162 Domine
3564 1108 3741 1170 Deus,
3785 1121 3878 1159 rex

559 1239 787 1309 Agathe,
821 1235 1016 1299 Lucia,
1067 1231 1302 1302 Eogenia
1329 1240 1352 1266 α
1372 1269 1389 1296 ,
1423 1238 1478 1283 et
1518 1242 1641 1283 cum
1673 1224 1924 1280 omnibus
1951 1221 2154 1276 sanctis

2293 1204 2519 1268 adestis,
2552 1203 2694 1257 Deus
2730 1202 2888 1256 Pater
2933 1202 3292 1270 omnipotens.
3334 1199 3590 1263 Domine,
3616 1197 3730 1252 Fili
3761 1199 3884 1250 uni-

559 1333 685 1397 tuis,
720 1331 858 1385 intra
879 1342 1105 1397 quorum
1136 1340 1233 1382 nos
1254 1323 1592 1381 consortium
1615 1336 1721 1376 non
1751 1320 2002 1373 stimator
2034 1330 2153 1370 me-

2295 1299 2435 1353 enite
2463 1297 2589 1352 Jesu
2613 1296 2848 1361 Christe,
2901 1295 3126 1349 Domine
3151 1295 3313 1358 Deus,
3344 1307 3512 1364 agnus
3539 1292 3670 1354 Dei,
3702 1290 3876 1345 Filius

560 1383 689 1491 riti,
745 1423 841 1479 sed
894 1383 1065 1478 ienize
1107 1432 1421 1490 quaesumus
1469 1416 1691 1486 largitor
1747 1411 2000 1477 admitte,
2062 1423 2158 1478 per
2258 1391 2457 1491 Ρῆξξίδο
2490 1389 2591 1458 Ουί
2626 1389 2767 1443 ῑοιιίε
2792 1387 3222 1491 Eccam-muti“
3254 1386 3516 1442 miserere
3549 1385 3748 1448 ηοδῖει
3779 1383 3876 1453 qui

559 1479 832 1571 animum
867 1479 1154 1569 Dominuu'l
1184 1521 1453 1566 Domum.
1552 1479 1577 1486 ”
2259 1483 2404 1538 tollis
2430 1491 2646 1552 peccata
2672 1481 2857 1536 mundi
2883 1480 3098 1550 suscipe
3118 1479 3564 1548 deprecationem
3594 1485 3878 1531 nostram.

634 1611 743 1664 Pen
770 1623 914 1674 quem
943 1621 1063 1661 nec
1085 1620 1273 1671 OMNIA,
1304 1604 1552 1669 Domine,
1581 1614 1798 1669 semper
1820 1613 1958 1653 nona
1980 1611 2155 1662 creas,
2261 1577 2362 1674 Qui
2389 1576 2545 1632 δθάθε
2570 1575 2635 1630 ad
2663 1576 2938 1630 ἀθιιθηπι
2971 1575 3164 1674 Ρθῐτίξν
3201 1574 3462 1674 ωίξθτεῑςθ
3492 1572 3686 1628 Ποδίε·
3729 1571 3881 1636 Ουο·

563 1704 602 1775 ἰ-
634 1703 963 1766 sanctiﬁcas,
1017 1699 1354 1769 fviviticas,
1404 1695 1778 1768 fbenedicis,
1827 1704 1889 1748 et
1932 1697 2159 1761 praestas

2293 1668 2404 1722 liam
2437 1677 2492 1721 tu
2535 1671 2680 1722 solus
2709 1677 2945 1730 sanctus,
2980 1678 3034 1720 tu
3066 1667 3214 1721 solus
3271 1665 3569 1730 Dominus,
3619 1673 3685 1717 tu
3731 1664 3884 1717 solas

2297 1759 2428 1775 ιιογμ·
2471 1773 2543 1775 ηη
2583 1757 2787 1775 ΙΑ-ν1ηικ
2815 1758 2927 1775 A9-.-
2995 1772 3102 1775 -A____
3131 1765 3309 1775 _-__-._
3339 1754 3540 1775 D_:_!‘--
3570 1754 3619 1775 2..
3652 1752 3880 1775 _I-_1-__

564 1752 740 1855 nobis.
779 1793 881 1849 Per
914 1752 1088 1862 ipsum
1114 1831 1130 1857 ,
1181 1799 1237 1846 et
1270 1752 1390 1845 cum
1418 1752 1558 1857 ipso,
1589 1796 1644 1841 et
1693 1752 1912 1854 in'ipso
1933 1752 2023 1838 est
2065 1780 2158 1836 tibi
2188 1770 2237 1830 Β
2262 1759 2554 1862 ξίίοδξξῐηυξ
2573 1757 2956 1862 δθξυωπίδῑθν
2987 1772 3108 1812 cum
3129 1765 3316 1811 ⁸³ηοίο
3339 1754 3544 1825 5PM“l
3570 1754 3624 1808 in
3647 1752 3886 1824 ειοτὶειιι

565 1889 678 1944 Deo
707 1888 850 1941 Patri
872 1849 1231 1955 omnipotenti
1256 1883 1308 1936 in
1334 1881 1537 1935 unitate
1560 1877 1791 1947 Spiritus
1814 1849 1984 1929 sancti
2004 1885 2162 1927 oums
2270 1850 2380 1955 De:
2395 1849 2794 1952 Pa‘l'is-.A"‘e‘f
2820 1859 2865 1903 θ’

573 1938 1054 2048 ᾕοηοιξέζεὶᾷνίαῖ
1089 1989 1184 2043 per
1214 1972 1392 2028 omnia
1417 1938 1616 2025 εκουιέ
1637 1967 1982 2023 saeculorum.
2340 1941 2499 2006 Deus,
2531 1940 2618 1995 cui
2651 1941 2846 1995 merito
2871 1948 2924 1995 et
2946 1940 3000 1994 in
3025 1939 3274 2008 excelsis,
3301 1948 3356 1995 et
3383 1939 3433 1994 in
3461 1949 3603 1995 terra
3622 1979 3637 2003 ,
3666 1938 3881 1991 utrius-

652 2070 841 2124 Divino
856 2033 1181 2138 ‘magisterio
1211 2064 1384 2120 edocti
1425 2072 1478 2117 et
1505 2059 1683 2116 divina
1716 2057 2050 2114 institutione
2073 2068 2167 2108 au-

2293 2049 2373 2104 lue
2405 2033 2508 2089 loci
2543 2033 2732 2088 incolis
2759 2034 2927 2103 gloria
2965 2034 3308 2098 decantatur;
3347 2034 3438 2103 qui
3465 2047 3658 2104 pacem
3710 2040 3882 2092 tuam,

572 2163 761 2218 demus
782 2162 966 2217 dicere
986 2158 1013 2197 ι)
1042 2178 1054 2212 :
1089 2158 1269 2213 Pater.

1134 2251 1251 2300 Post
1272 2255 1411 2300 Pater
1434 2253 1608 2300 noster.

642 2339 834 2394 Libera
887 2352 1020 2404 nos,
1054 2336 1301 2400 Domine,
1335 2335 1402 2387 ab
1449 2332 1597 2386 omni
1629 2330 1809 2392 malo,
1860 2324 2165 2397 praeterito,

577 2428 827 2500 praesenti
851 2470 866 2494 ,
898 2438 952 2483 et
978 2429 1189 2492 futuro,
1219 2436 1272 2481 et
1302 2422 1669 2478 intercedente
1698 2434 1798 2489 pro
1830 2417 1984 2472 nobis
2011 2415 2170 2470 beata

573 2533 626 2576 et
654 2509 882 2590 glo'r'iosa
914 2532 1234 2588 semperque
1258 2515 1464 2585 virgine
1487 2513 1650 2568 Maria
1685 2522 1737 2578 ο,
1771 2518 1827 2565 et
1853 2509 2023 2564 beatis
2044 2521 2174 2577 apo-

574 2613 726 2668 stolis
755 2613 914 2667 Petro
961 2621 1016 2665 et
1056 2609 1226 2664 Paulo
1248 2650 1261 2672 ,
1295 2607 1362 2661 da
1406 2605 1680 2677 propicius
1712 2617 1900 2672 pacem
1932 2609 2079 2656 tuam
2111 2600 2168 2656 in

577 2706 764 2762 diebus
796 2704 1030 2768 nostris;
1065 2710 1123 2757 ut
1151 2716 1254 2769 ope
1295 2699 1684 2755 misericordiae
1715 2707 1819 2751 ture
1846 2695 2036 2764 adiuti,
2065 2703 2119 2750 et
2139 2707 2171 2749 a

578 2806 795 2869 peccato
823 2797 991 2852 simus
1021 2807 1242 2865 semper
1286 2792 1466 2857 liberi,
1515 2799 1570 2846 et
1600 2791 1668 2846 ab
1708 2787 1857 2844 omni
1885 2785 2172 2858 perturba-

581 2891 726 2945 tione
754 2887 957 2945 securi.

1095 2978 1220 3029 Post
1239 2975 1648 3028 communionem.

650 3089 796 3159 Quos
824 3086 1048 3152 caelesti,
1073 3084 1319 3149 Domine,
1353 3082 1494 3137 dono
1526 3079 1764 3145 saciasti,
1798 3085 1998 3150 praesta
2026 3090 2174 3145 quae-

584 3156 784 3247 sumus,
805 3190 863 3235 ut
885 3194 914 3232 a
939 3177 1140 3233 nostris
1161 3173 1482 3231 mundemur
1499 3170 1747 3239 occultis,
1773 3169 1914 3226 etab
1937 3168 2174 3225 hostium
2201 3156 2248 3220 C

585 3271 869 3328 liberemur
890 3269 1118 3324 insidiis.

1115 3355 1474 3408 Consummatio
1497 3353 1694 3411 missa!

658 3467 869 3523 Gratias
900 3467 996 3521 tibi
1023 3467 1253 3538 agimus,
1306 3463 1532 3519 Domine
1555 3469 1768 3526 sancte,
1815 3459 1979 3514 Pater
2010 3458 2183 3513 omni-

586 3573 808 3632 potens,
854 3570 1060 3616 azterne
1093 3559 1257 3621 Deus,
1291 3557 1383 3625 qui
1413 3569 1511 3610 nos
1541 3553 1788 3622 corporis
1829 3561 1884 3606 et
1911 3549 2183 3621 sanguinis

587 3652 783 3709 Christi
808 3652 926 3708 Filii
950 3654 1022 3706 tui
1045 3647 1424 3705 communione
1452 3646 1663 3701 saciasti
1683 3687 1698 3709 ,
1731 3655 1980 3712 tuamque
2026 3645 2188 3698 mise-

589 3747 876 3802 ricordiam
900 3745 1176 3799 humiliter
1197 3741 1562 3812 postolamus;
1591 3747 1649 3793 ut
1671 3738 1774 3792 hoc
1804 3744 1975 3801 tuum,
2006 3735 2186 3790 Domi—

591 3838 1113 3912 ne,_Sacramentum
1163 3851 1270 3890 non
1317 3835 1389 3888 sit
1435 3832 1588 3887 nobis
1615 3841 1796 3886 reatus
1835 3829 1900 3884 ad
1946 3844 2182 3899 ptenam,

594 3930 690 3985 sed
721 3930 791 3984 sit
836 3930 1151 3985 intercessio
1179 3927 1426 3981 salutaris
1477 3925 1543 3979 ad
1589 3926 1831 3989 veniam;
1871 3925 1942 3978 sit
1987 3922 2188 3978 ablutio

594 4022 891 4087 scelerum,
925 4020 997 4073 sit
1033 4018 1288 4074 fortitudo
1318 4017 1581 4087 fragilium
1614 4056 1629 4081 ,
1664 4016 1734 4069 sit
1779 4023 1965 4070 contra
2008 4010 2190 4068 mundi

597 4114 832 4187 pericola
861 4114 1276 4169 firmamentum.
1296 4109 1421 4165 Haec
1445 4125 1567 4176 nos,
1601 4108 1856 4174 Domine,
1880 4109 2190 4163 communio

599 4219 791 4279 purget
816 4225 845 4264 a
873 4209 1115 4273 crimine,
1146 4217 1195 4263 et
1229 4207 1460 4263 czelestis
1487 4203 1670 4277 gaudii
1696 4203 1900 4259 tribuat
1921 4218 2041 4260 esse
2072 4217 2192 4274 par-

605 4303 696 4359 tici
705 4317 818 4374 pes.
851 4301 974 4358 Per.

673 4399 678 4406 -
705 4368 719 4374 ’
1162 4371 1352 4421 Dicitur
1379 4373 1487 4433 post
1508 4368 1638 4419 Δέος.

674 4479 774 4549 Τιι,
803 4492 1014 4535 summe
1035 4477 1198 4546 Dens,
1221 4476 1355 4541 aios,
1378 4476 1492 4544 ipse
1523 4481 1743 4528 sanctus
1764 4468 1818 4537 δ,
1850 4472 2191 4542 omnipotens

603 4575 859 4639 Sabaoth,
889 4573 978 4643 qui
1022 4572 1213 4628 venisti
1244 4571 1310 4626 ab
1343 4567 1569 4624 excelsis
1603 4568 1709 4636 pati
1741 4582 1837 4636 pro
1877 4565 2054 4632 nobis,
2086 4565 2186 4619 mi-

604 4683 785 4726 serere
829 4668 1014 4733 nobis,
1049 4676 1102 4721 tu
1138 4665 1292 4720 trime
1324 4663 1575 4733 potentiae
1618 4661 1777 4715 Pater
1825 4659 2044 4730 inclyte,
2097 4655 2190 4727 qui

603 4764 800 4820 moenia
829 4760 1275 4818 excellentissima
1308 4754 1642 4813 Hierusalem
1675 4753 1871 4808 divinis
1899 4766 2062 4806 ornas
2111 4750 2190 4804 la-

679 4906 705 4933 ιι
729 4897 908 4952 Altera
932 4909 1112 4961 manu,
1144 4891 1321 4957 Petro,
1347 4888 1635 4956 Felicitate,
1669 4887 1945 4956 Perpetua,
1974 4884 2193 4954 Agathe,

606 4975 1086 5093 Aggeh’ltﬁtecndatum
1112 5053 1126 5089 :
1164 5036 1400 5089 Oremus.
1433 5030 1711 5098 Pra’ceptis
1740 5028 2050 5084 salutaribus
2080 5043 2193 5080 mo-

607 5110 720 5175 niti,
772 5118 818 5163 et
859 5108 1032 5162 divina
1085 5107 1409 5175 institutione
1459 5103 1665 5175 formati
1713 5101 1959 5155 audemus
2003 5098 2192 5153 dicere.

607 5173 725 5237 Alia
757 5181 982 5234 formula
1013 5187 1096 5233 est
1124 5178 1343 5231 Ordinis
1373 5173 1654 5228 Gallicani.

685 5264 707 5292 ο
732 5252 983 5306 Additum
1016 5249 1249 5303 secunda
1281 5261 1460 5309 manu,
1492 5243 1589 5297 Dei
1618 5244 1883 5313 genitrice.

679 5323 1001 5387 “Fortasse,
1045 5320 1098 5372 id
1142 5330 1211 5373 est
1262 5319 1507 5382 Sanctus,
1553 5316 1694 5384 quod
1739 5323 1887 5369 esset
1929 5313 2197 5382 glossema

609 5394 853 5465 vocabuli
878 5392 1042 5465 ἅγιος.

690 5474 714 5502 ο
737 5453 1009 5536 Nullaiiic
1037 5461 1243 5536 mentio
1273 5459 1349 5536 de
1370 5456 1760 5536 Symbolo_CP.
1791 5455 1935 5536 quod_
1965 5453 2196 5536 ﬂoruisse

612 5543 724 5592 tum
757 5536 808 5588 in
840 5535 999 5589 missa
1033 5533 1304 5588 Gallicana
1337 5525 1478 5583 haud
1531 5526 1869 5580 recitaretur.
1917 5525 1995 5581 ln‘
2017 5525 2196 5580 Africa

613 5616 857 5673 tempore
888 5603 1162 5672 Augustini
1194 5602 1508 5673 Symbolum
1553 5599 1619 5650 ad
1652 5598 1872 5651 missam
1903 5597 2192 5673 __n_ou_reci-

615 5667 853 5743 tabatur,
883 5686 939 5728 ut
968 5667 1136 5728 oratio
1180 5667 1477 5734 Dominica,
1528 5682 1594 5722 ex
1623 5683 1872 5724 sermone
1900 5667 1968 5721 58
1993 5667 2059 5722 ad
2102 5682 2198 5738 po-

615 5749 821 5819 pulum,
856 5761 1002 5819 num.
1033 5746 1106 5819 '12
1122 5757 1175 5799 et
1202 5744 1288 5798 15.

695 5816 713 5856 ί
738 5817 865 5885 ilic,
899 5816 973 5871 uti
1003 5823 1058 5872 et
1096 5817 1148 5872 in
1179 5814 1443 5886 superiori
1469 5813 1712 5882 Cantico,
1742 5809 2065 5867 volumtatis.
2091 5808 2195 5877 Qui

2223 4535 2271 4596 D

2271 2141 2378 2182 non
2414 2127 2468 2181 in
2513 2125 2818 2190 malibolis,
2865 2125 2960 2180 sed
2990 2133 3046 2180 et
3074 2125 3127 2178 in
3156 2125 3475 2179 homenibus
3500 2123 3664 2178 bona:
3703 2123 3886 2175 volun-

2272 2216 2441 2272 tatisf
2495 2230 2615 2271 esse
2672 2217 2920 2281 testaris;
2971 2226 3022 2271 te
3056 2224 3276 2271 orantes
3317 2215 3635 2276 laudamus,
3669 2214 3888 2280 tibique

2282 2318 2499 2377 agentes
2530 2305 2728 2377 gratias
2758 2306 3153 2376 supplicamus;
3188 2313 3249 2359 ut
3281 2306 3369 2374 qui
3400 2303 3452 2380 i_n
3488 2314 3540 2358 te
3571 2305 3888 2371 suscipiens

2273 2400 2457 2455 mundi
2487 2409 2726 2470 peccata,
2775 2409 2996 2471 purgata
3022 2383 3244 2468 delesti,
3299 2399 3564 2469 suscipias
3619 2413 3687 2452 ex
3746 2398 3886 2450 done

2273 2499 2368 2546 tuo
2396 2491 2488 2546 tibi
2519 2492 2742 2561 placita,
2775 2501 2830 2546 et
2857 2500 3099 2561 atnpotes
3130 2505 3291 2559 prava
3327 2487 3609 2544 desideria
3648 2498 3886 2542 nostra:

2274 2585 2547 2653 simulque
2597 2592 2790 2654 praesta
2837 2593 2894 2638 ut
2926 2593 3248 2654 praesentem
3287 2581 3432 2637 diem
3462 2590 3517 2637 te
3559 2589 3886 2651 protegente

2276 2679 2394 2736 sine
2423 2689 2646 2751 peccato
2674 2680 2972 2750 transigere
3003 2693 3327 2735 mereamur.

2943 2771 3067 2822 Item
3096 2771 3206 2819 alia.

2350 2854 2512 2922 Deus,
2546 2856 2630 2911 cui
2659 2855 2873 2920 merito,
2905 2862 2960 2909 et
3006 2853 3178 2923 angeli
3213 2854 3265 2908 in
3314 2851 3487 2919 castis,
3534 2859 3590 2905 et
3624 2850 3880 2906 homines

2277 2951 2338 3007 in
2365 2957 2509 3004 terra
2530 2948 2714 3003 debito
2738 2944 2992 3002 famolato
3022 2944 3380 3008 conlaudant;
3431 2941 3588 3012 cujus
3636 2950 3886 2997 sanctum

2278 3055 2475 3098 nomen
2524 3054 2690 3109 super
2719 3053 2878 3093 omne
2924 3052 3117 3093 nomen
3148 3036 3439 3091 exaltatum
3468 3033 3634 3089 ﬁdele
3679 3033 3886 3088 exulta-

2281 3135 2428 3189 tione
2451 3132 2872 3197 concelebrant;
2908 3139 3098 3201 praesta
3128 3129 3282 3185 nobis
3299 3128 3510 3184 famolis
3535 3127 3666 3195 tuis,
3695 3126 3885 3182 eﬂectu

2287 3224 2378 3280 tibi
2412 3226 2678 3280 bonorum
2706 3238 2931 3293 operum
2961 3223 3357 3293 pr0pinquare,
3389 3231 3550 3291 teque
3577 3220 3696 3274 vita
3725 3218 3881 3275 simul

2282 3324 2339 3370 et
2367 3329 2498 3371 voce
2541 3314 2778 3380 laudare,
2813 3324 3069 3382 tuamque
3113 3312 3537 3368 misericordiam
3582 3311 3751 3366 rectis
3795 3323 3883 3363 ac-

2285 3408 2425 3463 tibus
2455 3407 2759 3475 inpetrare;
2794 3416 2852 3458 ut
2879 3403 3169 3458 universus
3214 3402 3304 3458 hic
3340 3401 3590 3472 p0pulus,
3617 3401 3714 3468 qui
3735 3414 3883 3470 ange-

2284 3501 2365 3555 los
2393 3509 2510 3554 tuos
2549 3498 2879 3567 aequiperare
2933 3495 3264 3565 conﬁtendo,
3307 3495 3500 3550 sectari
3539 3502 3883 3564 quoquestu—

2284 3590 2408 3647 deat
2438 3589 2717 3645 imitando.
3265 3633 3268 3636 .

2797 3659 2966 3709 Oratio
2985 3666 3093 3722 post
3114 3669 3313 3721 precem
3337 3657 3378 3706 8.

2361 3747 2635 3811 Miserere,
2665 3744 2898 3799 Domine
2931 3745 3071 3799 Deus
3099 3745 3464 3812 omnipotens,
3500 3741 3592 3811 qui
3611 3739 3881 3810 discipolis

2291 3841 2394 3894 tuis
2414 3839 2669 3907 Spiritum
2691 3846 2936 3891 sanctum
2961 3835 3175 3901 dedisti,
3200 3835 3284 3890 vel
3305 3849 3396 3904 per
3419 3833 3880 3904 Evangelistarum

2292 3939 2508 3988 tuorum
2556 3944 2746 3985 omnes
2791 3929 3060 3996 docuisti,
3090 3927 3252 3982 etiam
3304 3925 3557 3981 omnibus
3588 3927 3752 3982 nobis
3798 3938 3882 3994 per

2290 4026 2613 4094 baptismum
2648 4025 3038 4096 indulgentiam
3065 4023 3316 4087 tribuisti,
3359 4029 3414 4077 et
3437 4033 3635 4075 omnes
3664 4019 3884 4075 creden-

2294 4117 2426 4173 tium
2479 4132 2676 4174 nomen
2717 4125 2961 4172 sanctum
3011 4125 3158 4172 tuum
3207 4114 3274 4170 de
3329 4111 3539 4169 inferna
3587 4109 3882 4168 redemisu.

2295 4211 2420 4268 Per.
2843 4282 2968 4332 Item
2991 4287 3100 4343 post
3122 4291 3339 4343 precem.

2373 4388 2614 4453 Domine,
2643 4401 2830 4457 preces
2850 4386 3032 4456 pepuli
3063 4385 3396 4456 tuiplacatus
3415 4383 3638 4448 exaudi,
3668 4385 3880 4439 univer-

2297 4481 2374 4536 sis
2393 4495 2510 4550 qua:
2536 4479 2810 4550 postulant
2831 4479 3007 4533 tribue
3022 4518 3037 4543 ,
3062 4487 3117 4534 et
3141 4478 3370 4548 singulis
3388 4490 3508 4547 quae
3530 4484 3886 4545 suntoportu-

2299 4590 2369 4628 na
2398 4573 2650 4629 concede.
2683 4571 2904 4628 Crescat
2933 4571 2987 4626 in
3032 4586 3217 4627 eorum
3252 4570 3503 4627 sensibus
3533 4569 3760 4626 devotio
3801 4567 3887 4624 tibi

2300 4665 2353 4720 in
2386 4664 2633 4719 omnibus
2659 4664 2871 4734 placita,
2901 4663 3134 4734 qualiter
3160 4679 3190 4718 a
3223 4673 3272 4718 te
3297 4662 3557 4718 beneficia
3608 4663 3887 4718 obtineant

2303 4765 2584 4825 oportuna.
2610 4755 2732 4810 Per.

2306 4887 2576 4941 scribendi
2618 4885 2810 4939 modus
2841 4883 3034 4953 ubique
3069 4882 3329 4936 retinetur
3359 4883 3409 4935 in
3458 4889 3646 4935 nostro
3677 4878 3888 4953 Codice.

2307 4960 2567 5027 Apposite
2621 4951 2965 5027 Hildemarus
3007 4956 3069 5027 in
3139 4962 3299 5027 caput
3355 4954 3645 5027 septimum
3676 4951 3890 5027 regula:

2307 5021 2478 5084 sancti
2510 5028 2806 5090 Benedicti,
2851 5026 2942 5079 ubi
2987 5026 3055 5079 de
3079 5024 3315 5078 secundo
3338 5022 3502 5094 gradu
3537 5021 3885 5094 humilitatis:

2309 5119 2329 5153 ι
2358 5101 2496 5156 Sunt
2541 5099 2690 5153 multi
2722 5100 2808 5166 qui
2841 5097 3178 5166 distinguunt
3223 5092 3546 5166 uoluntatem
3568 5107 3666 5166 per
3700 5109 3733 5166 ri
3763 5092 3889 5145 adli-

2304 5187 2436 5226 nere
2465 5171 2529 5225 ad
2563 5163 2770 5224 Deum’:
2796 5176 2853 5223 et
2896 5163 3224 5221 uoluintatem
3269 5180 3362 5232 per
3403 5180 3454 5216 m
3483 5163 3549 5216 ad
3585 5163 3886 5223 hominem;

2305 5241 2619 5310 voluptatem
2660 5255 2789 5294 vero
2821 5255 2915 5306 per
2946 5256 2978 5309 p
3032 5238 3100 5310 ad
3146 5236 3438 5290 diabolum.
3474 5254 3492 5286 ι
3539 5234 3755 5310 _'_l‘amen
3806 5234 3884 5287 ubi

2307 5305 2470 5368 etiam
2496 5311 2666 5384 agitur
2695 5312 2761 5365 de
2793 5305 2924 5377 Deo,
2947 5305 3210 5363 'volumtas
3241 5323 3336 5376 per
3365 5322 3414 5359 m
3444 5305 3706 5360 scribitur
3731 5306 3782 5358 in
3812 5317 3888 5358 no-

2307 5394 2422 5438 stro
2450 5383 2768 5451 exemplari.

2381 5463 2404 5501 8
2430 5456 2484 5510 In
2516 5445 2710 5508 Missali
2735 5453 2982 5513 Gothico,
3011 5466 3164 5520 pagg.
3203 5449 3305 5502 190
3335 5457 3388 5520 et
3413 5445 3513 5500 25!.
3541 5447 3804 5520 librorum
3826 5445 3883 5499 de

2307 5526 2549 5596 Liturgia
2589 5525 2738 5596 Call.
2790 5523 3051 5576 habentur
3093 5519 3291 5596 itidem
3356 5519 3721 5596 Collectiones
3777 5522 3882 5596 post

2307 5586 2542 5668 precem.
2578 5595 2638 5668 id
2682 5597 2748 5668 de
2777 5596 3007 5668 cantico
3039 5593 3197 5668 trium
3237 5605 3518 5668 puerorum
3554 5586 3880 5668 interpretati

2307 5659 2515 5735 Sumus.
2560 5667 2630 5720 At
2677 5666 2744 5720 de
2776 5666 2973 5737 hymno
3010 5665 3319 5737 angelorum
3345 5659 3525 5737 Gloria
3553 5661 3606 5712 in
3651 5659 3853 5714 excelsi:

2305 5732 2400 5809 qui
2433 5739 2517 5793 hic
2557 5732 2829 5809 proxitne'
2849 5736 3138 5809 antecedit,
3167 5732 3622 5803 interpretandum
3652 5745 3772 5786 esse
3799 5741 3878 5799 pa-

2308 5807 2388 5868 tet
2431 5827 2496 5866 ex
2524 5807 3093 5882 sequettti_n0tatione.
