4060 6346
260 353 399 409 457
722 357 1360 425 SACRAMENTARIUM
1400 369 1867 432 GALLIGANUM.
1898 405 1963 421 -—
1998 380 2374 443 LECTIONES
2412 387 2514 444 DE‘
2543 391 2872 455 ADVENTU
2913 399 3167 460 DOMINI.

955 477 1082 530 Item
1109 481 1216 532 alia.

350 553 587 612 Domine
616 557 777 627 Deus,
823 561 914 632 qui
946 566 1152 635 populis
1201 569 1306 624 tuis
1334 577 1389 625 et
1430 570 1576 640 juste
1604 572 1873 645 irasceris,

253 655 328 702 et
362 646 669 705 clementer
695 651 947 722 ignoscis,
977 655 1176 714 inclina
1207 675 1395 718 aurem
1433 672 1577 718 tuam
1603 665 1874 735 supplica-

261 736 528 794 tionibus
549 743 779 798 nostris:
809 753 865 799 ut
893 748 980 816 qui
1013 757 1065 803 te
1096 750 1223 806 totis
1251 753 1498 811 sensibus
1520 755 1864 827 conﬁtemur,

267 845 399 886 non
423 831 680 901 judicium
714 843 883 903 tuum,
917 840 1011 895 sed
1037 841 1423 914 indulgentiam
1453 861 1865 919 consequamur.

827 927 1060 982 Collectio
1083 942 1190 995 post
1210 933 1343 990 Δίος.

349 1005 564 1064 Judicia
611 1018 731 1078 tua,
766 1012 1411 1089 Deus,’eomprehendere
1452 1040 1559 1080 non
1602 1028 1866 1093 valemus,

261 1099 682 1168 reprehendere
724 1121 829 1162 non
875 1109 1134 1169 audemus
1165 1133 1176 1166 :
1211 1115 1372 1171 nimis
1401 1117 1682 1188 profunda:
1712 1121 1868 1177 facta:

262 1202 409 1248 sunt
430 1196 784 1265 cogitationes
816 1206 940 1267 tuae,
969 1204 1090 1272 quis
1133 1206 1540 1280 investigaverit
1564 1212 1688 1267 eas?
1726 1211 1868 1268 Con-

3453 418 3564 474 458

1903 497 1960 557 Α
1985 497 2116 596 cede
2156 502 2307 556 nobis
2332 544 2345 569 ,
2390 503 2626 573 piissime
2666 509 2842 577 Pater,
2889 523 2944 569 ut
2975 515 3091 588 [te]
3123 520 3404 579 timeamus
3431 530 3557 596 quia

1986 589 2153 647 bonus
2194 608 2274 661 es,
2319 607 2596 666 Sperantes
2642 602 2695 656 in
2737 603 3101 664 misericordia
3139 619 3249 668 tua.
3302 615 3379 670 Tu
3412 589 3555 672 enim

1982 683 2196 754 dixisti,
2229 689 2364 744 Nolo
2391 703 2617 750 mortem
2665 709 3026 766 peccatorum.
3079 704 3306 762 Tantum
3344 709 3560 777 adjutor

1983 785 2097 833 esto
2127 783 2540 851 revertentibus,
2567 795 2627 840 ut
2657 788 2922 846 vivamus.
3241 811 3248 816 '

2360 903 2526 954 Oratio
2560 912 2666 968 post
2689 910 2716 938 ⁸
2743 909 3158 964 Benedictionem.

2046 1004 2208 1069 Deus,
2241 1004 2330 1075 qui
2362 1006 2528 1062 tribus
2560 1011 2737 1078 pueris
2783 1013 2834 1066 in
2873 1016 3081 1070 camino
3122 1017 3258 1085 ignis
3299 1019 3558 1090 mitigain

1972 1096 2214 1152 ﬂammas
2243 1097 2496 1166 incendii,
2532 1104 2787 1167 concede,
2814 1121 3144 1176 quassamus,
3180 1118 3237 1164 ut.
3261 1125 3358 1168 uos
3379 1111 3550 1168 famu-

1971 1189 2055 1246 los
2086 1197 2205 1246 tuos
2230 1205 2338 1246 non
2365 1200 2483 1248 urat
2506 1193 2720 1251 ﬂamma
2751 1197 3023 1255 vitiorum.
3055 1201 3176 1256 Per.

344 1335 378 1364 ⁸
409 1327 470 1384 Id
491 1340 572 1386 est
595 1341 714 1401 post
742 1335 1008 1395 canticum
1036 1339 1196 1395 trium
1229 1355 1540 1412 puerorum,
1564 1345 1707 1413 quod
1737 1360 1807 1401 ex
1839 1346 2086 1417 sequenti
2110 1347 2440 1406 Collectione
2470 1351 2802 1425 intelligitur.

532 1622 1775 1790 INCIPIUNT
1922 1638 3300 1812 LECTIONES

1052 1897 1232 2011 DE
1301 1897 1987 2020 ADVENTU
2070 1907 2582 2028 DOMINI
2646 1909 2713 2028 ³.

265 1477 3543 1529 .._______._______________________

630 2228 672 2283 Ι.
713 2242 865 2285 ιιιεελ
901 2242 954 2283 1N
982 2244 1264 2284 Invsu'ruu
1300 2243 1505 2285 nonum.

699 2344 869 2395 Lectio
891 2345 1139 2395 Malacbiaa
1161 2346 1434 2410 prophetae.

342 2453 468 2509 Hac
522 2451 651 2508 dicit
701 2453 998 2508 Dominus:
1031 2454 1168 2509 Ecce
1212 2469 1314 2525 ego
1366 2455 1572 2510 mittam
1607 2453 1856 2524 angelum

267 2562 482 2614 meum,
512 2553 568 2602 et
602 2547 926 2616 praeparabit
977 2547 1117 2601 viam
1150 2557 1277 2602 ante
1325 2547 1513 2603 faciem
1546 2562 1718 2602 meam
1757 2565 1768 2599 :
1805 2556 1859 2603 et

267 2641 451 2697 statim
477 2641 657 2696 veniet
682 2641 746 2695 ad
777 2650 988 2710 tempus
1012 2656 1167 2696 suum
1197 2641 1532 2710 Dominator,
1563 2658 1720 2711 quem
1758 2657 1855 2699 vos

268 2737 530 2806 quaeritis,
581 2745 637 2791 et
675 2737 895 2807 angelus
943 2739 1280 2806 testamenti,
1326 2753 1483 2810 quem
1530 2755 1626 2794 vos
1670 2740 1854 2795 vultis.

267 2829 413 2889 Ecce
442 2831 604 2894 venit,
639 2830 768 2886 dicit
797 2818 1050 2888 Dominus
1080 2833 1446 2900 exercituum;
1475 2843 1527 2888 et
1550 2834 1668 2903 quis
1701 2842 1852 2901 pote-

269 2920 343 2977 rit
368 2921 608 2984 cegitare
649 2920 789 2976 diem
840 2921 1100 2977 adventus
1147 2923 1296 2993 ejus?
1339 2933 1395 2979 et
1421 2925 1539 2994 quis
1581 2924 1744 2979 stabit
1787 2926 1854 2981 ad

268 3011 555 3068 videndum
584 3014 742 3068 eum?
771 3014 836 3068 Et
865 3023 1022 3069 erunt
1064 3014 1294 3070 Domino
1320 3015 1609 3071 oﬂ‘erentes
1639 3018 1850 3071 sacriﬁ-

268 3104 350 3160 cia
380 3105 430 3159 in
470 3104 713 3174 justitia;
747 3116 801 3162 et
841 3106 1071 3176 placebit
1106 3108 1215 3163 Deo
1257 3109 1580 3163 sacriﬁcium
1631 3109 1764 3164 .Iuda
1798 3118 1854 3165 et

269 3196 620 3264 Hierusalem,
661 3198 797 3254 sicut
824 3198 943 3254 dies
969 3201 1173 3268 saeculi,
1207 3209 1261 3256 et
1287 3200 1426 3256 sicut
1459 3201 1591 3256 anni
1621 3203 1848 3272 antiqui.

273 3289 342 3344 Et
371 3291 622 3346 accedam
664 3291 734 3346 ad
764 3305 860 3346 vos
892 3291 944 3346 in
989 3292 1214 3360 judicio,
1264 3303 1320 3349 et
1366 3310 1461 3349 ero
1509 3296 1658 3350 testis
1708 3297 1853 3352 velut

269 3381 542 3452 malelicis,
574 3389 630 3438 et
667 3383 943 3449 adulteris,
973 3393 1028 3440 et
1046 3385 1294 3455 perjuris,
1324 3396 1381 3442 et
1405 3387 1492 3457 qui
1519 3388 1851 3443 calumnian-

267 3483 354 3531 tur
399 3476 698 3532 mercedem
759 3479 1132 3546 mercenariis,
1168 3479 1377 3535 viduam
1420 3490 1475 3535 et
1509 3482 1769 3551 pupillos,
1798 3493 1852 3536 et

271 3580 592 3641 oppremunt
642 3574 1025 3643 peregrinum;
1074 3589 1174 3629 nec
1213 3575 1504 3630 timuerunt
1551 3591 1670 3642 me,
1722 3577 1850 3632 dicit

270 3663 521 3719 Dominus
550 3664 880 3721 exercituum
910 3685 922 3720 :
950 3682 1050 3738 ego
1082 3669 1338 3725 Dominus
1389 3669 1530 3726 Deus
1558 3681 1760 3738 vester,
1792 3683 1845 3728 et

270 3771 372 3813 non
402 3767 596 3824 mutor,
625 3759 700 3814 ait
720 3758 978 3815 Dominus
1009 3762 1171 3818 Deus.
1315 3759 1319 3763 ’

456 3871 627 3924 Lectio
652 3873 872 3936 epistolae
896 3875 1062 3926 Jacobi
1085 3877 1290 3939 apostoli
1313 3877 1371 3926 ad
1393 3884 1572 3939 gentes
1590 3876 1637 3928 δ.

341 3984 572 4056 Fratres,
586 3988 846 4057 patientes
864 3995 1034 4042 estate
1048 3999 1213 4056 usque
1224 3984 1289 4041 ad
1306 3985 1592 4041 adventum
1614 3987 1843 4042 Domini.

269 4080 402 4136 Ecce
431 4083 660 4150 agricola
689 4089 934 4151 expectat
955 4079 1257 4150 preciosum
1282 4079 1512 4135 fructum
1538 4090 1718 4145 terrae,
1749 4096 1844 4150 pa-

271 4173 453 4229 tienter
482 4173 687 4239 ferens,
717 4173 887 4227 donec
916 4170 1142 4240 accipiat
1173 4172 1526 4242 temporivum
1557 4181 1611 4228 et
1643 4173 1840 4227 seroti-

270 4281 412 4321 num.
444 4265 713 4322 Patientes
739 4275 943 4332 estote,
974 4273 1029 4320 et
1074 4263 1389 4319 conﬁrmate
1417 4263 1580 4318 corda
1621 4273 1804 4319 vestra
1832 4305 1848 4332 ,

271 4357 511 4430 quoniam
543 4359 801 4414 adventus
841 4358 1053 4413 Domini
1095 4358 1563 4427 adpropinquavit.
1609 4355 1845 4422 Fratres,

269 4455 425 4510 nolite
449 4453 799 4524 ingemiscere
827 4452 878 4507 in
907 4453 1247 4518 alterutrum,
1281 4462 1340 4505 ut
1367 4466 1472 4506 non
1500 4450 1842 4520 judieemini.

271 4547 402 4605 Ecce
419 4547 582 4618 judex
605 4558 729 4603 ante
754 4545 973 4617 januam
997 4547 1228 4601 adsistit.
1257 4545 1576 4614 Exemplum
1599 4545 1847 4615 accipite,

272 4640 472 4704 fratres,
496 4638 690 4692 laboris
711 4645 764 4691 et
785 4636 1054 4706 patientiae
1079 4637 1390 4706 prephetas,
1419 4639 1509 4707 qui
1532 4636 1690 4692 locuti
1719 4645 1848 4692 sunt

273 4729 326 4785 in
340 4730 547 4785 nomine
562 4729 794 4785 Domini.
823 4729 961 4784 Ecce
977 4728 1344 4784 beatiﬁcamus
1361 4730 1450 4796 qui
1473 4730 1854 4786 sustinuerunt

269 4822 624 4879 suderentiam
659 4837 674 4876 :
709 4822 1014 4877 misericors
1043 4829 1128 4877 est
1159 4822 1411 4876 Dominus
1437 4832 1492 4876 et
1523 4822 1837 4879 miserator.

270 4917 399 4971 Ante
417 4915 618 4983 omnia,
634 4913 823 4969 fratres
841 4914 971 4982 mei,
1011 4914 1174 4968 nolite
1199 4918 1381 4983 jurare
1407 4928 1579 4983 neque
1616 4929 1710 4983 per
1739 4930 1844 4970 ete-

1893 2237 1942 2297 B
1969 2247 2091 2288 rore
2123 2235 2224 2289 vite
2247 2249 2380 2302 suae,
2409 2238 2583 2292 salvat
2613 2240 2844 2295 animam
2882 2241 3000 2310 ejus
3027 2256 3055 2298 a
3082 2250 3276 2313 morte,
3299 2252 3354 2301 et
3372 2252 3550 2317 operit

1968 2326 2363 2385 multitudinem
2390 2344 2750 2402 peccatorum.

2109 2441 2278 2492 Lectio
2302 2447 2454 2496 sancti
2479 2446 2736 2511 Evangelii
2759 2453 3028 2504 secundum
3053 2455 3334 2508 Matthamm
3358 2462 3382 2490 ε
3398 2495 3416 2513 .

2031 2545 2088 2601 In
2111 2547 2301 2605 diebus
2331 2554 2453 2619 illis,
2480 2555 2752 2613 Iohannes
2778 2574 2900 2614 cum
2940 2563 3177 2618 audisset
3222 2567 3274 2620 in
3316 2567 3547 2625 vincoiis

1959 2658 2120 2711 Opera
2152 2647 2370 2716 Christi,
2415 2651 2629 2707 mittens
2676 2655 2812 2710 duos
2841 2657 2908 2711 de
2952 2658 3231 2730 discipulis
3273 2661 3420 2728 suis,
3471 2663 3547 2716 ait

1959 2735 2033 2790 illi
2062 2756 2073 2788 :
2107 2737 2182 2792 Tu
2214 2755 2273 2795 es
2299 2741 2388 2811 qui
2421 2751 2677 2799 venturus
2706 2761 2796 2813 es,
2839 2763 2909 2802 an
2957 2749 3116 2805 alium
3161 2754 3549 2822 expectamus?

1960 2825 2028 2882 Et
2069 2832 2399 2900 respondens
2428 2833 2500 2887 ait
2549 2835 2652 2890 illis
2679 2855 2690 2888 :
2718 2837 2918 2893 Euntes
2959 2843 3271 2896 renunciate
3315 2844 3549 2898 Iohanni

1958 2934 2079 2988 qua:
2105 2922 2329 2978 audistis
2360 2933 2416 2978 et
2442 2924 2657 2982 videtis.
2689 2926 2832 2983 Caeci
2864 2930 3077 2998 vident,
3129 2933 3308 2986 claudi
3359 2933 3546 2988 ambu-

1958 3013 2090 3077 lant,
2140 3016 2338 3085 ieprosi
2371 3020 2718 3086 mundantur,
2764 3023 2910 3076 surdi
2943 3025 3182 3090 audiunt,
3218 3027 3415 3082 mortui
3460 3044 3547 3082 re-

1957 3117 2198 3175 surgunt,
2235 3125 2497 3178 pauperes
2527 3115 2981 3183 evangelizantur,
3025 3127 3079 3170 et
3125 3118 3311 3172 beatus
3338 3129 3420 3172 est
3452 3121 3544 3188 qui

1957 3213 2063 3251 non
2092 3199 2253 3253 fuerit
2285 3203 2677 3258 scandalizatus
2721 3207 2771 3260 in
2803 3221 2909 3261 me.
2944 3207 3054 3262 Illis
3085 3217 3262 3262 autem
3295 3211 3541 3265 abeunti-

1959 3292 2078 3357 bus,
2109 3296 2268 3364 carpit
2295 3295 2449 3350 Jesus
2480 3297 2660 3352 dicere
2688 3298 2752 3352 ad
2787 3301 2966 3354 turbas
2996 3302 3063 3356 de
3093 3301 3338 3358 Johanne
3362 3322 3376 3358 :
3402 3304 3542 3371 Quid

1957 3386 2147 3439 exiStis
2171 3385 2223 3441 in
2245 3387 2460 3443 deserto
2479 3389 2701 3444 videre?
2725 3392 3040 3445 arundinem
3065 3403 3224 3446 vento
3249 3396 3540 3464 agitatam?

1959 3479 2064 3534 Sed
2088 3480 2211 3548 quid
2238 3482 2426 3536 existis
2453 3483 2672 3538 videre?
2695 3483 2968 3540 hominem
2993 3486 3244 3540 mollibus
3261 3489 3547 3543 vestitum?

1957 3573 2093 3628 Ecce
2141 3577 2233 3643 qui
2279 3576 2530 3630 mollibus
2582 3578 2903 3643 vestiuntur,
2955 3579 3006 3631 in
3056 3578 3306 3634 domibus
3357 3595 3540 3649 regum

1953 3676 2097 3722 sunt.
2125 3668 2230 3724 Sed
2254 3670 2381 3738 quid
2397 3671 2582 3725 existis
2604 3671 2823 3728 videre?
2845 3671 3198 3741 prophetam?
3224 3673 3398 3727 Etiam
3422 3674 3546 3728 dico

1953 3759 2104 3813 vobis
2133 3771 2186 3812 et
2216 3761 2494 3830 plusquam
2527 3764 2864 3831 prophetam.
2913 3752 3010 3819 Hic
3041 3763 3185 3819 enim
3217 3774 3299 3820 est
3328 3765 3394 3818 de
3427 3781 3535 3833 quo

1954 3851 2210 3920 scriptum
2233 3860 2316 3907 est
2341 3869 2353 3905 :
2380 3852 2519 3907 Ecce
2543 3855 2700 3908 mitto
2724 3854 2974 3925 angelum
2997 3869 3176 3909 meum
3209 3863 3331 3909 ante
3354 3856 3542 3911 faciem

1956 3951 2096 3998 tuam
2119 3986 2134 4012 ,
2162 3945 2252 4014 qui
2287 3946 2607 4015 praeparavit
2636 3947 2777 4001 viam
2806 3957 2950 4002 tuam
2976 3957 3101 4002 ante
3133 3958 3204 4003 te.
3231 3951 3400 4004 Amen
3423 3949 3556 4009 dico.

1955 4040 2107 4094 vobis
2129 4080 2142 4104 ,
2171 4055 2275 4095 non
2307 4041 2542 4096 surrexit
2573 4041 2711 4096 inter
2741 4049 2895 4096 natos
2929 4042 3212 4097 mulierum
3243 4043 3415 4112 major
3442 4041 3538 4097 Jo-

1955 4134 2134 4190 lianne
2179 4135 2437 4204 Baptista.
2487 4128 2665 4204 Usque
2710 4151 2848 4190 nunc
2881 4151 3102 4206 regnum
3146 4137 3400 4192 czelorum
3430 4136 3537 4189 vim

1955 4227 2173 4294 patitur,
2202 4235 2253 4281 et
2277 4227 2497 4282 violenti
2528 4229 2743 4297 rapiunt
2771 4229 2920 4284 illud.
2957 4229 3156 4285 Omnes
3187 4230 3328 4285 enim
3362 4230 3444 4285 lex
3487 4243 3543 4284 et

1955 4318 2240 4388 Propheta:
2269 4337 2434 4391 usque
2464 4322 2529 4377 ad
2553 4322 2852 4378 Jobannem
2890 4324 3375 4391 prophetaverunt;
3407 4332 3462 4378 et
3489 4324 3536 4377 si

1953 4412 2115 4467 vultis
2147 4414 2406 4482 recipere,
2437 4416 2551 4481 ipse
2580 4424 2663 4469 est
2696 4415 2872 4470 Helias
2902 4416 2988 4485 qui
3020 4427 3276 4471 venturus
3300 4424 3401 4470 est.
3427 4415 3529 4480 Qui

1955 4505 2115 4563 habet
2142 4522 2303 4564 aures
2330 4509 2586 4564 audiendi
2618 4511 2818 4565 audiat.

2557 4637 2726 4672 INCIPIT
2760 4636 2891 4672 MISSA
2917 4619 2962 4671 (ι.

2030 4726 2237 4791 Excita,
2279 4725 2523 4793 Domine,
2552 4726 2844 4796 potentiam
2873 4735 3017 4779 tuam
3041 4734 3094 4780 et
3124 4725 3240 4781 veni
3266 4743 3279 4790 ;
3315 4733 3370 4782 et
3395 4727 3540 4798 quod

1959 4817 2210 4873 Ecclesiae
2241 4829 2339 4872 tum
2367 4833 2535 4887 usque
2583 4818 2635 4872 in
2665 4819 2823 4872 tinem
2852 4818 3034 4874 saeculi
3068 4819 3392 4887 promisisti,
3427 4821 3540 4876 cle-

1958 4919 2168 4964 menter
2191 4924 2438 4977 operare.

270 5007 394 5075 lum.
410 5023 581 5078 neque
600 5023 693 5076 Ρθτ
714 5017 934 5072 lenam:
960 5022 1133 5076 ηείμιο
1153 5005 1294 5061 διίυά
1319 5006 1857 5075 (ιυοάουωίιυθᾱυηι-
1886 5009 1940 5068 Ι)
2037 5019 2221 5074 Excita
2241 5061 2256 5087 ,
2291 5021 2532 5088 Domine,
2567 5022 2856 5092 potentiam
2888 5035 3054 5092 tuam,
3087 5033 3141 5081 et
3168 5039 3356 5095 magna
3388 5025 3541 5079 nobiv

269 5111 515 5159 mentum.
563 5101 646 5158 Sit
674 5108 852 5156 autem
879 5109 1118 5155 vestrum
1156 5100 1278 5165 Est,
1312 5111 1430 5166 est;
1461 5099 1603 5166 Non,
1634 5115 1763 5167 non,
1788 5111 1844 5155 ut

267 5210 365 5253 non
392 5195 442 5250 in
455 5194 659 5266 judicio
680 5193 959 5248 decidatis.
985 5191 1202 5248 Fratres
1231 5193 1358 5257 mei,
1385 5193 1428 5247 si
1451 5193 1570 5261 quis
1591 5207 1657 5248 ex
1685 5193 1837 5248 vobis

265 5291 513 5348 erraverit
550 5305 579 5344 a
607 5289 856 5356 veritate,
878 5296 932 5343 et
959 5287 1226 5343 convertit
1255 5291 1375 5358 quis
1401 5304 1546 5359 emn,
1577 5291 1716 5346 scire
1744 5292 1839 5347 de-

265 5386 368 5454 bet,
403 5400 651 5457 quomam
680 5385 770 5455 qui
805 5383 1046 5440 converti
1071 5382 1256 5439 fecerit
1282 5393 1615 5452 peccatorem
1656 5385 1724 5440 ab
1751 5400 1836 5442 er-

333 5551 356 5582 ι
376 5543 454 5599 Ab
475 5543 576 5600 hoc
606 5545 840 5601 maxime
867 5545 984 5600 loco
1019 5541 1204 5613 incipit
1227 5543 1440 5599 Missale
1469 5544 1829 5601 Gallicanum.

266 5615 385 5670 Nam
416 5632 531 5685 qua:
578 5616 906 5685 praecedunt,
953 5616 1068 5672 fere
1113 5630 1177 5670 ex
1206 5615 1406 5671 Ordine
1460 5615 1704 5669 Romano
1735 5617 1833 5671 de-

267 5699 421 5758 sumta
451 5699 595 5740 sunt.
629 5688 766 5757 Lege
789 5704 908 5758 quae
949 5687 1016 5743 de
1057 5687 1304 5743 Adventu
1332 5685 1562 5743 diximus
1585 5688 1638 5742 in
1658 5687 1834 5743 Litur-

266 5759 338 5828 εἰη
369 5756 634 5813 Gallicana
664 5756 845 5828 apag.
870 5760 960 5814 98.

335 5829 355 5866 ι’
377 5832 461 5884 Sic
507 5833 704 5899 passim
753 5830 804 5884 in
844 5830 945 5884 hoc
985 5830 1319 5888 Leetionario
1363 5829 1609 5885 laudatur
1655 5831 1837 5886 Jacobi

269 5901 475 5972 cpistola
516 5901 584 5955 ad
611 5910 802 5972 gentes.
834 5901 934 5968 Qui
969 5902 1150 5958 titulus
1184 5901 1329 5960 Petri
1359 5901 1616 5973 Epistola:
1651 5903 1834 5975 prima:

618 6001 892 6062 PA'I‘BOL.
922 5999 1182 6062 LXXII.

1955 5113 2150 5168 virtute
2179 5129 2467 5182 succurre;
2501 5127 2557 5171 ut
2586 5132 2681 5184 per
2729 5119 2984 5174 auxilium
3034 5120 3216 5190 gloriae
3245 5130 3372 5184 tuae,
3402 5121 3540 5188 quod

1948 5215 2130 5261 nostra
2183 5219 2397 5276 peccata
2446 5211 2794 5282 praepediant,
2849 5212 3178 5285 indulgentia
3231 5223 3333 5267 tua:
3367 5215 3542 5282 propi-

1947 5300 2190 5355 ciationis
2219 5302 2507 5358 acceleret.

1946 5550 2197 5605 tribuitur
2225 5550 2276 5604 in
2309 5549 2644 5605 Lectionario
2675 5548 2968 5603 Gallicana.

2019 5633 2040 5660 ο
2073 5622 2198 5676 Ηωρ
2243 5622 2515 5693 Evangelii
2537 5622 2701 5675 lectio
2727 5622 2778 5675 in
2810 5621 3050 5676 Romano
3080 5619 3305 5676 habetur
3357 5622 3540 5678 Donni-

1945 5693 2061 5748 nica
2101 5693 2334 5747 secunda
2365 5693 2664 5747 Adventus.

2017 5763 2042 5799 ἀ
2067 5765 2275 5831 Quippe
2299 5765 2457 5817 missa
2481 5764 2696 5831 proprie
2713 5762 2897 5830 incipit
2921 5775 3037 5833 post
3055 5765 3313 5822 lectiones
3333 5780 3536 5820 sacras.

1947 5834 2161 5906 chesis
2194 5833 2447 5904 Liturgiac
2479 5834 2766 5892 Gallicanae
2794 5835 3025 5906 caput

2993 5996 3064 6058 15
