4060 6346
563 380 666 461 ιεςθ

1232 498 1483 553 Collectio.

632 574 840 647 Excita,
875 577 1116 651 Domine,
1148 597 1478 653 quaesumus,
1505 581 1667 643 corda
1684 590 1873 642 nostra
1899 581 1968 639 ad
1998 594 2139 652 Ρη·

564 670 831 740 parandas
880 672 1145 745 Unigeniti
1179 677 1251 731 tui
1282 678 1426 744 vias;
1460 686 1517 734 ut
1545 692 1639 748 per
1681 676 1799 747 ejus
1842 677 2133 739 adventum

564 760 853 829 purificati,
874 763 969 819 tibi
994 768 1195 821 servire
1225 784 1546 825 mereamur.

634 852 932 910 Praeveniat
960 871 1077 924 nos,
1112 874 1451 928 quaesumus,
1478 858 1815 930 omnipotens
1844 858 1987 913 Deus
2007 898 2022 922 ,
2056 868 2144 912 tua

564 946 735 1015 gratia
765 960 979 1017 semper
1007 958 1060 1003 et
1085 951 1486 1020 subsequatur;
1519 959 1575 1005 ut
1603 966 1725 1006 cum
1753 951 1983 1006 adventu
2012 949 2144 1007 Uni-

562 1035 727 1106 geniti
742 1037 841 1104 tui,
858 1053 1015 1105 quem
1035 1056 1244 1096 summo
1262 1042 1439 1098 cordis
1455 1042 1723 1099 desiderio
1738 1052 1764 1079 η
1790 1043 2142 1110 sustinemus,

560 1133 618 1180 et
662 1128 941 1193 praesentis
989 1131 1113 1186 vita
1140 1132 1399 1201 subsidia,
1432 1142 1490 1190 et
1518 1133 1713 1190 future
1763 1133 1924 1189 etiam
1954 1148 2145 1190 conse-

562 1228 811 1283 quamur.

1178 1291 1295 1343 Post
1320 1294 1534 1348 nomina.

635 1366 1001 1431 Conscientias
1033 1383 1264 1441 nostras,
1293 1390 1626 1446 quaesumus,
1650 1381 2012 1447 omnipotens,
2043 1386 2147 1433 cot-

564 1458 693 1513 tidie
724 1458 986 1515 visitando
1009 1464 1249 1532 purifica,
1277 1474 1335 1521 ut
1359 1468 1603 1527 veniente
1626 1469 1853 1526 Domino
1874 1470 2011 1527 Filio
2032 1478 2148 1539 tuo,

566 1556 807 1618 paratam
840 1549 942 1607 sibi
976 1552 1024 1606 in
1057 1555 1210 1608 nobis
1238 1555 1470 1611 inveniat
1503 1560 1857 1615 mansionem.

634 1642 866 1709 Corpora
894 1654 1203 1721 mentesque
1230 1658 1462 1718 nostras,
1496 1652 1832 1720 omnipotens
1858 1652 2021 1719 Deus,
2050 1653 2139 1710 di-

561 1742 785 1799 gnanter
826 1735 1086 1801 emunda;
1137 1747 1193 1790 ut
1245 1749 1330 1801 tua
1378 1739 1752 1801 benedictione
1802 1744 2016 1811 ﬁrmati,
2068 1747 2139 1801 ab

565 1822 849 1892 Unigenito
896 1836 986 1881 tuo
1032 1828 1257 1883 Domino
1307 1844 1509 1898 nosuo,
1569 1850 1726 1905 quem
1774 1846 2141 1906 expectamus,

563 1917 839 1984 veniente,
871 1933 1083 1989 semper
1113 1922 1491 1980 inlumincmur
1520 1938 1572 1983 et
1598 1940 1961 2003 protegamur.

1213 2012 1286 2062 Ad
1311 2027 1495 2075 pacem.

638 2086 743 2144 Fac
768 2106 886 2155 nos,
915 2108 1238 2162 quaesumus,
1275 2098 1412 2152 Deus
1438 2110 1638 2169 noster,
1672 2105 1954 2173 pervigiles
1976 2115 2139 2175 atque

561 2179 820 2236 sollicitos
860 2183 1142 2240 adventum
1190 2189 1388 2244 Christi
1438 2192 1556 2246 Filii
1591 2194 1662 2247 tui
1710 2195 1918 2250 Domini
1974 2200 2141 2252 nostri

561 2282 879 2339 expectare;
908 2285 965 2329 ut
989 2278 1109 2329 dum
1144 2282 1353 2334 venerit
1386 2284 1639 2351 pulsans,
1674 2302 1775 2340 non
1806 2287 2139 2345 dormientes

562 2364 825 2429 peccatis,
860 2364 953 2420 sed
982 2368 1260 2437 vigilantes
1288 2381 1341 2425 et
1368 2373 1419 2427 in
1466 2376 1578 2431 suis
1627 2376 1864 2433 inveniat
1894 2380 2143 2437 laudibus

560 2452 879 2515 exultantes.

1198 2528 1513 2585 Contestatio.

600 2588 773 2659 'Vere
802 2605 1020 2677 dignum
1065 2623 1115 2665 et
1162 2613 1363 2680 justum
1414 2625 1514 2683 est,
1552 2615 1579 2654 ι)
1612 2619 1951 2690 omnipotens
2001 2624 2140 2681 Deus

557 2708 655 2769 per
682 2696 950 2752 Christum
982 2700 1264 2756 Dominum
1298 2696 1557 2761 nostrum.
1596 2709 1689 2762 Cui
1744 2712 2014 2780 proprium
2050 2726 2138 2771 est

559 2800 623 2842 ac
656 2786 924 2858 singulare
954 2793 1093 2862 quod
1137 2795 1307 2850 bonus
1349 2809 1448 2864 est,
1480 2807 1533 2854 et
1562 2802 1705 2855 nulla
1740 2818 1990 2873 umquam
2020 2821 2049 2859 a
2083 2817 2134 2865 te

560 2886 643 2931 est
670 2882 1090 2937 commutatione
1135 2885 1359 2941 divisus.
1394 2888 1694 2960 Propitiare
1724 2896 2137 2965 supplicationi-

558 2966 658 3024 bus
699 2973 932 3041 nosu'is,
982 2984 1035 3028 et
1080 2977 1335 3033 Ecclesiae
1366 2990 1468 3034 tuae
1496 2983 1919 3041 miscricordiam
1954 2997 2093 3044 tuam
2116 3030 2133 3059 ,

558 3078 718 3132 quam
764 3065 1102 3133 conﬁtentur,
1157 3072 1413 3140 ostende,
1463 3075 1811 3133 manifestans
1842 3080 1983 3150 plebi
2039 3090 2142 3139 tua:

555 3152 827 3225 Unigeniti
858 3158 927 3211 tui
973 3159 1257 3215 adventum
1306 3163 1513 3219 Domini
1558 3169 1727 3223 nostri
1774 3168 1903 3225 Iesu
1932 3172 2132 3229 Christi

562 3248 807 3303 mirabile
836 3263 1264 3322 sacramentum;
1297 3266 1351 3312 ut
1381 3258 1433 3312 in
1483 3259 1832 3318 universitate
1859 3267 2132 3322 nationum
2162 3272 2209 3337 ο

556 3340 882 3407 perﬁciatur,
916 3341 1127 3415 {quod}
1155 3362 1247 3415 per
1280 3347 1433 3404 Verbi
1476 3352 1546 3405 tui
1571 3355 1907 3425 evangelium
1934 3361 2137 3427 promi-

554 3432 697 3499 sisti;
734 3444 787 3487 ιιι
818 3433 1012 3491 habeat
1055 3438 1328 3506 plenitudo
1372 3442 1678 3512 ad0pti0nis
1726 3449 1865 3519 quod
1914 3453 2140 3520 protulit

553 3525 855 3583 testiﬁcatio
871 3530 1131 3599 veritatis,
1153 3549 1245 3602 per
1262 3535 1533 3593 Christum
1560 3540 1842 3597 Dominum
1862 3557 2127 3603 nosmim.

805 3641 867 3697 ll.
900 3658 1027 3699 rrru
1066 3660 1213 3701 llSSA
1259 3663 1310 3702 ιιι
1355 3666 1634 3709 Αυνειψι-υιι
1684 3668 1886 3712 υοιιιιιι.

854 3754 1067 3818 Epistola
1100 3757 1239 3811 Pauli
1262 3760 1467 3822 apostoli
1495 3763 1554 3813 ad
1580 3763 1839 3818 Romanos.

626 3860 863 3926 Fratres,
894 3862 1030 3918 Deus
1060 3864 1249 3920 Filium
1277 3882 1429 3922 suum
1456 3870 1675 3926 mittens
1704 3872 1755 3928 in
1781 3875 2135 3932 similitudine

554 3951 728 4005 carnis
760 3953 983 4019 peccati.
1011 3962 1065 4008 et
1088 3954 1157 4009 de
1182 3969 1398 4023 peccato
1428 3961 1704 4017 damnavit
1726 3965 1777 4018 in
1819 3981 1980 4024 carne
2008 3984 2132 4037 pec-

551 4050 750 4112 catum,
781 4053 837 4098 ut
862 4042 1172 4113 justiiicatio
1219 4050 1347 4121 legis
1394 4052 1704 4120 impleretur
1733 4057 1784 4111 in
1817 4059 1972 4114 nobis
2000 4103 2013 4126 ,
2046 4064 2138 4131 qui

551 4148 657 4189 non
706 4136 999 4189 secundum
1047 4151 1259 4193 carnem
1305 4140 1793 4212 ambulamus,sed
1838 4150 2134 4207 secundum

553 4223 821 4291 Spiritum.
847 4223 947 4291 Qui
973 4227 1115 4280 enim
1145 4230 1437 4285 secundum
1466 4247 1683 4289 carnem
1707 4248 1851 4305 sunt,
1875 4256 1992 4309 quae
2020 4258 2138 4299 rar—

553 4314 637 4368 nis
665 4324 792 4369 sont
835 4316 1074 4384 sapiunt;
1104 4320 1193 4388 qui
1240 4336 1368 4377 vero
1396 4326 1689 4381 secundum
1721 4330 1989 4400 spiritum,
2018 4351 2137 4404 quae

551 4416 676 4463 sunt
704 4411 923 4479 spiritus
969 4413 1224 4471 sentiunt.
1270 4417 1399 4472 Nam
1433 4420 1713 4488 prudentia
1754 4429 1932 4483 carnis
1982 4447 2129 4489 mors

550 4504 652 4561 es't,
687 4500 965 4567 prudentia
1005 4514 1183 4560 autem
1233 4509 1450 4575 spiritus
1478 4513 1582 4569 vita
1613 4522 1670 4570 et
1707 4530 1809 4586 pax
1841 4521 1893 4575 in
1923 4522 2137 4580 Christo

550 4588 680 4646 Iesu
710 4591 940 4650 Domino
969 4604 1165 4653 nostro.

707 4703 880 4758 Lectio
903 4712 1053 4762 sancti
1075 4711 1330 4778 Evangelii
1354 4720 1622 4771 secundum
1648 4722 1950 4780 Iatthmum.

540 4860 543 4861 ν
622 4808 675 4862 1η
708 4809 895 4867 diebus
938 4814 1043 4870 illis
1088 4820 1234 4874 venit
1260 4821 1534 4880 Iohannes
1568 4828 1802 4897 Baptista
1842 4834 2135 4899 prredicans

548 4899 602 4951 in
634 4899 847 4956 deserto
876 4903 1026 4960 Iuda:
1049 4949 1062 4969 ,
1093 4919 1145 4963 et
1194 4911 1372 4968 dicens
1401 4934 1410 4967 :
1440 4918 1809 4976 Paenitentiam
1852 4925 2011 4995 agite,
2041 4931 2137 4982 ad-

472 5062 479 5069 ,
547 4996 922 5067 pmpinqnavit
963 5002 1103 5056 enim
1156 5021 1373 5075 regnum
1422 5012 1694 5069 caelorum.
1746 5015 1843 5072 Hic
1872 5029 1953 5073 est
1988 5021 2132 5076 enim

546 5087 636 5156 qui
666 5088 841 5143 dictus
869 5100 950 5146 est
978 5108 1070 5161 per
1108 5094 1294 5155 Isaiam
1329 5103 1642 5171 prophetam
1676 5107 1944 5165 dicentem
1975 5129 1989 5166 :
2018 5112 2132 5171 Vox

548 5176 828 5234 clamantis
872 5180 923 5233 in
968 5180 1220 5248 deserto,
1256 5188 1444 5246 Parate
1487 5194 1624 5250 viain
1683 5198 1912 5263 Domini,
1947 5212 2129 5261 rectas

546 5269 704 5328 facite
750 5275 969 5330 semitas
1010 5276 1147 5346 ejus.
1205 5282 1319 5350 Ipse
1358 5293 1535 5341 autem
1584 5289 1858 5349 Iohannes
1903 5293 2134 5354 habebat

547 5364 921 5422 vestimentum
953 5367 1021 5423 de
1049 5370 1169 5437 pilis
1194 5376 1542 5443 camelorum,
1572 5390 1625 5435 et
1648 5398 1839 5438 zonam
1868 5385 2131 5453 pelliciam

624 5518 727 5595 fin
749 5520 1037 5595 exemplari
1066 5522 1255 5595 legitur
1274 5527 1573 5595 desiderati,
1597 5534 1879 5593 manifesto
1902 5537 2119 5594 mendo.

625 5584 651 5623 δ
677 5584 1039 5671 supplendum
1086 5584 1169 5648 hic
1213 5608 1265 5671 et
1306 5597 1355 5651 in
1410 5584 1861 5671 consequentibus

546 5658 802 5735 formula,
842 5677 1047 5735 a’quum
1092 5674 1137 5718 et
1165 5667 1411 5733 salutare,
1462 5681 1565 5725 etc.
1593 5658 1742 5727 'llaee
1776 5658 2121 5735 '(ibuiesiiiie

549 5742 721 5812 essunt
746 5731 797 5784 in
817 5732 1180 5812 .Ambrosiano
1203 5731 1472 5812 Dominica
1500 5744 1665 5810 prima
1692 5731 2002 5812 Adventus;
2016 5731 2117 5805 sed

546 5801 663 5856 alize
687 5803 904 5855 omnino
928 5802 1201 5859 Lectiones
1234 5808 1301 5863 ibi
1335 5811 1399 5865 ad
1430 5801 1665 5870 missam.

624 5884 643 5908 ε
680 5874 748 5925 Ita
783 5874 977 5942 passim
1000 5875 1268 5940 baptizavit
1298 5898 1393 5949 pro
1424 5884 1691 5953 baptizabi;
1723 5905 1740 5943 :
1769 5900 1819 5946 et
1842 5888 1975 5945 infra
1994 5909 2116 5946 con-

1332 386 1678 449 APPENDIX
1729 387 1827 446 AD
1859 386 2095 445 OPEBA
2146 386 2209 444 S.
2250 384 2557 443 CERIANI
2606 383 3041 445 ΡΔΒΒῙΠΙΒΙΒ.

2172 500 2239 568 Α
2258 497 2400 553 circa
2445 497 2655 553 lumbos
2687 512 2850 554 suos:
2874 512 2996 554 eaea
3020 507 3200 554 autem
3244 499 3360 570 ejus
3388 508 3507 557 erat
3535 501 3769 556 locustae
3797 512 3869 557 es

3742 388 3866 443 ιω

2242 590 2347 645 mel
2374 589 2639 645 silvestre.
2689 592 2836 645 'l‘unc
2861 591 3121 647 exiebant
3148 594 3215 648 ad
3248 609 3370 649 eum
3418 595 3849 667 Hierosolyma,

2240 690 2296 737 et
2320 682 2498 739 omnis
2542 680 2690 752 regio
2714 683 2856 737 circa
2899 681 3213 753 Iordanem,
3242 696 3298 741 et
3326 687 3756 757 baptizabantur
3786 690 3840 744 in

2241 770 2475 829 Iordane
2501 774 2573 828 ab
2594 788 2679 840 eo,
2699 774 3016 831 conﬁtentes
3042 787 3261 846 peccata
3279 794 3396 835 sua.
3424 778 3636 835 Videris
3666 791 3857 837 autem

2244 866 2444 921 multos
2487 867 2881 923 Pharisaeorum
2911 878 2965 924 et
3008 869 3384 927 Sadncaeorum
3440 876 3740 929 venientes
3786 878 3857 932 ad

2246 956 2565 1027 baptismum
2610 975 2796 1025 suum,
2825 960 2960 1015 dixit
3002 962 3083 1016 eis
3114 979 3128 1014 :
3161 962 3450 1035 Progenies
3504 966 3846 1035 viperarum,

2244 1048 2363 1117 quis
2391 1046 2777 1105 demonstravit
2822 1053 2975 1108 vobis
3018 1051 3202 1123 fugere
3228 1070 3257 1108 a
3289 1055 3462 1111 futura
3512 1058 3631 1112 ira?
3665 1058 3857 1117 Facite

2244 1161 2377 1220 ergo
2406 1150 2630 1205 fructum
2678 1151 2895 1222 dignum
2926 1154 3274 1222 paenitentiae.
3312 1155 3381 1210 Et
3406 1173 3472 1212 ne
3502 1158 3731 1213 velletis
3774 1160 3857 1214 di-

2248 1255 2371 1298 cere
2424 1243 2559 1298 intra
2615 1247 2991 1302 voszPatrem
3050 1249 3307 1304 habemus
3364 1251 3666 1307 Abraham.
3726 1256 3855 1310 Dico

2250 1333 2393 1401 enim
2437 1336 2596 1393 vobis
2617 1378 2633 1404 ,
2662 1340 2913 1409 quoniam
2961 1350 3150 1408 potens
3175 1352 3261 1399 est
3292 1341 3431 1401 Deus
3455 1360 3523 1400 ea
3571 1346 3852 1414 lapidibus

2252 1422 2369 1479 istis
2410 1427 2670 1482 suscitare
2721 1428 2858 1483 filios
2898 1429 3148 1486 Abrahae.
3200 1431 3316 1486 Iam
3357 1434 3499 1489 enim
3534 1436 3757 1491 securis
3789 1439 3856 1503 ad

2253 1514 2460 1571 radices
2498 1517 2748 1573 arborum
2782 1521 2951 1589 posita
2984 1532 3087 1576 est.
3121 1522 3306 1578 Omnis
3332 1540 3461 1597 ergo
3504 1528 3699 1593 arbor,
3734 1546 3859 1601 qua

2255 1623 2359 1675 non
2404 1608 2531 1681 facit
2578 1610 2809 1669 fructum
2863 1614 3059 1673 bonum
3088 1660 3104 1684 ,
3139 1618 3437 1686 excidetur,
3466 1632 3519 1695 es
3567 1624 3620 1678 in
3673 1627 3859 1693 ignem

2256 1699 2511 1757 mittetur.
2540 1701 2654 1773 Ego
2674 1704 2889 1772 quidem
2912 1704 3125 1787 baptiao
3145 1707 3195 1765 in
3219 1710 3420 1783 aquain
3442 1714 3855 1789 pggoitentiam:

2255 1790 2344 1859 qui
2374 1800 2548 1847 autem
2584 1802 2701 1861 post
2726 1810 2812 1851 me
2840 1805 3093 1853 venturus
3120 1809 3222 1866 est,
3257 1800 3443 1857 fortior
3472 1820 3559 1859 me
3590 1818 3679 1860 εει
3715 1824 3732 1859 :
3766 1824 3859 1862 cu-

2172 1884 2222 1951 B
2246 1880 2333 1953 jus
2375 1897 2483 1959 non
2526 1897 2645 1942 sum
2675 1884 2867 1955 dignus
2907 1888 3259 1959 calciamenta
3300 1903 3531 1961 portare.
3586 1895 3718 1965 Ipse
3763 1914 3855 1954 vos

2246 1970 2537 2040 baptizavit
2570 1986 2590 2013 ο
2624 1976 2677 2030 in
2714 1974 2918 2046 Spiritu
2962 1992 3147 2037 sancto
3176 1994 3229 2038 et
3258 1986 3385 2055 igni,
3416 1988 3574 2058 cujus
3610 1994 3853 2046 ventila-

2249 2064 2403 2118 brum
2446 2066 2500 2119 in
2548 2082 2706 2121 manu
2737 2084 2861 2136 sua,
2891 2079 2945 2125 et
2990 2076 3329 2145 congregavit
3363 2080 3595 2134 triticum
3628 2083 3681 2134 in
3719 2084 3854 2137 hor-

2250 2171 2397 2211 reum
2425 2172 2615 2214 suum:
2644 2162 2820 2229 paleas
2848 2172 3022 2220 autem
3071 2168 3332 2223 comburit
3365 2172 3471 2242 igni
3504 2174 3847 2248 inextingui-

2248 2247 2362 2302 bili.
2418 2250 2578 2305 Multa
2606 2252 2822 2321 quidem
2853 2262 2908 2309 et
2935 2257 3038 2312 alia
3077 2258 3373 2319 exhortans
3420 2247 3843 2339 evangelizabat

2249 2341 2468 2411 populo.

2868 2432 3039 2469 INCIPIT
3071 2433 3203 2472 IISSA

2680 2498 2852 2550 Oratio
2888 2510 2997 2564 post
3032 2507 3335 2568 prapbetiam
3356 2505 3405 2557 ει.

2316 2577 2509 2647 Oplfex
2538 2580 2672 2637 lucis
2708 2583 2882 2649 almae,
2917 2587 3085 2654 plebis
3139 2591 3381 2647 visitator
3423 2594 3716 2667 inmerita,
3753 2601 3849 2671 qui

2255 2671 2346 2727 illa
2374 2673 2765 2744 prophetalium
2814 2680 3181 2737 vaticiniorum
3207 2686 3441 2752 oracula,
3470 2704 3592 2759 qua:
3624 2693 3848 2749 saeculis

2246 2766 2460 2823 fuerunt
2506 2772 2774 2836 nunciata,
2802 2772 2940 2828 beati
2986 2774 3243 2832 Iohannis
3284 2794 3377 2836 ore
3420 2785 3637 2853 exples,
3671 2801 3843 2865 opere

2246 2861 2476 2930 perﬁcis,
2508 2865 2835 2931 professione
2867 2870 3095 2938 peragis,
3138 2873 3378 2929 concede
3407 2877 3552 2946 plebi
3595 2861 3839 2950 supplici

2242 2954 2335 3009 tibi
2381 2954 2495 3010 sine
2545 2956 2828 3013 formidine
2862 2958 3105 3015 famulari
3133 2980 3146 3015 :
3174 2972 3228 3018 ut
3257 2980 3349 3034 per
3372 2967 3581 3023 viscera
3616 2972 3836 3029 miseri-

2242 3045 2441 3101 cordiae
2466 3049 2651 3118 repleti
2683 3051 2902 3105 scientia
2925 3094 2939 3117 ,
2973 3055 3202 3111 veritate
3231 3057 3389 3127 dirigi
3420 3076 3754 3120 mereamur.

2910 3144 3163 3195 Collectio.

2315 3221 2614 3280 Adventum
2646 3225 2855 3281 Domini
2890 3230 3061 3285 nostri
3106 3230 3231 3287 Iesu
3263 3234 3482 3302 Christi,
3518 3239 3718 3295 fratres
3745 3255 3833 3296 c.1-

2242 3315 2459 3383 rissimi,
2490 3319 2626 3373 votis
2669 3320 2917 3377 omnibus
2949 3326 3349 3394 praestolantes,
3382 3328 3476 3385 Dei
3509 3331 3687 3389 Patris
3713 3351 3830 3390 om-

2241 3406 2588 3476 nipotentiam
2624 3412 3004 3482 imploremus,
3041 3425 3098 3471 ut
3145 3418 3306 3474 corda
3338 3430 3519 3477 nostra
3552 3427 3824 3493 purificet,

2241 3505 2297 3551 et
2322 3512 2544 3569 corpora
2581 3503 2920 3559 immaoolata
2950 3518 3254 3565 conservet.
3306 3511 3667 3581 Expectemus
3706 3532 3831 3572 con-

2240 3592 2461 3646 scientia
2487 3607 2673 3647 secura
2702 3603 3009 3659 venturum,
3042 3612 3199 3667 quem
3243 3615 3405 3671 super
3438 3619 3653 3661 omnem
3689 3611 3830 3677 prin-

2247 3686 2473 3752 cipatum
2520 3695 2576 3741 et
2618 3698 2914 3757 potestates
2962 3691 3236 3748 credimus
3284 3697 3598 3753 exaltatum.
3653 3700 3830 3759 Simus

2242 3788 2368 3845 ergo
2394 3792 2490 3846 per
2519 3779 2724 3851 singula
2756 3795 3021 3838 momenta
3046 3786 3282 3854 solliciti,
3308 3798 3365 3843 ut
3395 3806 3703 3850 mereamur
3732 3798 3824 3849 ha~

2240 3864 2369 3921 bere
2396 3869 2713 3939 propicium,
2742 3889 2902 3943 quem
2944 3877 3216 3956 credimus
3245 3888 3299 3936 et
3323 3880 3558 3939 fatemur
3585 3885 3653 3940 ad
3680 3887 3824 3957 judi-

2240 3959 2441 4017 candos
2465 3962 2609 4021 vivos
2639 3974 2690 4022 et
2718 3976 2956 4025 mortuos
2981 3968 3033 4025 in
3058 3972 3229 4047 gloria
3254 3988 3377 4037 esse
3402 3987 3711 4037 venturum.

2913 4062 3161 4115 Collectio.

2314 4138 2564 4207 Purilica,
2596 4142 2816 4201 Domine
2845 4145 2986 4202 Deus
3006 4189 3021 4213 ,
3054 4147 3212 4206 Pater
3254 4154 3617 4223 omnipotens,
3651 4170 3827 4229 pecto-

2242 4247 2357 4286 rum
2381 4247 2578 4288 arcana
2610 4246 3275 4315 uestrorum,cunctasque
3298 4247 3567 4319 prepicius
3593 4254 3829 4310 macolas

2239 4324 2397 4381 ablue
2447 4341 2787 4403 peccatorum
2819 4352 2832 4386 :
2859 4348 2920 4388 ac
2971 4344 3160 4405 praesta
3188 4375 3204 4400 ,
3241 4339 3486 4406 Domine,
3522 4354 3576 4398 ut
3608 4343 3827 4400 benedi-

2238 4416 2413 4472 ctione
2465 4420 2674 4488 pietatis
2727 4432 2829 4477 ιιιςυ
2881 4440 2910 4478 a
2961 4429 3157 4483 nostris
3208 4431 3517 4488 criminibus
3566 4436 3827 4505 tnundati,

2242 4511 2582 4565 rnetuendnm
2617 4516 3021 4589 terribilemque
3068 4519 3356 4579 adventum
3402 4523 3619 4582 Domini
3662 4532 3825 4585 nostri

2242 4600 2369 4657 Iesu
2393 4601 2589 4661 Christi
2618 4618 2963 4677 expectemus
2994 4611 3226 4669 interriti

2864 4722 2982 4776 Post
3002 4726 3213 4779 nomina.

2310 4826 2535 4894 Exaudi,
2562 4830 2803 4896 Domine,
2833 4847 3018 4901 preces
3040 4835 3224 4904 populi
3248 4837 3344 4904 tui,
3362 4846 3421 4894 ut
3440 4837 3638 4909 jubeant
3662 4843 3823 4900 susei-

2236 4932 2363 4987 pere
2385 4921 2473 4989 qui
2492 4923 2653 4990 jussit
2681 4922 2859 4981 oii‘erri
2882 4935 2906 4963 θ
2931 4943 2947 4981 :
2966 4926 3182 4998 sintque
3202 4928 3318 4985 haec
3340 4946 3566 4989 munera
3584 4945 3825 5004 accepta-

2236 5011 2361 5068 bilia
2416 5015 2467 5070 in
2527 5015 2644 5085 ejus
2700 5028 2992 5089 conspectu
3061 5036 3157 5090 pro
3220 5024 3463 5081 omnium
3519 5028 3823 5087 animarum

2237 5107 2637 5175 emendatione,
2668 5119 2722 5165 et
2762 5125 3050 5179 corporum
3093 5116 3357 5185 sanitate;
3390 5131 3492 5189 pro
3528 5128 3824 5193 martyrum

2239 5196 2418 5266 laude,
2446 5208 2504 5258 et
2534 5215 2626 5268 pro
2655 5200 3027 5260 defunctorum
3054 5208 3259 5275 requie.

2762 5293 2995 5354 Collectio
3019 5299 3081 5351 ad
3100 5312 3273 5361 paceni

2304 5373 2498 5433 Pacem
2515 5383 2657 5435 tuam
2674 5378 2872 5439 nostris
2888 5381 3217 5452 pectoribus,
3234 5380 3536 5453 boneJesn,
3556 5383 3817 5457 inlabere,

2232 5536 2492 5607 gregarii,
2520 5543 2663 5605 etc.,
2708 5537 2910 5610 vulgari
2951 5551 3016 5597 ac
3050 5536 3194 5599 ἱιιοὶιί
3234 5540 3629 5609 permutatione
3676 5540 3817 5601 litte—

2226 5622 2554 5734 mf‘ugonfer
2584 5677 2798 5739 Missale
2827 5678 3379 5749 Gothicogallicauum
3406 5678 3461 5739 iu
3492 5681 3667 5739 Natali
3719 5683 3818 5738 Do-

2227 5750 2377 5824 mini,
2411 5765 2529 5824 pag.
2566 5749 2666 5803 190
2697 5750 2824 5822 [lib.
2873 5752 2942 5807 de
2976 5748 3183 5821 Lititrg.
3216 5749 3398 5824 Gali.]
3442 5751 3531 5809 ubi
3575 5754 3817 5811 similiter

2225 5818 3016 5908 ϐοίιεὲιὶοῇρρειρνὸρὰειὶαηιε1
3100 5818 3153 5908 1v
3254 5895 3265 5906 ,
3309 5893 3321 5906 ,
3566 5896 3599 5908 .-
3661 5894 3698 5908 ι..
3784 5896 3794 5908 .

2300 5900 2321 5927 θ
2355 5889 2514 5947 Forte
2543 5889 2847 5962 legendum,
2874 5895 3109 5968 utjubeat
3131 5893 3321 5965 suscipi
3342 5895 3431 5967 qui
3442 5896 3600 5965 jussit
3615 5894 3813 5965 ciem}
