4060 6346
229 322 362 399 tot

696 329 1329 397 SACRAMENTABIUM
1365 337 1831 401 GALLICANUM.
1865 373 1932 384 —
1966 339 2345 411 LECTmNES
2378 349 2467 407 DE
2499 350 2826 413 ADVENTU
2870 354 3119 414 DOMINI.

3443 360 3549 418 462

226 439 300 499 iu
337 454 457 513 qua
482 450 565 501 est
590 443 863 512 plenitudo
889 450 1208 549 dilectionis.
1263 455 1494 526 Praesta,
1523 457 1763 522 Domine,
1790 465 1848 513 ut
1874 455 1927 525 Δ
1953 458 2123 516 ibunt.
2160 462 2234 520 De
2271 463 2360 520 die
2407 474 2587 523 autem
2621 468 2709 533 illa
2739 480 2792 526 et
2821 470 2953 527 hora
3000 488 3161 537 nemo
3202 482 3325 543 scit,
3369 491 3546 549 neque

229 548 475 605 pacem,
506 551 665 608 quam
695 555 838 601 nunc
865 559 958 600 ore
986 544 1310 615 proferimus
1335 589 1350 615 ,
1377 564 1592 621 semper
1619 552 1847 622 spiritali

230 643 434 693 sensu
459 644 781 699 conservare
805 650 1129 711 mereamur.

903 729 1220 799 Contestatio.

329 807 480 865 Vere
521 810 743 881 dignum
778 820 834 870 et
859 813 1064 886 justum
1094 826 1176 873 est
1202 816 1545 887 omnipotens
1585 818 1726 875 Deus
1756 834 1852 889 per

232 898 537 957 Christum
564 902 848 961 Dominum
871 916 1132 979 nostrum.
1159 908 1328 977 Quem
1358 908 1654 975 Iohannes,
1677 910 1849 967 ﬁdelis

143 1004 166 1063 ξ
235 993 489 1063 amicus,
536 995 815 1064 praecessit
859 999 1167 1068 nascendo,
1202 1000 1474 1068 praecessit
1515 1000 1569 1058 in
1622 1000 1851 1065 desertis

146 1086 147 1095 ‘
236 1086 429 1149 eremi
460 1086 825 1158 praedicando,
862 1092 1136 1165 praecessit
1168 1092 1519 1171 baptizando,
1549 1096 1686 1152 viam
1717 1111 1850 1166 quo-

237 1195 361 1255 que
388 1196 698 1253 praeparans
720 1182 884 1253 judici
919 1198 981 1243 ac
1008 1185 1320 1255 redemtori.
1368 1187 1696 1263 Convocavit
1722 1204 1849 1259 pec-

237 1284 473 1335 catores
517 1276 586 1333 ad
628 1277 1025 1347 pmuitentiam;
1055 1288 1110 1334 et
1152 1280 1404 1350 populum
1440 1280 1705 1338 Salvatori
1755 1284 1847 1339 ιιι]-

245 1368 525 1436 quirens,
574 1367 864 1437 baptizavit
925 1370 978 1424 in
1034 1369 1268 1428 Iordane
1337 1383 1555 1441 peccata
1631 1375 1845 1444 propria

239 1459 575 1515 confitentes
599 1479 612 1513 :
637 1476 742 1516 non
765 1462 998 1519 hominis
1020 1464 1304 1521 innovandi
1330 1467 1539 1535 plenam
1561 1468 1846 1525 conferens

238 1551 505 1620 gratiam,
539 1551 634 1607 sed
665 1553 891 1624 piissimi
919 1554 1209 1613 Salvatoris
1232 1558 1531 1616 admonens
1558 1570 1845 1629 expectare

239 1642 628 1712 praesentiam;
651 1659 757 1702 non
780 1647 1059 1703 remittens
1083 1648 1195 1717 ipse
1223 1663 1435 1719 peccata
1458 1651 1526 1707 ad
1549 1668 1608 1707 se
1626 1655 1844 1709 venien-

242 1735 421 1802 tibus,
442 1735 536 1792 sed
562 1737 934 1794 remissionem
958 1752 1296 1809 peccatorum
1324 1744 1390 1798 ad
1420 1744 1653 1800 futurum
1681 1746 1838 1815 polli-

239 1841 383 1885 cens
407 1844 533 1886 esse
560 1830 937 1899 credentibus;
968 1842 1027 1889 ut
1067 1834 1522 1892 descendentibus
1553 1838 1607 1891 in
1649 1853 1841 1909 aquam
1873 1854 1923 1916 Β

240 1923 598 1991 paenitentiae,
613 1924 692 1990 ab
714 1924 806 1980 illo
829 1934 1113 1995 sperarent
1138 1927 1442 1983 remedium
1470 1928 1834 2000 indulgentiae,

240 2026 412 2085 quem
441 2024 723 2071 venturum
770 2016 1056 2073 audiebant
1087 2019 1303 2090 plenum
1333 2021 1477 2077 dono
1520 2025 1756 2078 veritatis
1787 2031 1842 2079 et

238 2106 460 2174 gratia,
490 2106 771 2165 Dominum
800 2117 1050 2167 nostrum
1081 2110 1285 2168 Jesum.
1316 2113 1484 2182 Quem
1506 2116 1723 2172 laudant
1745 2131 1843 2171 an—

282 2199 377 2253 eli.

282 2216 377 2253 ειι.

241 2216 278 2271 g
484 2269 550 2326 ΙΙΙ
580 2280 629 2325 ι.
668 2288 795 2328 ιτειί
821 2289 971 2335 Iussa
1001 2291 1053 2332 ut
1080 2292 1370 2333 snvss'run
1400 2292 1602 2334 unum.

526 2361 743 2425 Epistula
784 2364 918 2415 Pauli
958 2365 1161 2428 apostoli
1187 2366 1247 2418 ad
1272 2365 1529 2419 Romanos.

318 2444 557 2515 Fratres,
600 2447 721 2503 dico
772 2450 917 2505 enim
972 2448 1247 2507 Christum
1299 2451 1483 2508 Jesum
1536 2453 1838 2510 ministrum

244 2538 417 2596 fuisse
445 2541 865 2599 circumcisionis
898 2552 1111 2612 propter
1154 2543 1434 2601 veritatem
1470 2545 1587 2613 Dei,
1616 2546 1685 2601 ad
1713 2562 1841 2602 con-

242 2632 534 2690 ﬁrmandas
564 2634 945 2704 promissiones
975 2635 1210 2701 Patrum.
1234 2637 1434 2693 Gentes
1460 2648 1639 2694 autem
1668 2653 1834 2709 super

243 2724 611 2789 misericordia
660 2726 927 2783 honorare
975 2726 1143 2785 Deum
1169 2766 1187 2796 ,
1218 2728 1359 2784 sicut
1406 2729 1667 2799 scriptum
1712 2738 1835 2793 est:

246 2816 478 2888 Pr0pter
500 2818 599 2877 hoc
619 2817 916 2875 conﬁtebor
936 2820 1029 2876 tibi
1054 2820 1107 2875 in
1137 2821 1407 2890 gentibus,
1431 2830 1487 2877 et
1513 2822 1715 2878 nomini
1748 2830 1839 2893 tuo

246 2910 496 2967 cantabo.
509 2908 571 2965 Et
592 2911 783 2975 iterum
808 2909 938 2966 dicit
957 2926 973 2966 :
997 2910 1303 2978 Lcetamini,
1318 2922 1530 2982 gentes,
1548 2928 1668 2968 cum
1684 2912 1841 2983 plebe

246 3000 383 3072 ejus.
416 3003 482 3059 Et
512 3004 703 3060 iterum
728 3019 742 3059 :
766 3003 1027 3073 Laudate,
1055 3019 1243 3060 omnes
1283 3013 1495 3077 gentes,
1551 3006 1750 3067 Deum,
1784 3012 1842 3063 et

248 3094 577 3165 magniﬁcam
604 3110 748 3165 cuit),
778 3108 966 3153 omnes
994 3095 1197 3166 populi.
1219 3096 1289 3152 Et
1315 3112 1499 3153 rursus
1526 3097 1694 3152 Isaias
1719 3098 1793 3165 ait
1818 3115 1831 3152 :

1956 554 2128 624 angeli
2156 555 2428 623 caelorum,
2449 559 2552 619 nisi
2573 560 2731 620 Pater
2757 564 2922 619 solus.
2958 565 3111 622 Sicut
3139 576 3319 624 autent
3340 569 3394 625 in
3425 570 3545 624 die-

1956 650 2053 705 bus
2076 651 2207 721 Noe,
2225 655 2296 709 ita
2317 655 2420 710 erit
2439 664 2493 711 et
2512 657 2772 716 adventus
2795 660 2911 723 Filii
2936 661 3190 723 hominis.
3217 664 3370 722 Sicut
3392 666 3541 722 enim

1954 752 2108 799 erant
2137 746 2190 800 iu
2212 746 2402 805 diebus
2431 758 2555 806 ante
2585 750 2866 819 diluvium,
2891 755 3238 814 comedentes
3265 766 3322 815 et
3349 758 3540 816 biben-

1956 842 2055 898 tes,
2085 850 2256 908 usque
2285 838 2352 894 ad
2377 854 2500 896 eum
2533 842 2700 911 diem,
2724 860 2832 915 quo
2854 846 3074 904 intravit
3092 848 3149 905 in
3172 864 3296 907 arca
3326 849 3462 919 Noe,
3485 861 3541 908 et

1953 944 2056 986 non
2083 944 2457 1003 cognoverunt
2485 937 2657 994 donec
2687 940 2840 1003 venit
2866 941 3123 1001 diluvium
3147 983 3163 1010 ,
3189 953 3245 1000 et
3273 944 3395 1001 tulit
3422 961 3545 1002 um-

1953 1038 2066 1089 nes,
2096 1025 2169 1081 ita
2214 1030 2318 1082 erit
2369 1038 2424 1085 et
2471 1031 2732 1090 adventus
2777 1034 2901 1091 Filii
2956 1038 3208 1097 hominis.
3260 1036 3409 1103 Tunc
3437 1039 3546 1095 duo

1949 1128 2103 1174 erunt
2132 1119 2187 1175 in
2217 1135 2368 1191 agro,
2399 1140 2534 1180 unus
2565 1128 2895 1196 adsumitur,
2923 1140 2976 1185 et
3007 1146 3143 1186 unus
3185 1131 3535 1199 relinquitur.

1950 1208 2078 1263 Duae
2126 1212 2386 1269 molentes
2437 1214 2504 1269 ad
2549 1218 2765 1286 molam,
2799 1235 2904 1275 una
2936 1222 3256 1295 adsumitur,
3290 1230 3344 1278 et
3370 1222 3546 1285 altera

1948 1300 2303 1370 relinquetur.
2356 1303 2579 1376 Vigilate
2626 1323 2795 1378 ergo,
2824 1313 2948 1382 quia
2996 1313 3215 1371 nescitis
3259 1328 3363 1384 qua
3414 1312 3544 1370 liora

1948 1395 2208 1455 Dominus
2237 1410 2491 1458 venturus
2519 1405 2610 1461 sit.
2661 1404 2793 1461 illud
2821 1418 3002 1465 autem
3034 1409 3258 1475 scitote,
3286 1410 3542 1479 quoniam

1947 1487 1993 1543 si
2024 1488 2188 1545 sciret
2219 1490 2602 1560 paterfamilias
2645 1513 2747 1567 qua
2794 1499 2927 1554 hora
2970 1501 3052 1556 fur
3080 1509 3338 1558 venturus
3376 1509 3543 1568 esset,

1944 1579 2189 1650 vigilaret
2216 1582 2421 1652 utique,
2441 1594 2497 1642 et
2524 1601 2629 1643 non
2659 1589 2864 1645 sineret
2890 1590 3094 1660 perfodi
3123 1592 3342 1648 domum
3366 1606 3543 1660 suam,

1944 1669 2071 1727 Ideo
2099 1680 2153 1728 et
2181 1689 2277 1731 vos
2310 1685 2489 1735 estote
2519 1679 2708 1745 parati.
2754 1682 2876 1751 quia
2908 1683 3127 1741 nescitis
3156 1699 3262 1754 qua
3293 1688 3428 1740 hora
3454 1682 3543 1740 Fi-

1950 1764 2054 1821 lius
2084 1767 2317 1826 hominis
2348 1781 2611 1828 venturus
2638 1785 2739 1829 est.

2570 1878 2744 1917 llClPl'l'
2772 1879 2922 1917 IISSA.

2384 1943 2616 1995 Collectio
2654 1956 2762 2009 post
2786 1949 3111 2010 prophetiam.

2012 2021 2260 2079 Concede
2284 2067 2298 2091 ,
2331 2042 2658 2097 quaesumus,
2698 2030 2941 2097 Domine,
2970 2032 3106 2088 hanc
3134 2034 3361 2103 gratiam
3394 2033 3538 2104 plebi

1943 2121 2067 2177 tuae,
2111 2114 2395 2172 adventum
2429 2118 2699 2191 Unigeniti
2752 2123 2823 2176 tui
2855 2137 2976 2177 cum
3016 2139 3225 2185 summa
3256 2124 3532 2195 vigiiantia

1941 2214 2264 2276 expectare:
2292 2218 2347 2264 ut
2376 2212 2514 2266 sicut
2543 2211 2658 2279 ipse
2689 2212 2812 2286 [est]
2847 2222 3035 2269 auctor
3079 2225 3279 2270 nostra:
3325 2218 3535 2282 salutis,

1945 2297 2092 2352 velut
2121 2298 2386 2369 fulgentes
2408 2302 2684 2371 lampadas
2715 2304 2766 2356 in
2790 2306 2906 2371 ejus
2929 2319 3156 2361 occurso
3183 2314 3395 2360 nostras
3420 2308 3537 2360 ani-

1941 2403 2056 2443 tnas
2081 2405 2467 2461 praeparemus.
2486 2394 2775 2467 Prmcinge.
2800 2412 3127 2466 quaesumus,
3150 2397 3376 2454 Domine
3395 2398 3537 2457 Deus

1941 2492 2147 2547 noster,
2180 2483 2389 2539 lumbos
2417 2487 2615 2542 mentis
2644 2499 2843 2542 nostra:
2887 2490 3063 2544 divina
3098 2498 3185 2545 tua
3216 2490 3412 2546 virtute
3443 2508 3537 2560 po-

1940 2581 2131 2638 tenter,
2165 2584 2220 2629 ut
2241 2577 2492 2633 veniente
2526 2578 2752 2634 Domino
2781 2591 2964 2635 nostro
2994 2581 3123 2637 Jesu
3154 2582 3370 2637 Christo
3402 2584 3539 2638 Filio

1941 2675 2054 2733 tuo,
2083 2668 2227 2739 digni
2259 2670 2595 2726 inveniamur
2624 2684 2849 2731 :eternte
2882 2675 3004 2731 vitae
3033 2663 3301 2743 convivio,
3333 2686 3387 2731 et
3417 2686 3539 2735 vota

1940 2761 2236 2818 caelestium
2266 2763 2545 2836 dignatum
2572 2766 2640 2822 ab
2666 2766 2783 2836 ipso
2816 2769 3095 2840 percipere
3137 2784 3445 2826 mereamur

2485 2856 2721 2908 Collectio
2753 2860 2998 2921 sequitur.
3526 2912 3529 2917 ,

2014 2935 2251 3005 Festina,
2302 2952 2618 3008 quaesumus
2644 2985 2657 3006 ,
2715 2941 2941 2997 Domine
2966 2982 2981 3009 ,
3016 2957 3083 2998 ne
3130 2943 3451 3007 tardaverts,
3485 2950 3541 3001 et

1943 3027 2251 3097 praesidium
2286 3029 2443 3083 nobis
2475 3039 2577 3084 tute
2616 3030 2829 3099 pietatis
2858 3032 3145 3103 impende;
3174 3042 3233 3088 ut
3264 3035 3541 3104 oportunis

1942 3122 2401 3178 consolationibus
2422 3122 2808 3189 subleventur,
2841 3126 2931 3195 qui
2965 3126 3016 3181 in
3049 3133 3135 3181 tua
3184 3127 3535 3193 miseratione

248 3189 364 3255 Erit
402 3188 553 3247 radix
580 3189 753 3259 Jesse,
782 3198 838 3247 et
882 3190 993 3261 qui.
1021 3190 1262 3260 exsurgit
1303 3204 1494 3260 regere
1538 3197 1753 3259 gentes,
1783 3190 1836 3247 in
1868 3241 1914 3306 Ο
1943 3213 2243 3270 conﬁdunt.

249 3295 365 3306 η...
395 3290 575 3306 _-...--
620 3283 907 3306 -_-_-t.._.
967 3282 1105 3306 n-....
1152 3292 1328 3306 -...-_
1364 3281 1474 3306 -.ηε
1509 3282 1709 3306 μμ--.
1745 3298 1835 3306 ..η

249 3295 367 3341 eum
394 3290 578 3352 gentes
616 3283 931 3353 sperabunt.
967 3282 1107 3338 Deus
1150 3292 1330 3338 autem
1360 3281 1476 3352 spei
1509 3282 1715 3352 repleat
1745 3298 1838 3341 vos

249 3373 390 3429 omni
416 3373 609 3444 gaudio
638 3384 692 3428 et
718 3388 850 3444 pace
888 3374 940 3430 in
981 3373 1253 3431 credendo
1276 3414 1292 3440 ,
1320 3383 1375 3430 ut
1424 3374 1711 3432 abundetis
1743 3390 1840 3446 spe

250 3465 300 3529 in
330 3468 519 3524 virtute
548 3468 779 3538 Spiritus
806 3468 1002 3524 sancti.

415 3559 588 3612 Lectio
612 3560 769 3611 sancti
794 3557 1048 3622 Evangelii
1071 3559 1338 3610 secundum
1363 3558 1663 3610 Matthteum.

318 3640 373 3701 In
401 3643 587 3699 diebus
612 3643 739 3711 illis,
764 3643 1132 3713 interrogatus
1161 3660 1191 3698 a
1212 3643 1488 3713 discipulis
1515 3644 1627 3699 suis
1658 3644 1840 3699 Domi-

253 3750 347 3792 nus
388 3736 564 3801 Jesus,
593 3736 807 3808 quando
858 3735 1061 3791 venerit
1108 3750 1328 3806 regnum
1364 3735 1503 3802 Dei,
1540 3735 1673 3789 dixit
1719 3737 1835 3790 eis:

254 3829 393 3885 Sicut
419 3829 590 3897 fulgur
614 3830 725 3885 exit
768 3829 837 3883 ab
867 3829 1108 3891 Oriente,
1136 3837 1188 3883 et
1221 3839 1369 3897 paret
1401 3842 1570 3898 usque
1601 3830 1653 3881 in
1684 3828 1825 3882 Occi-

253 3924 424 3988 dente,
470 3924 538 3978 ita
569 3925 688 3997 _erit
735 3923 995 3977 adventus
1040 3921 1159 3985 Filii
1195 3922 1449 3978 hominis.
1502 3921 1837 3991 Ubicumque

252 4016 405 4073 fuerit
449 4031 664 4087 corpus,
696 4017 820 4072 illuc
864 4015 1328 4087 congregabantur
1373 4014 1585 4085 aquilae.
1637 4015 1830 4071 Statim

254 4118 423 4173 autem
452 4117 572 4180 post
605 4109 996 4167 tribulationem
1030 4108 1236 4165 dierum
1269 4108 1483 4163 illormn
1514 4109 1592 4162 sol
1623 4108 1827 4164 obscu-

254 4202 471 4270 rabitur,
520 4209 574 4257 et
606 4203 729 4257 luna
777 4218 883 4258 non
932 4202 1077 4260 dabit
1128 4203 1307 4258 lumen
1357 4210 1635 4257 suum:et
1665 4202 1835 4256 stellae

254 4297 435 4355 cadent
460 4296 529 4354 de
557 4298 783 4364 caelo,et
808 4300 1033 4353 virtutes
1053 4299 1305 4354 caelorum
1327 4298 1833 4353 commovebuntur.

254 4391 321 4447 Et
334 4399 457 4447 tunc
485 4392 689 4461 parebit
714 4391 923 4461 signum
948 4390 1069 4447 Filii
1101 4391 1333 4447 hominis
1358 4392 1410 4446 in
1434 4392 1600 4454 crelo;
1634 4399 1687 4443 et
1711 4398 1836 4444 tunc

254 4486 496 4555 plangeut
523 4500 709 4541 omnes
735 4486 903 4541 tribus
934 4495 1109 4542 terrae.
1137 4484 1201 4540 Et
1231 4484 1490 4541 videbunt
1513 4483 1707 4539 Filium
1737 4483 1832 4537 ho-

256 4578 408 4636 minis
433 4578 735 4636 venientem
767 4580 819 4634 in
857 4579 1088 4635 nubibus
1117 4579 1234 4637 caeli
1285 4595 1405 4636 cum
1440 4581 1637 4635 virtute
1669 4580 1832 4633 multa

254 4681 314 4735 et
336 4673 624 4743 majestate.
651 4672 717 4728 Et
742 4674 915 4729 mittet
940 4674 1160 4743 angelos
1182 4688 1307 4727 suos
1332 4688 1456 4729 cum
1484 4672 1610 4727 tuba
1633 4682 1686 4728 et
1710 4688 1841 4727 voce

259 4780 438 4836 magna
463 4783 475 4820 :
500 4775 554 4821 et
581 4765 983 4837 congregabnnt
1002 4766 1203 4823 electos
1230 4764 1348 4836 ejus
1374 4782 1404 4822 a
1428 4775 1681 4837 quattuor
1712 4780 1839 4820 ven-

261 4857 325 4911 tis
350 4872 375 4910 a
406 4856 625 4914 summis
651 4858 903 4917 calorum
934 4873 1101 4929 usque
1130 4858 1196 4913 ad
1225 4858 1483 4913 terminos
1512 4873 1721 4913 eorum.
1759 4856 1839 4911 Ab

260 4950 440 5007 arbore
464 4960 639 5006 autem
670 4951 754 5007 fici
784 4951 973 5009 discite
1001 4951 1329 5021 parabolam.
1360 4949 1495 5006 Cum
1518 4951 1628 5020 jam
1654 4964 1836 5007 ramus

256 5044 367 5113 eius
395 5052 543 5101 tener
572 5045 750 5111 fuerit,
776 5054 831 5099 et
872 5044 994 5100 folia
1048 5054 1191 5111 nata,
1218 5045 1367 5101 scitis
1402 5045 1525 5114 quia
1557 5060 1724 5113 prope
1753 5051 1835 5099 est

263 5146 409 5192 aestas
431 5136 481 5191 δ.
512 5137 587 5192 Ita
616 5148 671 5194 et
700 5154 793 5193 vos
823 5154 943 5193 cum
978 5139 1216 5194 videritis
1249 5140 1365 5195 haec
1392 5138 1573 5194 omnia
1597 5181 1610 5205 ,
1644 5139 1837 5193 scitote

262 5230 376 5300 quia
404 5246 565 5301 prope
592 5239 673 5287 est
702 5230 755 5287 in
778 5230 977 5301 januis.
1014 5234 1180 5287 Amen
1213 5232 1330 5287 dico
1373 5232 1550 5295 vobis,
1577 5231 1696 5300 quia
1728 5245 1836 5285 non

245 5324 539 5395 'praiteribit
562 5325 681 5382 haec
707 5325 1008 5396 generatio,
1041 5325 1214 5380 donec
1242 5325 1421 5387 ontnia
1452 5323 1600 5381 fiant.
1632 5323 1833 5380 Caelum

263 5424 315 5474 et
346 5425 482 5475 terra
524 5418 865 5474 transibunt:
894 5417 1056 5473 verba
1104 5426 1281 5472 autem
1315 5432 1432 5471 mea
1464 5432 1568 5471 non
1613 5425 1829 5485 praeter

332 5530 434 5587 ⁸1η
482 5530 685 5588 Codice
731 5541 853 5587 nota
905 5530 1177 5589 numerica
1223 5531 1376 5585 deest
1424 5545 1484 5584 ac
1530 5530 1829 5597 deinceps;

263 5601 484 5673 itemque
512 5604 697 5658 titulus
727 5602 928 5658 ansulis
953 5602 1213 5668 inclusus,
1252 5616 1410 5672 quem
1453 5616 1521 5656 ex
1569 5600 1833 5671 superiori

265 5676 410 5730 missa
432 5675 816 5744 supplevimus.

328 5744 353 5783 δ
376 5742 564 5813 Nescio
594 5761 660 5800 an
688 5760 867 5813 operae
898 5746 1125 5814 pretium
1158 5745 1227 5799 sit
1254 5742 1513 5807 adnotare
1560 5743 1612 5797 in
1641 5758 1830 5798 exem-

267 5818 384 5888 plari
428 5818 553 5886 legi,
584 5826 706 5884 stas.
733 5816 825 5875 Sic
843 5815 1000 5884 infra,
1036 5824 1165 5873 stole
1192 5831 1288 5887 pro
1314 5823 1493 5873 estote.
1526 5815 1615 5873 Sic
1645 5830 1826 5885 supra,

269 5889 482 5943 ttimator
510 5902 608 5959 pro
634 5889 935 5945 mtimntor.

2014 3307 2371 3377 Omnipotens
2402 3308 2729 3378 sempiterne
2762 3309 2933 3375 Deus,
2965 3310 3058 3380 qui
3097 3326 3194 3365 nos
3222 3312 3370 3367 omni
3401 3322 3540 3368 tem-

1944 3414 2073 3469 pore
2107 3400 2211 3454 tuis
2252 3398 2466 3455 deditos
2494 3401 2576 3454 vis
2620 3416 2741 3455 esse
2770 3401 3058 3467 mandatis,
3091 3403 3330 3459 concede
3362 3403 3540 3473 propi-

1941 3493 2076 3558 cius,
2109 3503 2165 3547 ut
2191 3491 2259 3547 ad
2287 3492 2574 3548 adventum
2629 3493 2837 3549 Domini
2886 3495 3152 3564 possimus
3182 3510 3301 3551 esse
3333 3496 3539 3564 devoti,

1941 3583 2136 3655 quibus
2167 3583 2301 3638 illud
2345 3594 2428 3639 est
2460 3587 2775 3655 mysterium
2822 3584 3226 3652 celebrandum,
3257 3586 3344 3641 cui
3370 3585 3540 3643 servit

1942 3678 2121 3732 omnis
2148 3677 2428 3733 excusatio
2458 3677 2857 3732 mandatorum.

2563 3769 2682 3818 Post
2710 3770 2916 3818 nomina.

2011 3851 2258 3908 Concede
2304 3851 2457 3908 nobis
2483 3894 2497 3918 ,
2532 3852 2755 3909 Domine
2781 3898 2794 3917 ,
2846 3868 3153 3923 quaesumus
3175 3898 3191 3925 ,
3226 3864 3283 3911 ut
3328 3872 3539 3928 magnae

1939 3945 2241 4001 festivitatis
2288 3954 2509 4001 ventura
2556 3946 2872 4002 solemnitas
2916 3962 3178 4017 prospero
3228 3949 3535 4006 celebretur

1940 4038 2155 4103 eil‘ectu,
2200 4039 2506 4108 pariterque
2555 4038 2842 4094 reddantur
2891 4049 2944 4096 et
2989 4040 3183 4098 intenti
3231 4042 3536 4098 czeleSIibus

1939 4130 2270 4200 disciplinis,
2320 4138 2375 4186 et
2424 4139 2767 4200 peccatorum
2817 4132 3198 4203 indulgentiam
3248 4149 3539 4206 consequa-

1944 4235 2090 4277 mur.

2564 4290 2637 4340 Ad
2664 4302 2849 4353 pacem.

2012 4398 2323 4456 Devotionis
2350 4408 2547 4455 nostrae
2580 4399 2694 4463 tibi,
2723 4399 2965 4465 Domine,
3005 4415 3335 4471 quaesumus,
3363 4402 3541 4458 hostia

1935 4492 2135 4564 jugiter
2188 4490 2532 4560 immoletur,
2562 4506 2680 4563 quae
2732 4502 2785 4546 et
2836 4494 2968 4547 sacri
3021 4504 3243 4562 peragat
3298 4494 3540 4551 instituta

1946 4585 2208 4657 mysterii,
2244 4591 2300 4640 et
2330 4585 2571 4641 salutare
2621 4593 2770 4639 tuum
2797 4583 2953 4639 nobis
3001 4584 3321 4639 mirabiliter
3350 4600 3539 4657 opere-

1949 4689 2036 4737 ιω·
2061 4690 2107 4733 θ.

2017 4770 2347 4828 Sacrificium
2397 4769 2516 4838 tibi,
2568 4766 2831 4834 Domine,
2862 4765 3248 4822 celebrandum
3295 4768 3539 4839 placatus

1948 4863 2188 4928 intende,
2201 4861 2340 4933 quod
2365 4866 2418 4915 et
2440 4873 2537 4915 nos
2563 4874 2592 4912 a
2614 4859 2758 4913 vitiis
2782 4865 2979 4914 nostrae
3002 4858 3326 4915 conditionis
3348 4875 3538 4917 emun-

1944 4955 2055 5025 det,
2085 4964 2139 5011 et
2167 4964 2255 5009 tuo
2287 4951 2484 5008 nomini
2520 4950 2711 5007 reddat
2738 4960 3008 5021 acceptos.

2577 5055 2897 5108 Contestatio.

2020 5141 2162 5197 Vere
2192 5140 2410 5211 (lignum
2437 5151 2492 5196 et
2518 5141 2719 5208 justum
2749 5150 2851 5207 est,
2883 5140 3225 5211 omnipotens
3258 5141 3419 5205 Deus,
3447 5143 3537 5197 cui

1948 5236 2223 5306 proprium
2256 5244 2339 5290 est
2368 5235 2575 5289 veniam
2602 5233 2811 5289 delictis
2834 5233 3145 5305 inpendere,
3175 5250 3331 5305 quam
3356 5250 3539 5303 paena-

1947 5328 2072 5385 liter
2094 5330 2356 5385 inminere
2382 5325 2432 5382 δ.
2459 5328 2557 5396 Qui
2583 5328 2837 5383 fabricam
2864 5328 2938 5383 tui
2960 5328 3140 5397 operis
3167 5343 3261 5396 per
3285 5327 3533 5383 eumdem

1943 5432 2127 5477 rursus
2156 5421 2411 5492 Lapidem
2441 5437 2501 5476 es
2527 5421 2777 5490 dignatus
2810 5419 3019 5489 erigere
3046 5437 3057 5472 :
3087 5435 3151 5473 ne
3186 5419 3382 5490 imago,
3415 5436 3534 5490 quae

2018 5546 2038 5572 ε
2071 5532 2324 5589 Collectio
2355 5534 2466 5587 haec
2498 5533 2686 5599 legitur
2718 5546 2821 5584 non
2855 5530 3027 5585 solum
3059 5530 3108 5584 in
3145 5530 3406 5593 Romam,
3442 5531 3534 5585 sed

1942 5606 2101 5662 etiam
2138 5606 2191 5658 in
2223 5605 2576 5658 Ambrosiano
2603 5603 2877 5655 Dominica
2904 5610 3093 5670 quarta
3127 5603 3422 5656 Adventus.

2012 5674 2037 5713 ἀ
2069 5676 2162 5733 δῖα
2188 5677 2434 5729 inminere
2468 5690 2562 5744 pro
2588 5675 2801 5727 instare.
2837 5674 2898 5727 Et
2930 5674 2961 5726 h
2984 5688 3045 5726 rc
3075 5674 3404 5727 Contestatio
3436 5675 3528 5725 lia-

1943 5748 2095 5802 lietut‘
2117 5747 2167 5801 in
2195 5747 2395 5801 Ordine
2422 5743 2772 5799 Atubrosiano
2804 5743 3075 5798 Dominica
3104 5756 3288 5814 quarta
3328 5745 3535 5798 Adteuv

1946 5830 2027 5873 tus
2058 5834 2223 5887 usque
2254 5819 2316 5870 ad
2350 5818 2462 5869 haec
2495 5818 2675 5875 verba.
2718 5813 2842 5869 "rec
2873 5813 3157 5885 postquam,
3193 5826 3296 5869 etc.
