4060 6346
538 397 645 456 465

1355 386 1699 448 APPENDIX
1735 385 1827 442 AD
1864 382 2093 440 OPERA
2133 380 2190 438 S.
2233 380 2538 439 GERMANI
2578 375 3018 435 PARISIENSIS.

3723 372 3851 430 εει

528 512 594 567 ad
626 506 1030 566 similitudinem
1076 507 1151 562 tui
1198 504 1334 561 iacta
1384 503 1560 559 fuerat
1587 500 1797 563 vivens,
1831 496 2112 551 dissimilis
2147 496 2195 557 Α
2219 495 2305 565 qui
2334 509 2455 549 cum
2484 510 2550 549 ex
2584 493 2802 564 Virgine
2833 503 2885 547 te
2917 492 3245 547 nasciturum
3298 490 3677 561 pronuncias,
3706 490 3844 558 quia

527 604 817 660 haberetur
863 615 932 658 ex
982 607 1199 665 morte,
1242 611 1436 652 munus
1482 593 1705 649 venialis
1772 586 2115 659 indulgentia:

528 693 859 763 praestitisti;
891 702 951 747 ut
980 690 1122 745 unde
1150 697 1379 743 mortem
1425 690 1704 754 peccatum
1748 688 2114 745 contraxerat,

2224 586 2442 642 Mariam
2475 594 2701 641 matrem
2750 584 2967 650 creasti,
3000 593 3056 638 ut
3086 582 3365 648 Dominus,
3405 582 3472 638 de
3503 597 3616 653 qua
3666 594 3833 637 natus

2219 694 2279 735 es
2308 678 2480 743 lilins;
2511 677 2577 732 da
2624 676 2777 732 nobis
2824 686 2883 731 ut
2931 676 3019 745 qui
3069 690 3191 730 cum
3241 674 3385 731 illaa
3419 683 3473 729 te
3506 675 3598 730 vel
3648 687 3753 743 per
3781 683 3837 729 te

534 787 659 842 .nde
686 786 853 841 vitam
884 783 1056 854 pietas
1080 790 1353 851 repararet
1375 777 1655 833 immensa.
1686 774 1812 828 Haec
1837 781 2118 841 postquam
2220 771 2385 827 creati
2414 784 2600 825 sumus
2627 783 2695 825 ex
2721 768 2921 839 nihilo,
2970 768 3130 824 simili
3163 779 3221 824 ut
3249 783 3312 825 ea
3360 767 3716 824 credulitatis
3743 782 3831 822 re-

530 876 843 950 prophetica
870 875 1067 945 saepius
1095 887 1195 929 vox
1224 870 1491 943 praedixit,
1521 879 1578 924 et
1604 866 1859 924 Gabrihel
1893 864 2118 935 angelus

527 970 710 1027 Maria:
732 969 842 1039 jam
874 967 1156 1037 praesentia
1207 964 1446 1029 nunciat,
1481 977 1605 1017 mox
1638 960 1815 1030 puella
1859 956 2121 1012 credente

528 1064 587 1120 in
617 1074 768 1118 utero
798 1058 970 1115 ﬁdelis
1010 1058 1169 1113 Verbi
1210 1057 1409 1113 mansit
1442 1054 1675 1124 aspirata
1707 1049 1994 1115 conceptio
2027 1061 2119 1113 per

530 1159 802 1216 Christum
832 1157 1116 1213 Dominum
1149 1163 1413 1210 nostrum.
1464 1151 1567 1205 Per
1599 1158 1759 1217 quem
1791 1142 2121 1213 Maiestatem

531 1257 677 1308 tuam
705 1249 925 1307 laudant
948 1247 1147 1319 angeli.

903 1339 1029 1392 Item
1051 1338 1351 1392 Coulestatio
1371 1336 1394 1364 ³
1421 1334 1485 1383 de
1509 1331 1751 1381 Adventu.

597 1426 733 1481 Vere
758 1425 973 1495 dignum
999 1432 1049 1477 et
1076 1421 1277 1492 justum
1293 1410 1941 1481 est.Tu,clementissime
1959 1406 2121 1472 Deus,

534 1532 679 1575 verte
738 1514 1077 1574 credulitatis
1128 1513 1180 1566 in
1229 1509 1477 1566 sensibus
1543 1506 1739 1561 nostris
1798 1503 2125 1558 incrementa

533 1610 850 1680 multiplica,
869 1616 923 1675 et
943 1604 1190 1679 imaginis
1215 1617 1278 1657 ac
1298 1597 1666 1657 similitudinis
1688 1605 1791 1651 tuae
1815 1593 2044 1649 formam
2073 1590 2124 1645 in

533 1700 686 1757 nobis
714 1696 928 1773 [magis]
960 1697 1234 1768 magisque
1256 1703 1527 1757 restaura;
1556 1698 1614 1745 ut
1637 1697 1711 1755 te,
1739 1702 1897 1757 quem
1923 1684 2123 1741 dudum

532 1790 746 1848 venisse
791 1789 1060 1845 credimus
1110 1800 1206 1854 pro
1253 1783 1493 1840 remedio
1542 1780 1905 1851 captivorum,
1930 1777 1985 1832 in
2038 1789 2125 1830 se-

534 1882 709 1939 cundo
739 1880 973 1936 adventu
1005 1888 1095 1933 tuo
1114 1886 1166 1934 te
1192 1892 1311 1933 cum
1334 1875 1618 1946 majestate
1646 1883 1929 1929 venturum
1960 1871 2124 1927 susti-
2156 1881 2205 1942 Β

535 1983 725 2030 nentes
766 1972 948 2029 videre
995 1985 1299 2028 mereamur
1338 1983 1459 2024 cum
1492 1967 1825 2040 indulgentia
1877 1973 2129 2036 peccato-

536 2079 677 2119 rum.
1675 2051 1678 2054 ’

604 2154 831 2219 Przrsta,
860 2154 1006 2209 unita
1034 2151 1064 2192 δ
1092 2161 1149 2209 et
1193 2152 1418 2208 indivisa
1469 2149 1703 2207 Trinitas
1752 2148 1895 2205 Deus
1915 2188 1930 2214 ,
1960 2163 2123 2219 quem

534 2249 785 2305 caelorum
812 2248 1092 2319 multiplex
1119 2256 1174 2303 et
1200 2246 1482 2301 ineli'abilis
1511 2256 1789 2311 numerus,
1816 2256 1974 2309 quem
2007 2256 2123 2296 om-

533 2341 677 2397 nium
708 2343 1021 2413 angelorum
1052 2349 1107 2396 et
1134 2340 1579 2411 archangelorum
1602 2338 1771 2403 milia,
1795 2350 1915 2390 cum
1940 2335 2121 2389 senio-

531 2432 680 2488 ribus
727 2442 783 2487 et
819 2432 1139 2496 virtutibus,
1181 2446 1298 2485 cum
1347 2429 1555 2483 thronis
1583 2437 1635 2481 et
1666 2425 2126 2482 dominationibus

533 2523 749 2580 laudare
770 2538 876 2580 non
906 2532 1123 2579 cessant
1148 2521 1388 2577 dicentes
1412 2539 1425 2573 :
1453 2522 1706 2575 Sanctus.

845 2631 994 2671 κιεεΑ
1022 2629 1074 2669 IN
1105 2630 1302 2671 VICILIA
1343 2628 1567 2667 NATALIS
1602 2628 1812 2668 DOIIINI.

752 2706 963 2770 Epistola
1002 2706 1142 2755 Pauli
1174 2704 1379 2768 apostoli
1413 2706 1473 2755 ad
1497 2705 1842 2768 Philippenses
1870 2708 1915 2754 ο.

607 2791 846 2859 Fratres,
877 2789 1106 2859 gaudete
1136 2789 1187 2854 in
1220 2788 1443 2844 Domino
1488 2804 1704 2859 semper
1726 2832 1741 2857 ,
1778 2790 1972 2846 iterum
2003 2788 2128 2845 dico

536 2886 807 2957 gaudete:
833 2884 1095 2940 modestia
1138 2894 1316 2939 vestra
1347 2892 1472 2939 nota
1502 2884 1573 2937 sit
1600 2884 1851 2939 omnibus
1899 2884 2130 2939 homini-

538 2977 662 3043 bus,
690 2976 946 3031 Dominus
992 2976 1136 3031 enim
1184 2990 1352 3045 prope
1396 2985 1499 3030 est.
1534 2973 1675 3029 Nihil
1726 2974 1947 3030 solliciti
1989 2976 2127 3041 sitis,

536 3068 633 3124 sed
665 3069 717 3123 in
749 3069 893 3123 omni
924 3070 1165 3123 oratione
1194 3082 1315 3124 cum
1344 3068 1637 3139 gratiarum
1668 3069 1882 3123 actione
1916 3069 2127 3136 petitio-

538 3176 633 3217 nes
658 3169 853 3217 vestra:
885 3160 1221 3216 innotescant
1247 3159 1385 3230 apud
1418 3160 1611 3215 Deum.
1644 3160 1710 3214 Et
1741 3174 1839 3229 pax
1870 3159 1983 3225 Dei,
2011 3174 2130 3229 qur.

540 3262 760 3323 superat
799 3268 1012 3309 omnem
1063 3266 1302 3320 sensum,
1336 3250 1603 3306 custodiat
1647 3250 1807 3305 corda
1859 3260 2037 3305 vestra
2069 3257 2125 3304 et
2157 3258 2204 3322 ο

543 3351 927 3423 intelligentias
957 3359 1163 3406 vestras
1194 3350 1246 3404 in
1276 3350 1487 3406 Christo
1516 3349 1668 3406 Jesu.

693 3442 863 3494 Lectio
901 3442 1056 3492 sancti
1080 3440 1338 3504 Evangelii
1374 3440 1645 3492 secundum
1672 3440 1969 3490 Mattbaeum.

607 3530 728 3589 Sint
748 3530 909 3589 lumbi
933 3531 1098 3585 vestri
1129 3529 1424 3599 praecincti,
1453 3536 1508 3582 et
1536 3528 1772 3582 lucernse
1797 3526 2056 3580 ardentes
2076 3522 2126 3579 ἀς

538 3633 594 3681 et
634 3638 731 3679 vos
782 3622 984 3678 similes
1042 3618 1350 3675 hominibus
1399 3616 1805 3687 expectantibus
1848 3615 2131 3671 dominum

536 3732 715 3779 suum,
742 3713 956 3785 quando
1000 3719 1300 3767 revertatur
1327 3724 1354 3763 a
1384 3708 1616 3777 nuptiis,
1647 3717 1705 3761 ut
1753 3722 1873 3762 cum
1922 3706 2133 3761 venerit

535 3821 590 3867 et
618 3808 927 3881 pulsaverit,
959 3805 1241 3861 confestim
1270 3805 1511 3873 aperiant
1539 3800 1610 3855 ei.
1648 3800 1794 3856 Beati
1824 3808 1950 3855 sunt
1978 3799 2131 3854 servi

535 3899 633 3964 illi,
669 3912 821 3969 quos,
848 3912 969 3951 cum
992 3895 1199 3951 venerit
1223 3892 1495 3959 dominus,
1522 3892 1790 3947 invenerit
1812 3891 2126 3960 vigilantes.

536 3991 706 4045 Amen
753 3987 878 4042 dico
926 3983 1101 4049 vobis,
1130 3982 1272 4053 quod
1320 3980 1600 4051 praecingit
1641 3996 1733 4045 se,
1768 3993 1823 4035 et
1854 3979 1982 4034 facit
2013 3979 2131 4035 illos

537 4080 899 4144 discumbere,
925 4088 980 4133 et
1006 4074 1276 4131 transiens
1303 4072 1629 4129 ministrabit
1658 4072 1783 4127 illis.

1144 4183 1313 4218 INCIPIT
1341 4180 1472 4217 mssa
1502 4168 1543 4215 θ.

611 4258 915 4315 Misericors
967 4271 1030 4311 ac
1075 4253 1315 4324 piissime
1363 4253 1523 4320 Deus,
1557 4252 1712 4321 cujus
1765 4251 2040 4308 voluntate
2066 4266 2130 4307 ac

542 4368 765 4411 munere
794 4350 1054 4407 Dominus
1096 4357 1273 4403 noster
1317 4347 1472 4403 Jesus
1519 4345 1765 4402 Christus
1810 4346 1874 4399 ad
1924 4345 2027 4401 hoc
2071 4360 2132 4400 se

544 4443 864 4510 humiliavit,
898 4450 955 4496 ut
986 4447 1153 4496 totum
1200 4453 1370 4508 genus
1416 4436 1675 4493 cxaltaret
1724 4438 2046 4502 humanum,
2078 4446 2133 4492 et

545 4538 669 4593 ideo
695 4535 761 4591 ad
789 4536 894 4591 ima
940 4532 1299 4596 descenderit,
1329 4540 1390 4586 ut
1437 4531 1660 4586 humilia
1692 4533 2036 4598 snblimaret;
2070 4545 2133 4586 ac

543 4638 827 4701 propterea
861 4628 999 4682 Deus
1028 4625 1190 4681 homo
1241 4624 1478 4680 nascitur
1529 4639 1623 4693 per
1651 4624 1920 4694 Virginem
1942 4669 1956 4693 ,
1987 4634 2047 4679 ut
2076 4626 2129 4679 in
2156 4650 2211 4713 Β

543 4719 765 4777 homine
812 4717 1071 4787 perditam
1115 4717 1387 4771 cazlestem
1438 4713 1754 4769 relormarct
1798 4712 2126 4783 imaginem;

540 4816 606 4871 da
630 4825 687 4869 ut
714 4810 865 4884 plebs
891 4811 1005 4866 haec
1030 4809 1121 4865 tibi
1146 4807 1441 4872 adhaereat,
1466 4815 1526 4860 ut
1546 4820 1703 4877 quam
1734 4804 2008 4859 redemisti
2033 4814 2126 4862 tuo

545 4919 769 4961 munere
793 4943 809 4969 ,
839 4902 935 4958 tibi
965 4915 1179 4971 semper
1206 4898 1397 4953 devota
1430 4899 1635 4967 placeat
1664 4895 1947 4954 servitute.

1215 4988 1465 5042 Collectio.

616 5075 969 5135 Emmanuhel
995 5117 1009 5143 ,
1038 5074 1325 5129 Nobiscum
1359 5075 1495 5130 Deus
1520 5113 1535 5139 ,
1566 5070 1778 5128 Christe
1808 5070 1975 5128 Filius
2007 5071 2131 5141 Dei,

616 5233 642 5261 ει
671 5218 1004 5277 Contestatio
1031 5218 1147 5273 haec
1175 5233 1271 5284 pro
1301 5218 1405 5273 alia
1437 5217 1597 5271 missa
1638 5217 1706 5273 de
1749 5216 2030 5280 Adventu;
2064 5214 2135 5271 de

545 5312 650 5363 quo
681 5291 893 5363 nonnisi
921 5300 1027 5345 tres
1057 5289 1487 5363 missaaAintegra;
1513 5288 1612 5342 huc
1654 5290 1706 5342 in
1750 5288 1947 5342 Ordine
1995 5285 2131 5340 assi-

546 5359 776 5434 gnantur
803 5378 821 5434 ς
850 5361 985 5434 forte
1013 5360 1179 5429 quod,
1212 5359 1257 5415 si
1277 5360 1571 5434 Dominicre
1602 5374 1696 5414 sex
1741 5367 1850 5413 tum
1882 5370 2136 5413 numera-

546 5432 765 5501 bantur,
798 5433 881 5487 bat
914 5432 1092 5487 missa:
1120 5432 1288 5497 repeti
1320 5440 1560 5500 possent.

618 5503 647 5543 δ
677 5498 767 5560 Sic
788 5503 932 5558 unita
958 5503 1009 5556 in
1037 5498 1351 5570 exemplari,
1388 5518 1482 5571 pro
1506 5498 1875 5571 una.Ve_teres
1895 5500 2139 5571 unionem

551 5592 647 5645 pro
680 5576 872 5629 unitate
901 5575 1164 5628 dicebant.
1200 5569 1301 5627 Adi
1334 5569 1600 5627 Valesium
1630 5570 1681 5624 in
1714 5569 1927 5641 Evagrii
1956 5570 2049 5625 lib.
2080 5586 2133 5639 v,

546 5647 856 5770 c“adfectio
885 5715 999 5768 haec
1026 5714 1079 5767 in
1104 5713 1308 5769 Ordine
1337 5712 1665 5782 Cregoriano
1692 5710 1919 5767 habetur
1950 5711 2135 5767 Domi-

548 5787 861 5913 ili)ica.tertia
906 5785 1223 5854 Adventus,
1269 5798 1388 5853 quae
1437 5784 1520 5839 hic
1564 5798 1660 5855 pro
1704 5783 1889 5854 Vigilia
1940 5783 2140 5839 Natalis

596 5874 785 5913 Oilllttl.

623 5926 646 5965 ἀ
678 5894 838 5985 Addit
869 5925 1112 5987 Vulgata,
1147 5926 1197 5979 in
1228 5923 1460 5980 manibus
1490 5928 1827 5989 esuriamus:
1851 5928 2010 5983 verba
2036 5928 2131 5983 de-

2224 878 2569 922 muncremur
2597 878 2666 921 ex
2695 862 2937 935 praemio.

2833 954 2952 1005 Post
2976 958 3193 1006 nomina.

2295 1041 2650 1111 Omnipotens
2678 1039 3008 1109 sempiterne
3054 1039 3216 1106 Deus,
3244 1039 3337 1109 qui
3385 1039 3737 1094 nasciturum
3769 1052 3834 1093 ex

2224 1146 2380 1189 utero
2409 1132 2653 1203 virginali
2679 1130 2862 1187 Jesum
2889 1132 3165 1187 Christum
3192 1130 3386 1187 Filium
3421 1142 3575 1186 tuum
3606 1130 3833 1199 agnosci

2225 1224 2293 1279 ab
2322 1225 2574 1280 omnibus
2598 1266 2613 1290 ,
2644 1232 2831 1279 sancto
2861 1223 3189 1294 archangelo
3220 1225 3537 1291 nunciante,
3570 1222 3831 1280 voluisti:

2226 1319 2293 1373 da
2329 1324 2389 1371 ut
2424 1316 2578 1387 cujus
2626 1317 2966 1373 nativitatem
3018 1319 3344 1386 accepimus,
3372 1315 3487 1386 ejus
3539 1315 3837 1385 prrcsentia

2226 1410 2577 1481 gaudeamus.

2882 1479 2957 1530 Ad
2981 1492 3168 1543 pacem.

2304 1566 2465 1630 Deus,
2498 1565 2650 1635 cujus
2680 1562 2957 1619 nativitate
2991 1563 3117 1618 Filii
3151 1561 3227 1616 tui
3260 1560 3470 1617 Domini
3502 1561 3683 1615 nostri
3715 1560 3839 1630 glo-

2230 1659 2368 1714 riosa
2398 1656 2660 1713 festivitas
2685 1668 2736 1713 et
2761 1656 2943 1711 Maria:
2974 1666 3179 1725 partum
3209 1664 3265 1710 et
3290 1654 3539 1725 Eogeuia:
3574 1652 3593 1690 τ
3632 1653 3839 1707 trium-

2230 1755 2417 1821 phum.
2452 1749 2619 1805 llodie
2662 1750 2859 1820 quippe
2886 1747 3053 1804 Maria
3100 1748 3372 1803 Christum
3399 1747 3620 1817 genuit;
3672 1745 3841 1800 hodie

2234 1841 2469 1911 Eogenia
2500 1841 2565 1895 ad
2595 1840 2871 1895 Christum
2916 1840 3101 1906 vadit;
3150 1840 3313 1896 hodie
3345 1840 3433 1894 illa
3479 1848 3739 1909 generat,
3773 1838 3841 1892 ad

2238 1950 2395 2002 quem
2439 1936 2538 1990 ism
2570 1934 2815 2001 festinat;
2853 1936 3011 1990 hodie
3039 1935 3283 1990 Christus
3328 1934 3381 1989 in
3411 1935 3618 1990 mundo
3647 1936 3837 1997 venit,

2238 2025 2396 2081 hodie
2426 2025 2685 2097 virginem
2718 2025 2769 2078 in
2798 2024 2933 2080 calo
2964 2023 3209 2080 Christus
3238 2025 3493 2093 suscipit;
3529 2024 3700 2079 hodie
3744 2038 3838 2077 na-

2234 2117 2435 2173 scendo
2464 2116 2727 2187 virginem
2755 2126 2985 2172 matrem
3018 2116 3165 2184 fecit,
3189 2118 3279 2187 qui
3302 2117 3464 2172 hodie
3490 2116 3841 2186 perﬁciendo

2236 2219 2526 2281 martyrem
2564 2209 2863 2264 coronavit.

2869 2301 3184 2353 Contestatio.

2304 2390 2439 2445 Vere
2468 2388 2689 2459 dignum
2712 2396 2766 2443 et
2789 2386 2992 2457 justum
3024 2396 3129 2453 est,
3160 2385 3503 2459 omnipotens
3525 2386 3699 2451 Deus,
3739 2402 3838 2454 per

2230 2478 2502 2537 Christum
2527 2480 2809 2535 Dominum
2836 2488 3096 2534 nostrum.
3113 2480 3264 2547 Quia
3289 2495 3502 2535 summo
3522 2481 3661 2535 celo
3683 2480 3833 2535 thro-

2234 2575 2426 2645 nisquc
2453 2574 2723 2645 regalibus
2750 2573 2818 2628 ad
2848 2574 2953 2629 ima
2996 2573 3361 2641 descendens,
3397 2572 3568 2628 Patris
3598 2574 3837 2643 imperio

2234 2681 2401 2721 sacrae
2429 2666 2606 2721 Mariae
2636 2676 2788 2722 utero
2814 2666 3070 2721 inviolate
3098 2676 3380 2734 susceptus
3410 2678 3511 2734 est,
3547 2677 3608 2721 ut
3641 2669 3839 2722 misce-

2234 2769 2318 2816 tor
2346 2769 2372 2807 κ
2404 2759 2545 2815 Deus
2575 2758 2848 2825 elementi,
2872 2758 3081 2827 sucepit
3108 2758 3345 2813 membra
3380 2759 3654 2821 mortalia,
3683 2774 3836 2813 sumo

2233 2850 2305 2906 sit
2330 2852 2509 2907 carnis
2540 2850 2733 2921 injuria
2766 2848 3034 2904 liberandi
3084 2848 3315 2903 hominis
3346 2858 3486 2902 vota.
3522 2849 3749 2905 Jacebat
3778 2850 3829 2902 in

2233 2946 2441 3015 pannis,
2476 2945 2705 3015 fulgebat
2736 2945 2788 2998 in
2821 2943 3017 2998 stellis.
3047 2940 3186 2997 Caro
3217 2950 3304 2998 est
3332 2944 3473 3012 quod
3507 2943 3833 2997 involvitur:

2231 3043 2500 3106 divinitas,
2534 3040 2617 3096 cui
2651 3040 2719 3095 ab
2742 3040 2948 3111 angelis
2983 3040 3339 3094 ministratur.
3377 3040 3500 3092 Erat
3530 3040 3745 3108 positus
3778 3041 3829 3089 in

2234 3137 2492 3205 praesepio
2520 3174 2533 3197 ,
2566 3133 2660 3188 sed
2703 3133 2873 3187 virtus
2916 3132 3033 3199 ejus
3082 3130 3409 3201 operabatur
3448 3130 3498 3184 in
3548 3130 3721 3185 crelis.
3778 3129 3829 3183 In

2233 3227 2507 3283 cunabulis
2530 3227 2760 3299 jacebat,
2786 3235 2841 3281 et
2869 3241 3093 3297 regnum
3125 3226 3338 3280 cazleste
3369 3223 3623 3279 donabat.
3658 3222 3827 3278 Natus

2234 3330 2317 3377 est
2344 3320 2499 3376 nobis
2523 3317 2791 3384 Christus,
2821 3318 3171 3373 inluminatus
3200 3325 3285 3372 est
3315 3316 3566 3370 mundus.
3600 3315 3827 3383 lnnupta

2234 3415 2473 3483 peperit,
2504 3411 2600 3468 sed
2648 3414 2800 3482 virgo
2842 3410 3116 3478 concepit;
3147 3409 3215 3465 de
3256 3407 3372 3462 viro
3419 3424 3547 3477 pura
3576 3449 3590 3473 ,
3617 3408 3688 3462 de
3719 3407 3828 3461 lilio

2231 3512 2482 3583 gloriosa.
2516 3510 2736 3579 Accepit
2756 3522 2950 3563 nomen
2979 3504 3299 3572 matris,sed
3325 3520 3427 3559 non
3453 3504 3642 3559 habuit
3671 3503 3820 3558 thro-

2233 3620 2358 3661 num
2405 3603 2607 3658 uxoris.
2655 3602 2755 3656 Per
2784 3600 2936 3669 cujus
2976 3599 3308 3654 nativitatem
3342 3595 3681 3667 indulgentia
3714 3595 3824 3650 cri-

2235 3696 2437 3751 minum
2475 3692 2818 3759 conceditur,
2844 3701 2901 3746 et
2951 3688 3277 3746 resurreCIio
3309 3703 3415 3743 non
3447 3696 3695 3758 negatur.
3728 3685 3825 3741 I’er

2234 3786 2407 3859 ipsum
2438 3802 2594 3857 quem
2625 3784 2846 3840 laudant
2877 3784 3072 3854 angeli.

2679 3892 2825 3931 IISSA
2860 3891 2910 3929 IN
2944 3890 3151 3930 ΝΑτΑικ
3179 3889 3386 3929 DOIINI.

2345 3970 2515 4022 Lectio
2541 3969 2681 4020 Isaia:
2705 3967 2958 4031 propheta:
2976 4007 2990 4030 ,
3012 3965 3192 4030 legend
3211 3987 3220 4013 ι
3242 3968 3292 4016 in
3317 3965 3490 4017 Natale
3513 3966 3726 4016 Domini.

2306 4056 2565 4111 Parvnlus
2620 4053 2761 4111 enim
2812 4062 2969 4107 natus
3012 4062 3094 4107 est
3136 4050 3326 4118 nobis,
3362 4052 3500 4107 illius
3547 4061 3705 4107 natus
3747 4060 3823 4108 est

2236 4150 2424 4207 nobis:
2450 4162 2503 4205 et
2533 4150 2704 4205 laetus
2729 4155 2813 4202 est
2844 4146 3174 4216 principatus
3202 4145 3320 4214 ejus
3349 4161 3511 4215 super
3540 4147 3821 4201 humerum

2234 4246 2372 4315 ejus,
2401 4258 2455 4299 et
2480 4242 2758 4299 vocabitur
2785 4255 2980 4294 nomen
3012 4238 3129 4309 ejus
3163 4238 3526 4302 Admirabilis,
3557 4237 3824 4293 Consilia~

2236 4341 2348 4397 rius
2375 4384 2390 4407 ,
2426 4341 2565 4395 Deus
2592 4380 2605 4404 ,
2637 4336 2850 4403 Fortis,
2887 4335 3042 4389 Pater
3096 4332 3258 4387 futuri
3306 4331 3485 4387 saeculi
3512 4373 3527 4398 ,
3571 4331 3825 4401 Princeps

2236 4432 2403 4504 pacis.
2451 4429 2886 4499 Multiplicabitur
2932 4424 3050 4494 ejus
3102 4423 3417 4491 imperium,
3444 4430 3501 4477 et
3529 4423 3683 4493 regni
3712 4423 3825 4493 ejus

2237 4543 2343 4582 non
2374 4523 2477 4581 erit
2519 4522 2657 4577 linis.
2699 4521 2873 4589 Super
2902 4517 3097 4572 solium
3129 4515 3293 4569 David
3322 4524 3378 4570 et
3406 4529 3573 4583 super
3602 4532 3823 4587 regnum

2236 4618 2353 4687 ejus
2405 4612 2692 4688 [sedebit],
2723 4619 2781 4665 ut
2824 4608 3110 4664 confirmet
3161 4606 3291 4663 illud
3323 4615 3376 4663 et
3405 4610 3734 4665 conroboret
3772 4610 3821 4663 in

2236 4709 2439 4782 judicio
2467 4718 2514 4762 et
2541 4704 2766 4777 justitia.
2814 4702 3021 4757 Amodo
3067 4710 3119 4758 et
3160 4718 3328 4773 usque
3360 4704 3412 4759 in
3442 4706 3827 4776 sempiternum

2242 4802 2387 4858 zelus
2418 4799 2623 4855 Domini
2664 4795 2997 4853 exercituum
3028 4794 3185 4852 faciet
3216 4799 3338 4852 hoc.

2550 4887 2762 4951 Epistula
2785 4886 2924 4937 Pauli
2949 4885 3151 4950 apostoli
3176 4887 3233 4935 ad
3260 4887 3515 4940 Hebrmos.

2312 4977 2527 5033 Fratres
2554 5019 2567 5041 ,
2621 4971 2910 5028 multifarie
2956 4970 3245 5037 multisque
3292 4973 3465 5027 modis
3507 4973 3636 5027 olim
3693 4975 3828 5030 Deus

2240 5070 2463 5140 loquens
2495 5066 2739 5121 Patribus
2769 5065 2819 5118 in
2853 5061 3158 5132 prophetis;
3191 5062 3486 5118 novissime
3513 5074 3697 5120 autem
3722 5066 3827 5121 die-

2240 5220 2365 5269 sunt
2392 5211 2443 5266 in
2472 5210 2669 5266 Codice
2697 5217 2899 5272 nostro,
2928 5214 3184 5270 textuque
3214 5206 3420 5270 Grreeo,
3448 5214 3502 5259 et
3544 5206 3687 5275 apud
3720 5206 3828 5263 Au-

2241 5284 2533 5355 gustinum,
2556 5296 2670 5355 non
2702 5291 2879 5355 tamen
2908 5277 3045 5355 apud
3077 5278 3391 5355 Gregorium
3421 5277 3692 5355 Magnum:

2317 5364 2341 5392 ι
2369 5354 2523 5408 Missa
2553 5354 2666 5406 haec
2694 5350 2872 5404 dill‘ert
2893 5349 2960 5404 ab
2989 5364 3051 5403 ea
3073 5364 3191 5417 qua:
3219 5349 3519 5414 assignatur
3546 5348 3598 5401 in
3630 5348 3830 5404 Missali

2245 5423 2756 5492 Gothicogallicano.
2783 5419 2838 5476 Si
2852 5420 3065 5488 quando
3076 5419 3415 5492 cnnvenient,
3434 5417 3827 5475 adnotabimus.

2320 5493 2340 5532 ί
2372 5491 2504 5550 Nota
2537 5496 2622 5547 hic
2658 5495 2726 5548 de
2755 5503 2940 5546 sancta
2967 5492 3200 5562 Eugeoia
3253 5491 3457 5560 virgine
3500 5500 3572 5562 et~
3598 5498 3830 5562 martyre

2245 5567 2504 5627 Romana,
2535 5579 2650 5634 quc
2684 5578 2836 5633 passa
2868 5570 2952 5617 est
2972 5562 3057 5615 die
3083 5561 3154 5613 9.5
3184 5562 3512 5627 Decembris,
3550 5560 3665 5615 fieri
3694 5560 3829 5615 men-

2243 5638 2466 5698 tionem.
2500 5650 2604 5691 non
2653 5635 2723 5690 de
2750 5643 2934 5689 sancta
2977 5634 3280 5697 Anastasia,
3313 5634 3381 5688 de
3409 5647 3510 5701 qua
3560 5634 3827 5687 Romanus

2242 5710 2386 5763 Ordo
2438 5708 2537 5762 hac
2589 5707 2675 5760 die
2721 5707 3289 5760 commemorationem
3349 5703 3527 5758 habet.
3577 5702 3825 5774 Ejusdem

2245 5779 2493 5845 Eugenim
2518 5778 2778 5832 memoria
2806 5776 2856 5829 in
2883 5774 3102 5829 Canone
3132 5776 3310 5829 missa:
3341 5789 3526 5843 supra.

2318 5862 2341 5897 ις
2367 5851 2469 5906 l’ro
2498 5850 2695 5916 mistor,
2724 5854 2784 5902 ut
2806 5845 3022 5917 quidem
3053 5845 3342 5902 verisimile
3360 5857 3462 5903 est.
