  <div class='ocr_page' id='page_1' title='image "/cluster/home/n/w/nwhite01/storage/ocr_20150623/72/hvd.32044015469364/240.png"; bbox 0 0 4060 6346; ppageno 0'>
   <div class='ocr_carea' id='block_1_1' title="bbox 307 369 408 421">
    <p class='ocr_par' dir='ltr' id='par_1_1' title="bbox 307 369 408 421">
     <span class='ocr_line' id='line_1_1' title="bbox 307 369 408 421; baseline 0.01 -1"><span class='ocrx_word' id='word_1_1' title='bbox 307 369 408 421; x_wconf 66' lang='lat'><strong>£63</strong></span> 
     </span>
    </p>
   </div>
   <div class='ocr_carea' id='block_1_2' title="bbox 717 363 3142 425">
    <p class='ocr_par' dir='ltr' id='par_1_2' title="bbox 717 363 3142 425">
     <span class='ocr_line' id='line_1_2' title="bbox 717 363 3142 425; baseline -0.001 0"><span class='ocrx_word' id='word_1_2' title='bbox 717 367 1348 425; x_wconf 74' lang='lat' dir='ltr'><strong>SACRAMENTARIUM</strong></span> <span class='ocrx_word' id='word_1_3' title='bbox 1389 365 1854 423; x_wconf 73' lang='lat' dir='ltr'><strong>GALLICANUM.</strong></span> <span class='ocrx_word' id='word_1_4' title='bbox 1885 396 1955 409; x_wconf 89' lang='lat'><strong>——</strong></span> <span class='ocrx_word' id='word_1_5' title='bbox 1988 363 2362 420; x_wconf 71' lang='lat' dir='ltr'><strong>LECTIONES</strong></span> <span class='ocrx_word' id='word_1_6' title='bbox 2403 365 2488 420; x_wconf 85' lang='lat' dir='ltr'><strong>DE</strong></span> <span class='ocrx_word' id='word_1_7' title='bbox 2528 366 2850 422; x_wconf 79' lang='lat' dir='ltr'><strong>ADVENTU</strong></span> <span class='ocrx_word' id='word_1_8' title='bbox 2891 367 3142 422; x_wconf 79' lang='lat' dir='ltr'><strong>DOMINI.</strong></span> 
     </span>
    </p>
   </div>
   <div class='ocr_carea' id='block_1_3' title="bbox 3443 369 3548 422">
    <p class='ocr_par' dir='ltr' id='par_1_3' title="bbox 3443 369 3548 422">
     <span class='ocr_line' id='line_1_3' title="bbox 3443 369 3548 422; baseline 0 0"><span class='ocrx_word' id='word_1_9' title='bbox 3443 369 3548 422; x_wconf 67' lang='lat' dir='ltr'><strong>M36</strong></span> 
     </span>
    </p>
   </div>
   <div class='ocr_carea' id='block_1_4' title="bbox 302 481 3550 556">
    <p class='ocr_par' dir='ltr' id='par_1_4' title="bbox 302 481 3550 556">
     <span class='ocr_line' id='line_1_4' title="bbox 302 481 3550 556; baseline -0 -14"><span class='ocrx_word' id='word_1_10' title='bbox 302 490 400 542; x_wconf 80' lang='lat' dir='ltr'><strong>lius</strong></span> <span class='ocrx_word' id='word_1_11' title='bbox 418 487 533 542; x_wconf 90' lang='lat' dir='ltr'><strong>istis</strong></span> <span class='ocrx_word' id='word_1_12' title='bbox 559 486 762 541; x_wconf 83' lang='lat' dir='ltr'><strong>locutus</strong></span> <span class='ocrx_word' id='word_1_13' title='bbox 791 496 870 540; x_wconf 88' lang='lat' dir='ltr'><strong>est</strong></span> <span class='ocrx_word' id='word_1_14' title='bbox 901 485 1052 540; x_wconf 89' lang='lat' dir='ltr'><strong>nobis</strong></span> <span class='ocrx_word' id='word_1_15' title='bbox 1085 487 1136 538; x_wconf 91' lang='lat' dir='ltr'><strong>in</strong></span> <span class='ocrx_word' id='word_1_16' title='bbox 1169 485 1302 539; x_wconf 86' lang='lat' dir='ltr'><strong>Filio</strong></span> <span class='ocrx_word' id='word_1_17' title='bbox 1330 500 1446 551; x_wconf 88' lang='lat' dir='ltr'><strong>suo,</strong></span> <span class='ocrx_word' id='word_1_18' title='bbox 1481 500 1637 556; x_wconf 83' lang='lat' dir='ltr'><strong>quem</strong></span> <span class='ocrx_word' id='word_1_19' title='bbox 1672 488 1871 540; x_wconf 65' lang='lat' dir='ltr'><strong>constio</strong></span> <span class='ocrx_word' id='word_1_20' title='bbox 1896 488 1946 546; x_wconf 78' lang='grc' dir='ltr'>Α</span> <span class='ocrx_word' id='word_1_21' title='bbox 1976 481 2139 550; x_wconf 91' lang='lat' dir='ltr'><strong>Deus,</strong></span> <span class='ocrx_word' id='word_1_22' title='bbox 2171 482 2324 536; x_wconf 85' lang='lat' dir='ltr'><strong>Pater</strong></span> <span class='ocrx_word' id='word_1_23' title='bbox 2345 484 2700 552; x_wconf 87' lang='lat' dir='ltr'><strong>omnipotens,</strong></span> <span class='ocrx_word' id='word_1_24' title='bbox 2720 484 2809 555; x_wconf 84' lang='lat' dir='ltr'><strong>qui</strong></span> <span class='ocrx_word' id='word_1_25' title='bbox 2833 498 2927 554; x_wconf 90' lang='lat' dir='ltr'><strong>per</strong></span> <span class='ocrx_word' id='word_1_26' title='bbox 2947 483 3161 539; x_wconf 82' lang='lat' dir='ltr'><strong>unicitm</strong></span> <span class='ocrx_word' id='word_1_27' title='bbox 3188 483 3376 539; x_wconf 80' lang='lat' dir='ltr'><strong>Filium</strong></span> <span class='ocrx_word' id='word_1_28' title='bbox 3399 495 3550 541; x_wconf 87' lang='lat' dir='ltr'><strong>tuum</strong></span> 
     </span>
    </p>
   </div>
   <div class='ocr_carea' id='block_1_5' title="bbox 301 578 1885 654">
    <p class='ocr_par' dir='ltr' id='par_1_5' title="bbox 301 578 1885 654">
     <span class='ocr_line' id='line_1_5' title="bbox 301 578 1885 654; baseline -0.002 -21"><span class='ocrx_word' id='word_1_29' title='bbox 301 583 402 633; x_wconf 88' lang='lat' dir='ltr'><strong>tuit</strong></span> <span class='ocrx_word' id='word_1_30' title='bbox 429 578 676 634; x_wconf 87' lang='lat' dir='ltr'><strong>heredem</strong></span> <span class='ocrx_word' id='word_1_31' title='bbox 700 578 1088 642; x_wconf 90' lang='lat' dir='ltr'><strong>universorum,</strong></span> <span class='ocrx_word' id='word_1_32' title='bbox 1121 591 1217 646; x_wconf 90' lang='lat' dir='ltr'><strong>per</strong></span> <span class='ocrx_word' id='word_1_33' title='bbox 1240 593 1396 645; x_wconf 88' lang='lat' dir='ltr'><strong>quem</strong></span> <span class='ocrx_word' id='word_1_34' title='bbox 1421 578 1546 633; x_wconf 90' lang='lat' dir='ltr'><strong>fecit</strong></span> <span class='ocrx_word' id='word_1_35' title='bbox 1572 586 1627 632; x_wconf 91' lang='lat' dir='ltr'><strong>et</strong></span> <span class='ocrx_word' id='word_1_36' title='bbox 1654 578 1885 654; x_wconf 47' lang='lat' dir='ltr'><strong>saecula;</strong></span> 
     </span>
    </p>
   </div>
   <div class='ocr_carea' id='block_1_6' title="bbox 297 669 1874 740">
    <p class='ocr_par' dir='ltr' id='par_1_6' title="bbox 297 669 1874 740">
     <span class='ocr_line' id='line_1_6' title="bbox 297 669 1874 740; baseline -0.001 -15"><span class='ocrx_word' id='word_1_37' title='bbox 297 672 538 739; x_wconf 78' lang='lat' dir='ltr'><strong>Quicum</strong></span> <span class='ocrx_word' id='word_1_38' title='bbox 561 671 630 724; x_wconf 89' lang='lat' dir='ltr'><strong>sit</strong></span> <span class='ocrx_word' id='word_1_39' title='bbox 646 669 896 739; x_wconf 81' lang='lat' dir='ltr'><strong>splendor</strong></span> <span class='ocrx_word' id='word_1_40' title='bbox 914 669 1099 740; x_wconf 71' lang='lat' dir='ltr'><strong>gloria:</strong></span> <span class='ocrx_word' id='word_1_41' title='bbox 1123 679 1178 726; x_wconf 90' lang='lat' dir='ltr'><strong>et</strong></span> <span class='ocrx_word' id='word_1_42' title='bbox 1202 671 1370 740; x_wconf 79' lang='lat' dir='ltr'><strong>ﬁgura</strong></span> <span class='ocrx_word' id='word_1_43' title='bbox 1398 671 1710 726; x_wconf 78' lang='lat' dir='ltr'><strong>substantiae</strong></span> <span class='ocrx_word' id='word_1_44' title='bbox 1735 673 1874 739; x_wconf 87' lang='lat' dir='ltr'><strong>ejus,</strong></span> 
     </span>
    </p>
   </div>
   <div class='ocr_carea' id='block_1_7' title="bbox 301 761 1874 833">
    <p class='ocr_par' dir='ltr' id='par_1_7' title="bbox 301 761 1874 833">
     <span class='ocr_line' id='line_1_7' title="bbox 301 761 1874 833; baseline -0.001 -17"><span class='ocrx_word' id='word_1_45' title='bbox 301 771 626 832; x_wconf 81' lang='lat' dir='ltr'><strong>portansque</strong></span> <span class='ocrx_word' id='word_1_46' title='bbox 672 761 847 814; x_wconf 85' lang='lat' dir='ltr'><strong>omnia</strong></span> <span class='ocrx_word' id='word_1_47' title='bbox 878 761 1043 816; x_wconf 89' lang='lat' dir='ltr'><strong>verbo</strong></span> <span class='ocrx_word' id='word_1_48' title='bbox 1086 763 1296 816; x_wconf 90' lang='lat' dir='ltr'><strong>virtutis</strong></span> <span class='ocrx_word' id='word_1_49' title='bbox 1343 776 1473 829; x_wconf 69' lang='lat' dir='ltr'><strong>suae,</strong></span> <span class='ocrx_word' id='word_1_50' title='bbox 1507 762 1874 833; x_wconf 77' lang='lat' dir='ltr'><strong>purgationem</strong></span> 
     </span>
    </p>
   </div>
   <div class='ocr_carea' id='block_1_8' title="bbox 303 851 1874 922">
    <p class='ocr_par' dir='ltr' id='par_1_8' title="bbox 303 851 1874 922">
     <span class='ocr_line' id='line_1_8' title="bbox 303 851 1874 922; baseline -0.003 -14"><span class='ocrx_word' id='word_1_51' title='bbox 303 862 637 922; x_wconf 76' lang='lat' dir='ltr'><strong>peccatorum</strong></span> <span class='ocrx_word' id='word_1_52' title='bbox 673 851 896 915; x_wconf 88' lang='lat' dir='ltr'><strong>faciens,</strong></span> <span class='ocrx_word' id='word_1_53' title='bbox 930 851 1069 907; x_wconf 92' lang='lat' dir='ltr'><strong>sedit</strong></span> <span class='ocrx_word' id='word_1_54' title='bbox 1095 851 1160 906; x_wconf 88' lang='lat' dir='ltr'><strong>ad</strong></span> <span class='ocrx_word' id='word_1_55' title='bbox 1190 852 1466 908; x_wconf 82' lang='lat' dir='ltr'><strong>dexteram</strong></span> <span class='ocrx_word' id='word_1_56' title='bbox 1500 851 1794 922; x_wconf 86' lang='lat' dir='ltr'><strong>majestatis</strong></span> <span class='ocrx_word' id='word_1_57' title='bbox 1821 851 1874 905; x_wconf 93' lang='lat' dir='ltr'><strong>in</strong></span> 
     </span>
    </p>
   </div>
   <div class='ocr_carea' id='block_1_9' title="bbox 299 938 1876 1013">
    <p class='ocr_par' dir='ltr' id='par_1_9' title="bbox 299 938 1876 1013">
     <span class='ocr_line' id='line_1_9' title="bbox 299 938 1876 1013; baseline -0.004 -13"><span class='ocrx_word' id='word_1_58' title='bbox 299 945 550 1010; x_wconf 74' lang='lat' dir='ltr'><strong>excelsis,</strong></span> <span class='ocrx_word' id='word_1_59' title='bbox 577 953 723 997; x_wconf 88' lang='lat' dir='ltr'><strong>tanto</strong></span> <span class='ocrx_word' id='word_1_60' title='bbox 752 944 1170 1012; x_wconf 81' lang='lat' dir='ltr'><strong>melior.angelis</strong></span> <span class='ocrx_word' id='word_1_61' title='bbox 1199 943 1421 998; x_wconf 80' lang='lat' dir='ltr'><strong>eﬂ&#39;ectus</strong></span> <span class='ocrx_word' id='word_1_62' title='bbox 1444 985 1460 1011; x_wconf 95' lang='lat'><strong>,</strong></span> <span class='ocrx_word' id='word_1_63' title='bbox 1488 953 1744 1013; x_wconf 90' lang='lat' dir='ltr'><strong>quantum</strong></span> <span class='ocrx_word' id='word_1_64' title='bbox 1775 938 1876 994; x_wconf 84' lang='lat' dir='ltr'><strong>dif-</strong></span> 
     </span>
    </p>
   </div>
   <div class='ocr_carea' id='block_1_10' title="bbox 299 1033 1876 1102">
    <p class='ocr_par' dir='ltr' id='par_1_10' title="bbox 299 1033 1876 1102">
     <span class='ocr_line' id='line_1_10' title="bbox 299 1033 1876 1102; baseline 0 -15"><span class='ocrx_word' id='word_1_65' title='bbox 299 1034 556 1089; x_wconf 74' lang='lat' dir='ltr'><strong>l‘erentior</strong></span> <span class='ocrx_word' id='word_1_66' title='bbox 581 1049 689 1102; x_wconf 70' lang='lat' dir='ltr'><strong>prae</strong></span> <span class='ocrx_word' id='word_1_67' title='bbox 720 1033 820 1088; x_wconf 88' lang='lat' dir='ltr'><strong>illis</strong></span> <span class='ocrx_word' id='word_1_68' title='bbox 850 1049 1040 1088; x_wconf 90' lang='lat' dir='ltr'><strong>nomen</strong></span> <span class='ocrx_word' id='word_1_69' title='bbox 1077 1034 1416 1090; x_wconf 89' lang='lat' dir='ltr'><strong>hereditavit.</strong></span> <span class='ocrx_word' id='word_1_70' title='bbox 1450 1035 1547 1090; x_wconf 87' lang='lat' dir='ltr'><strong>Cui</strong></span> <span class='ocrx_word' id='word_1_71' title='bbox 1570 1036 1710 1089; x_wconf 90' lang='lat' dir='ltr'><strong>enim</strong></span> <span class='ocrx_word' id='word_1_72' title='bbox 1739 1033 1876 1087; x_wconf 91' lang='lat' dir='ltr'><strong>dixit</strong></span> 
     </span>
    </p>
   </div>
   <div class='ocr_carea' id='block_1_11' title="bbox 297 1123 1876 1195">
    <p class='ocr_par' dir='ltr' id='par_1_11' title="bbox 297 1123 1876 1195">
     <span class='ocr_line' id='line_1_11' title="bbox 297 1123 1876 1195; baseline 0.003 -17"><span class='ocrx_word' id='word_1_73' title='bbox 297 1124 583 1194; x_wconf 84' lang='lat' dir='ltr'><strong>aliquando</strong></span> <span class='ocrx_word' id='word_1_74' title='bbox 613 1123 917 1193; x_wconf 75' lang='lat' dir='ltr'><strong>angelorum</strong></span> <span class='ocrx_word' id='word_1_75' title='bbox 946 1143 958 1177; x_wconf 90' lang='lat'>:</span> <span class='ocrx_word' id='word_1_76' title='bbox 987 1125 1149 1179; x_wconf 86' lang='lat' dir='ltr'><strong>Filius</strong></span> <span class='ocrx_word' id='word_1_77' title='bbox 1180 1140 1330 1180; x_wconf 88' lang='lat' dir='ltr'><strong>meus</strong></span> <span class='ocrx_word' id='word_1_78' title='bbox 1363 1141 1422 1180; x_wconf 88' lang='lat' dir='ltr'><strong>es</strong></span> <span class='ocrx_word' id='word_1_79' title='bbox 1464 1134 1520 1180; x_wconf 92' lang='lat' dir='ltr'><strong>tu</strong></span> <span class='ocrx_word' id='word_1_80' title='bbox 1547 1166 1559 1189; x_wconf 94' lang='lat'><strong>,</strong></span> <span class='ocrx_word' id='word_1_81' title='bbox 1592 1139 1692 1195; x_wconf 90' lang='lat' dir='ltr'><strong>ego</strong></span> <span class='ocrx_word' id='word_1_82' title='bbox 1720 1125 1876 1182; x_wconf 86' lang='lat' dir='ltr'><strong>hodie</strong></span> 
     </span>
    </p>
   </div>
   <div class='ocr_carea' id='block_1_12' title="bbox 296 1216 1875 1287">
    <p class='ocr_par' dir='ltr' id='par_1_12' title="bbox 296 1216 1875 1287">
     <span class='ocr_line' id='line_1_12' title="bbox 296 1216 1875 1287; baseline 0.003 -17"><span class='ocrx_word' id='word_1_83' title='bbox 296 1216 458 1286; x_wconf 83' lang='lat' dir='ltr'><strong>genui</strong></span> <span class='ocrx_word' id='word_1_84' title='bbox 486 1216 572 1270; x_wconf 86' lang='lat' dir='ltr'><strong>te?</strong></span> <span class='ocrx_word' id='word_1_85' title='bbox 606 1216 669 1268; x_wconf 78' lang='lat' dir='ltr'><strong>Et</strong></span> <span class='ocrx_word' id='word_1_86' title='bbox 699 1230 906 1270; x_wconf 91' lang='lat' dir='ltr'><strong>rursum</strong></span> <span class='ocrx_word' id='word_1_87' title='bbox 929 1233 941 1270; x_wconf 90' lang='lat'>:</span> <span class='ocrx_word' id='word_1_88' title='bbox 964 1217 1073 1286; x_wconf 84' lang='lat' dir='ltr'><strong>Ego</strong></span> <span class='ocrx_word' id='word_1_89' title='bbox 1103 1232 1197 1271; x_wconf 93' lang='lat' dir='ltr'><strong>ero</strong></span> <span class='ocrx_word' id='word_1_90' title='bbox 1224 1217 1314 1270; x_wconf 83' lang='lat' dir='ltr'><strong>illi‘</strong></span> <span class='ocrx_word' id='word_1_91' title='bbox 1339 1216 1394 1271; x_wconf 91' lang='lat' dir='ltr'><strong>in</strong></span> <span class='ocrx_word' id='word_1_92' title='bbox 1424 1225 1650 1286; x_wconf 87' lang='lat' dir='ltr'><strong>patrem,</strong></span> <span class='ocrx_word' id='word_1_93' title='bbox 1676 1225 1732 1272; x_wconf 90' lang='lat' dir='ltr'><strong>et</strong></span> <span class='ocrx_word' id='word_1_94' title='bbox 1760 1217 1875 1287; x_wconf 89' lang='lat' dir='ltr'><strong>ipse</strong></span> 
     </span>
    </p>
   </div>
   <div class='ocr_carea' id='block_1_13' title="bbox 297 1308 852 1363">
    <p class='ocr_par' dir='ltr' id='par_1_13' title="bbox 297 1308 852 1363">
     <span class='ocr_line' id='line_1_13' title="bbox 297 1308 852 1363; baseline -0.007 0"><span class='ocrx_word' id='word_1_95' title='bbox 297 1309 404 1363; x_wconf 89' lang='lat' dir='ltr'><strong>erit</strong></span> <span class='ocrx_word' id='word_1_96' title='bbox 426 1308 554 1362; x_wconf 86' lang='lat' dir='ltr'><strong>mihi</strong></span> <span class='ocrx_word' id='word_1_97' title='bbox 584 1308 637 1361; x_wconf 91' lang='lat' dir='ltr'><strong>in</strong></span> <span class='ocrx_word' id='word_1_98' title='bbox 670 1308 852 1360; x_wconf 79' lang='lat' dir='ltr'><strong>tilium.</strong></span> 
     </span>
    </p>
   </div>
   <div class='ocr_carea' id='block_1_14' title="bbox 485 1395 1689 1457">
    <p class='ocr_par' dir='ltr' id='par_1_14' title="bbox 485 1395 1689 1457">
     <span class='ocr_line' id='line_1_14' title="bbox 485 1395 1689 1457; baseline 0 -13"><span class='ocrx_word' id='word_1_99' title='bbox 485 1396 652 1447; x_wconf 85' lang='lat' dir='ltr'><strong>Lectio</strong></span> <span class='ocrx_word' id='word_1_100' title='bbox 671 1398 820 1445; x_wconf 86' lang='lat' dir='ltr'><strong>sancti</strong></span> <span class='ocrx_word' id='word_1_101' title='bbox 844 1395 1092 1457; x_wconf 80' lang='lat' dir='ltr'><strong>Evangelii</strong></span> <span class='ocrx_word' id='word_1_102' title='bbox 1110 1397 1376 1445; x_wconf 90' lang='lat' dir='ltr'><strong>secundum</strong></span> <span class='ocrx_word' id='word_1_103' title='bbox 1397 1396 1689 1446; x_wconf 74' lang='lat' dir='ltr'><strong>Mattbaeum.</strong></span> 
     </span>
    </p>
   </div>
   <div class='ocr_carea' id='block_1_15' title="bbox 372 1477 1874 1547">
    <p class='ocr_par' dir='ltr' id='par_1_15' title="bbox 372 1477 1874 1547">
     <span class='ocr_line' id='line_1_15' title="bbox 372 1477 1874 1547; baseline 0.001 -16"><span class='ocrx_word' id='word_1_104' title='bbox 372 1478 529 1531; x_wconf 90' lang='lat' dir='ltr'><strong>Liber</strong></span> <span class='ocrx_word' id='word_1_105' title='bbox 576 1479 934 1547; x_wconf 83' lang='lat' dir='ltr'><strong>generationis</strong></span> <span class='ocrx_word' id='word_1_106' title='bbox 983 1477 1111 1532; x_wconf 83' lang='lat' dir='ltr'><strong>Jesu</strong></span> <span class='ocrx_word' id='word_1_107' title='bbox 1155 1478 1351 1532; x_wconf 88' lang='lat' dir='ltr'><strong>Christi</strong></span> <span class='ocrx_word' id='word_1_108' title='bbox 1399 1479 1493 1532; x_wconf 83' lang='lat' dir='ltr'><strong>filii</strong></span> <span class='ocrx_word' id='word_1_109' title='bbox 1545 1477 1740 1546; x_wconf 85' lang='lat' dir='ltr'><strong>David,</strong></span> <span class='ocrx_word' id='word_1_110' title='bbox 1778 1478 1874 1533; x_wconf 88' lang='lat' dir='ltr'><strong>filii</strong></span> 
     </span>
    </p>
   </div>
   <div class='ocr_carea' id='block_1_16' title="bbox 298 1569 1874 1641">
    <p class='ocr_par' dir='ltr' id='par_1_16' title="bbox 298 1569 1874 1641">
     <span class='ocr_line' id='line_1_16' title="bbox 298 1569 1874 1641; baseline 0.001 -19"><span class='ocrx_word' id='word_1_111' title='bbox 298 1570 585 1625; x_wconf 78' lang='lat' dir='ltr'><strong>Abraham.</strong></span> <span class='ocrx_word' id='word_1_112' title='bbox 619 1570 882 1624; x_wconf 82' lang='lat' dir='ltr'><strong>Abraham</strong></span> <span class='ocrx_word' id='word_1_113' title='bbox 905 1571 1086 1641; x_wconf 88' lang='lat' dir='ltr'><strong>genuit</strong></span> <span class='ocrx_word' id='word_1_114' title='bbox 1113 1569 1279 1635; x_wconf 91' lang='lat' dir='ltr'><strong>Isaac,</strong></span> <span class='ocrx_word' id='word_1_115' title='bbox 1312 1571 1455 1624; x_wconf 89' lang='lat' dir='ltr'><strong>Isaac</strong></span> <span class='ocrx_word' id='word_1_116' title='bbox 1483 1579 1662 1624; x_wconf 90' lang='lat' dir='ltr'><strong>autem</strong></span> <span class='ocrx_word' id='word_1_117' title='bbox 1689 1570 1874 1640; x_wconf 91' lang='lat' dir='ltr'><strong>genuit</strong></span> 
     </span>
    </p>
   </div>
   <div class='ocr_carea' id='block_1_17' title="bbox 299 1661 1867 1742">
    <p class='ocr_par' dir='ltr' id='par_1_17' title="bbox 299 1661 1867 1742">
     <span class='ocr_line' id='line_1_17' title="bbox 299 1661 1867 1742; baseline 0.001 -25"><span class='ocrx_word' id='word_1_118' title='bbox 299 1663 486 1728; x_wconf 80' lang='lat' dir='ltr'><strong>Jacob,</strong></span> <span class='ocrx_word' id='word_1_119' title='bbox 514 1662 675 1719; x_wconf 86' lang='lat' dir='ltr'><strong>Jacob</strong></span> <span class='ocrx_word' id='word_1_120' title='bbox 704 1675 877 1718; x_wconf 89' lang='lat' dir='ltr'><strong>autem</strong></span> <span class='ocrx_word' id='word_1_121' title='bbox 906 1665 1089 1734; x_wconf 89' lang='lat' dir='ltr'><strong>genuit</strong></span> <span class='ocrx_word' id='word_1_122' title='bbox 1113 1661 1302 1718; x_wconf 78' lang='lat' dir='ltr'><strong>Judam</strong></span> <span class='ocrx_word' id='word_1_123' title='bbox 1331 1673 1384 1718; x_wconf 88' lang='lat' dir='ltr'><strong>et</strong></span> <span class='ocrx_word' id='word_1_124' title='bbox 1414 1665 1601 1718; x_wconf 80' lang='lat' dir='ltr'><strong>fratres</strong></span> <span class='ocrx_word' id='word_1_125' title='bbox 1634 1663 1769 1731; x_wconf 88' lang='lat' dir='ltr'><strong>ejus.</strong></span> <span class='ocrx_word' id='word_1_126' title='bbox 1789 1661 1867 1742; x_wconf 53' lang='lat' dir='ltr'><strong>.Et</strong></span> 
     </span>
    </p>
   </div>
   <div class='ocr_carea' id='block_1_18' title="bbox 301 1753 1855 1824">
    <p class='ocr_par' dir='ltr' id='par_1_18' title="bbox 301 1753 1855 1824">
     <span class='ocr_line' id='line_1_18' title="bbox 301 1753 1855 1824; baseline 0 -17"><span class='ocrx_word' id='word_1_127' title='bbox 301 1757 438 1809; x_wconf 89' lang='lat' dir='ltr'><strong>alius</strong></span> <span class='ocrx_word' id='word_1_128' title='bbox 465 1755 624 1810; x_wconf 87' lang='lat' dir='ltr'><strong>Judas</strong></span> <span class='ocrx_word' id='word_1_129' title='bbox 651 1757 829 1824; x_wconf 85' lang='lat' dir='ltr'><strong>genuit</strong></span> <span class='ocrx_word' id='word_1_130' title='bbox 871 1753 1063 1823; x_wconf 82' lang='lat' dir='ltr'><strong>Joseph</strong></span> <span class='ocrx_word' id='word_1_131' title='bbox 1092 1755 1260 1808; x_wconf 90' lang='lat' dir='ltr'><strong>virum</strong></span> <span class='ocrx_word' id='word_1_132' title='bbox 1306 1754 1500 1818; x_wconf 79' lang='lat' dir='ltr'><strong>Mariae,</strong></span> <span class='ocrx_word' id='word_1_133' title='bbox 1534 1753 1599 1808; x_wconf 92' lang='lat' dir='ltr'><strong>de</strong></span> <span class='ocrx_word' id='word_1_134' title='bbox 1631 1769 1734 1823; x_wconf 90' lang='lat' dir='ltr'><strong>qua</strong></span> <span class='ocrx_word' id='word_1_135' title='bbox 1763 1768 1855 1807; x_wconf 87' lang='lat' dir='ltr'><strong>ua-</strong></span> 
     </span>
    </p>
   </div>
   <div class='ocr_carea' id='block_1_19' title="bbox 301 1843 1946 1918">
    <p class='ocr_par' dir='ltr' id='par_1_19' title="bbox 301 1843 1946 1918">
     <span class='ocr_line' id='line_1_19' title="bbox 301 1843 1946 1918; baseline 0 -20"><span class='ocrx_word' id='word_1_136' title='bbox 301 1855 390 1899; x_wconf 91' lang='lat' dir='ltr'><strong>tus</strong></span> <span class='ocrx_word' id='word_1_137' title='bbox 418 1855 498 1899; x_wconf 88' lang='lat' dir='ltr'><strong>est</strong></span> <span class='ocrx_word' id='word_1_138' title='bbox 526 1843 770 1900; x_wconf 89' lang='lat' dir='ltr'><strong>Christus</strong></span> <span class='ocrx_word' id='word_1_139' title='bbox 797 1855 840 1899; x_wconf 65' lang='grc' dir='ltr'><strong>η.</strong></span> <span class='ocrx_word' id='word_1_140' title='bbox 883 1844 1073 1900; x_wconf 88' lang='lat' dir='ltr'><strong>Christi</strong></span> <span class='ocrx_word' id='word_1_141' title='bbox 1111 1854 1286 1898; x_wconf 89' lang='lat' dir='ltr'><strong>autem</strong></span> <span class='ocrx_word' id='word_1_142' title='bbox 1316 1845 1588 1912; x_wconf 82' lang='lat' dir='ltr'><strong>generatio</strong></span> <span class='ocrx_word' id='word_1_143' title='bbox 1617 1845 1695 1898; x_wconf 88' lang='lat' dir='ltr'><strong>sic</strong></span> <span class='ocrx_word' id='word_1_144' title='bbox 1727 1853 1861 1898; x_wconf 91' lang='lat' dir='ltr'><strong>erat.</strong></span> <span class='ocrx_word' id='word_1_145' title='bbox 1898 1859 1946 1918; x_wconf 81' lang='grc' dir='ltr'><strong>Β</strong></span> 
     </span>
    </p>
   </div>
   <div class='ocr_carea' id='block_1_20' title="bbox 297 1935 1863 2006">
    <p class='ocr_par' dir='ltr' id='par_1_20' title="bbox 297 1935 1863 2006">
     <span class='ocr_line' id='line_1_20' title="bbox 297 1935 1863 2006; baseline -0.001 -15"><span class='ocrx_word' id='word_1_146' title='bbox 297 1935 436 1991; x_wconf 89' lang='lat' dir='ltr'><strong>Cum</strong></span> <span class='ocrx_word' id='word_1_147' title='bbox 463 1944 604 1990; x_wconf 88' lang='lat' dir='ltr'><strong>esset</strong></span> <span class='ocrx_word' id='word_1_148' title='bbox 629 1935 939 2000; x_wconf 79' lang='lat' dir='ltr'><strong>desponsata</strong></span> <span class='ocrx_word' id='word_1_149' title='bbox 971 1944 1139 1990; x_wconf 88' lang='lat' dir='ltr'><strong>mater</strong></span> <span class='ocrx_word' id='word_1_150' title='bbox 1163 1936 1278 2006; x_wconf 87' lang='lat' dir='ltr'><strong>ejus</strong></span> <span class='ocrx_word' id='word_1_151' title='bbox 1326 1938 1487 1992; x_wconf 89' lang='lat' dir='ltr'><strong>Maria</strong></span> <span class='ocrx_word' id='word_1_152' title='bbox 1517 1936 1738 2006; x_wconf 85' lang='lat' dir='ltr'><strong>Joseph,</strong></span> <span class='ocrx_word' id='word_1_153' title='bbox 1766 1952 1863 1991; x_wconf 89' lang='lat' dir='ltr'><strong>an-</strong></span> 
     </span>
    </p>
   </div>
   <div class='ocr_carea' id='block_1_21' title="bbox 300 2027 1868 2095">
    <p class='ocr_par' dir='ltr' id='par_1_21' title="bbox 300 2027 1868 2095">
     <span class='ocr_line' id='line_1_21' title="bbox 300 2027 1868 2095; baseline 0.003 -14"><span class='ocrx_word' id='word_1_154' title='bbox 300 2037 512 2095; x_wconf 87' lang='lat' dir='ltr'><strong>tequam</strong></span> <span class='ocrx_word' id='word_1_155' title='bbox 542 2027 914 2091; x_wconf 87' lang='lat' dir='ltr'><strong>convenirent,</strong></span> <span class='ocrx_word' id='word_1_156' title='bbox 945 2028 1165 2084; x_wconf 90' lang='lat' dir='ltr'><strong>inventa</strong></span> <span class='ocrx_word' id='word_1_157' title='bbox 1191 2037 1273 2083; x_wconf 92' lang='lat' dir='ltr'><strong>est</strong></span> <span class='ocrx_word' id='word_1_158' title='bbox 1309 2029 1361 2082; x_wconf 88' lang='lat' dir='ltr'><strong>in</strong></span> <span class='ocrx_word' id='word_1_159' title='bbox 1395 2039 1545 2084; x_wconf 89' lang='lat' dir='ltr'><strong>utero</strong></span> <span class='ocrx_word' id='word_1_160' title='bbox 1576 2029 1779 2084; x_wconf 88' lang='lat' dir='ltr'><strong>habens</strong></span> <span class='ocrx_word' id='word_1_161' title='bbox 1799 2030 1868 2085; x_wconf 87' lang='lat' dir='ltr'><strong>de</strong></span> 
     </span>
    </p>
   </div>
   <div class='ocr_carea' id='block_1_22' title="bbox 299 2119 1870 2190">
    <p class='ocr_par' dir='ltr' id='par_1_22' title="bbox 299 2119 1870 2190">
     <span class='ocr_line' id='line_1_22' title="bbox 299 2119 1870 2190; baseline 0.002 -15"><span class='ocrx_word' id='word_1_162' title='bbox 299 2121 502 2188; x_wconf 86' lang='lat' dir='ltr'><strong>Spiritu</strong></span> <span class='ocrx_word' id='word_1_163' title='bbox 549 2127 750 2173; x_wconf 88' lang='lat' dir='ltr'><strong>sancto.</strong></span> <span class='ocrx_word' id='word_1_164' title='bbox 796 2119 991 2188; x_wconf 85' lang='lat' dir='ltr'><strong>Joseph</strong></span> <span class='ocrx_word' id='word_1_165' title='bbox 1039 2131 1215 2176; x_wconf 87' lang='lat' dir='ltr'><strong>autem</strong></span> <span class='ocrx_word' id='word_1_166' title='bbox 1261 2120 1343 2175; x_wconf 91' lang='lat' dir='ltr'><strong>vir</strong></span> <span class='ocrx_word' id='word_1_167' title='bbox 1386 2122 1533 2190; x_wconf 87' lang='lat' dir='ltr'><strong>ejus,</strong></span> <span class='ocrx_word' id='word_1_168' title='bbox 1565 2136 1683 2176; x_wconf 89' lang='lat' dir='ltr'><strong>cum</strong></span> <span class='ocrx_word' id='word_1_169' title='bbox 1727 2131 1870 2178; x_wconf 88' lang='lat' dir='ltr'><strong>esset</strong></span> 
     </span>
    </p>
   </div>
   <div class='ocr_carea' id='block_1_23' title="bbox 299 2210 1864 2277">
    <p class='ocr_par' dir='ltr' id='par_1_23' title="bbox 299 2210 1864 2277">
     <span class='ocr_line' id='line_1_23' title="bbox 299 2210 1864 2277; baseline 0.008 -19"><span class='ocrx_word' id='word_1_170' title='bbox 299 2210 492 2277; x_wconf 78' lang='lat' dir='ltr'><strong>justus,</strong></span> <span class='ocrx_word' id='word_1_171' title='bbox 523 2218 572 2262; x_wconf 90' lang='lat' dir='ltr'><strong>et</strong></span> <span class='ocrx_word' id='word_1_172' title='bbox 603 2210 766 2264; x_wconf 92' lang='lat' dir='ltr'><strong>nollet</strong></span> <span class='ocrx_word' id='word_1_173' title='bbox 792 2225 907 2264; x_wconf 80' lang='lat' dir='ltr'><strong>eam</strong></span> <span class='ocrx_word' id='word_1_174' title='bbox 933 2213 1224 2275; x_wconf 86' lang='lat' dir='ltr'><strong>traducere.</strong></span> <span class='ocrx_word' id='word_1_175' title='bbox 1255 2213 1418 2266; x_wconf 89' lang='lat' dir='ltr'><strong>voluit</strong></span> <span class='ocrx_word' id='word_1_176' title='bbox 1444 2216 1650 2269; x_wconf 88' lang='lat' dir='ltr'><strong>occulte</strong></span> <span class='ocrx_word' id='word_1_177' title='bbox 1678 2214 1864 2269; x_wconf 90' lang='lat' dir='ltr'><strong>dimit-</strong></span> 
     </span>
    </p>
   </div>
   <div class='ocr_carea' id='block_1_24' title="bbox 300 2299 1864 2373">
    <p class='ocr_par' dir='ltr' id='par_1_24' title="bbox 300 2299 1864 2373">
     <span class='ocr_line' id='line_1_24' title="bbox 300 2299 1864 2373; baseline 0.003 -19"><span class='ocrx_word' id='word_1_178' title='bbox 300 2310 417 2354; x_wconf 90' lang='lat' dir='ltr'><strong>tere</strong></span> <span class='ocrx_word' id='word_1_179' title='bbox 443 2314 578 2354; x_wconf 89' lang='lat' dir='ltr'><strong>eam.</strong></span> <span class='ocrx_word' id='word_1_180' title='bbox 615 2299 735 2355; x_wconf 65' lang='lat' dir='ltr'><strong>Haec</strong></span> <span class='ocrx_word' id='word_1_181' title='bbox 755 2310 928 2355; x_wconf 87' lang='lat' dir='ltr'><strong>autem</strong></span> <span class='ocrx_word' id='word_1_182' title='bbox 955 2316 1020 2356; x_wconf 92' lang='lat' dir='ltr'><strong>eo</strong></span> <span class='ocrx_word' id='word_1_183' title='bbox 1043 2302 1330 2373; x_wconf 88' lang='lat' dir='ltr'><strong>cogitante,</strong></span> <span class='ocrx_word' id='word_1_184' title='bbox 1356 2317 1482 2358; x_wconf 89' lang='lat' dir='ltr'><strong>ecce</strong></span> <span class='ocrx_word' id='word_1_185' title='bbox 1511 2304 1729 2372; x_wconf 87' lang='lat' dir='ltr'><strong>angelus</strong></span> <span class='ocrx_word' id='word_1_186' title='bbox 1760 2305 1864 2358; x_wconf 76' lang='lat' dir='ltr'><strong>Do—</strong></span> 
     </span>
    </p>
   </div>
   <div class='ocr_carea' id='block_1_25' title="bbox 301 2393 1866 2467">
    <p class='ocr_par' dir='ltr' id='par_1_25' title="bbox 301 2393 1866 2467">
     <span class='ocr_line' id='line_1_25' title="bbox 301 2393 1866 2467; baseline 0.002 -20"><span class='ocrx_word' id='word_1_187' title='bbox 301 2393 431 2448; x_wconf 85' lang='lat' dir='ltr'><strong>mini</strong></span> <span class='ocrx_word' id='word_1_188' title='bbox 457 2396 507 2449; x_wconf 92' lang='lat' dir='ltr'><strong>in</strong></span> <span class='ocrx_word' id='word_1_189' title='bbox 535 2394 737 2450; x_wconf 89' lang='lat' dir='ltr'><strong>somnis</strong></span> <span class='ocrx_word' id='word_1_190' title='bbox 755 2396 995 2464; x_wconf 81' lang='lat' dir='ltr'><strong>apparuit</strong></span> <span class='ocrx_word' id='word_1_191' title='bbox 1017 2394 1088 2461; x_wconf 90' lang='lat' dir='ltr'><strong>ei,</strong></span> <span class='ocrx_word' id='word_1_192' title='bbox 1115 2395 1330 2450; x_wconf 89' lang='lat' dir='ltr'><strong>dicens:</strong></span> <span class='ocrx_word' id='word_1_193' title='bbox 1353 2395 1551 2467; x_wconf 64' lang='lat' dir='ltr'><strong>Ioseph</strong></span> <span class='ocrx_word' id='word_1_194' title='bbox 1579 2397 1650 2450; x_wconf 80' lang='lat' dir='ltr'><strong>(ili</strong></span> <span class='ocrx_word' id='word_1_195' title='bbox 1677 2397 1866 2464; x_wconf 88' lang='lat' dir='ltr'><strong>David,</strong></span> 
     </span>
    </p>
   </div>
   <div class='ocr_carea' id='block_1_26' title="bbox 301 2487 1870 2559">
    <p class='ocr_par' dir='ltr' id='par_1_26' title="bbox 301 2487 1870 2559">
     <span class='ocr_line' id='line_1_26' title="bbox 301 2487 1870 2559; baseline 0.003 -21"><span class='ocrx_word' id='word_1_196' title='bbox 301 2487 410 2540; x_wconf 82' lang='lat' dir='ltr'><strong>noli</strong></span> <span class='ocrx_word' id='word_1_197' title='bbox 445 2488 629 2542; x_wconf 89' lang='lat' dir='ltr'><strong>timere</strong></span> <span class='ocrx_word' id='word_1_198' title='bbox 656 2487 896 2554; x_wconf 90' lang='lat' dir='ltr'><strong>accipere</strong></span> <span class='ocrx_word' id='word_1_199' title='bbox 940 2487 1159 2543; x_wconf 79' lang='lat' dir='ltr'><strong>Mariam</strong></span> <span class='ocrx_word' id='word_1_200' title='bbox 1201 2489 1483 2559; x_wconf 85' lang='lat' dir='ltr'><strong>conjugem</strong></span> <span class='ocrx_word' id='word_1_201' title='bbox 1515 2497 1683 2543; x_wconf 89' lang='lat' dir='ltr'><strong>tuam.</strong></span> <span class='ocrx_word' id='word_1_202' title='bbox 1717 2489 1870 2556; x_wconf 85' lang='lat' dir='ltr'><strong>Quod</strong></span> 
     </span>
    </p>
   </div>
   <div class='ocr_carea' id='block_1_27' title="bbox 298 2577 1872 2649">
    <p class='ocr_par' dir='ltr' id='par_1_27' title="bbox 298 2577 1872 2649">
     <span class='ocr_line' id='line_1_27' title="bbox 298 2577 1872 2649; baseline 0.003 -19"><span class='ocrx_word' id='word_1_203' title='bbox 298 2583 445 2630; x_wconf 87' lang='lat' dir='ltr'><strong>enim</strong></span> <span class='ocrx_word' id='word_1_204' title='bbox 471 2577 520 2630; x_wconf 86' lang='lat' dir='ltr'><strong>in</strong></span> <span class='ocrx_word' id='word_1_205' title='bbox 549 2593 611 2632; x_wconf 90' lang='lat' dir='ltr'><strong>ea</strong></span> <span class='ocrx_word' id='word_1_206' title='bbox 643 2588 819 2633; x_wconf 87' lang='lat' dir='ltr'><strong>natum</strong></span> <span class='ocrx_word' id='word_1_207' title='bbox 850 2587 970 2642; x_wconf 88' lang='lat' dir='ltr'><strong>est,</strong></span> <span class='ocrx_word' id='word_1_208' title='bbox 994 2578 1060 2633; x_wconf 90' lang='lat' dir='ltr'><strong>de</strong></span> <span class='ocrx_word' id='word_1_209' title='bbox 1089 2578 1287 2649; x_wconf 89' lang='lat' dir='ltr'><strong>Spiritu</strong></span> <span class='ocrx_word' id='word_1_210' title='bbox 1317 2589 1502 2635; x_wconf 90' lang='lat' dir='ltr'><strong>sancto</strong></span> <span class='ocrx_word' id='word_1_211' title='bbox 1545 2590 1650 2636; x_wconf 92' lang='lat' dir='ltr'><strong>est.</strong></span> <span class='ocrx_word' id='word_1_212' title='bbox 1695 2580 1872 2635; x_wconf 88' lang='lat' dir='ltr'><strong>Pariet</strong></span> 
     </span>
    </p>
   </div>
   <div class='ocr_carea' id='block_1_28' title="bbox 297 2670 1869 2741">
    <p class='ocr_par' dir='ltr' id='par_1_28' title="bbox 297 2670 1869 2741">
     <span class='ocr_line' id='line_1_28' title="bbox 297 2670 1869 2741; baseline 0.003 -21"><span class='ocrx_word' id='word_1_213' title='bbox 297 2679 477 2724; x_wconf 81' lang='lat' dir='ltr'><strong>autem</strong></span> <span class='ocrx_word' id='word_1_214' title='bbox 506 2670 756 2735; x_wconf 84' lang='lat' dir='ltr'><strong>filium,et</strong></span> <span class='ocrx_word' id='word_1_215' title='bbox 776 2671 989 2725; x_wconf 86' lang='lat' dir='ltr'><strong>vocabis</strong></span> <span class='ocrx_word' id='word_1_216' title='bbox 1010 2684 1200 2726; x_wconf 90' lang='lat' dir='ltr'><strong>nomen</strong></span> <span class='ocrx_word' id='word_1_217' title='bbox 1230 2670 1346 2741; x_wconf 87' lang='lat' dir='ltr'><strong>ejus</strong></span> <span class='ocrx_word' id='word_1_218' title='bbox 1365 2670 1554 2725; x_wconf 75' lang='lat' dir='ltr'><strong>Jesuu.</strong></span> <span class='ocrx_word' id='word_1_219' title='bbox 1585 2671 1701 2738; x_wconf 87' lang='lat' dir='ltr'><strong>Ipse</strong></span> <span class='ocrx_word' id='word_1_220' title='bbox 1727 2671 1869 2724; x_wconf 92' lang='lat' dir='ltr'><strong>enim</strong></span> 
     </span>
    </p>
   </div>
   <div class='ocr_carea' id='block_1_29' title="bbox 298 2759 1870 2831">
    <p class='ocr_par' dir='ltr' id='par_1_29' title="bbox 298 2759 1870 2831">
     <span class='ocr_line' id='line_1_29' title="bbox 298 2759 1870 2831; baseline 0.001 -17"><span class='ocrx_word' id='word_1_221' title='bbox 298 2765 510 2814; x_wconf 72' lang='lat' dir='ltr'><strong>salvum</strong></span> <span class='ocrx_word' id='word_1_222' title='bbox 552 2762 704 2816; x_wconf 90' lang='lat' dir='ltr'><strong>laciet</strong></span> <span class='ocrx_word' id='word_1_223' title='bbox 734 2762 980 2831; x_wconf 89' lang='lat' dir='ltr'><strong>populum</strong></span> <span class='ocrx_word' id='word_1_224' title='bbox 1010 2777 1161 2816; x_wconf 91' lang='lat' dir='ltr'><strong>suum</strong></span> <span class='ocrx_word' id='word_1_225' title='bbox 1191 2777 1218 2815; x_wconf 91' lang='lat' dir='ltr'><strong>a</strong></span> <span class='ocrx_word' id='word_1_226' title='bbox 1253 2761 1483 2829; x_wconf 90' lang='lat' dir='ltr'><strong>peccatis</strong></span> <span class='ocrx_word' id='word_1_227' title='bbox 1509 2759 1720 2816; x_wconf 86' lang='lat' dir='ltr'><strong>eorum.</strong></span> <span class='ocrx_word' id='word_1_228' title='bbox 1754 2761 1870 2816; x_wconf 90' lang='lat' dir='ltr'><strong>Hoc</strong></span> 
     </span>
    </p>
   </div>
   <div class='ocr_carea' id='block_1_30' title="bbox 298 2851 1875 2921">
    <p class='ocr_par' dir='ltr' id='par_1_30' title="bbox 298 2851 1875 2921">
     <span class='ocr_line' id='line_1_30' title="bbox 298 2851 1875 2921; baseline 0.003 -20"><span class='ocrx_word' id='word_1_229' title='bbox 298 2863 479 2906; x_wconf 86' lang='lat' dir='ltr'><strong>autem</strong></span> <span class='ocrx_word' id='word_1_230' title='bbox 527 2861 691 2907; x_wconf 88' lang='lat' dir='ltr'><strong>totum</strong></span> <span class='ocrx_word' id='word_1_231' title='bbox 737 2851 927 2906; x_wconf 86' lang='lat' dir='ltr'><strong>factum</strong></span> <span class='ocrx_word' id='word_1_232' title='bbox 971 2861 1086 2917; x_wconf 88' lang='lat' dir='ltr'><strong>est,</strong></span> <span class='ocrx_word' id='word_1_233' title='bbox 1122 2861 1177 2906; x_wconf 94' lang='lat' dir='ltr'><strong>ut</strong></span> <span class='ocrx_word' id='word_1_234' title='bbox 1204 2851 1589 2919; x_wconf 86' lang='lat' dir='ltr'><strong>adimpleretur</strong></span> <span class='ocrx_word' id='word_1_235' title='bbox 1616 2851 1760 2921; x_wconf 92' lang='lat' dir='ltr'><strong>quod</strong></span> <span class='ocrx_word' id='word_1_236' title='bbox 1793 2852 1875 2906; x_wconf 89' lang='lat' dir='ltr'><strong>di-</strong></span> 
     </span>
    </p>
   </div>
   <div class='ocr_carea' id='block_1_31' title="bbox 298 2941 1871 3011">
    <p class='ocr_par' dir='ltr' id='par_1_31' title="bbox 298 2941 1871 3011">
     <span class='ocr_line' id='line_1_31' title="bbox 298 2941 1871 3011; baseline -0.001 -15"><span class='ocrx_word' id='word_1_237' title='bbox 298 2952 444 2996; x_wconf 91' lang='lat' dir='ltr'><strong>ctum</strong></span> <span class='ocrx_word' id='word_1_238' title='bbox 487 2954 565 2997; x_wconf 91' lang='lat' dir='ltr'><strong>est</strong></span> <span class='ocrx_word' id='word_1_239' title='bbox 612 2958 706 3011; x_wconf 88' lang='lat' dir='ltr'><strong>per</strong></span> <span class='ocrx_word' id='word_1_240' title='bbox 752 2944 1058 3011; x_wconf 87' lang='lat' dir='ltr'><strong>pr0phetam</strong></span> <span class='ocrx_word' id='word_1_241' title='bbox 1102 2942 1565 2997; x_wconf 88' lang='lat' dir='ltr'><strong>dicentem:Ecce</strong></span> <span class='ocrx_word' id='word_1_242' title='bbox 1615 2941 1764 3009; x_wconf 91' lang='lat' dir='ltr'><strong>virgo</strong></span> <span class='ocrx_word' id='word_1_243' title='bbox 1818 2943 1871 2995; x_wconf 92' lang='lat' dir='ltr'><strong>in</strong></span> 
     </span>
    </p>
   </div>
   <div class='ocr_carea' id='block_1_32' title="bbox 299 3032 1875 3101">
    <p class='ocr_par' dir='ltr' id='par_1_32' title="bbox 299 3032 1875 3101">
     <span class='ocr_line' id='line_1_32' title="bbox 299 3032 1875 3101; baseline 0 -15"><span class='ocrx_word' id='word_1_244' title='bbox 299 3041 454 3086; x_wconf 82' lang='lat' dir='ltr'><strong>utero</strong></span> <span class='ocrx_word' id='word_1_245' title='bbox 483 3033 764 3101; x_wconf 85' lang='lat' dir='ltr'><strong>concipiet,</strong></span> <span class='ocrx_word' id='word_1_246' title='bbox 787 3042 840 3088; x_wconf 91' lang='lat' dir='ltr'><strong>et</strong></span> <span class='ocrx_word' id='word_1_247' title='bbox 867 3033 1036 3099; x_wconf 85' lang='lat' dir='ltr'><strong>pariet</strong></span> <span class='ocrx_word' id='word_1_248' title='bbox 1066 3032 1248 3094; x_wconf 88' lang='lat' dir='ltr'><strong>filium,</strong></span> <span class='ocrx_word' id='word_1_249' title='bbox 1281 3041 1333 3086; x_wconf 93' lang='lat' dir='ltr'><strong>et</strong></span> <span class='ocrx_word' id='word_1_250' title='bbox 1363 3032 1642 3085; x_wconf 90' lang='lat' dir='ltr'><strong>vocabitur</strong></span> <span class='ocrx_word' id='word_1_251' title='bbox 1674 3045 1875 3086; x_wconf 89' lang='lat' dir='ltr'><strong>nomen</strong></span> 
     </span>
    </p>
   </div>
   <div class='ocr_carea' id='block_1_33' title="bbox 297 3124 1870 3194">
    <p class='ocr_par' dir='ltr' id='par_1_33' title="bbox 297 3124 1870 3194">
     <span class='ocr_line' id='line_1_33' title="bbox 297 3124 1870 3194; baseline -0.001 -16"><span class='ocrx_word' id='word_1_252' title='bbox 297 3125 416 3192; x_wconf 87' lang='lat' dir='ltr'><strong>ejus</strong></span> <span class='ocrx_word' id='word_1_253' title='bbox 445 3125 805 3188; x_wconf 84' lang='lat' dir='ltr'><strong>Emmanuhel,</strong></span> <span class='ocrx_word' id='word_1_254' title='bbox 838 3125 977 3194; x_wconf 85' lang='lat' dir='ltr'><strong>quod</strong></span> <span class='ocrx_word' id='word_1_255' title='bbox 1007 3133 1089 3181; x_wconf 89' lang='lat' dir='ltr'><strong>est</strong></span> <span class='ocrx_word' id='word_1_256' title='bbox 1119 3127 1548 3190; x_wconf 83' lang='lat' dir='ltr'><strong>interpretatum,</strong></span> <span class='ocrx_word' id='word_1_257' title='bbox 1584 3124 1870 3179; x_wconf 86' lang='lat' dir='ltr'><strong>Nobiscum</strong></span> 
     </span>
    </p>
   </div>
   <div class='ocr_carea' id='block_1_34' title="bbox 299 3214 1948 3289">
    <p class='ocr_par' dir='ltr' id='par_1_34' title="bbox 299 3214 1948 3289">
     <span class='ocr_line' id='line_1_34' title="bbox 299 3214 1948 3289; baseline 0 -19"><span class='ocrx_word' id='word_1_258' title='bbox 299 3217 462 3270; x_wconf 81' lang='lat' dir='ltr'><strong>Deus.</strong></span> <span class='ocrx_word' id='word_1_259' title='bbox 505 3215 805 3283; x_wconf 81' lang='lat' dir='ltr'><strong>Exsurgens</strong></span> <span class='ocrx_word' id='word_1_260' title='bbox 852 3224 1026 3269; x_wconf 88' lang='lat' dir='ltr'><strong>autem</strong></span> <span class='ocrx_word' id='word_1_261' title='bbox 1057 3214 1253 3283; x_wconf 85' lang='lat' dir='ltr'><strong>Joseplt</strong></span> <span class='ocrx_word' id='word_1_262' title='bbox 1287 3229 1314 3268; x_wconf 91' lang='lat' dir='ltr'><strong>a</strong></span> <span class='ocrx_word' id='word_1_263' title='bbox 1340 3230 1527 3268; x_wconf 85' lang='lat' dir='ltr'><strong>somno</strong></span> <span class='ocrx_word' id='word_1_264' title='bbox 1580 3215 1701 3270; x_wconf 87' lang='lat' dir='ltr'><strong>fecit</strong></span> <span class='ocrx_word' id='word_1_265' title='bbox 1733 3219 1871 3270; x_wconf 89' lang='lat' dir='ltr'><strong>sicut</strong></span> <span class='ocrx_word' id='word_1_266' title='bbox 1902 3225 1948 3289; x_wconf 74' lang='grc' dir='ltr'><strong>ρ</strong></span> 
     </span>
    </p>
   </div>
   <div class='ocr_carea' id='block_1_35' title="bbox 303 3303 1874 3377">
    <p class='ocr_par' dir='ltr' id='par_1_35' title="bbox 303 3303 1874 3377">
     <span class='ocr_line' id='line_1_35' title="bbox 303 3303 1874 3377; baseline 0.001 -18"><span class='ocrx_word' id='word_1_267' title='bbox 303 3316 626 3375; x_wconf 76' lang='lat' dir='ltr'><strong>przeceperat</strong></span> <span class='ocrx_word' id='word_1_268' title='bbox 642 3307 690 3360; x_wconf 90' lang='lat' dir='ltr'><strong>ei</strong></span> <span class='ocrx_word' id='word_1_269' title='bbox 713 3307 928 3375; x_wconf 89' lang='lat' dir='ltr'><strong>angelus</strong></span> <span class='ocrx_word' id='word_1_270' title='bbox 950 3306 1187 3374; x_wconf 89' lang='lat' dir='ltr'><strong>Domini;</strong></span> <span class='ocrx_word' id='word_1_271' title='bbox 1215 3315 1266 3360; x_wconf 91' lang='lat' dir='ltr'><strong>et</strong></span> <span class='ocrx_word' id='word_1_272' title='bbox 1288 3307 1491 3377; x_wconf 86' lang='lat' dir='ltr'><strong>accepit</strong></span> <span class='ocrx_word' id='word_1_273' title='bbox 1510 3303 1730 3362; x_wconf 86' lang='lat' dir='ltr'><strong>Mariam</strong></span> <span class='ocrx_word' id='word_1_274' title='bbox 1748 3322 1874 3362; x_wconf 91' lang='lat' dir='ltr'><strong>con-</strong></span> 
     </span>
    </p>
   </div>
   <div class='ocr_carea' id='block_1_36' title="bbox 300 3397 1874 3469">
    <p class='ocr_par' dir='ltr' id='par_1_36' title="bbox 300 3397 1874 3469">
     <span class='ocr_line' id='line_1_36' title="bbox 300 3397 1874 3469; baseline 0.002 -20"><span class='ocrx_word' id='word_1_275' title='bbox 300 3397 476 3469; x_wconf 75' lang='lat' dir='ltr'><strong>iugem</strong></span> <span class='ocrx_word' id='word_1_276' title='bbox 491 3411 655 3464; x_wconf 73' lang='lat' dir='ltr'><strong>suam,</strong></span> <span class='ocrx_word' id='word_1_277' title='bbox 673 3405 724 3454; x_wconf 88' lang='lat' dir='ltr'><strong>et</strong></span> <span class='ocrx_word' id='word_1_278' title='bbox 751 3416 853 3453; x_wconf 91' lang='lat' dir='ltr'><strong>non</strong></span> <span class='ocrx_word' id='word_1_279' title='bbox 879 3401 1122 3468; x_wconf 84' lang='lat' dir='ltr'><strong>cognovit</strong></span> <span class='ocrx_word' id='word_1_280' title='bbox 1148 3414 1286 3464; x_wconf 85' lang='lat' dir='ltr'><strong>eam,</strong></span> <span class='ocrx_word' id='word_1_281' title='bbox 1307 3399 1474 3453; x_wconf 92' lang='lat' dir='ltr'><strong>donec</strong></span> <span class='ocrx_word' id='word_1_282' title='bbox 1489 3397 1693 3467; x_wconf 86' lang='lat' dir='ltr'><strong>peperit</strong></span> <span class='ocrx_word' id='word_1_283' title='bbox 1710 3398 1874 3452; x_wconf 81' lang='lat' dir='ltr'><strong>ﬁlium</strong></span> 
     </span>
    </p>
   </div>
   <div class='ocr_carea' id='block_1_37' title="bbox 300 3489 1874 3562">
    <p class='ocr_par' dir='ltr' id='par_1_37' title="bbox 300 3489 1874 3562">
     <span class='ocr_line' id='line_1_37' title="bbox 300 3489 1874 3562; baseline -0.002 -16"><span class='ocrx_word' id='word_1_284' title='bbox 300 3509 456 3548; x_wconf 86' lang='lat' dir='ltr'><strong>suum</strong></span> <span class='ocrx_word' id='word_1_285' title='bbox 509 3494 945 3562; x_wconf 80' lang='lat' dir='ltr'><strong>primogenitum,</strong></span> <span class='ocrx_word' id='word_1_286' title='bbox 978 3502 1030 3546; x_wconf 92' lang='lat' dir='ltr'><strong>et</strong></span> <span class='ocrx_word' id='word_1_287' title='bbox 1061 3491 1275 3545; x_wconf 91' lang='lat' dir='ltr'><strong>vocavit</strong></span> <span class='ocrx_word' id='word_1_288' title='bbox 1316 3504 1510 3545; x_wconf 90' lang='lat' dir='ltr'><strong>nomen</strong></span> <span class='ocrx_word' id='word_1_289' title='bbox 1541 3489 1658 3559; x_wconf 90' lang='lat' dir='ltr'><strong>ejus</strong></span> <span class='ocrx_word' id='word_1_290' title='bbox 1683 3489 1874 3543; x_wconf 80' lang='lat' dir='ltr'><strong>.lssmt.</strong></span> 
     </span>
    </p>
   </div>
   <div class='ocr_carea' id='block_1_38' title="bbox 457 3598 1737 3661">
    <p class='ocr_par' dir='ltr' id='par_1_38' title="bbox 457 3598 1737 3661">
     <span class='ocr_line' id='line_1_38' title="bbox 457 3598 1737 3661; baseline -0.001 -11"><span class='ocrx_word' id='word_1_291' title='bbox 457 3602 624 3652; x_wconf 87' lang='lat' dir='ltr'><strong>Lectio</strong></span> <span class='ocrx_word' id='word_1_292' title='bbox 646 3603 797 3651; x_wconf 88' lang='lat' dir='ltr'><strong>sancti</strong></span> <span class='ocrx_word' id='word_1_293' title='bbox 821 3601 1075 3661; x_wconf 74' lang='lat' dir='ltr'><strong>Evangelii</strong></span> <span class='ocrx_word' id='word_1_294' title='bbox 1100 3601 1364 3651; x_wconf 90' lang='lat' dir='ltr'><strong>secundum</strong></span> <span class='ocrx_word' id='word_1_295' title='bbox 1392 3601 1672 3651; x_wconf 65' lang='lat' dir='ltr'><strong>Matthwum</strong></span> <span class='ocrx_word' id='word_1_296' title='bbox 1690 3598 1737 3649; x_wconf 71' lang='grc' dir='ltr'><strong>δ.</strong></span> 
     </span>
    </p>
   </div>
   <div class='ocr_carea' id='block_1_39' title="bbox 373 3681 1877 3741">
    <p class='ocr_par' dir='ltr' id='par_1_39' title="bbox 373 3681 1877 3741">
     <span class='ocr_line' id='line_1_39' title="bbox 373 3681 1877 3741; baseline 0 -1"><span class='ocrx_word' id='word_1_297' title='bbox 373 3686 504 3740; x_wconf 91' lang='lat' dir='ltr'><strong>Cum</strong></span> <span class='ocrx_word' id='word_1_298' title='bbox 537 3681 686 3739; x_wconf 83' lang='lat' dir='ltr'><strong>natus</strong></span> <span class='ocrx_word' id='word_1_299' title='bbox 715 3695 855 3739; x_wconf 88' lang='lat' dir='ltr'><strong>esset</strong></span> <span class='ocrx_word' id='word_1_300' title='bbox 876 3685 1131 3739; x_wconf 86' lang='lat' dir='ltr'><strong>Dominus</strong></span> <span class='ocrx_word' id='word_1_301' title='bbox 1153 3685 1305 3739; x_wconf 80' lang='lat' dir='ltr'><strong>Jesus</strong></span> <span class='ocrx_word' id='word_1_302' title='bbox 1325 3686 1375 3739; x_wconf 89' lang='lat' dir='ltr'><strong>in</strong></span> <span class='ocrx_word' id='word_1_303' title='bbox 1398 3686 1696 3740; x_wconf 88' lang='lat' dir='ltr'><strong>Betthelem</strong></span> <span class='ocrx_word' id='word_1_304' title='bbox 1727 3685 1877 3741; x_wconf 64' lang='lat' dir='ltr'><strong>Judat</strong></span> 
     </span>
    </p>
   </div>
   <div class='ocr_carea' id='block_1_40' title="bbox 317 3775 1876 3845">
    <p class='ocr_par' dir='ltr' id='par_1_40' title="bbox 317 3775 1876 3845">
     <span class='ocr_line' id='line_1_40' title="bbox 317 3775 1876 3845; baseline 0.001 -15"><span class='ocrx_word' id='word_1_305' title='bbox 317 3777 368 3830; x_wconf 90' lang='lat' dir='ltr'><strong>in</strong></span> <span class='ocrx_word' id='word_1_306' title='bbox 399 3776 585 3831; x_wconf 90' lang='lat' dir='ltr'><strong>diebus</strong></span> <span class='ocrx_word' id='word_1_307' title='bbox 615 3776 837 3830; x_wconf 84' lang='lat' dir='ltr'><strong>Herodis</strong></span> <span class='ocrx_word' id='word_1_308' title='bbox 867 3776 1026 3844; x_wconf 87' lang='lat' dir='ltr'><strong>regis,</strong></span> <span class='ocrx_word' id='word_1_309' title='bbox 1055 3790 1178 3830; x_wconf 91' lang='lat' dir='ltr'><strong>ecce</strong></span> <span class='ocrx_word' id='word_1_310' title='bbox 1222 3776 1358 3845; x_wconf 85' lang='lat' dir='ltr'><strong>magi</strong></span> <span class='ocrx_word' id='word_1_311' title='bbox 1385 3777 1453 3831; x_wconf 85' lang='lat' dir='ltr'><strong>ab</strong></span> <span class='ocrx_word' id='word_1_312' title='bbox 1477 3775 1690 3831; x_wconf 89' lang='lat' dir='ltr'><strong>Oriente</strong></span> <span class='ocrx_word' id='word_1_313' title='bbox 1714 3793 1876 3832; x_wconf 89' lang='lat' dir='ltr'><strong>vene-</strong></span> 
     </span>
    </p>
   </div>
   <div class='ocr_carea' id='block_1_41' title="bbox 315 3870 1881 3942">
    <p class='ocr_par' dir='ltr' id='par_1_41' title="bbox 315 3870 1881 3942">
     <span class='ocr_line' id='line_1_41' title="bbox 315 3870 1881 3942; baseline 0 -15"><span class='ocrx_word' id='word_1_314' title='bbox 315 3882 439 3927; x_wconf 93' lang='lat' dir='ltr'><strong>runt</strong></span> <span class='ocrx_word' id='word_1_315' title='bbox 484 3873 869 3942; x_wconf 84' lang='lat' dir='ltr'><strong>Hierusolyma,</strong></span> <span class='ocrx_word' id='word_1_316' title='bbox 902 3871 1135 3925; x_wconf 90' lang='lat' dir='ltr'><strong>dicentes</strong></span> <span class='ocrx_word' id='word_1_317' title='bbox 1166 3888 1180 3925; x_wconf 90' lang='lat'><strong>:</strong></span> <span class='ocrx_word' id='word_1_318' title='bbox 1207 3871 1303 3925; x_wconf 80' lang='lat' dir='ltr'><strong>Ubi</strong></span> <span class='ocrx_word' id='word_1_319' title='bbox 1335 3881 1421 3925; x_wconf 93' lang='lat' dir='ltr'><strong>est</strong></span> <span class='ocrx_word' id='word_1_320' title='bbox 1464 3870 1554 3938; x_wconf 91' lang='lat' dir='ltr'><strong>qui</strong></span> <span class='ocrx_word' id='word_1_321' title='bbox 1607 3881 1756 3924; x_wconf 87' lang='lat' dir='ltr'><strong>natus</strong></span> <span class='ocrx_word' id='word_1_322' title='bbox 1798 3880 1881 3927; x_wconf 92' lang='lat' dir='ltr'><strong>est</strong></span> 
     </span>
    </p>
   </div>
   <div class='ocr_carea' id='block_1_42' title="bbox 315 3961 1876 4033">
    <p class='ocr_par' dir='ltr' id='par_1_42' title="bbox 315 3961 1876 4033">
     <span class='ocr_line' id='line_1_42' title="bbox 315 3961 1876 4033; baseline -0.002 -13"><span class='ocrx_word' id='word_1_323' title='bbox 315 3981 408 4020; x_wconf 88' lang='lat' dir='ltr'><strong>rex</strong></span> <span class='ocrx_word' id='word_1_324' title='bbox 431 3963 766 4019; x_wconf 77' lang='lat' dir='ltr'><strong>Judzeorum?</strong></span> <span class='ocrx_word' id='word_1_325' title='bbox 790 3963 1012 4017; x_wconf 85' lang='lat' dir='ltr'><strong>vidimus</strong></span> <span class='ocrx_word' id='word_1_326' title='bbox 1032 3963 1173 4018; x_wconf 91' lang='lat' dir='ltr'><strong>enim</strong></span> <span class='ocrx_word' id='word_1_327' title='bbox 1201 3962 1408 4016; x_wconf 88' lang='lat' dir='ltr'><strong>stellam</strong></span> <span class='ocrx_word' id='word_1_328' title='bbox 1430 3961 1546 4033; x_wconf 89' lang='lat' dir='ltr'><strong>ejus</strong></span> <span class='ocrx_word' id='word_1_329' title='bbox 1567 3963 1617 4015; x_wconf 92' lang='lat' dir='ltr'><strong>in</strong></span> <span class='ocrx_word' id='word_1_330' title='bbox 1640 3961 1876 4026; x_wconf 85' lang='lat' dir='ltr'><strong>Oriente,</strong></span> 
     </span>
    </p>
   </div>
   <div class='ocr_carea' id='block_1_43' title="bbox 307 4052 1880 4111">
    <p class='ocr_par' dir='ltr' id='par_1_43' title="bbox 307 4052 1880 4111">
     <span class='ocr_line' id='line_1_43' title="bbox 307 4052 1880 4111; baseline -0.002 -1"><span class='ocrx_word' id='word_1_331' title='bbox 307 4067 360 4110; x_wconf 90' lang='lat' dir='ltr'><strong>et</strong></span> <span class='ocrx_word' id='word_1_332' title='bbox 390 4057 628 4111; x_wconf 87' lang='lat' dir='ltr'><strong>venimus</strong></span> <span class='ocrx_word' id='word_1_333' title='bbox 670 4055 890 4108; x_wconf 88' lang='lat' dir='ltr'><strong>adorare</strong></span> <span class='ocrx_word' id='word_1_334' title='bbox 933 4067 1075 4107; x_wconf 91' lang='lat' dir='ltr'><strong>eum.</strong></span> <span class='ocrx_word' id='word_1_335' title='bbox 1127 4052 1361 4107; x_wconf 88' lang='lat' dir='ltr'><strong>Audiens</strong></span> <span class='ocrx_word' id='word_1_336' title='bbox 1414 4061 1590 4107; x_wconf 91' lang='lat' dir='ltr'><strong>autem</strong></span> <span class='ocrx_word' id='word_1_337' title='bbox 1642 4052 1880 4107; x_wconf 88' lang='lat' dir='ltr'><strong>Herodes</strong></span> 
     </span>
    </p>
   </div>
   <div class='ocr_carea' id='block_1_44' title="bbox 308 4134 1880 4214">
    <p class='ocr_par' dir='ltr' id='par_1_44' title="bbox 308 4134 1880 4214">
     <span class='ocr_line' id='line_1_44' title="bbox 308 4134 1880 4214; baseline -0.003 -15"><span class='ocrx_word' id='word_1_338' title='bbox 308 4161 400 4199; x_wconf 90' lang='lat' dir='ltr'><strong>rex</strong></span> <span class='ocrx_word' id='word_1_339' title='bbox 421 4134 668 4198; x_wconf 81' lang='lat' dir='ltr'><strong>turbatus</strong></span> <span class='ocrx_word' id='word_1_340' title='bbox 697 4152 795 4209; x_wconf 91' lang='lat' dir='ltr'><strong>est,</strong></span> <span class='ocrx_word' id='word_1_341' title='bbox 829 4150 882 4197; x_wconf 88' lang='lat' dir='ltr'><strong>et</strong></span> <span class='ocrx_word' id='word_1_342' title='bbox 911 4142 1084 4195; x_wconf 88' lang='lat' dir='ltr'><strong>omnis</strong></span> <span class='ocrx_word' id='word_1_343' title='bbox 1113 4142 1480 4214; x_wconf 78' lang='lat' dir='ltr'><strong>Hierusolyma</strong></span> <span class='ocrx_word' id='word_1_344' title='bbox 1513 4157 1632 4196; x_wconf 93' lang='lat' dir='ltr'><strong>cum</strong></span> <span class='ocrx_word' id='word_1_345' title='bbox 1665 4141 1779 4196; x_wconf 91' lang='lat' dir='ltr'><strong>illo.</strong></span> <span class='ocrx_word' id='word_1_346' title='bbox 1813 4142 1880 4196; x_wconf 85' lang='lat' dir='ltr'><strong>Et</strong></span> 
     </span>
    </p>
   </div>
   <div class='ocr_carea' id='block_1_45' title="bbox 309 4233 1879 4307">
    <p class='ocr_par' dir='ltr' id='par_1_45' title="bbox 309 4233 1879 4307">
     <span class='ocr_line' id='line_1_45' title="bbox 309 4233 1879 4307; baseline -0.003 -16"><span class='ocrx_word' id='word_1_347' title='bbox 309 4250 642 4307; x_wconf 83' lang='lat' dir='ltr'><strong>congregans</strong></span> <span class='ocrx_word' id='word_1_348' title='bbox 672 4250 860 4290; x_wconf 89' lang='lat' dir='ltr'><strong>omnes</strong></span> <span class='ocrx_word' id='word_1_349' title='bbox 913 4234 1178 4304; x_wconf 90' lang='lat' dir='ltr'><strong>principes</strong></span> <span class='ocrx_word' id='word_1_350' title='bbox 1230 4233 1561 4288; x_wconf 89' lang='lat' dir='ltr'><strong>sacerdotum</strong></span> <span class='ocrx_word' id='word_1_351' title='bbox 1594 4242 1647 4287; x_wconf 92' lang='lat' dir='ltr'><strong>et</strong></span> <span class='ocrx_word' id='word_1_352' title='bbox 1676 4233 1879 4288; x_wconf 90' lang='lat' dir='ltr'><strong>scribas</strong></span> 
     </span>
    </p>
   </div>
   <div class='ocr_carea' id='block_1_46' title="bbox 310 4323 1874 4397">
    <p class='ocr_par' dir='ltr' id='par_1_46' title="bbox 310 4323 1874 4397">
     <span class='ocr_line' id='line_1_46' title="bbox 310 4323 1874 4397; baseline -0.004 -17"><span class='ocrx_word' id='word_1_353' title='bbox 310 4329 513 4397; x_wconf 86' lang='lat' dir='ltr'><strong>populi,</strong></span> <span class='ocrx_word' id='word_1_354' title='bbox 543 4325 908 4381; x_wconf 89' lang='lat' dir='ltr'><strong>sciscitabatur</strong></span> <span class='ocrx_word' id='word_1_355' title='bbox 947 4323 1013 4379; x_wconf 86' lang='lat' dir='ltr'><strong>ab</strong></span> <span class='ocrx_word' id='word_1_356' title='bbox 1041 4327 1120 4378; x_wconf 92' lang='lat' dir='ltr'><strong>eis</strong></span> <span class='ocrx_word' id='word_1_357' title='bbox 1150 4324 1237 4377; x_wconf 92' lang='lat' dir='ltr'><strong>ubi</strong></span> <span class='ocrx_word' id='word_1_358' title='bbox 1266 4323 1510 4376; x_wconf 78' lang='lat' dir='ltr'><strong>Christus</strong></span> <span class='ocrx_word' id='word_1_359' title='bbox 1543 4333 1874 4376; x_wconf 86' lang='lat' dir='ltr'><strong>nasceretur.</strong></span> 
     </span>
    </p>
   </div>
   <div class='ocr_carea' id='block_1_47' title="bbox 310 4415 1877 4479">
    <p class='ocr_par' dir='ltr' id='par_1_47' title="bbox 310 4415 1877 4479">
     <span class='ocr_line' id='line_1_47' title="bbox 310 4415 1877 4479; baseline -0.006 -4"><span class='ocrx_word' id='word_1_360' title='bbox 310 4425 377 4475; x_wconf 82' lang='lat' dir='ltr'><strong>At</strong></span> <span class='ocrx_word' id='word_1_361' title='bbox 409 4421 479 4475; x_wconf 87' lang='lat' dir='ltr'><strong>illi</strong></span> <span class='ocrx_word' id='word_1_362' title='bbox 509 4419 755 4474; x_wconf 85' lang='lat' dir='ltr'><strong>dixerunt</strong></span> <span class='ocrx_word' id='word_1_363' title='bbox 787 4437 796 4470; x_wconf 95' lang='lat'>:</span> <span class='ocrx_word' id='word_1_364' title='bbox 824 4419 877 4472; x_wconf 89' lang='lat' dir='ltr'><strong>lu</strong></span> <span class='ocrx_word' id='word_1_365' title='bbox 908 4417 1200 4473; x_wconf 87' lang='lat' dir='ltr'><strong>Bettlielem</strong></span> <span class='ocrx_word' id='word_1_366' title='bbox 1244 4415 1422 4479; x_wconf 67' lang='lat' dir='ltr'><strong>Juilre;</strong></span> <span class='ocrx_word' id='word_1_367' title='bbox 1453 4415 1531 4470; x_wconf 88' lang='lat' dir='ltr'><strong>sic</strong></span> <span class='ocrx_word' id='word_1_368' title='bbox 1562 4416 1702 4467; x_wconf 90' lang='lat' dir='ltr'><strong>enim</strong></span> <span class='ocrx_word' id='word_1_369' title='bbox 1743 4415 1877 4468; x_wconf 88' lang='lat' dir='ltr'><strong>scri-</strong></span> 
     </span>
    </p>
   </div>
   <div class='ocr_carea' id='block_1_48' title="bbox 311 4511 1878 4583">
    <p class='ocr_par' dir='ltr' id='par_1_48' title="bbox 311 4511 1878 4583">
     <span class='ocr_line' id='line_1_48' title="bbox 311 4511 1878 4583; baseline -0.002 -18"><span class='ocrx_word' id='word_1_370' title='bbox 311 4525 456 4580; x_wconf 79' lang='lat' dir='ltr'><strong>ptum</strong></span> <span class='ocrx_word' id='word_1_371' title='bbox 502 4522 582 4568; x_wconf 91' lang='lat' dir='ltr'><strong>est</strong></span> <span class='ocrx_word' id='word_1_372' title='bbox 631 4529 721 4583; x_wconf 92' lang='lat' dir='ltr'><strong>per</strong></span> <span class='ocrx_word' id='word_1_373' title='bbox 775 4513 1120 4581; x_wconf 63' lang='lat' dir='ltr'><strong>proiilietam:</strong></span> <span class='ocrx_word' id='word_1_374' title='bbox 1155 4511 1219 4565; x_wconf 87' lang='lat' dir='ltr'><strong>Et</strong></span> <span class='ocrx_word' id='word_1_375' title='bbox 1276 4521 1327 4564; x_wconf 90' lang='lat' dir='ltr'><strong>tu</strong></span> <span class='ocrx_word' id='word_1_376' title='bbox 1383 4511 1682 4565; x_wconf 77' lang='lat' dir='ltr'><strong>Betthelcm</strong></span> <span class='ocrx_word' id='word_1_377' title='bbox 1739 4519 1878 4564; x_wconf 91' lang='lat' dir='ltr'><strong>terra</strong></span> 
     </span>
    </p>
   </div>
   <div class='ocr_carea' id='block_1_49' title="bbox 1979 576 3546 644">
    <p class='ocr_par' dir='ltr' id='par_1_49' title="bbox 1979 576 3546 644">
     <span class='ocr_line' id='line_1_49' title="bbox 1979 576 3546 644; baseline 0.004 -17"><span class='ocrx_word' id='word_1_378' title='bbox 1979 576 2183 630; x_wconf 88' lang='lat' dir='ltr'><strong>salvare</strong></span> <span class='ocrx_word' id='word_1_379' title='bbox 2213 577 2455 644; x_wconf 90' lang='lat' dir='ltr'><strong>dignatus</strong></span> <span class='ocrx_word' id='word_1_380' title='bbox 2483 590 2540 630; x_wconf 90' lang='lat' dir='ltr'><strong>es</strong></span> <span class='ocrx_word' id='word_1_381' title='bbox 2571 577 2824 632; x_wconf 89' lang='lat' dir='ltr'><strong>mundum</strong></span> <span class='ocrx_word' id='word_1_382' title='bbox 2854 595 2869 631; x_wconf 86' lang='lat'><strong>:</strong></span> <span class='ocrx_word' id='word_1_383' title='bbox 2894 587 3096 632; x_wconf 67' lang='lat' dir='ltr'><strong>natura:</strong></span> <span class='ocrx_word' id='word_1_384' title='bbox 3122 578 3298 632; x_wconf 90' lang='lat' dir='ltr'><strong>carnis</strong></span> <span class='ocrx_word' id='word_1_385' title='bbox 3327 578 3546 632; x_wconf 87' lang='lat' dir='ltr'><strong>adsum-</strong></span> 
     </span>
    </p>
   </div>
   <div class='ocr_carea' id='block_1_50' title="bbox 1981 668 3550 738">
    <p class='ocr_par' dir='ltr' id='par_1_50' title="bbox 1981 668 3550 738">
     <span class='ocr_line' id='line_1_50' title="bbox 1981 668 3550 738; baseline 0.003 -18"><span class='ocrx_word' id='word_1_386' title='bbox 1981 668 2120 721; x_wconf 92' lang='lat' dir='ltr'><strong>tione</strong></span> <span class='ocrx_word' id='word_1_387' title='bbox 2144 668 2422 735; x_wconf 84' lang='lat' dir='ltr'><strong>miscetur,</strong></span> <span class='ocrx_word' id='word_1_388' title='bbox 2441 678 2498 723; x_wconf 92' lang='lat' dir='ltr'><strong>ut</strong></span> <span class='ocrx_word' id='word_1_389' title='bbox 2527 670 2616 738; x_wconf 94' lang='lat' dir='ltr'><strong>qui</strong></span> <span class='ocrx_word' id='word_1_390' title='bbox 2650 669 2788 726; x_wconf 90' lang='lat' dir='ltr'><strong>Deus</strong></span> <span class='ocrx_word' id='word_1_391' title='bbox 2815 679 2932 725; x_wconf 91' lang='lat' dir='ltr'><strong>erat</strong></span> <span class='ocrx_word' id='word_1_392' title='bbox 2958 686 3022 725; x_wconf 81' lang='lat' dir='ltr'><strong>ex</strong></span> <span class='ocrx_word' id='word_1_393' title='bbox 3052 671 3159 725; x_wconf 92' lang='lat' dir='ltr'><strong>Deo</strong></span> <span class='ocrx_word' id='word_1_394' title='bbox 3187 669 3363 737; x_wconf 83' lang='lat' dir='ltr'><strong>Patre,</strong></span> <span class='ocrx_word' id='word_1_395' title='bbox 3389 670 3550 725; x_wconf 88' lang='lat' dir='ltr'><strong>homo</strong></span> 
     </span>
    </p>
   </div>
   <div class='ocr_carea' id='block_1_51' title="bbox 1976 761 3552 829">
    <p class='ocr_par' dir='ltr' id='par_1_51' title="bbox 1976 761 3552 829">
     <span class='ocr_line' id='line_1_51' title="bbox 1976 761 3552 829; baseline 0.003 -21"><span class='ocrx_word' id='word_1_396' title='bbox 1976 771 2185 826; x_wconf 90' lang='lat' dir='ltr'><strong>quoque</strong></span> <span class='ocrx_word' id='word_1_397' title='bbox 2213 766 2356 813; x_wconf 88' lang='lat' dir='ltr'><strong>esset</strong></span> <span class='ocrx_word' id='word_1_398' title='bbox 2397 773 2467 814; x_wconf 90' lang='lat' dir='ltr'><strong>ex</strong></span> <span class='ocrx_word' id='word_1_399' title='bbox 2500 768 2698 825; x_wconf 89' lang='lat' dir='ltr'><strong>matre;</strong></span> <span class='ocrx_word' id='word_1_400' title='bbox 2729 774 2793 814; x_wconf 85' lang='lat' dir='ltr'><strong>ex</strong></span> <span class='ocrx_word' id='word_1_401' title='bbox 2832 767 2884 815; x_wconf 91' lang='lat' dir='ltr'><strong>te</strong></span> <span class='ocrx_word' id='word_1_402' title='bbox 2911 761 3029 815; x_wconf 87' lang='lat' dir='ltr'><strong>sine</strong></span> <span class='ocrx_word' id='word_1_403' title='bbox 3074 769 3334 829; x_wconf 82' lang='lat' dir='ltr'><strong>tempore,</strong></span> <span class='ocrx_word' id='word_1_404' title='bbox 3364 776 3432 815; x_wconf 86' lang='lat' dir='ltr'><strong>ex</strong></span> <span class='ocrx_word' id='word_1_405' title='bbox 3461 761 3552 813; x_wconf 86' lang='lat' dir='ltr'><strong>illa</strong></span> 
     </span>
    </p>
   </div>
   <div class='ocr_carea' id='block_1_52' title="bbox 1978 850 3552 921">
    <p class='ocr_par' dir='ltr' id='par_1_52' title="bbox 1978 850 3552 921">
     <span class='ocr_line' id='line_1_52' title="bbox 1978 850 3552 921; baseline 0 -17"><span class='ocrx_word' id='word_1_406' title='bbox 1978 850 2092 904; x_wconf 80' lang='lat' dir='ltr'><strong>sine</strong></span> <span class='ocrx_word' id='word_1_407' title='bbox 2113 851 2352 904; x_wconf 89' lang='lat' dir='ltr'><strong>semine:</strong></span> <span class='ocrx_word' id='word_1_408' title='bbox 2378 851 2585 920; x_wconf 91' lang='lat' dir='ltr'><strong>respice</strong></span> <span class='ocrx_word' id='word_1_409' title='bbox 2616 866 2734 916; x_wconf 92' lang='lat' dir='ltr'><strong>nos,</strong></span> <span class='ocrx_word' id='word_1_410' title='bbox 2761 862 2814 906; x_wconf 93' lang='lat' dir='ltr'><strong>et</strong></span> <span class='ocrx_word' id='word_1_411' title='bbox 2845 853 3030 906; x_wconf 88' lang='lat' dir='ltr'><strong>adesto</strong></span> <span class='ocrx_word' id='word_1_412' title='bbox 3058 851 3308 921; x_wconf 84' lang='lat' dir='ltr'><strong>precibus</strong></span> <span class='ocrx_word' id='word_1_413' title='bbox 3335 852 3552 914; x_wconf 89' lang='lat' dir='ltr'><strong>nostris,</strong></span> 
     </span>
    </p>
   </div>
   <div class='ocr_carea' id='block_1_53' title="bbox 1978 942 3552 1010">
    <p class='ocr_par' dir='ltr' id='par_1_53' title="bbox 1978 942 3552 1010">
     <span class='ocr_line' id='line_1_53' title="bbox 1978 942 3552 1010; baseline -0.001 -14"><span class='ocrx_word' id='word_1_414' title='bbox 1978 953 2031 996; x_wconf 90' lang='lat' dir='ltr'><strong>et</strong></span> <span class='ocrx_word' id='word_1_415' title='bbox 2067 950 2255 1010; x_wconf 69' lang='lat' dir='ltr'><strong>praesta</strong></span> <span class='ocrx_word' id='word_1_416' title='bbox 2303 947 2360 995; x_wconf 91' lang='lat' dir='ltr'><strong>ut</strong></span> <span class='ocrx_word' id='word_1_417' title='bbox 2405 942 2494 1010; x_wconf 91' lang='lat' dir='ltr'><strong>qui</strong></span> <span class='ocrx_word' id='word_1_418' title='bbox 2545 943 2825 996; x_wconf 88' lang='lat' dir='ltr'><strong>adventum</strong></span> <span class='ocrx_word' id='word_1_419' title='bbox 2865 942 2987 996; x_wconf 83' lang='lat' dir='ltr'><strong>Filii</strong></span> <span class='ocrx_word' id='word_1_420' title='bbox 3018 943 3093 995; x_wconf 88' lang='lat' dir='ltr'><strong>tui</strong></span> <span class='ocrx_word' id='word_1_421' title='bbox 3137 942 3390 996; x_wconf 89' lang='lat' dir='ltr'><strong>humilem</strong></span> <span class='ocrx_word' id='word_1_422' title='bbox 3432 955 3552 995; x_wconf 91' lang='lat' dir='ltr'><strong>cum</strong></span> 
     </span>
    </p>
   </div>
   <div class='ocr_carea' id='block_1_54' title="bbox 1980 1033 3555 1106">
    <p class='ocr_par' dir='ltr' id='par_1_54' title="bbox 1980 1033 3555 1106">
     <span class='ocr_line' id='line_1_54' title="bbox 1980 1033 3555 1106; baseline 0.001 -18"><span class='ocrx_word' id='word_1_423' title='bbox 1980 1035 2173 1106; x_wconf 86' lang='lat' dir='ltr'><strong>gaudio</strong></span> <span class='ocrx_word' id='word_1_424' title='bbox 2201 1034 2447 1099; x_wconf 90' lang='lat' dir='ltr'><strong>colimus,</strong></span> <span class='ocrx_word' id='word_1_425' title='bbox 2476 1034 2528 1088; x_wconf 92' lang='lat' dir='ltr'><strong>in</strong></span> <span class='ocrx_word' id='word_1_426' title='bbox 2559 1036 2728 1104; x_wconf 88' lang='lat' dir='ltr'><strong>gloria</strong></span> <span class='ocrx_word' id='word_1_427' title='bbox 2749 1038 3052 1092; x_wconf 88' lang='lat' dir='ltr'><strong>venientem</strong></span> <span class='ocrx_word' id='word_1_428' title='bbox 3079 1049 3203 1090; x_wconf 90' lang='lat' dir='ltr'><strong>cum</strong></span> <span class='ocrx_word' id='word_1_429' title='bbox 3234 1033 3415 1090; x_wconf 80' lang='lat' dir='ltr'><strong>laetitia</strong></span> <span class='ocrx_word' id='word_1_430' title='bbox 3445 1047 3555 1090; x_wconf 88' lang='lat' dir='ltr'><strong>me-</strong></span> 
     </span>
    </p>
   </div>
   <div class='ocr_carea' id='block_1_55' title="bbox 1980 1126 2477 1195">
    <p class='ocr_par' dir='ltr' id='par_1_55' title="bbox 1980 1126 2477 1195">
     <span class='ocr_line' id='line_1_55' title="bbox 1980 1126 2477 1195; baseline -0.002 -15"><span class='ocrx_word' id='word_1_431' title='bbox 1980 1141 2193 1181; x_wconf 90' lang='lat' dir='ltr'><strong>reamur</strong></span> <span class='ocrx_word' id='word_1_432' title='bbox 2219 1126 2477 1195; x_wconf 90' lang='lat' dir='ltr'><strong>aspicere.</strong></span> 
     </span>
    </p>
   </div>
   <div class='ocr_carea' id='block_1_56' title="bbox 2587 1216 2950 1267">
    <p class='ocr_par' dir='ltr' id='par_1_56' title="bbox 2587 1216 2950 1267">
     <span class='ocr_line' id='line_1_56' title="bbox 2587 1216 2950 1267; baseline 0.006 -2"><span class='ocrx_word' id='word_1_433' title='bbox 2587 1216 2707 1267; x_wconf 90' lang='lat' dir='ltr'><strong>Post</strong></span> <span class='ocrx_word' id='word_1_434' title='bbox 2742 1219 2950 1267; x_wconf 82' lang='lat' dir='ltr'><strong>nomina.</strong></span> 
     </span>
    </p>
   </div>
   <div class='ocr_carea' id='block_1_57' title="bbox 2048 1297 3551 1368">
    <p class='ocr_par' dir='ltr' id='par_1_57' title="bbox 2048 1297 3551 1368">
     <span class='ocr_line' id='line_1_57' title="bbox 2048 1297 3551 1368; baseline -0.003 -12"><span class='ocrx_word' id='word_1_435' title='bbox 2048 1299 2259 1356; x_wconf 89' lang='lat' dir='ltr'><strong>Christe</strong></span> <span class='ocrx_word' id='word_1_436' title='bbox 2289 1299 2536 1363; x_wconf 91' lang='lat' dir='ltr'><strong>Domine,</strong></span> <span class='ocrx_word' id='word_1_437' title='bbox 2565 1300 2654 1368; x_wconf 89' lang='lat' dir='ltr'><strong>qui</strong></span> <span class='ocrx_word' id='word_1_438' title='bbox 2685 1309 2736 1355; x_wconf 90' lang='lat' dir='ltr'><strong>te</strong></span> <span class='ocrx_word' id='word_1_439' title='bbox 2757 1299 3062 1366; x_wconf 88' lang='lat' dir='ltr'><strong>exinanisti,</strong></span> <span class='ocrx_word' id='word_1_440' title='bbox 3085 1307 3143 1355; x_wconf 92' lang='lat' dir='ltr'><strong>ut</strong></span> <span class='ocrx_word' id='word_1_441' title='bbox 3165 1313 3263 1354; x_wconf 92' lang='lat' dir='ltr'><strong>nos</strong></span> <span class='ocrx_word' id='word_1_442' title='bbox 3292 1297 3551 1367; x_wconf 90' lang='lat' dir='ltr'><strong>adimple-</strong></span> 
     </span>
    </p>
   </div>
   <div class='ocr_carea' id='block_1_58' title="bbox 1979 1391 3556 1462">
    <p class='ocr_par' dir='ltr' id='par_1_58' title="bbox 1979 1391 3556 1462">
     <span class='ocr_line' id='line_1_58' title="bbox 1979 1391 3556 1462; baseline -0.001 -16"><span class='ocrx_word' id='word_1_443' title='bbox 1979 1405 2104 1458; x_wconf 89' lang='lat' dir='ltr'><strong>res;</strong></span> <span class='ocrx_word' id='word_1_444' title='bbox 2137 1393 2223 1461; x_wconf 90' lang='lat' dir='ltr'><strong>qui</strong></span> <span class='ocrx_word' id='word_1_445' title='bbox 2257 1391 2544 1446; x_wconf 88' lang='lat' dir='ltr'><strong>humiliasti</strong></span> <span class='ocrx_word' id='word_1_446' title='bbox 2569 1400 2642 1457; x_wconf 93' lang='lat' dir='ltr'><strong>te,</strong></span> <span class='ocrx_word' id='word_1_447' title='bbox 2675 1403 2730 1446; x_wconf 95' lang='lat' dir='ltr'><strong>ut</strong></span> <span class='ocrx_word' id='word_1_448' title='bbox 2764 1407 2861 1446; x_wconf 91' lang='lat' dir='ltr'><strong>nos</strong></span> <span class='ocrx_word' id='word_1_449' title='bbox 2903 1394 3197 1459; x_wconf 83' lang='lat' dir='ltr'><strong>exaltares,</strong></span> <span class='ocrx_word' id='word_1_450' title='bbox 3227 1402 3282 1447; x_wconf 94' lang='lat' dir='ltr'><strong>ut</strong></span> <span class='ocrx_word' id='word_1_451' title='bbox 3309 1393 3396 1462; x_wconf 87' lang='lat' dir='ltr'><strong>qui</strong></span> <span class='ocrx_word' id='word_1_452' title='bbox 3437 1407 3556 1446; x_wconf 80' lang='lat' dir='ltr'><strong>eras</strong></span> 
     </span>
    </p>
   </div>
   <div class='ocr_carea' id='block_1_59' title="bbox 1977 1482 3553 1553">
    <p class='ocr_par' dir='ltr' id='par_1_59' title="bbox 1977 1482 3553 1553">
     <span class='ocr_line' id='line_1_59' title="bbox 1977 1482 3553 1553; baseline 0.001 -18"><span class='ocrx_word' id='word_1_453' title='bbox 1977 1491 2102 1536; x_wconf 85' lang='lat' dir='ltr'><strong>ante</strong></span> <span class='ocrx_word' id='word_1_454' title='bbox 2135 1482 2428 1552; x_wconf 80' lang='lat' dir='ltr'><strong>Virginem,</strong></span> <span class='ocrx_word' id='word_1_455' title='bbox 2451 1497 2600 1537; x_wconf 87' lang='lat' dir='ltr'><strong>esses</strong></span> <span class='ocrx_word' id='word_1_456' title='bbox 2645 1498 2711 1536; x_wconf 85' lang='lat' dir='ltr'><strong>ex</strong></span> <span class='ocrx_word' id='word_1_457' title='bbox 2761 1483 3009 1553; x_wconf 82' lang='lat' dir='ltr'><strong>Virgine;</strong></span> <span class='ocrx_word' id='word_1_458' title='bbox 3039 1497 3107 1538; x_wconf 89' lang='lat' dir='ltr'><strong>ex</strong></span> <span class='ocrx_word' id='word_1_459' title='bbox 3136 1483 3247 1538; x_wconf 92' lang='lat' dir='ltr'><strong>Deo</strong></span> <span class='ocrx_word' id='word_1_460' title='bbox 3276 1484 3430 1538; x_wconf 88' lang='lat' dir='ltr'><strong>Patre</strong></span> <span class='ocrx_word' id='word_1_461' title='bbox 3461 1499 3553 1536; x_wconf 87' lang='lat' dir='ltr'><strong>na-</strong></span> 
     </span>
    </p>
   </div>
   <div class='ocr_carea' id='block_1_60' title="bbox 1981 1574 3552 1640">
    <p class='ocr_par' dir='ltr' id='par_1_60' title="bbox 1981 1574 3552 1640">
     <span class='ocr_line' id='line_1_60' title="bbox 1981 1574 3552 1640; baseline 0 -12"><span class='ocrx_word' id='word_1_462' title='bbox 1981 1584 2063 1629; x_wconf 88' lang='lat' dir='ltr'><strong>tus</strong></span> <span class='ocrx_word' id='word_1_463' title='bbox 2095 1575 2234 1628; x_wconf 92' lang='lat' dir='ltr'><strong>Deus</strong></span> <span class='ocrx_word' id='word_1_464' title='bbox 2253 1583 2377 1628; x_wconf 88' lang='lat' dir='ltr'><strong>ante</strong></span> <span class='ocrx_word' id='word_1_465' title='bbox 2403 1576 2592 1628; x_wconf 81' lang='lat' dir='ltr'><strong>saecula</strong></span> <span class='ocrx_word' id='word_1_466' title='bbox 2611 1613 2627 1640; x_wconf 90' lang='lat'><strong>,</strong></span> <span class='ocrx_word' id='word_1_467' title='bbox 2670 1574 2828 1628; x_wconf 88' lang='lat' dir='ltr'><strong>hodie</strong></span> <span class='ocrx_word' id='word_1_468' title='bbox 2857 1577 3014 1630; x_wconf 87' lang='lat' dir='ltr'><strong>homo</strong></span> <span class='ocrx_word' id='word_1_469' title='bbox 3039 1576 3329 1631; x_wconf 89' lang='lat' dir='ltr'><strong>nasceretis</strong></span> <span class='ocrx_word' id='word_1_470' title='bbox 3353 1575 3422 1629; x_wconf 89' lang='lat' dir='ltr'><strong>ob</strong></span> <span class='ocrx_word' id='word_1_471' title='bbox 3451 1590 3552 1628; x_wconf 84' lang='lat' dir='ltr'><strong>sae-</strong></span> 
     </span>
    </p>
   </div>
   <div class='ocr_carea' id='block_1_61' title="bbox 1977 1665 3545 1736">
    <p class='ocr_par' dir='ltr' id='par_1_61' title="bbox 1977 1665 3545 1736">
     <span class='ocr_line' id='line_1_61' title="bbox 1977 1665 3545 1736; baseline -0.001 -18"><span class='ocrx_word' id='word_1_472' title='bbox 1977 1665 2126 1729; x_wconf 92' lang='lat' dir='ltr'><strong>cula;</strong></span> <span class='ocrx_word' id='word_1_473' title='bbox 2162 1673 2212 1718; x_wconf 92' lang='lat' dir='ltr'><strong>te</strong></span> <span class='ocrx_word' id='word_1_474' title='bbox 2241 1678 2474 1732; x_wconf 88' lang='lat' dir='ltr'><strong>oramus,</strong></span> <span class='ocrx_word' id='word_1_475' title='bbox 2506 1674 2560 1720; x_wconf 87' lang='lat' dir='ltr'><strong>et</strong></span> <span class='ocrx_word' id='word_1_476' title='bbox 2586 1665 2814 1735; x_wconf 89' lang='lat' dir='ltr'><strong>petimus</strong></span> <span class='ocrx_word' id='word_1_477' title='bbox 2845 1675 2901 1720; x_wconf 94' lang='lat' dir='ltr'><strong>ut</strong></span> <span class='ocrx_word' id='word_1_478' title='bbox 2930 1681 3114 1734; x_wconf 89' lang='lat' dir='ltr'><strong>preces</strong></span> <span class='ocrx_word' id='word_1_479' title='bbox 3141 1674 3348 1722; x_wconf 87' lang='lat' dir='ltr'><strong>nostras</strong></span> <span class='ocrx_word' id='word_1_480' title='bbox 3369 1666 3545 1736; x_wconf 83' lang='lat' dir='ltr'><strong>placa-</strong></span> 
     </span>
    </p>
   </div>
   <div class='ocr_carea' id='block_1_62' title="bbox 1978 1756 2364 1811">
    <p class='ocr_par' dir='ltr' id='par_1_62' title="bbox 1978 1756 2364 1811">
     <span class='ocr_line' id='line_1_62' title="bbox 1978 1756 2364 1811; baseline -0.003 -1"><span class='ocrx_word' id='word_1_481' title='bbox 1978 1766 2063 1811; x_wconf 92' lang='lat' dir='ltr'><strong>tus</strong></span> <span class='ocrx_word' id='word_1_482' title='bbox 2091 1756 2364 1811; x_wconf 86' lang='lat' dir='ltr'><strong>exaudias.</strong></span> 
     </span>
    </p>
   </div>
   <div class='ocr_carea' id='block_1_63' title="bbox 2617 1826 2916 1888">
    <p class='ocr_par' dir='ltr' id='par_1_63' title="bbox 2617 1826 2916 1888">
     <span class='ocr_line' id='line_1_63' title="bbox 2617 1826 2916 1888; baseline 0.007 -14"><span class='ocrx_word' id='word_1_483' title='bbox 2617 1826 2688 1874; x_wconf 87' lang='lat' dir='ltr'><strong>Ad</strong></span> <span class='ocrx_word' id='word_1_484' title='bbox 2730 1839 2916 1888; x_wconf 88' lang='lat' dir='ltr'><strong>pacem.</strong></span> 
     </span>
    </p>
   </div>
   <div class='ocr_carea' id='block_1_64' title="bbox 2043 1905 3549 1980">
    <p class='ocr_par' dir='ltr' id='par_1_64' title="bbox 2043 1905 3549 1980">
     <span class='ocr_line' id='line_1_64' title="bbox 2043 1905 3549 1980; baseline 0.003 -21"><span class='ocrx_word' id='word_1_485' title='bbox 2043 1905 2182 1960; x_wconf 89' lang='lat' dir='ltr'><strong>Deus</strong></span> <span class='ocrx_word' id='word_1_486' title='bbox 2207 1950 2221 1974; x_wconf 94' lang='lat'><strong>,</strong></span> <span class='ocrx_word' id='word_1_487' title='bbox 2255 1908 2468 1976; x_wconf 91' lang='lat' dir='ltr'><strong>antiqua</strong></span> <span class='ocrx_word' id='word_1_488' title='bbox 2514 1911 2840 1977; x_wconf 90' lang='lat' dir='ltr'><strong>exspectatio</strong></span> <span class='ocrx_word' id='word_1_489' title='bbox 2887 1911 3124 1980; x_wconf 89' lang='lat' dir='ltr'><strong>gentium</strong></span> <span class='ocrx_word' id='word_1_490' title='bbox 3148 1950 3163 1976; x_wconf 97' lang='lat'><strong>,</strong></span> <span class='ocrx_word' id='word_1_491' title='bbox 3199 1911 3289 1979; x_wconf 91' lang='lat' dir='ltr'><strong>qui</strong></span> <span class='ocrx_word' id='word_1_492' title='bbox 3337 1911 3549 1964; x_wconf 90' lang='lat' dir='ltr'><strong>oracola</strong></span> 
     </span>
    </p>
   </div>
   <div class='ocr_carea' id='block_1_65' title="bbox 1972 1997 3541 2071">
    <p class='ocr_par' dir='ltr' id='par_1_65' title="bbox 1972 1997 3541 2071">
     <span class='ocr_line' id='line_1_65' title="bbox 1972 1997 3541 2071; baseline 0.002 -20"><span class='ocrx_word' id='word_1_493' title='bbox 1972 1997 2344 2067; x_wconf 84' lang='lat' dir='ltr'><strong>prephetarum</strong></span> <span class='ocrx_word' id='word_1_494' title='bbox 2376 1999 2428 2052; x_wconf 90' lang='lat' dir='ltr'><strong>in</strong></span> <span class='ocrx_word' id='word_1_495' title='bbox 2457 1998 2573 2054; x_wconf 90' lang='lat' dir='ltr'><strong>luce</strong></span> <span class='ocrx_word' id='word_1_496' title='bbox 2604 2000 2876 2069; x_wconf 88' lang='lat' dir='ltr'><strong>Evangelii</strong></span> <span class='ocrx_word' id='word_1_497' title='bbox 2921 2001 3165 2069; x_wconf 90' lang='lat' dir='ltr'><strong>posuisti,</strong></span> <span class='ocrx_word' id='word_1_498' title='bbox 3193 2003 3281 2071; x_wconf 90' lang='lat' dir='ltr'><strong>qui</strong></span> <span class='ocrx_word' id='word_1_499' title='bbox 3316 2001 3541 2070; x_wconf 79' lang='lat' dir='ltr'><strong>languo-</strong></span> 
     </span>
    </p>
   </div>
   <div class='ocr_carea' id='block_1_66' title="bbox 1970 2088 3554 2145">
    <p class='ocr_par' dir='ltr' id='par_1_66' title="bbox 1970 2088 3554 2145">
     <span class='ocr_line' id='line_1_66' title="bbox 1970 2088 3554 2145; baseline 0.003 -4"><span class='ocrx_word' id='word_1_500' title='bbox 1970 2101 2056 2141; x_wconf 90' lang='lat' dir='ltr'><strong>res</strong></span> <span class='ocrx_word' id='word_1_501' title='bbox 2103 2095 2313 2141; x_wconf 90' lang='lat' dir='ltr'><strong>nostros</strong></span> <span class='ocrx_word' id='word_1_502' title='bbox 2354 2096 2634 2142; x_wconf 90' lang='lat' dir='ltr'><strong>curaturus</strong></span> <span class='ocrx_word' id='word_1_503' title='bbox 2680 2089 2911 2143; x_wconf 73' lang='lat' dir='ltr'><strong>ctelestis</strong></span> <span class='ocrx_word' id='word_1_504' title='bbox 2977 2090 3217 2145; x_wconf 88' lang='lat' dir='ltr'><strong>medicus</strong></span> <span class='ocrx_word' id='word_1_505' title='bbox 3261 2088 3554 2145; x_wconf 80' lang='lat' dir='ltr'><strong>advenisti.</strong></span> 
     </span>
    </p>
   </div>
   <div class='ocr_carea' id='block_1_67' title="bbox 1971 2178 3555 2256">
    <p class='ocr_par' dir='ltr' id='par_1_67' title="bbox 1971 2178 3555 2256">
     <span class='ocr_line' id='line_1_67' title="bbox 1971 2178 3555 2256; baseline 0.003 -25"><span class='ocrx_word' id='word_1_506' title='bbox 1971 2178 2100 2232; x_wconf 89' lang='lat' dir='ltr'><strong>Nam</strong></span> <span class='ocrx_word' id='word_1_507' title='bbox 2150 2182 2266 2248; x_wconf 88' lang='lat' dir='ltr'><strong>quis</strong></span> <span class='ocrx_word' id='word_1_508' title='bbox 2316 2187 2368 2233; x_wconf 92' lang='lat' dir='ltr'><strong>te</strong></span> <span class='ocrx_word' id='word_1_509' title='bbox 2417 2179 2584 2246; x_wconf 90' lang='lat' dir='ltr'><strong>possit</strong></span> <span class='ocrx_word' id='word_1_510' title='bbox 2624 2195 2953 2256; x_wconf 78' lang='lat' dir='ltr'><strong>agnoscere,</strong></span> <span class='ocrx_word' id='word_1_511' title='bbox 2985 2180 3086 2235; x_wconf 92' lang='lat' dir='ltr'><strong>nisi</strong></span> <span class='ocrx_word' id='word_1_512' title='bbox 3134 2181 3250 2249; x_wconf 86' lang='lat' dir='ltr'><strong>ipse</strong></span> <span class='ocrx_word' id='word_1_513' title='bbox 3291 2180 3555 2236; x_wconf 79' lang='lat' dir='ltr'><strong>voluisses</strong></span> 
     </span>
    </p>
   </div>
   <div class='ocr_carea' id='block_1_68' title="bbox 1972 2271 3548 2343">
    <p class='ocr_par' dir='ltr' id='par_1_68' title="bbox 1972 2271 3548 2343">
     <span class='ocr_line' id='line_1_68' title="bbox 1972 2271 3548 2343; baseline 0.004 -20"><span class='ocrx_word' id='word_1_514' title='bbox 1972 2271 2218 2339; x_wconf 87' lang='lat' dir='ltr'><strong>agnosci?</strong></span> <span class='ocrx_word' id='word_1_515' title='bbox 2250 2272 2420 2326; x_wconf 89' lang='lat' dir='ltr'><strong>tribue</strong></span> <span class='ocrx_word' id='word_1_516' title='bbox 2445 2313 2460 2338; x_wconf 95' lang='lat'><strong>,</strong></span> <span class='ocrx_word' id='word_1_517' title='bbox 2485 2286 2789 2340; x_wconf 85' lang='lat' dir='ltr'><strong>quaesumus</strong></span> <span class='ocrx_word' id='word_1_518' title='bbox 2815 2313 2830 2337; x_wconf 92' lang='lat'><strong>,</strong></span> <span class='ocrx_word' id='word_1_519' title='bbox 2863 2281 2920 2327; x_wconf 95' lang='lat' dir='ltr'><strong>ut</strong></span> <span class='ocrx_word' id='word_1_520' title='bbox 2946 2274 3359 2329; x_wconf 89' lang='lat' dir='ltr'><strong>communicatio</strong></span> <span class='ocrx_word' id='word_1_521' title='bbox 3403 2288 3548 2343; x_wconf 79' lang='lat' dir='ltr'><strong>prae-</strong></span> 
     </span>
    </p>
   </div>
   <div class='ocr_carea' id='block_1_69' title="bbox 1973 2363 3165 2432">
    <p class='ocr_par' dir='ltr' id='par_1_69' title="bbox 1973 2363 3165 2432">
     <span class='ocr_line' id='line_1_69' title="bbox 1973 2363 3165 2432; baseline 0.001 -16"><span class='ocrx_word' id='word_1_522' title='bbox 1973 2363 2140 2416; x_wconf 92' lang='lat' dir='ltr'><strong>sentis</strong></span> <span class='ocrx_word' id='word_1_523' title='bbox 2171 2363 2336 2416; x_wconf 90' lang='lat' dir='ltr'><strong>osculi</strong></span> <span class='ocrx_word' id='word_1_524' title='bbox 2365 2372 2634 2432; x_wconf 67' lang='lat' dir='ltr'><strong>perpetuae</strong></span> <span class='ocrx_word' id='word_1_525' title='bbox 2665 2363 2908 2427; x_wconf 86' lang='lat' dir='ltr'><strong>proficiat</strong></span> <span class='ocrx_word' id='word_1_526' title='bbox 2935 2363 3165 2419; x_wconf 84' lang='lat' dir='ltr'><strong>caritati.</strong></span> 
     </span>
    </p>
   </div>
   <div class='ocr_carea' id='block_1_70' title="bbox 2607 2452 2922 2503">
    <p class='ocr_par' dir='ltr' id='par_1_70' title="bbox 2607 2452 2922 2503">
     <span class='ocr_line' id='line_1_70' title="bbox 2607 2452 2922 2503; baseline -0.003 -1"><span class='ocrx_word' id='word_1_527' title='bbox 2607 2452 2922 2503; x_wconf 88' lang='lat' dir='ltr'><strong>Contestatio.</strong></span> 
     </span>
    </p>
   </div>
   <div class='ocr_carea' id='block_1_71' title="bbox 2051 2531 3549 2610">
    <p class='ocr_par' dir='ltr' id='par_1_71' title="bbox 2051 2531 3549 2610">
     <span class='ocr_line' id='line_1_71' title="bbox 2051 2531 3549 2610; baseline 0.007 -26"><span class='ocrx_word' id='word_1_528' title='bbox 2051 2531 2187 2587; x_wconf 84' lang='lat' dir='ltr'><strong>Vere</strong></span> <span class='ocrx_word' id='word_1_529' title='bbox 2226 2533 2442 2602; x_wconf 89' lang='lat' dir='ltr'><strong>dignum</strong></span> <span class='ocrx_word' id='word_1_530' title='bbox 2489 2543 2541 2588; x_wconf 90' lang='lat' dir='ltr'><strong>et</strong></span> <span class='ocrx_word' id='word_1_531' title='bbox 2591 2535 2792 2602; x_wconf 89' lang='lat' dir='ltr'><strong>justum</strong></span> <span class='ocrx_word' id='word_1_532' title='bbox 2843 2546 2958 2602; x_wconf 90' lang='lat' dir='ltr'><strong>est,</strong></span> <span class='ocrx_word' id='word_1_533' title='bbox 3003 2537 3339 2606; x_wconf 80' lang='lat' dir='ltr'><strong>omnipatens</strong></span> <span class='ocrx_word' id='word_1_534' title='bbox 3387 2541 3549 2610; x_wconf 90' lang='lat' dir='ltr'><strong>Deus,</strong></span> 
     </span>
    </p>
   </div>
   <div class='ocr_carea' id='block_1_72' title="bbox 1972 2623 3546 2697">
    <p class='ocr_par' dir='ltr' id='par_1_72' title="bbox 1972 2623 3546 2697">
     <span class='ocr_line' id='line_1_72' title="bbox 1972 2623 3546 2697; baseline 0.006 -22"><span class='ocrx_word' id='word_1_535' title='bbox 1972 2638 2068 2691; x_wconf 91' lang='lat' dir='ltr'><strong>per</strong></span> <span class='ocrx_word' id='word_1_536' title='bbox 2095 2623 2361 2677; x_wconf 86' lang='lat' dir='ltr'><strong>Christum</strong></span> <span class='ocrx_word' id='word_1_537' title='bbox 2395 2625 2667 2679; x_wconf 91' lang='lat' dir='ltr'><strong>Dominum</strong></span> <span class='ocrx_word' id='word_1_538' title='bbox 2694 2635 2955 2682; x_wconf 89' lang='lat' dir='ltr'><strong>nostrum.</strong></span> <span class='ocrx_word' id='word_1_539' title='bbox 2977 2628 3140 2697; x_wconf 89' lang='lat' dir='ltr'><strong>Cujus</strong></span> <span class='ocrx_word' id='word_1_540' title='bbox 3162 2629 3546 2686; x_wconf 80' lang='lat' dir='ltr'><strong>lncarnationis</strong></span> 
     </span>
    </p>
   </div>
   <div class='ocr_carea' id='block_1_73' title="bbox 1974 2713 3548 2789">
    <p class='ocr_par' dir='ltr' id='par_1_73' title="bbox 1974 2713 3548 2789">
     <span class='ocr_line' id='line_1_73' title="bbox 1974 2713 3548 2789; baseline 0.006 -22"><span class='ocrx_word' id='word_1_541' title='bbox 1974 2713 2201 2768; x_wconf 90' lang='lat' dir='ltr'><strong>natalem</strong></span> <span class='ocrx_word' id='word_1_542' title='bbox 2235 2715 2393 2770; x_wconf 89' lang='lat' dir='ltr'><strong>hodie</strong></span> <span class='ocrx_word' id='word_1_543' title='bbox 2420 2717 2778 2783; x_wconf 83' lang='lat' dir='ltr'><strong>celebramus,</strong></span> <span class='ocrx_word' id='word_1_544' title='bbox 2814 2735 2906 2787; x_wconf 91' lang='lat' dir='ltr'><strong>per</strong></span> <span class='ocrx_word' id='word_1_545' title='bbox 2931 2735 3087 2789; x_wconf 88' lang='lat' dir='ltr'><strong>quem</strong></span> <span class='ocrx_word' id='word_1_546' title='bbox 3120 2736 3294 2776; x_wconf 88' lang='lat' dir='ltr'><strong>annua</strong></span> <span class='ocrx_word' id='word_1_547' title='bbox 3343 2720 3548 2777; x_wconf 84' lang='lat' dir='ltr'><strong>festivi-</strong></span> 
     </span>
    </p>
   </div>
   <div class='ocr_carea' id='block_1_74' title="bbox 1975 2806 3550 2883">
    <p class='ocr_par' dir='ltr' id='par_1_74' title="bbox 1975 2806 3550 2883">
     <span class='ocr_line' id='line_1_74' title="bbox 1975 2806 3550 2883; baseline 0.008 -27"><span class='ocrx_word' id='word_1_548' title='bbox 1975 2811 2082 2859; x_wconf 92' lang='lat' dir='ltr'><strong>tate</strong></span> <span class='ocrx_word' id='word_1_549' title='bbox 2105 2806 2276 2859; x_wconf 87' lang='lat' dir='ltr'><strong>lucem</strong></span> <span class='ocrx_word' id='word_1_550' title='bbox 2298 2808 2530 2876; x_wconf 87' lang='lat' dir='ltr'><strong>gentium</strong></span> <span class='ocrx_word' id='word_1_551' title='bbox 2561 2811 2808 2876; x_wconf 84' lang='lat' dir='ltr'><strong>genuisse</strong></span> <span class='ocrx_word' id='word_1_552' title='bbox 2831 2814 3070 2877; x_wconf 85' lang='lat' dir='ltr'><strong>testaris;</strong></span> <span class='ocrx_word' id='word_1_553' title='bbox 3097 2827 3255 2882; x_wconf 90' lang='lat' dir='ltr'><strong>quem</strong></span> <span class='ocrx_word' id='word_1_554' title='bbox 3277 2815 3550 2883; x_wconf 74' lang='lat' dir='ltr'><strong>prophetae</strong></span> 
     </span>
    </p>
   </div>
   <div class='ocr_carea' id='block_1_75' title="bbox 1975 2896 3553 2976">
    <p class='ocr_par' dir='ltr' id='par_1_75' title="bbox 1975 2896 3553 2976">
     <span class='ocr_line' id='line_1_75' title="bbox 1975 2896 3553 2976; baseline 0.01 -28"><span class='ocrx_word' id='word_1_555' title='bbox 1975 2896 2302 2962; x_wconf 89' lang='lat' dir='ltr'><strong>cecinerunt,</strong></span> <span class='ocrx_word' id='word_1_556' title='bbox 2326 2900 2651 2958; x_wconf 84' lang='lat' dir='ltr'><strong>nasciturum</strong></span> <span class='ocrx_word' id='word_1_557' title='bbox 2674 2904 3049 2972; x_wconf 89' lang='lat' dir='ltr'><strong>Emmanuhel,</strong></span> <span class='ocrx_word' id='word_1_558' title='bbox 3073 2906 3358 2962; x_wconf 80' lang='lat' dir='ltr'><strong>Nobiscum</strong></span> <span class='ocrx_word' id='word_1_559' title='bbox 3385 2907 3553 2976; x_wconf 81' lang='lat' dir='ltr'><strong>Deus;</strong></span> 
     </span>
    </p>
   </div>
   <div class='ocr_carea' id='block_1_76' title="bbox 1976 2990 3547 3060">
    <p class='ocr_par' dir='ltr' id='par_1_76' title="bbox 1976 2990 3547 3060">
     <span class='ocr_line' id='line_1_76' title="bbox 1976 2990 3547 3060; baseline 0.01 -21"><span class='ocrx_word' id='word_1_560' title='bbox 1976 3002 2134 3054; x_wconf 87' lang='lat' dir='ltr'><strong>quem</strong></span> <span class='ocrx_word' id='word_1_561' title='bbox 2165 2990 2387 3060; x_wconf 86' lang='lat' dir='ltr'><strong>angelus</strong></span> <span class='ocrx_word' id='word_1_562' title='bbox 2419 2994 2684 3049; x_wconf 84' lang='lat' dir='ltr'><strong>nunciuvit</strong></span> <span class='ocrx_word' id='word_1_563' title='bbox 2709 3005 3002 3051; x_wconf 86' lang='lat' dir='ltr'><strong>creatorem</strong></span> <span class='ocrx_word' id='word_1_564' title='bbox 3030 2999 3207 3053; x_wconf 87' lang='lat' dir='ltr'><strong>carnis</strong></span> <span class='ocrx_word' id='word_1_565' title='bbox 3237 3000 3287 3053; x_wconf 90' lang='lat' dir='ltr'><strong>in</strong></span> <span class='ocrx_word' id='word_1_566' title='bbox 3329 3013 3547 3054; x_wconf 91' lang='lat' dir='ltr'><strong>carnem</strong></span> 
     </span>
    </p>
   </div>
   <div class='ocr_carea' id='block_1_77' title="bbox 1980 3087 3554 3154">
    <p class='ocr_par' dir='ltr' id='par_1_77' title="bbox 1980 3087 3554 3154">
     <span class='ocr_line' id='line_1_77' title="bbox 1980 3087 3554 3154; baseline 0.01 -24"><span class='ocrx_word' id='word_1_567' title='bbox 1980 3088 2297 3147; x_wconf 87' lang='lat' dir='ltr'><strong>venturum;</strong></span> <span class='ocrx_word' id='word_1_568' title='bbox 2329 3097 2482 3149; x_wconf 88' lang='lat' dir='ltr'><strong>quem</strong></span> <span class='ocrx_word' id='word_1_569' title='bbox 2508 3092 2687 3138; x_wconf 92' lang='lat' dir='ltr'><strong>natum</strong></span> <span class='ocrx_word' id='word_1_570' title='bbox 2711 3100 2805 3154; x_wconf 91' lang='lat' dir='ltr'><strong>pro</strong></span> <span class='ocrx_word' id='word_1_571' title='bbox 2827 3087 2999 3142; x_wconf 90' lang='lat' dir='ltr'><strong>salute</strong></span> <span class='ocrx_word' id='word_1_572' title='bbox 3023 3088 3388 3144; x_wconf 91' lang='lat' dir='ltr'><strong>universorum</strong></span> <span class='ocrx_word' id='word_1_573' title='bbox 3419 3091 3554 3145; x_wconf 89' lang='lat' dir='ltr'><strong>mul-</strong></span> 
     </span>
    </p>
   </div>
   <div class='ocr_carea' id='block_1_78' title="bbox 1978 3168 3554 3248">
    <p class='ocr_par' dir='ltr' id='par_1_78' title="bbox 1978 3168 3554 3248">
     <span class='ocr_line' id='line_1_78' title="bbox 1978 3168 3554 3248; baseline 0.008 -27"><span class='ocrx_word' id='word_1_574' title='bbox 1978 3168 2149 3223; x_wconf 90' lang='lat' dir='ltr'><strong>titudo</strong></span> <span class='ocrx_word' id='word_1_575' title='bbox 2175 3171 2403 3225; x_wconf 90' lang='lat' dir='ltr'><strong>caelestis</strong></span> <span class='ocrx_word' id='word_1_576' title='bbox 2430 3174 2697 3227; x_wconf 85' lang='lat' dir='ltr'><strong>exercitus</strong></span> <span class='ocrx_word' id='word_1_577' title='bbox 2742 3175 2933 3230; x_wconf 83' lang='lat' dir='ltr'><strong>divinis</strong></span> <span class='ocrx_word' id='word_1_578' title='bbox 2960 3177 3202 3233; x_wconf 88' lang='lat' dir='ltr'><strong>laudibus</strong></span> <span class='ocrx_word' id='word_1_579' title='bbox 3243 3180 3554 3248; x_wconf 87' lang='lat' dir='ltr'><strong>honoravit;</strong></span> 
     </span>
    </p>
   </div>
   <div class='ocr_carea' id='block_1_79' title="bbox 1976 3263 3555 3340">
    <p class='ocr_par' dir='ltr' id='par_1_79' title="bbox 1976 3263 3555 3340">
     <span class='ocr_line' id='line_1_79' title="bbox 1976 3263 3555 3340; baseline 0.006 -25"><span class='ocrx_word' id='word_1_580' title='bbox 1976 3275 2136 3331; x_wconf 85' lang='lat' dir='ltr'><strong>quem</strong></span> <span class='ocrx_word' id='word_1_581' title='bbox 2164 3263 2492 3318; x_wconf 91' lang='lat' dir='ltr'><strong>credentium</strong></span> <span class='ocrx_word' id='word_1_582' title='bbox 2517 3263 2600 3333; x_wconf 88' lang='lat' dir='ltr'><strong>pia</strong></span> <span class='ocrx_word' id='word_1_583' title='bbox 2631 3264 2759 3319; x_wconf 83' lang='lat' dir='ltr'><strong>ﬁdes</strong></span> <span class='ocrx_word' id='word_1_584' title='bbox 2775 3266 2987 3335; x_wconf 89' lang='lat' dir='ltr'><strong>agnovit</strong></span> <span class='ocrx_word' id='word_1_585' title='bbox 3008 3276 3061 3322; x_wconf 90' lang='lat' dir='ltr'><strong>et</strong></span> <span class='ocrx_word' id='word_1_586' title='bbox 3088 3271 3275 3324; x_wconf 85' lang='lat' dir='ltr'><strong>tenuit.</strong></span> <span class='ocrx_word' id='word_1_587' title='bbox 3301 3269 3378 3325; x_wconf 87' lang='lat' dir='ltr'><strong>Te</strong></span> <span class='ocrx_word' id='word_1_588' title='bbox 3404 3284 3555 3340; x_wconf 88' lang='lat' dir='ltr'><strong>ergo,</strong></span> 
     </span>
    </p>
   </div>
   <div class='ocr_carea' id='block_1_80' title="bbox 1979 3354 3554 3426">
    <p class='ocr_par' dir='ltr' id='par_1_80' title="bbox 1979 3354 3554 3426">
     <span class='ocr_line' id='line_1_80' title="bbox 1979 3354 3554 3426; baseline 0.004 -19"><span class='ocrx_word' id='word_1_589' title='bbox 1979 3367 2305 3422; x_wconf 77' lang='lat' dir='ltr'><strong>quaesumus,</strong></span> <span class='ocrx_word' id='word_1_590' title='bbox 2337 3354 2557 3408; x_wconf 91' lang='lat' dir='ltr'><strong>Domine</strong></span> <span class='ocrx_word' id='word_1_591' title='bbox 2588 3354 2727 3409; x_wconf 82' lang='lat' dir='ltr'><strong>Deus</strong></span> <span class='ocrx_word' id='word_1_592' title='bbox 2756 3367 2956 3421; x_wconf 90' lang='lat' dir='ltr'><strong>noster,</strong></span> <span class='ocrx_word' id='word_1_593' title='bbox 2987 3360 3198 3426; x_wconf 84' lang='lat' dir='ltr'><strong>exaudi,</strong></span> <span class='ocrx_word' id='word_1_594' title='bbox 3231 3369 3405 3425; x_wconf 89' lang='lat' dir='ltr'><strong>tuere,</strong></span> <span class='ocrx_word' id='word_1_595' title='bbox 3437 3375 3554 3415; x_wconf 84' lang='lat' dir='ltr'><strong>san-</strong></span> 
     </span>
    </p>
   </div>
   <div class='ocr_carea' id='block_1_81' title="bbox 1976 3442 3555 3519">
    <p class='ocr_par' dir='ltr' id='par_1_81' title="bbox 1976 3442 3555 3519">
     <span class='ocr_line' id='line_1_81' title="bbox 1976 3442 3555 3519; baseline 0.007 -24"><span class='ocrx_word' id='word_1_596' title='bbox 1976 3442 2148 3496; x_wconf 83' lang='lat' dir='ltr'><strong>etiﬁca</strong></span> <span class='ocrx_word' id='word_1_597' title='bbox 2178 3443 2385 3513; x_wconf 79' lang='lat' dir='ltr'><strong>plebem</strong></span> <span class='ocrx_word' id='word_1_598' title='bbox 2419 3453 2592 3511; x_wconf 89' lang='lat' dir='ltr'><strong>tuam,</strong></span> <span class='ocrx_word' id='word_1_599' title='bbox 2625 3460 2779 3513; x_wconf 90' lang='lat' dir='ltr'><strong>quam</strong></span> <span class='ocrx_word' id='word_1_600' title='bbox 2806 3446 2871 3500; x_wconf 90' lang='lat' dir='ltr'><strong>ad</strong></span> <span class='ocrx_word' id='word_1_601' title='bbox 2913 3448 3287 3505; x_wconf 89' lang='lat' dir='ltr'><strong>celebrandam</strong></span> <span class='ocrx_word' id='word_1_602' title='bbox 3317 3465 3555 3519; x_wconf 68' lang='lat' dir='ltr'><strong>praesen-</strong></span> 
     </span>
    </p>
   </div>
   <div class='ocr_carea' id='block_1_82' title="bbox 1978 3533 3554 3606">
    <p class='ocr_par' dir='ltr' id='par_1_82' title="bbox 1978 3533 3554 3606">
     <span class='ocr_line' id='line_1_82' title="bbox 1978 3533 3554 3606; baseline 0.006 -20"><span class='ocrx_word' id='word_1_603' title='bbox 1978 3534 2047 3587; x_wconf 89' lang='lat' dir='ltr'><strong>tis</strong></span> <span class='ocrx_word' id='word_1_604' title='bbox 2076 3533 2449 3590; x_wconf 87' lang='lat' dir='ltr'><strong>sollemnitatis</strong></span> <span class='ocrx_word' id='word_1_605' title='bbox 2480 3535 2862 3592; x_wconf 84' lang='lat' dir='ltr'><strong>beatitudinem</strong></span> <span class='ocrx_word' id='word_1_606' title='bbox 2889 3540 3243 3606; x_wconf 88' lang='lat' dir='ltr'><strong>congregasti.</strong></span> <span class='ocrx_word' id='word_1_607' title='bbox 3274 3541 3554 3595; x_wconf 79' lang='lat' dir='ltr'><strong>uuiversis~</strong></span> 
     </span>
    </p>
   </div>
   <div class='ocr_carea' id='block_1_83' title="bbox 1979 3624 3556 3699">
    <p class='ocr_par' dir='ltr' id='par_1_83' title="bbox 1979 3624 3556 3699">
     <span class='ocr_line' id='line_1_83' title="bbox 1979 3624 3556 3699; baseline 0.004 -21"><span class='ocrx_word' id='word_1_608' title='bbox 1979 3637 2085 3692; x_wconf 89' lang='lat' dir='ltr'><strong>que</strong></span> <span class='ocrx_word' id='word_1_609' title='bbox 2127 3626 2331 3679; x_wconf 72' lang='lat' dir='ltr'><strong>notitiae</strong></span> <span class='ocrx_word' id='word_1_610' title='bbox 2380 3634 2480 3680; x_wconf 68' lang='lat' dir='ltr'><strong>tua:</strong></span> <span class='ocrx_word' id='word_1_611' title='bbox 2509 3624 2777 3699; x_wconf 85' lang='lat' dir='ltr'><strong>[gratiam]</strong></span> <span class='ocrx_word' id='word_1_612' title='bbox 2812 3627 3214 3697; x_wconf 89' lang='lat' dir='ltr'><strong>participatione</strong></span> <span class='ocrx_word' id='word_1_613' title='bbox 3239 3631 3405 3684; x_wconf 77' lang='lat' dir='ltr'><strong>sancti</strong></span> <span class='ocrx_word' id='word_1_614' title='bbox 3432 3630 3556 3697; x_wconf 84' lang='lat' dir='ltr'><strong>Spi-</strong></span> 
     </span>
    </p>
   </div>
   <div class='ocr_carea' id='block_1_84' title="bbox 1978 3715 3558 3790">
    <p class='ocr_par' dir='ltr' id='par_1_84' title="bbox 1978 3715 3558 3790">
     <span class='ocr_line' id='line_1_84' title="bbox 1978 3715 3558 3790; baseline 0.004 -21"><span class='ocrx_word' id='word_1_615' title='bbox 1978 3715 2112 3769; x_wconf 88' lang='lat' dir='ltr'><strong>ritus</strong></span> <span class='ocrx_word' id='word_1_616' title='bbox 2162 3716 2488 3786; x_wconf 86' lang='lat' dir='ltr'><strong>propiciatus</strong></span> <span class='ocrx_word' id='word_1_617' title='bbox 2538 3717 2794 3786; x_wconf 90' lang='lat' dir='ltr'><strong>infunde,</strong></span> <span class='ocrx_word' id='word_1_618' title='bbox 2852 3733 2945 3786; x_wconf 92' lang='lat' dir='ltr'><strong>per</strong></span> <span class='ocrx_word' id='word_1_619' title='bbox 2992 3720 3134 3774; x_wconf 91' lang='lat' dir='ltr'><strong>illam</strong></span> <span class='ocrx_word' id='word_1_620' title='bbox 3191 3730 3558 3790; x_wconf 87' lang='lat' dir='ltr'><strong>exspectatam</strong></span> 
     </span>
    </p>
   </div>
   <div class='ocr_carea' id='block_1_85' title="bbox 1978 3808 3556 3882">
    <p class='ocr_par' dir='ltr' id='par_1_85' title="bbox 1978 3808 3556 3882">
     <span class='ocr_line' id='line_1_85' title="bbox 1978 3808 3556 3882; baseline 0.004 -21"><span class='ocrx_word' id='word_1_621' title='bbox 1978 3808 2175 3863; x_wconf 86' lang='lat' dir='ltr'><strong>sanctis</strong></span> <span class='ocrx_word' id='word_1_622' title='bbox 2207 3811 2311 3863; x_wconf 90' lang='lat' dir='ltr'><strong>tuis</strong></span> <span class='ocrx_word' id='word_1_623' title='bbox 2332 3809 2592 3865; x_wconf 89' lang='lat' dir='ltr'><strong>adventus</strong></span> <span class='ocrx_word' id='word_1_624' title='bbox 2633 3810 2704 3864; x_wconf 92' lang='lat' dir='ltr'><strong>tui</strong></span> <span class='ocrx_word' id='word_1_625' title='bbox 2729 3811 2972 3880; x_wconf 89' lang='lat' dir='ltr'><strong>gloriam,</strong></span> <span class='ocrx_word' id='word_1_626' title='bbox 3020 3827 3116 3882; x_wconf 91' lang='lat' dir='ltr'><strong>per</strong></span> <span class='ocrx_word' id='word_1_627' title='bbox 3159 3813 3426 3870; x_wconf 82' lang='lat' dir='ltr'><strong>Christum</strong></span> <span class='ocrx_word' id='word_1_628' title='bbox 3456 3812 3556 3868; x_wconf 72' lang='lat' dir='ltr'><strong>Do~</strong></span> 
     </span>
    </p>
   </div>
   <div class='ocr_carea' id='block_1_86' title="bbox 1981 3901 2815 3971">
    <p class='ocr_par' dir='ltr' id='par_1_86' title="bbox 1981 3901 2815 3971">
     <span class='ocr_line' id='line_1_86' title="bbox 1981 3901 2815 3971; baseline 0.002 -16"><span class='ocrx_word' id='word_1_629' title='bbox 1981 3901 2183 3955; x_wconf 87' lang='lat' dir='ltr'><strong>minum</strong></span> <span class='ocrx_word' id='word_1_630' title='bbox 2212 3909 2471 3956; x_wconf 90' lang='lat' dir='ltr'><strong>nostrum.</strong></span> <span class='ocrx_word' id='word_1_631' title='bbox 2507 3902 2609 3956; x_wconf 88' lang='lat' dir='ltr'><strong>Per</strong></span> <span class='ocrx_word' id='word_1_632' title='bbox 2637 3917 2815 3971; x_wconf 87' lang='lat' dir='ltr'><strong>quem.</strong></span> 
     </span>
    </p>
   </div>
   <div class='ocr_carea' id='block_1_87' title="bbox 2417 4016 3112 4076">
    <p class='ocr_par' dir='ltr' id='par_1_87' title="bbox 2417 4016 3112 4076">
     <span class='ocr_line' id='line_1_87' title="bbox 2417 4016 3112 4076; baseline 0.003 -5"><span class='ocrx_word' id='word_1_633' title='bbox 2417 4031 2564 4074; x_wconf 70' lang='lat' dir='ltr'><strong>mssa</strong></span> <span class='ocrx_word' id='word_1_634' title='bbox 2593 4016 2621 4055; x_wconf 72' lang='grc' dir='ltr'>ά</span> <span class='ocrx_word' id='word_1_635' title='bbox 2649 4032 2835 4074; x_wconf 64' lang='grc' dir='ltr'>ελκατι</span> <span class='ocrx_word' id='word_1_636' title='bbox 2869 4033 3112 4076; x_wconf 74' lang='lat' dir='ltr'><strong>areum.</strong></span> 
     </span>
    </p>
   </div>
   <div class='ocr_carea' id='block_1_88' title="bbox 2295 4108 3243 4181">
    <p class='ocr_par' dir='ltr' id='par_1_88' title="bbox 2295 4108 3243 4181">
     <span class='ocr_line' id='line_1_88' title="bbox 2295 4108 3243 4181; baseline 0.005 -20"><span class='ocrx_word' id='word_1_637' title='bbox 2295 4108 2530 4178; x_wconf 83' lang='lat' dir='ltr'><strong>Legenda</strong></span> <span class='ocrx_word' id='word_1_638' title='bbox 2557 4109 2611 4162; x_wconf 78' lang='lat' dir='ltr'><strong>in</strong></span> <span class='ocrx_word' id='word_1_639' title='bbox 2645 4111 2808 4163; x_wconf 78' lang='lat' dir='ltr'><strong>sancti</strong></span> <span class='ocrx_word' id='word_1_640' title='bbox 2841 4109 3042 4181; x_wconf 79' lang='lat' dir='ltr'><strong>Stefam&#39;</strong></span> <span class='ocrx_word' id='word_1_641' title='bbox 3069 4112 3243 4166; x_wconf 73' lang='lat' dir='ltr'><strong>mina.</strong></span> 
     </span>
    </p>
   </div>
   <div class='ocr_carea' id='block_1_89' title="bbox 2292 4223 3249 4289">
    <p class='ocr_par' dir='ltr' id='par_1_89' title="bbox 2292 4223 3249 4289">
     <span class='ocr_line' id='line_1_89' title="bbox 2292 4223 3249 4289; baseline 0.006 -17"><span class='ocrx_word' id='word_1_642' title='bbox 2292 4223 2463 4276; x_wconf 85' lang='lat' dir='ltr'><strong>Lectio</strong></span> <span class='ocrx_word' id='word_1_643' title='bbox 2489 4224 2625 4274; x_wconf 83' lang='lat' dir='ltr'><strong>Pauli</strong></span> <span class='ocrx_word' id='word_1_644' title='bbox 2663 4225 2867 4289; x_wconf 85' lang='lat' dir='ltr'><strong>apostoli</strong></span> <span class='ocrx_word' id='word_1_645' title='bbox 2909 4229 2968 4278; x_wconf 88' lang='lat' dir='ltr'><strong>ad</strong></span> <span class='ocrx_word' id='word_1_646' title='bbox 2992 4227 3249 4278; x_wconf 79' lang='lat' dir='ltr'><strong>Romanos.</strong></span> 
     </span>
    </p>
   </div>
   <div class='ocr_carea' id='block_1_90' title="bbox 2050 4325 3560 4402">
    <p class='ocr_par' dir='ltr' id='par_1_90' title="bbox 2050 4325 3560 4402">
     <span class='ocr_line' id='line_1_90' title="bbox 2050 4325 3560 4402; baseline 0.007 -24"><span class='ocrx_word' id='word_1_647' title='bbox 2050 4325 2286 4394; x_wconf 88' lang='lat' dir='ltr'><strong>Fratres,</strong></span> <span class='ocrx_word' id='word_1_648' title='bbox 2317 4327 2438 4382; x_wconf 88' lang='lat' dir='ltr'><strong>nolo</strong></span> <span class='ocrx_word' id='word_1_649' title='bbox 2463 4343 2554 4382; x_wconf 90' lang='lat' dir='ltr'><strong>vos</strong></span> <span class='ocrx_word' id='word_1_650' title='bbox 2582 4329 2846 4397; x_wconf 87' lang='lat' dir='ltr'><strong>ignorare,</strong></span> <span class='ocrx_word' id='word_1_651' title='bbox 2876 4329 2998 4397; x_wconf 91' lang='lat' dir='ltr'><strong>quia</strong></span> <span class='ocrx_word' id='word_1_652' title='bbox 3025 4344 3166 4400; x_wconf 68' lang='lat' dir='ltr'><strong>saepe</strong></span> <span class='ocrx_word' id='word_1_653' title='bbox 3189 4333 3439 4402; x_wconf 89' lang='lat' dir='ltr'><strong>proposui</strong></span> <span class='ocrx_word' id='word_1_654' title='bbox 3470 4349 3560 4388; x_wconf 84' lang='lat' dir='ltr'><strong>ve-</strong></span> 
     </span>
    </p>
   </div>
   <div class='ocr_carea' id='block_1_91' title="bbox 1983 4417 3562 4492">
    <p class='ocr_par' dir='ltr' id='par_1_91' title="bbox 1983 4417 3562 4492">
     <span class='ocr_line' id='line_1_91' title="bbox 1983 4417 3562 4492; baseline 0.005 -22"><span class='ocrx_word' id='word_1_655' title='bbox 1983 4417 2099 4473; x_wconf 85' lang='lat' dir='ltr'><strong>nire</strong></span> <span class='ocrx_word' id='word_1_656' title='bbox 2129 4419 2192 4472; x_wconf 90' lang='lat' dir='ltr'><strong>ad</strong></span> <span class='ocrx_word' id='word_1_657' title='bbox 2226 4434 2335 4485; x_wconf 90' lang='lat' dir='ltr'><strong>vos,</strong></span> <span class='ocrx_word' id='word_1_658' title='bbox 2383 4429 2437 4474; x_wconf 91' lang='lat' dir='ltr'><strong>et</strong></span> <span class='ocrx_word' id='word_1_659' title='bbox 2464 4421 2756 4488; x_wconf 73' lang='lat' dir='ltr'><strong>prohibitus</strong></span> <span class='ocrx_word' id='word_1_660' title='bbox 2799 4436 2917 4475; x_wconf 89' lang='lat' dir='ltr'><strong>sum</strong></span> <span class='ocrx_word' id='word_1_661' title='bbox 2957 4436 3122 4492; x_wconf 84' lang='lat' dir='ltr'><strong>usque</strong></span> <span class='ocrx_word' id='word_1_662' title='bbox 3149 4423 3343 4490; x_wconf 90' lang='lat' dir='ltr'><strong>adhuc,</strong></span> <span class='ocrx_word' id='word_1_663' title='bbox 3371 4433 3428 4479; x_wconf 93' lang='lat' dir='ltr'><strong>ut</strong></span> <span class='ocrx_word' id='word_1_664' title='bbox 3466 4425 3562 4478; x_wconf 79' lang='lat' dir='ltr'><strong>ali-</strong></span> 
     </span>
    </p>
   </div>
   <div class='ocr_carea' id='block_1_92' title="bbox 1984 4509 3567 4586">
    <p class='ocr_par' dir='ltr' id='par_1_92' title="bbox 1984 4509 3567 4586">
     <span class='ocr_line' id='line_1_92' title="bbox 1984 4509 3567 4586; baseline 0.004 -24"><span class='ocrx_word' id='word_1_665' title='bbox 1984 4523 2141 4578; x_wconf 85' lang='lat' dir='ltr'><strong>quem</strong></span> <span class='ocrx_word' id='word_1_666' title='bbox 2174 4509 2398 4563; x_wconf 87' lang='lat' dir='ltr'><strong>fructum</strong></span> <span class='ocrx_word' id='word_1_667' title='bbox 2431 4511 2651 4565; x_wconf 88' lang='lat' dir='ltr'><strong>habeam</strong></span> <span class='ocrx_word' id='word_1_668' title='bbox 2683 4512 2733 4564; x_wconf 91' lang='lat' dir='ltr'><strong>iu</strong></span> <span class='ocrx_word' id='word_1_669' title='bbox 2760 4511 2932 4578; x_wconf 82' lang='lat' dir='ltr'><strong>vobis,</strong></span> <span class='ocrx_word' id='word_1_670' title='bbox 2963 4513 3098 4567; x_wconf 81' lang='lat' dir='ltr'><strong>sicut</strong></span> <span class='ocrx_word' id='word_1_671' title='bbox 3128 4514 3181 4567; x_wconf 92' lang='lat' dir='ltr'><strong>in</strong></span> <span class='ocrx_word' id='word_1_672' title='bbox 3211 4515 3406 4570; x_wconf 89' lang='lat' dir='ltr'><strong>ceteris</strong></span> <span class='ocrx_word' id='word_1_673' title='bbox 3431 4530 3567 4586; x_wconf 81' lang='lat' dir='ltr'><strong>gen-</strong></span> 
     </span>
    </p>
   </div>
   <div class='ocr_carea' id='block_1_93' title="bbox 311 4590 3565 4673">
    <p class='ocr_par' dir='ltr' id='par_1_93' title="bbox 311 4590 3565 4673">
     <span class='ocr_line' id='line_1_93' title="bbox 311 4590 3565 4673; baseline 0.001 -14"><span class='ocrx_word' id='word_1_674' title='bbox 311 4608 507 4659; x_wconf 82' lang='lat' dir='ltr'><strong>Juda...</strong></span> <span class='ocrx_word' id='word_1_675' title='bbox 556 4621 618 4659; x_wconf 87' lang='lat' dir='ltr'><strong>ex</strong></span> <span class='ocrx_word' id='word_1_676' title='bbox 662 4615 712 4660; x_wconf 92' lang='lat' dir='ltr'><strong>te</strong></span> <span class='ocrx_word' id='word_1_677' title='bbox 755 4605 897 4657; x_wconf 89' lang='lat' dir='ltr'><strong>enim</strong></span> <span class='ocrx_word' id='word_1_678' title='bbox 945 4604 1088 4659; x_wconf 85' lang='lat' dir='ltr'><strong>exiet</strong></span> <span class='ocrx_word' id='word_1_679' title='bbox 1120 4603 1267 4670; x_wconf 78' lang='lat' dir='ltr'><strong>Dux,</strong></span> <span class='ocrx_word' id='word_1_680' title='bbox 1300 4603 1388 4673; x_wconf 89' lang='lat' dir='ltr'><strong>qui</strong></span> <span class='ocrx_word' id='word_1_681' title='bbox 1437 4612 1585 4672; x_wconf 86' lang='lat' dir='ltr'><strong>regat</strong></span> <span class='ocrx_word' id='word_1_682' title='bbox 1633 4603 1879 4671; x_wconf 88' lang='lat' dir='ltr'><strong>populum</strong></span> <span class='ocrx_word' id='word_1_683' title='bbox 1908 4590 2146 4654; x_wconf 85' lang='lat' dir='ltr'><strong>Dtibus.</strong></span> <span class='ocrx_word' id='word_1_684' title='bbox 2194 4601 2395 4655; x_wconf 85' lang='lat' dir='ltr'><strong>Graecis</strong></span> <span class='ocrx_word' id='word_1_685' title='bbox 2443 4616 2502 4655; x_wconf 82' lang='lat' dir='ltr'><strong>ac</strong></span> <span class='ocrx_word' id='word_1_686' title='bbox 2534 4602 2793 4665; x_wconf 87' lang='lat' dir='ltr'><strong>barbaris,</strong></span> <span class='ocrx_word' id='word_1_687' title='bbox 2826 4603 3154 4672; x_wconf 86' lang='lat' dir='ltr'><strong>sapientibus</strong></span> <span class='ocrx_word' id='word_1_688' title='bbox 3199 4613 3253 4660; x_wconf 93' lang='lat' dir='ltr'><strong>et</strong></span> <span class='ocrx_word' id='word_1_689' title='bbox 3278 4605 3565 4661; x_wconf 90' lang='lat' dir='ltr'><strong>insensatis</strong></span> 
     </span>
    </p>
   </div>
   <div class='ocr_carea' id='block_1_94' title="bbox 312 4695 696 4750">
    <p class='ocr_par' dir='ltr' id='par_1_94' title="bbox 312 4695 696 4750">
     <span class='ocr_line' id='line_1_94' title="bbox 312 4695 696 4750; baseline -0.01 0"><span class='ocrx_word' id='word_1_690' title='bbox 312 4712 486 4750; x_wconf 87' lang='lat' dir='ltr'><strong>meum</strong></span> <span class='ocrx_word' id='word_1_691' title='bbox 520 4695 696 4750; x_wconf 91' lang='lat' dir='ltr'><strong>Israel.</strong></span> 
     </span>
    </p>
   </div>
   <div class='ocr_carea' id='block_1_95' title="bbox 894 4793 1290 4839">
    <p class='ocr_par' dir='ltr' id='par_1_95' title="bbox 894 4793 1290 4839">
     <span class='ocr_line' id='line_1_95' title="bbox 894 4793 1290 4839; baseline 0.003 -3"><span class='ocrx_word' id='word_1_692' title='bbox 894 4804 1057 4839; x_wconf 73' lang='lat' dir='ltr'><strong>INCIPIT</strong></span> <span class='ocrx_word' id='word_1_693' title='bbox 1091 4803 1222 4839; x_wconf 76' lang='lat' dir='ltr'><strong>MISSA</strong></span> <span class='ocrx_word' id='word_1_694' title='bbox 1249 4793 1267 4817; x_wconf 66' lang='grc' dir='ltr'><strong>ε’</strong></span> <span class='ocrx_word' id='word_1_695' title='bbox 1278 4824 1290 4837; x_wconf 90' lang='grc'><strong>.</strong></span> 
     </span>
    </p>
   </div>
   <div class='ocr_carea' id='block_1_96' title="bbox 386 4872 1881 4942">
    <p class='ocr_par' dir='ltr' id='par_1_96' title="bbox 386 4872 1881 4942">
     <span class='ocr_line' id='line_1_96' title="bbox 386 4872 1881 4942; baseline -0.001 -15"><span class='ocrx_word' id='word_1_696' title='bbox 386 4872 682 4928; x_wconf 89' lang='lat' dir='ltr'><strong>Nativitatis</strong></span> <span class='ocrx_word' id='word_1_697' title='bbox 715 4873 996 4927; x_wconf 68' lang='lat' dir='ltr'><strong>Dominicaa</strong></span> <span class='ocrx_word' id='word_1_698' title='bbox 1025 4873 1356 4942; x_wconf 88' lang='lat' dir='ltr'><strong>splendidum</strong></span> <span class='ocrx_word' id='word_1_699' title='bbox 1388 4873 1550 4937; x_wconf 83' lang='lat' dir='ltr'><strong>diem,</strong></span> <span class='ocrx_word' id='word_1_700' title='bbox 1584 4872 1632 4925; x_wconf 91' lang='lat' dir='ltr'><strong>in</strong></span> <span class='ocrx_word' id='word_1_701' title='bbox 1664 4889 1767 4942; x_wconf 89' lang='lat' dir='ltr'><strong>quo</strong></span> <span class='ocrx_word' id='word_1_702' title='bbox 1796 4887 1881 4926; x_wconf 85' lang='lat' dir='ltr'><strong>sa-</strong></span> 
     </span>
    </p>
   </div>
   <div class='ocr_carea' id='block_1_97' title="bbox 315 4963 1880 5029">
    <p class='ocr_par' dir='ltr' id='par_1_97' title="bbox 315 4963 1880 5029">
     <span class='ocr_line' id='line_1_97' title="bbox 315 4963 1880 5029; baseline -0.001 -11"><span class='ocrx_word' id='word_1_703' title='bbox 315 4965 436 5018; x_wconf 87' lang='lat' dir='ltr'><strong>Iulis</strong></span> <span class='ocrx_word' id='word_1_704' title='bbox 463 4975 654 5018; x_wconf 67' lang='lat' dir='ltr'><strong>nostra!</strong></span> <span class='ocrx_word' id='word_1_705' title='bbox 686 4964 954 5018; x_wconf 85' lang='lat' dir='ltr'><strong>institutor</strong></span> <span class='ocrx_word' id='word_1_706' title='bbox 982 4975 1033 5018; x_wconf 89' lang='lat' dir='ltr'><strong>et</strong></span> <span class='ocrx_word' id='word_1_707' title='bbox 1065 4965 1331 5018; x_wconf 90' lang='lat' dir='ltr'><strong>redemtor</strong></span> <span class='ocrx_word' id='word_1_708' title='bbox 1358 4963 1548 5017; x_wconf 90' lang='lat' dir='ltr'><strong>mortis</strong></span> <span class='ocrx_word' id='word_1_709' title='bbox 1579 4964 1746 5029; x_wconf 84' lang='lat' dir='ltr'><strong>legem</strong></span> <span class='ocrx_word' id='word_1_710' title='bbox 1771 4964 1880 5016; x_wconf 88' lang='lat' dir='ltr'><strong>cal-</strong></span> 
     </span>
    </p>
   </div>
   <div class='ocr_carea' id='block_1_98' title="bbox 311 5052 1880 5124">
    <p class='ocr_par' dir='ltr' id='par_1_98' title="bbox 311 5052 1880 5124">
     <span class='ocr_line' id='line_1_98' title="bbox 311 5052 1880 5124; baseline -0.003 -14"><span class='ocrx_word' id='word_1_711' title='bbox 311 5058 471 5118; x_wconf 80' lang='lat' dir='ltr'><strong>cavit,</strong></span> <span class='ocrx_word' id='word_1_712' title='bbox 503 5055 715 5110; x_wconf 90' lang='lat' dir='ltr'><strong>humani</strong></span> <span class='ocrx_word' id='word_1_713' title='bbox 744 5054 955 5124; x_wconf 85' lang='lat' dir='ltr'><strong>generis</strong></span> <span class='ocrx_word' id='word_1_714' title='bbox 987 5055 1221 5108; x_wconf 89' lang='lat' dir='ltr'><strong>membra</strong></span> <span class='ocrx_word' id='word_1_715' title='bbox 1254 5054 1505 5120; x_wconf 90' lang='lat' dir='ltr'><strong>suscepit,</strong></span> <span class='ocrx_word' id='word_1_716' title='bbox 1536 5053 1736 5118; x_wconf 84' lang='lat' dir='ltr'><strong>debita,</strong></span> <span class='ocrx_word' id='word_1_717' title='bbox 1774 5052 1880 5106; x_wconf 84' lang='lat' dir='ltr'><strong>fra-</strong></span> 
     </span>
    </p>
   </div>
   <div class='ocr_carea' id='block_1_99' title="bbox 315 5145 1882 5212">
    <p class='ocr_par' dir='ltr' id='par_1_99' title="bbox 315 5145 1882 5212">
     <span class='ocr_line' id='line_1_99' title="bbox 315 5145 1882 5212; baseline -0.001 -14"><span class='ocrx_word' id='word_1_718' title='bbox 315 5156 423 5200; x_wconf 88' lang='lat' dir='ltr'><strong>tres</strong></span> <span class='ocrx_word' id='word_1_719' title='bbox 455 5146 821 5212; x_wconf 90' lang='lat' dir='ltr'><strong>dilectissimi,</strong></span> <span class='ocrx_word' id='word_1_720' title='bbox 854 5145 1210 5200; x_wconf 88' lang='lat' dir='ltr'><strong>sollemnitate</strong></span> <span class='ocrx_word' id='word_1_721' title='bbox 1261 5157 1606 5205; x_wconf 90' lang='lat' dir='ltr'><strong>veneremur,</strong></span> <span class='ocrx_word' id='word_1_722' title='bbox 1635 5151 1882 5210; x_wconf 88' lang='lat' dir='ltr'><strong>rogantes</strong></span> 
     </span>
    </p>
   </div>
   <div class='ocr_carea' id='block_1_100' title="bbox 313 5237 1879 5308">
    <p class='ocr_par' dir='ltr' id='par_1_100' title="bbox 313 5237 1879 5308">
     <span class='ocr_line' id='line_1_100' title="bbox 313 5237 1879 5308; baseline 0 -15"><span class='ocrx_word' id='word_1_723' title='bbox 313 5249 370 5293; x_wconf 92' lang='lat' dir='ltr'><strong>ut</strong></span> <span class='ocrx_word' id='word_1_724' title='bbox 400 5241 490 5308; x_wconf 91' lang='lat' dir='ltr'><strong>qui</strong></span> <span class='ocrx_word' id='word_1_725' title='bbox 519 5241 583 5294; x_wconf 87' lang='lat' dir='ltr'><strong>ad</strong></span> <span class='ocrx_word' id='word_1_726' title='bbox 615 5239 994 5294; x_wconf 89' lang='lat' dir='ltr'><strong>redemtionem</strong></span> <span class='ocrx_word' id='word_1_727' title='bbox 1045 5247 1346 5291; x_wconf 89' lang='lat' dir='ltr'><strong>nostrorum</strong></span> <span class='ocrx_word' id='word_1_728' title='bbox 1393 5237 1672 5290; x_wconf 88' lang='lat' dir='ltr'><strong>criminum</strong></span> <span class='ocrx_word' id='word_1_729' title='bbox 1725 5247 1879 5293; x_wconf 87' lang='lat' dir='ltr'><strong>natus</strong></span> 
     </span>
    </p>
   </div>
   <div class='ocr_carea' id='block_1_101' title="bbox 312 5329 1536 5401">
    <p class='ocr_par' dir='ltr' id='par_1_101' title="bbox 312 5329 1536 5401">
     <span class='ocr_line' id='line_1_101' title="bbox 312 5329 1536 5401; baseline -0.003 -14"><span class='ocrx_word' id='word_1_730' title='bbox 312 5340 417 5395; x_wconf 87' lang='lat' dir='ltr'><strong>est,</strong></span> <span class='ocrx_word' id='word_1_731' title='bbox 445 5331 557 5401; x_wconf 88' lang='lat' dir='ltr'><strong>ipse</strong></span> <span class='ocrx_word' id='word_1_732' title='bbox 584 5331 651 5385; x_wconf 89' lang='lat' dir='ltr'><strong>sit</strong></span> <span class='ocrx_word' id='word_1_733' title='bbox 670 5340 848 5386; x_wconf 88' lang='lat' dir='ltr'><strong>custos</strong></span> <span class='ocrx_word' id='word_1_734' title='bbox 878 5337 1165 5398; x_wconf 88' lang='lat' dir='ltr'><strong>perpetuus</strong></span> <span class='ocrx_word' id='word_1_735' title='bbox 1197 5329 1261 5381; x_wconf 89' lang='lat' dir='ltr'><strong>ad</strong></span> <span class='ocrx_word' id='word_1_736' title='bbox 1291 5330 1536 5383; x_wconf 88' lang='lat' dir='ltr'><strong>salutem.</strong></span> 
     </span>
    </p>
   </div>
   <div class='ocr_carea' id='block_1_102' title="bbox 985 5415 1230 5468">
    <p class='ocr_par' dir='ltr' id='par_1_102' title="bbox 985 5415 1230 5468">
     <span class='ocr_line' id='line_1_102' title="bbox 985 5415 1230 5468; baseline -0.012 0"><span class='ocrx_word' id='word_1_737' title='bbox 985 5415 1230 5468; x_wconf 87' lang='lat' dir='ltr'><strong>Collectio.</strong></span> 
     </span>
    </p>
   </div>
   <div class='ocr_carea' id='block_1_103' title="bbox 389 5499 1886 5575">
    <p class='ocr_par' dir='ltr' id='par_1_103' title="bbox 389 5499 1886 5575">
     <span class='ocr_line' id='line_1_103' title="bbox 389 5499 1886 5575; baseline -0.002 -15"><span class='ocrx_word' id='word_1_738' title='bbox 389 5505 525 5575; x_wconf 87' lang='lat' dir='ltr'><strong>Spes</strong></span> <span class='ocrx_word' id='word_1_739' title='bbox 546 5503 698 5558; x_wconf 90' lang='lat' dir='ltr'><strong>unica</strong></span> <span class='ocrx_word' id='word_1_740' title='bbox 721 5504 842 5557; x_wconf 77' lang='lat' dir='ltr'><strong>vitae</strong></span> <span class='ocrx_word' id='word_1_741' title='bbox 862 5509 1059 5557; x_wconf 83' lang='lat' dir='ltr'><strong>nostrae</strong></span> <span class='ocrx_word' id='word_1_742' title='bbox 1075 5508 1127 5554; x_wconf 89' lang='lat' dir='ltr'><strong>et</strong></span> <span class='ocrx_word' id='word_1_743' title='bbox 1144 5499 1262 5553; x_wconf 89' lang='lat' dir='ltr'><strong>fidei</strong></span> <span class='ocrx_word' id='word_1_744' title='bbox 1287 5510 1672 5566; x_wconf 80' lang='lat' dir='ltr'><strong>remuneratur,</strong></span> <span class='ocrx_word' id='word_1_745' title='bbox 1689 5510 1886 5557; x_wconf 82' lang='lat' dir='ltr'><strong>:eterne</strong></span> 
     </span>
    </p>
   </div>
   <div class='ocr_carea' id='block_1_104' title="bbox 395 5631 1888 5705">
    <p class='ocr_par' dir='ltr' id='par_1_104' title="bbox 395 5631 1888 5705">
     <span class='ocr_line' id='line_1_104' title="bbox 395 5631 1888 5705; baseline -0.001 -14"><span class='ocrx_word' id='word_1_746' title='bbox 395 5647 421 5674; x_wconf 79' lang='grc' dir='ltr'><strong>ι</strong></span> <span class='ocrx_word' id='word_1_747' title='bbox 447 5637 535 5691; x_wconf 88' lang='lat' dir='ltr'><strong>Sic</strong></span> <span class='ocrx_word' id='word_1_748' title='bbox 579 5635 921 5705; x_wconf 86' lang='lat' dir='ltr'><strong>Evangelium</strong></span> <span class='ocrx_word' id='word_1_749' title='bbox 961 5635 1027 5689; x_wconf 92' lang='lat' dir='ltr'><strong>de</strong></span> <span class='ocrx_word' id='word_1_750' title='bbox 1051 5631 1588 5705; x_wconf 81' lang='lat' dir='ltr'><strong>genealogiaDomini</strong></span> <span class='ocrx_word' id='word_1_751' title='bbox 1619 5632 1888 5689; x_wconf 83' lang='lat' dir='ltr'><strong>breviatur</strong></span> 
     </span>
    </p>
   </div>
   <div class='ocr_carea' id='block_1_105' title="bbox 317 5703 1889 5788">
    <p class='ocr_par' dir='ltr' id='par_1_105' title="bbox 317 5703 1889 5788">
     <span class='ocr_line' id='line_1_105' title="bbox 317 5703 1889 5788; baseline -0.004 -24"><span class='ocrx_word' id='word_1_752' title='bbox 317 5707 578 5788; x_wconf 37' lang='lat' dir='ltr'><strong>inhveteri</strong></span> <span class='ocrx_word' id='word_1_753' title='bbox 610 5703 803 5760; x_wconf 78' lang='lat' dir='ltr'><strong>Codice</strong></span> <span class='ocrx_word' id='word_1_754' title='bbox 849 5716 903 5761; x_wconf 92' lang='lat' dir='ltr'><strong>et</strong></span> <span class='ocrx_word' id='word_1_755' title='bbox 935 5706 990 5759; x_wconf 92' lang='lat' dir='ltr'><strong>in</strong></span> <span class='ocrx_word' id='word_1_756' title='bbox 1019 5707 1136 5760; x_wconf 92' lang='lat' dir='ltr'><strong>aliis</strong></span> <span class='ocrx_word' id='word_1_757' title='bbox 1180 5703 1447 5759; x_wconf 91' lang='lat' dir='ltr'><strong>nonnullis</strong></span> <span class='ocrx_word' id='word_1_758' title='bbox 1494 5704 1722 5772; x_wconf 86' lang='lat' dir='ltr'><strong>antiquis</strong></span> <span class='ocrx_word' id='word_1_759' title='bbox 1764 5709 1889 5758; x_wconf 80' lang='lat' dir='ltr'><strong>Mis-</strong></span> 
     </span>
    </p>
   </div>
   <div class='ocr_carea' id='block_1_106' title="bbox 316 5778 1888 5914">
    <p class='ocr_par' dir='ltr' id='par_1_106' title="bbox 316 5778 1888 5914">
     <span class='ocr_line' id='line_1_106' title="bbox 316 5778 1888 5914; baseline -0.001 -14"><span class='ocrx_word' id='word_1_760' title='bbox 316 5778 687 5902; x_wconf 47' lang='lat' dir='ltr'><strong>‘allitzlgztanda</strong></span> <span class='ocrx_word' id='word_1_761' title='bbox 709 5847 825 5901; x_wconf 61' lang='lat' dir='ltr'><strong>haec</strong></span> <span class='ocrx_word' id='word_1_762' title='bbox 850 5846 1084 5901; x_wconf 86' lang='lat' dir='ltr'><strong>secunda</strong></span> <span class='ocrx_word' id='word_1_763' title='bbox 1111 5847 1267 5902; x_wconf 92' lang='lat' dir='ltr'><strong>lectio</strong></span> <span class='ocrx_word' id='word_1_764' title='bbox 1297 5844 1562 5914; x_wconf 77' lang='lat' dir='ltr'><strong>Evangelii</strong></span> <span class='ocrx_word' id='word_1_765' title='bbox 1585 5859 1678 5913; x_wconf 88' lang='lat' dir='ltr'><strong>pro</strong></span> <span class='ocrx_word' id='word_1_766' title='bbox 1702 5845 1888 5913; x_wconf 85' lang='lat' dir='ltr'><strong>Vigilia</strong></span> 
     </span>
    </p>
   </div>
   <div class='ocr_carea' id='block_1_107' title="bbox 1989 4692 3560 4763">
    <p class='ocr_par' dir='ltr' id='par_1_107' title="bbox 1989 4692 3560 4763">
     <span class='ocr_line' id='line_1_107' title="bbox 1989 4692 3560 4763; baseline 0.006 -18"><span class='ocrx_word' id='word_1_767' title='bbox 1989 4692 2196 4747; x_wconf 89' lang='lat' dir='ltr'><strong>debitor</strong></span> <span class='ocrx_word' id='word_1_768' title='bbox 2223 4708 2364 4759; x_wconf 88' lang='lat' dir='ltr'><strong>sum,</strong></span> <span class='ocrx_word' id='word_1_769' title='bbox 2421 4705 2472 4748; x_wconf 91' lang='lat' dir='ltr'><strong>et</strong></span> <span class='ocrx_word' id='word_1_770' title='bbox 2511 4695 2563 4747; x_wconf 91' lang='lat' dir='ltr'><strong>in</strong></span> <span class='ocrx_word' id='word_1_771' title='bbox 2609 4695 2758 4748; x_wconf 83' lang='lat' dir='ltr'><strong>vobis</strong></span> <span class='ocrx_word' id='word_1_772' title='bbox 2807 4696 3190 4763; x_wconf 85' lang='lat' dir='ltr'><strong>evangelizare.</strong></span> <span class='ocrx_word' id='word_1_773' title='bbox 3248 4697 3362 4753; x_wconf 86' lang='lat' dir='ltr'><strong>Non</strong></span> <span class='ocrx_word' id='word_1_774' title='bbox 3417 4701 3560 4754; x_wconf 89' lang='lat' dir='ltr'><strong>enim</strong></span> 
     </span>
    </p>
   </div>
   <div class='ocr_carea' id='block_1_108' title="bbox 1987 4782 3561 4853">
    <p class='ocr_par' dir='ltr' id='par_1_108' title="bbox 1987 4782 3561 4853">
     <span class='ocr_line' id='line_1_108' title="bbox 1987 4782 3561 4853; baseline 0.005 -19"><span class='ocrx_word' id='word_1_775' title='bbox 1987 4782 2242 4836; x_wconf 90' lang='lat' dir='ltr'><strong>erubesco</strong></span> <span class='ocrx_word' id='word_1_776' title='bbox 2271 4797 2429 4850; x_wconf 90' lang='lat' dir='ltr'><strong>super</strong></span> <span class='ocrx_word' id='word_1_777' title='bbox 2462 4783 2833 4853; x_wconf 87' lang='lat' dir='ltr'><strong>Evangelium.</strong></span> <span class='ocrx_word' id='word_1_778' title='bbox 2872 4784 3048 4838; x_wconf 78' lang='lat' dir='ltr'><strong>Virtus</strong></span> <span class='ocrx_word' id='word_1_779' title='bbox 3093 4788 3235 4840; x_wconf 90' lang='lat' dir='ltr'><strong>enim</strong></span> <span class='ocrx_word' id='word_1_780' title='bbox 3269 4788 3360 4842; x_wconf 89' lang='lat' dir='ltr'><strong>Dei</strong></span> <span class='ocrx_word' id='word_1_781' title='bbox 3393 4798 3476 4842; x_wconf 80' lang='lat' dir='ltr'><strong>est</strong></span> <span class='ocrx_word' id='word_1_782' title='bbox 3509 4793 3561 4844; x_wconf 90' lang='lat' dir='ltr'><strong>in</strong></span> 
     </span>
    </p>
   </div>
   <div class='ocr_carea' id='block_1_109' title="bbox 1988 4873 3563 4947">
    <p class='ocr_par' dir='ltr' id='par_1_109' title="bbox 1988 4873 3563 4947">
     <span class='ocr_line' id='line_1_109' title="bbox 1988 4873 3563 4947; baseline 0.006 -20"><span class='ocrx_word' id='word_1_783' title='bbox 1988 4875 2208 4928; x_wconf 91' lang='lat' dir='ltr'><strong>salutem</strong></span> <span class='ocrx_word' id='word_1_784' title='bbox 2238 4875 2381 4928; x_wconf 91' lang='lat' dir='ltr'><strong>omni</strong></span> <span class='ocrx_word' id='word_1_785' title='bbox 2412 4873 2670 4936; x_wconf 88' lang='lat' dir='ltr'><strong>credenti,</strong></span> <span class='ocrx_word' id='word_1_786' title='bbox 2719 4875 2904 4929; x_wconf 69' lang='lat' dir='ltr'><strong>Judteo</strong></span> <span class='ocrx_word' id='word_1_787' title='bbox 2947 4877 3198 4947; x_wconf 92' lang='lat' dir='ltr'><strong>primum,</strong></span> <span class='ocrx_word' id='word_1_788' title='bbox 3244 4887 3301 4934; x_wconf 91' lang='lat' dir='ltr'><strong>et</strong></span> <span class='ocrx_word' id='word_1_789' title='bbox 3349 4879 3563 4940; x_wconf 74' lang='lat' dir='ltr'><strong>Graeco.</strong></span> 
     </span>
    </p>
   </div>
   <div class='ocr_carea' id='block_1_110' title="bbox 1987 4962 3562 5036">
    <p class='ocr_par' dir='ltr' id='par_1_110' title="bbox 1987 4962 3562 5036">
     <span class='ocr_line' id='line_1_110' title="bbox 1987 4962 3562 5036; baseline 0.006 -21"><span class='ocrx_word' id='word_1_790' title='bbox 1987 4962 2197 5017; x_wconf 83' lang='lat' dir='ltr'><strong>Justitia</strong></span> <span class='ocrx_word' id='word_1_791' title='bbox 2222 4964 2362 5018; x_wconf 90' lang='lat' dir='ltr'><strong>enim</strong></span> <span class='ocrx_word' id='word_1_792' title='bbox 2396 4963 2486 5018; x_wconf 89' lang='lat' dir='ltr'><strong>Dei</strong></span> <span class='ocrx_word' id='word_1_793' title='bbox 2531 4965 2582 5018; x_wconf 94' lang='lat' dir='ltr'><strong>in</strong></span> <span class='ocrx_word' id='word_1_794' title='bbox 2615 4979 2680 5020; x_wconf 91' lang='lat' dir='ltr'><strong>eo</strong></span> <span class='ocrx_word' id='word_1_795' title='bbox 2709 4965 3024 5022; x_wconf 88' lang='lat' dir='ltr'><strong>revelabitur</strong></span> <span class='ocrx_word' id='word_1_796' title='bbox 3051 4983 3116 5022; x_wconf 83' lang='lat' dir='ltr'><strong>ex</strong></span> <span class='ocrx_word' id='word_1_797' title='bbox 3165 4970 3268 5026; x_wconf 90' lang='lat' dir='ltr'><strong>fide</strong></span> <span class='ocrx_word' id='word_1_798' title='bbox 3297 4971 3348 5025; x_wconf 84' lang='lat' dir='ltr'><strong>in</strong></span> <span class='ocrx_word' id='word_1_799' title='bbox 3383 4972 3562 5036; x_wconf 86' lang='lat' dir='ltr'><strong>fidem,</strong></span> 
     </span>
    </p>
   </div>
   <div class='ocr_carea' id='block_1_111' title="bbox 1987 5054 3563 5122">
    <p class='ocr_par' dir='ltr' id='par_1_111' title="bbox 1987 5054 3563 5122">
     <span class='ocr_line' id='line_1_111' title="bbox 1987 5054 3563 5122; baseline 0.004 -14"><span class='ocrx_word' id='word_1_800' title='bbox 1987 5054 2124 5108; x_wconf 90' lang='lat' dir='ltr'><strong>sicut</strong></span> <span class='ocrx_word' id='word_1_801' title='bbox 2161 5055 2410 5122; x_wconf 84' lang='lat' dir='ltr'><strong>scriptum</strong></span> <span class='ocrx_word' id='word_1_802' title='bbox 2452 5064 2536 5111; x_wconf 91' lang='lat' dir='ltr'><strong>est</strong></span> <span class='ocrx_word' id='word_1_803' title='bbox 2565 5072 2578 5110; x_wconf 88' lang='lat'><strong>:</strong></span> <span class='ocrx_word' id='word_1_804' title='bbox 2609 5055 2788 5111; x_wconf 85' lang='lat' dir='ltr'><strong>Justus</strong></span> <span class='ocrx_word' id='word_1_805' title='bbox 2837 5067 3012 5113; x_wconf 90' lang='lat' dir='ltr'><strong>autem</strong></span> <span class='ocrx_word' id='word_1_806' title='bbox 3059 5073 3126 5115; x_wconf 86' lang='lat' dir='ltr'><strong>ex</strong></span> <span class='ocrx_word' id='word_1_807' title='bbox 3178 5059 3282 5117; x_wconf 87' lang='lat' dir='ltr'><strong>fide</strong></span> <span class='ocrx_word' id='word_1_808' title='bbox 3330 5061 3458 5116; x_wconf 88' lang='lat' dir='ltr'><strong>vivit</strong></span> <span class='ocrx_word' id='word_1_809' title='bbox 3510 5063 3563 5115; x_wconf 84' lang='lat' dir='ltr'><strong>in</strong></span> 
     </span>
    </p>
   </div>
   <div class='ocr_carea' id='block_1_112' title="bbox 1987 5145 2372 5200">
    <p class='ocr_par' dir='ltr' id='par_1_112' title="bbox 1987 5145 2372 5200">
     <span class='ocr_line' id='line_1_112' title="bbox 1987 5145 2372 5200; baseline -0.005 0"><span class='ocrx_word' id='word_1_810' title='bbox 1987 5145 2199 5200; x_wconf 91' lang='lat' dir='ltr'><strong>Christo</strong></span> <span class='ocrx_word' id='word_1_811' title='bbox 2227 5145 2372 5200; x_wconf 83' lang='lat' dir='ltr'><strong>Jesu.</strong></span> 
     </span>
    </p>
   </div>
   <div class='ocr_carea' id='block_1_113' title="bbox 2141 5235 3402 5298">
    <p class='ocr_par' dir='ltr' id='par_1_113' title="bbox 2141 5235 3402 5298">
     <span class='ocr_line' id='line_1_113' title="bbox 2141 5235 3402 5298; baseline 0.004 -15"><span class='ocrx_word' id='word_1_812' title='bbox 2141 5235 2309 5284; x_wconf 86' lang='lat' dir='ltr'><strong>Lectio</strong></span> <span class='ocrx_word' id='word_1_813' title='bbox 2332 5237 2480 5285; x_wconf 84' lang='lat' dir='ltr'><strong>sancti</strong></span> <span class='ocrx_word' id='word_1_814' title='bbox 2513 5235 2764 5298; x_wconf 84' lang='lat' dir='ltr'><strong>Evangelii</strong></span> <span class='ocrx_word' id='word_1_815' title='bbox 2804 5238 3067 5288; x_wconf 90' lang='lat' dir='ltr'><strong>secundum</strong></span> <span class='ocrx_word' id='word_1_816' title='bbox 3107 5239 3402 5289; x_wconf 70' lang='lat' dir='ltr'><strong>Mattbsum.</strong></span> 
     </span>
    </p>
   </div>
   <div class='ocr_carea' id='block_1_114' title="bbox 2058 5316 3563 5389">
    <p class='ocr_par' dir='ltr' id='par_1_114' title="bbox 2058 5316 3563 5389">
     <span class='ocr_line' id='line_1_114' title="bbox 2058 5316 3563 5389; baseline 0.004 -18"><span class='ocrx_word' id='word_1_817' title='bbox 2058 5316 2188 5371; x_wconf 90' lang='lat' dir='ltr'><strong>Cum</strong></span> <span class='ocrx_word' id='word_1_818' title='bbox 2220 5317 2451 5371; x_wconf 89' lang='lat' dir='ltr'><strong>venisset</strong></span> <span class='ocrx_word' id='word_1_819' title='bbox 2488 5317 2742 5372; x_wconf 86' lang='lat' dir='ltr'><strong>Dominus</strong></span> <span class='ocrx_word' id='word_1_820' title='bbox 2779 5317 2930 5374; x_wconf 84' lang='lat' dir='ltr'><strong>Jesus</strong></span> <span class='ocrx_word' id='word_1_821' title='bbox 2955 5317 3349 5389; x_wconf 87' lang='lat' dir='ltr'><strong>Capharnaum,</strong></span> <span class='ocrx_word' id='word_1_822' title='bbox 3381 5333 3563 5377; x_wconf 79' lang='lat' dir='ltr'><strong>acces-</strong></span> 
     </span>
    </p>
   </div>
   <div class='ocr_carea' id='block_1_115' title="bbox 1989 5409 3559 5479">
    <p class='ocr_par' dir='ltr' id='par_1_115' title="bbox 1989 5409 3559 5479">
     <span class='ocr_line' id='line_1_115' title="bbox 1989 5409 3559 5479; baseline 0.004 -16"><span class='ocrx_word' id='word_1_823' title='bbox 1989 5420 2171 5464; x_wconf 90' lang='lat' dir='ltr'><strong>serunt</strong></span> <span class='ocrx_word' id='word_1_824' title='bbox 2208 5409 2296 5478; x_wconf 93' lang='lat' dir='ltr'><strong>qui</strong></span> <span class='ocrx_word' id='word_1_825' title='bbox 2344 5409 2555 5463; x_wconf 86' lang='lat' dir='ltr'><strong>dracma</strong></span> <span class='ocrx_word' id='word_1_826' title='bbox 2586 5411 2937 5479; x_wconf 88' lang='lat' dir='ltr'><strong>accipiebant,</strong></span> <span class='ocrx_word' id='word_1_827' title='bbox 2970 5419 3026 5465; x_wconf 92' lang='lat' dir='ltr'><strong>et</strong></span> <span class='ocrx_word' id='word_1_828' title='bbox 3053 5411 3309 5466; x_wconf 84' lang='lat' dir='ltr'><strong>dixerunt</strong></span> <span class='ocrx_word' id='word_1_829' title='bbox 3352 5412 3511 5468; x_wconf 85' lang='lat' dir='ltr'><strong>Petro</strong></span> <span class='ocrx_word' id='word_1_830' title='bbox 3546 5434 3559 5470; x_wconf 93' lang='lat'><strong>:</strong></span> 
     </span>
    </p>
   </div>
   <div class='ocr_carea' id='block_1_116' title="bbox 1991 5499 3566 5569">
    <p class='ocr_par' dir='ltr' id='par_1_116' title="bbox 1991 5499 3566 5569">
     <span class='ocr_line' id='line_1_116' title="bbox 1991 5499 3566 5569; baseline 0.004 -16"><span class='ocrx_word' id='word_1_831' title='bbox 1991 5499 2236 5569; x_wconf 82' lang='lat' dir='ltr'><strong>Magister</strong></span> <span class='ocrx_word' id='word_1_832' title='bbox 2267 5510 2442 5553; x_wconf 85' lang='lat' dir='ltr'><strong>vester</strong></span> <span class='ocrx_word' id='word_1_833' title='bbox 2471 5515 2573 5553; x_wconf 90' lang='lat' dir='ltr'><strong>non</strong></span> <span class='ocrx_word' id='word_1_834' title='bbox 2599 5500 2754 5554; x_wconf 88' lang='lat' dir='ltr'><strong>solvit</strong></span> <span class='ocrx_word' id='word_1_835' title='bbox 2773 5499 3082 5554; x_wconf 77' lang='lat' dir='ltr'><strong>didracma?</strong></span> <span class='ocrx_word' id='word_1_836' title='bbox 3108 5501 3196 5555; x_wconf 87' lang='lat' dir='ltr'><strong>Ait</strong></span> <span class='ocrx_word' id='word_1_837' title='bbox 3222 5517 3235 5555; x_wconf 92' lang='lat'><strong>:</strong></span> <span class='ocrx_word' id='word_1_838' title='bbox 3267 5500 3464 5560; x_wconf 86' lang='lat' dir='ltr'><strong>Etiam.</strong></span> <span class='ocrx_word' id='word_1_839' title='bbox 3499 5505 3566 5560; x_wconf 85' lang='lat' dir='ltr'><strong>Et</strong></span> 
     </span>
    </p>
   </div>
   <div class='ocr_carea' id='block_1_117' title="bbox 1989 5633 3276 5700">
    <p class='ocr_par' dir='ltr' id='par_1_117' title="bbox 1989 5633 3276 5700">
     <span class='ocr_line' id='line_1_117' title="bbox 1989 5633 3276 5700; baseline 0.005 -13"><span class='ocrx_word' id='word_1_840' title='bbox 1989 5634 2190 5687; x_wconf 77' lang='lat' dir='ltr'><strong>Natalis</strong></span> <span class='ocrx_word' id='word_1_841' title='bbox 2223 5634 2455 5700; x_wconf 87' lang='lat' dir='ltr'><strong>Domini,</strong></span> <span class='ocrx_word' id='word_1_842' title='bbox 2481 5633 2656 5687; x_wconf 81' lang='lat' dir='ltr'><strong>forsan</strong></span> <span class='ocrx_word' id='word_1_843' title='bbox 2680 5635 2744 5688; x_wconf 88' lang='lat' dir='ltr'><strong>ad</strong></span> <span class='ocrx_word' id='word_1_844' title='bbox 2770 5635 2974 5689; x_wconf 85' lang='lat' dir='ltr'><strong>libitum</strong></span> <span class='ocrx_word' id='word_1_845' title='bbox 3004 5637 3276 5694; x_wconf 87' lang='lat' dir='ltr'><strong>varianda.</strong></span> 
     </span>
    </p>
   </div>
   <div class='ocr_carea' id='block_1_118' title="bbox 2064 5703 3559 5774">
    <p class='ocr_par' dir='ltr' id='par_1_118' title="bbox 2064 5703 3559 5774">
     <span class='ocr_line' id='line_1_118' title="bbox 2064 5703 3559 5774; baseline 0.006 -19"><span class='ocrx_word' id='word_1_846' title='bbox 2064 5715 2084 5774; x_wconf 51' lang='grc' dir='ltr'><strong>ἡ</strong></span> <span class='ocrx_word' id='word_1_847' title='bbox 2120 5703 2281 5757; x_wconf 69' lang='lat' dir='ltr'><strong>Unica</strong></span> <span class='ocrx_word' id='word_1_848' title='bbox 2315 5705 2425 5757; x_wconf 72' lang='lat' dir='ltr'><strong>lucc</strong></span> <span class='ocrx_word' id='word_1_849' title='bbox 2447 5705 2607 5757; x_wconf 89' lang='lat' dir='ltr'><strong>missa</strong></span> <span class='ocrx_word' id='word_1_850' title='bbox 2634 5719 2731 5773; x_wconf 90' lang='lat' dir='ltr'><strong>pro</strong></span> <span class='ocrx_word' id='word_1_851' title='bbox 2754 5705 2839 5758; x_wconf 92' lang='lat' dir='ltr'><strong>die</strong></span> <span class='ocrx_word' id='word_1_852' title='bbox 2864 5706 2978 5774; x_wconf 85' lang='lat' dir='ltr'><strong>ipso</strong></span> <span class='ocrx_word' id='word_1_853' title='bbox 3008 5706 3303 5765; x_wconf 85' lang='lat' dir='ltr'><strong>Nativitatis</strong></span> <span class='ocrx_word' id='word_1_854' title='bbox 3324 5710 3559 5766; x_wconf 88' lang='lat' dir='ltr'><strong>Domini.</strong></span> 
     </span>
    </p>
   </div>
   <div class='ocr_carea' id='block_1_119' title="bbox 2063 5772 3560 5854">
    <p class='ocr_par' dir='ltr' id='par_1_119' title="bbox 2063 5772 3560 5854">
     <span class='ocr_line' id='line_1_119' title="bbox 2063 5772 3560 5854; baseline 0.006 -27"><span class='ocrx_word' id='word_1_855' title='bbox 2063 5772 2087 5807; x_wconf 73' lang='grc' dir='ltr'>ά</span> <span class='ocrx_word' id='word_1_856' title='bbox 2123 5774 2214 5827; x_wconf 69' lang='lat' dir='ltr'><strong>llic</strong></span> <span class='ocrx_word' id='word_1_857' title='bbox 2247 5774 2426 5828; x_wconf 81' lang='lat' dir='ltr'><strong>titulus</strong></span> <span class='ocrx_word' id='word_1_858' title='bbox 2455 5772 2685 5854; x_wconf 81' lang='lat' dir='ltr'><strong>secunda</strong></span> <span class='ocrx_word' id='word_1_859' title='bbox 2719 5772 2895 5843; x_wconf 67' lang='lat' dir='ltr'><strong>manu,</strong></span> <span class='ocrx_word' id='word_1_860' title='bbox 2943 5778 3035 5833; x_wconf 88' lang='lat' dir='ltr'><strong>sed</strong></span> <span class='ocrx_word' id='word_1_861' title='bbox 3065 5780 3277 5846; x_wconf 89' lang='lat' dir='ltr'><strong>antiqua</strong></span> <span class='ocrx_word' id='word_1_862' title='bbox 3323 5783 3560 5852; x_wconf 75' lang='lat' dir='ltr'><strong>adjectus</strong></span> 
     </span>
    </p>
   </div>
   <div class='ocr_carea' id='block_1_120' title="bbox 1993 5854 2552 5908">
    <p class='ocr_par' dir='ltr' id='par_1_120' title="bbox 1993 5854 2552 5908">
     <span class='ocr_line' id='line_1_120' title="bbox 1993 5854 2552 5908; baseline -0.009 -9"><span class='ocrx_word' id='word_1_863' title='bbox 1993 5857 2093 5908; x_wconf 83' lang='lat' dir='ltr'><strong>est,</strong></span> <span class='ocrx_word' id='word_1_864' title='bbox 2127 5857 2174 5896; x_wconf 86' lang='lat' dir='ltr'><strong>at</strong></span> <span class='ocrx_word' id='word_1_865' title='bbox 2209 5854 2530 5898; x_wconf 72' lang='lat' dir='ltr'><strong>necessarius</strong></span> <span class='ocrx_word' id='word_1_866' title='bbox 2541 5879 2552 5894; x_wconf 83' lang='grc'><strong>.</strong></span> 
     </span>
    </p>
   </div>
  </div>
