4060 6346
520 368 620 428 tsi
1292 334 1667 427 serenant
1704 370 1796 425 an
1832 367 2061 423 orsus
2100 364 2160 421 s.
2198 362 2507 419 διδωμι
2551 362 2989 423 PARISIENSIS.
3690 362 3809 419 ιω

430 528 441 533 λ
525 501 647 542 cum
683 486 938 544 intrasset
964 487 1203 555 domum,
1238 488 1493 557 prtevenit
1518 502 1639 543 eum
1665 486 1824 544 Iesus
1865 484 2051 543 dicens
2086 498 2102 536 :
2132 480 2187 544 Δ
2210 490 2449 537 nostrum
2478 483 2544 536 de
2575 481 2655 535 bis
2682 482 2770 551 (ιυί
2815 480 3055 536 habitam
3102 483 3153 536 1η
3201 483 3379 537 terra?
3408 480 3471 537 ει
3499 481 3643 536 ἀπε
3677 489 3809 536 sum

524 579 663 648 Quid
695 580 789 637 tibi
816 580 1047 648 videtur,
1078 579 1263 637 Simon
1284 581 1310 635 ν
1337 580 1505 652 Reges
1536 588 1692 637 teme
1721 596 1751 636 a
1780 580 1971 652 quibus
2017 592 2109 634 ac—
2210 573 2432 644 singula:
2472 572 2625 627 stolae
2678 573 2834 638 albre,
2866 582 2917 629 et
2946 574 3145 629 dictum
3187 585 3269 628 est
3300 574 3402 629 illis
3450 584 3510 628 ut
3554 573 3809 641 requies-

527 672 733 740 cipinnt
776 671 1032 726 tributum
1062 672 1148 726 vel
1197 673 1517 727 censuin‘ia
1559 670 1685 726 filiis
1732 671 1883 737 suis,
1929 685 1997 725 an
2045 668 2112 723 ab
2211 674 2399 722 cerent
2440 675 2649 736 tempus
2692 666 2865 722 adhuc
2913 667 3202 733 modicum,
3254 666 3425 722 donec
3476 665 3812 736 impleantur

526 763 758 818 alienis?
782 764 863 821 Ab
885 763 1099 820 alienis.
1132 764 1367 819 Dixitilli
1392 764 1548 820 Jesus
1578 782 1591 819 :
1624 764 1763 834 Ergo
1790 763 1945 820 liberi
1989 768 2115 817 sunt
2213 759 2457 817 conservi
2489 772 2676 815 eorum
2707 770 2761 815 et
2803 759 2993 816 fratres
3036 774 3245 829 eorum,
3298 758 3390 829 qui
3440 757 3810 814 interficiendi

527 856 640 908 )ilii.
674 854 741 910 Ut
770 864 948 911 autem
975 870 1078 911 non
1101 856 1519 911 scandalizemus
1545 871 1659 923 eos,
1691 855 1824 911 vade
1843 856 1908 910 ad
1932 870 2109 920 mare;

523 957 574 1000 et
608 948 760 1005 mitte
785 950 1021 1017 hamum,
1050 959 1103 1006 et
1132 965 1252 1007 eum
1287 952 1484 1022 piscem
1507 950 1597 1022 qui
1624 951 1827 1021 primus
1856 950 2094 1005 ascende

524 1035 594 1087 rit
627 1036 774 1103 tnlle,
806 1046 862 1094 et
889 1048 1075 1108 aperto
1102 1054 1195 1095 ore
1220 1037 1335 1109 ejus
1364 1039 1645 1095 inveniens
1665 1037 2114 1107 staterem,'illum

525 1138 744 1182 sumens
768 1127 834 1182 da
854 1129 933 1184 eis
955 1144 1054 1199 pro
1080 1145 1164 1185 me
1187 1139 1239 1185 et
1272 1140 1346 1186 te.

1143 1236 1311 1273 ιηινιτ
1342 1236 1492 1274 κιεελ.

599 1302 739 1359 Dens
768 1304 1131 1375 omnipotens,
1163 1308 1250 1377 qui
1284 1307 1539 1363 Ecclesia:
1564 1312 1671 1363 tua:
1712 1308 1953 1363 sanetum
1996 1304 2119 1362 Ste-

525 1392 707 1448 fanum
762 1405 1053 1468 martyrem
1103 1398 1335 1466 primum
1388 1398 1579 1454 messis
1636 1406 1740 1455 tua:
1789 1398 2114 1468 manipulum

526 1484 742 1551 dedisti,
775 1496 825 1543 et
860 1489 1181 1558 primitivum
1211 1490 1536 1547 oblationem
1573 1491 1794 1546 novellae
1825 1490 2118 1547 confessio-

488 1630 499 1643 ,
525 1581 607 1638 nis
636 1585 915 1641 oatendistl
947 1602 1268 1655 praeconem,
1292 1589 1431 1658 quod
1463 1589 1665 1644 fructus
1693 1596 2118 1644 maturescentes

526 1675 804 1745 exhibuit;
834 1688 1027 1749 praesta
1059 1683 1309 1735 universo
1332 1683 1491 1738 coetui
1518 1682 1896 1736 interces~ione
1918 1689 2118 1750 marty-

526 1768 605 1823 ris
635 1770 831 1834 meriti,
866 1780 921 1824 ut
953 1771 1245 1826 Ecclesiam
1282 1782 1425 1827 tuam
1466 1774 1616 1843 jnvet
1659 1772 1925 1844 suffragio,
1958 1789 2117 1844 quam

529 1860 742 1915 ornavit
767 1862 1088 1920 ministerio.

1200 1931 1451 1985 Collectio.

616 2013 859 2083 Domine,
875 2015 1282 2086 quiambulante
1296 2018 1361 2074 de
1373 2019 1566 2075 virtute
1588 2019 1640 2073 in
1662 2018 1910 2075 virtutem
1933 2026 2119 2074 sancto

532 2106 751 2162 Stefano
792 2108 1011 2179 martyri
1041 2116 1132 2164 tuo
1161 2110 1411 2179 aperuisti
1444 2110 1606 2165 caelos
1636 2110 1701 2165 ad
1732 2110 1956 2183 gloriam
1990 2126 2118 2165 con-

533 2198 910 2267 templationis,
943 2214 1075 2270 quos
1105 2199 1155 2255 ei
1183 2216 1469 2271 aperneras
1498 2206 1562 2255 ad
1596 2204 1843 2256 meritum
1875 2200 2119 2257 sanctita-

532 2291 623 2356 tis,
656 2300 714 2345 ut
761 2290 1115 2348 confessionis
1161 2305 1271 2348 suae
1320 2291 1549 2348 frucmm
1594 2301 1853 2363 caperet;
1897 2292 2121 2351 ostende

533 2381 690 2435 nobis
718 2380 971 2452 suffragio
998 2382 1112 2453 ejus
1144 2383 1567 2439 miscricordiam
1600 2393 1763 2440 tuam.

1148 2473 1265 2524 Post
1301 2477 1509 2523 nomina.

612 2549 837 2607 Domine
866 2552 1014 2620 Jesu,
1046 2567 1075 2608 a
1104 2569 1208 2624 quo
1240 2570 1393 2608 suum
1424 2556 1666 2623 Spiritum
1699 2554 1891 2622 suscipi
1921 2565 2124 2626 martyr

532 2630 789 2687 Stei‘anus
818 2632 1133 2702 postulavit,
1165 2641 1221 2689 tu
1251 2638 1531 2706 prmsentis
1560 2636 1720 2708 hujus
1744 2638 2125 2696 sollemnitatis
2176 2706 2179 2709 ν

538 2724 782 2795 placatus
808 2724 1103 2796 oblatione,
1117 2736 1171 2783 et
1192 2727 1494 2786 viventibus
1514 2732 1748 2803 veniam,
1771 2741 1827 2790 et
1841 2733 2123 2806 quiescen-

529 2816 679 2889 tibus
715 2818 956 2875 concede
976 2821 1216 2892 requiem
1246 2823 1647 2893 sempiternam.

1070 2913 1308 2964 Collectio
1325 2916 1382 2964 ad
1410 2928 1594 2978 pacem.

604 2992 749 3049 Deus
774 2994 927 3066 pacis
945 2997 1213 3064 conditor,
1246 2998 1387 3055 Deus
1417 3000 1763 3072 indulgentiae
1806 3015 2122 3060 remunera-

532 3093 635 3153 tor,
663 3088 753 3157 qui
782 3094 972 3145 sancto
996 3090 1219 3164 martyri
1251 3098 1342 3147 tuo
1367 3091 1592 3149 Stefano
1620 3095 1672 3149 in
1715 3096 1967 3167 passione
2014 3095 2120 3150 lar-

536 3177 668 3233 titus
690 3192 748 3234 es
776 3184 835 3233 ut
876 3180 1102 3237 imbrem
1144 3183 1377 3255 lapidum
1408 3185 1703 3243 clementer
1731 3188 2023 3259 exciperet,
2066 3197 2120 3243 et

527 3280 626 3339 aro
656 3272 1018 3343 lapidantibus
1042 3291 1101 3333 se
1128 3280 1483 3353 supplicaret,
1516 3283 1769 3353 pietatem
1797 3293 1966 3354 tuam,
2009 3284 2117 3341 Do-

531 3362 692 3430 mine,
723 3366 994 3437 supplices
1022 3369 1397 3443 deprecamur,
1430 3382 1489 3430 ut
1525 3386 1875 3449 peccatorum
1905 3378 2117 3437 veniam

533 3466 942 3524 consequamur.

1168 3532 1482 3585 Contestatio.

609 3610 743 3667 Vere
760 3613 979 3685 dignum
999 3624 1055 3673 et
1074 3616 1277 3688 justum
1304 3628 1387 3677 est
1413 3632 1509 3691 per
1527 3619 1802 3678 Christum
1832 3620 2115 3677 Dominum

530 3713 792 3763 nostrum.
816 3708 920 3779 Qui
949 3712 1021 3767 ita
1052 3713 1209 3769 militi
1237 3730 1336 3769 suo
1364 3715 1484 3771 iidei
1516 3727 1719 3772 armata
1748 3716 1941 3773 astutia
1974 3726 2024 3783 ι,
2060 3724 2116 3773 ut

530 3811 628 3865 pro
654 3799 747 3854 illo
771 3810 986 3859 certare
1013 3819 1118 3860 non
1149 3806 1374 3862 differat.
1411 3808 1508 3864 Hic
1537 3818 1620 3865 est
1661 3810 1847 3866 beatus
1880 3811 1967 3867 ille
1997 3808 2117 3868 Ste-

529 3888 702 3956 fanus,
729 3908 923 3949 corona
953 3897 1187 3952 nominis
1229 3908 1281 3954 et
1309 3900 1503 3956 divime
1532 3903 1714 3970 gratiae
1744 3912 2111 3959 consecratus.

527 3976 625 4033 Hic
653 3990 735 4035 est
763 3998 997 4052 praesens
1020 3989 1282 4055 passionis
1310 3990 1517 4045 Domini
1548 4002 1606 4047 et
1628 3994 1921 4049 Salvatoris
1946 3996 2113 4049 nostri

526 4082 779 4138 consors,
811 4076 1119 4142 apostolica:
1149 4078 1423 4149 dignitatis
1451 4080 1704 4154 [culmen]
1733 4086 1937 4155 attigit,
1990 4101 2110 4139 mox

525 4162 916 4230 praedicationis
950 4168 1236 4225 Dominicsc
1266 4182 1319 4226 et
1364 4174 1516 4230 testis
1551 4175 1794 4231 veritatis
1839 4191 1959 4233 esse
2005 4194 2109 4233 non

524 4253 746 4309 distulit.
780 4256 913 4311 Dum
939 4258 1007 4312 ab
1036 4260 1211 4332 impiis
1230 4262 1427 4318 Judaeis
1457 4266 1766 4321 smvissimis
1791 4268 1979 4324 ictibus
2006 4283 2109 4325 cte—

522 4345 761 4416 deretnr,
793 4344 883 4407 ille
914 4366 1125 4423 precem
1170 4371 1265 4425 pro
1294 4358 1372 4411 eis
1406 4357 1660 4413 fundebat
1706 4359 1770 4412 ad
1798 4360 2105 4440 Dominum.

519 4440 693 4511 Rogo,
720 4441 909 4514 inquit,
936 4444 1177 4517 Domine,
1213 4463 1280 4504 ne
1304 4458 1505 4505 statuas
1534 4452 1634 4507 illis
1659 4453 1759 4509 hoc
1804 4464 2106 4524 peccatum.

518 4530 657 4587 Dum
692 4544 897 4591 terrena
930 4545 1103 4595 tamen
1137 4540 1295 4595 terris
1323 4543 1561 4598 membra
1601 4547 1961 4613 commendat,
2006 4562 2107 4602 cm-

2213 860 2336 907 snnt
2356 850 2493 907 slent
2513 861 2564 905 et
2592 850 2686 908 illi.

2386 940 2558 991 Lectio
2583 939 2737 992 sancti
2764 939 3024 1001 Evangelii
3054 939 3324 988 secundum
3350 937 3655 987 Matthm.

2292 1024 2485 1080 Diebus
2527 1024 2669 1090 illis,
2709 1024 2956 1095 apparuit
2992 1023 3212 1095 angelus
3251 1021 3460 1077 Domini
3502 1024 3555 1076 in
3607 1022 3817 1075 semnis

2217 1116 2417 1187 Joseph
2445 1116 2665 1173 dicens:
2693 1117 2865 1187 Surge
2887 1162 2903 1184 ,
2931 1127 2985 1171 et
3023 1115 3206 1185 accipe
3248 1128 3471 1185 puerum
3499 1122 3555 1170 et
3582 1122 3819 1169 mtrem

2217 1211 2367 1281 ejus,
2412 1220 2468 1265 et
2508 1208 2632 1281 fuge
2672 1211 2728 1264 in
2770 1209 3097 1280 Egyptnm;
3142 1216 3196 1264 et
3236 1222 3353 1264 esto
3382 1210 3453 1262 ibi
3481 1222 3658 1276 usque
3687 1209 3818 1262 dum

2219 1306 2389 1360 dicam
2431 1306 2544 1361 tibi.
2586 1306 2841 1360 Futurum
2882 1314 2965 1359 est
3008 1305 3148 1360 enim
3201 1313 3258 1359 ut
3310 1302 3550 1359 Herodes
3601 1314 3821 1374 quaerat

2220 1414 2439 1470 puerum
2468 1398 2533 1453 ad
2568 1395 2894 1467 perdendum
2923 1411 3069 1452 eum.
3098 1396 3199 1463 Qui
3230 1410 3563 1466 consurgens
3605 1399 3822 1464 accepit

2220 1506 2443 1561 puerum
2472 1500 2524 1544 et
2550 1500 2777 1544 matrem
2809 1490 2924 1561 ejus
2958 1500 3140 1555 nocte,
3169 1503 3217 1544 et
3251 1488 3471 1543 recessit
3500 1488 3554 1543 in
3610 1488 3822 1559 £gyp«

2223 1594 2371 1649 tum;
2402 1592 2455 1640 et
2484 1592 2595 1638 erat
2623 1583 2690 1640 ibi
2724 1599 2890 1653 usque
2921 1583 2988 1637 ad
3019 1582 3219 1637 obitum
3258 1580 3501 1638 Herodis.
3545 1582 3611 1638 Ut
3646 1584 3822 1637 adim-

2223 1675 2457 1745 pleretur
2495 1676 2634 1746 quod
2675 1674 2875 1728 dictum
2917 1683 2998 1728 est
3027 1689 3055 1726 a
3090 1673 3316 1727 Domino
3346 1688 3439 1742 per
3480 1672 3820 1744 prophetam

2222 1764 2525 1821 dicentem:
2572 1767 2649 1820 Ex
2695 1764 2929 1837 {Egypto
2970 1765 3154 1821 vocavi
3198 1762 3388 1820 Filium
3420 1779 3639 1832 meum,
3676 1782 3812 1835 quo-

2145 1860 2198 1931 Β
2226 1861 2369 1917 niam
2401 1861 2684 1917 Nazaracus
2711 1860 3010 1915 vocabitur.

2850 1989 3019 2027 ικοιιηι·
3050 1984 3201 2025 ΙΙΞΒΔ.

2294 2080 2434 2136 Dens
2464 2088 2487 2119 ο
2519 2079 2672 2149 cujus
2702 2078 2958 2135 hodierna
3000 2079 3091 2135 die
3120 2079 3446 2149 prchnium
3493 2078 3823 2138 Inmntes

2223 2182 2486 2244 martyres
2516 2190 2622 2228 non
2649 2174 2934 2242 loquendo,
2963 2174 3057 2229 sed
3084 2174 3362 2229 moriendo
3387 2172 3624 2230 confessi
3654 2185 3822 2233 sunt.

2222 2266 2401 2320 omnia
2433 2265 2488 2318 in
2518 2266 2674 2321 nobis
2712 2267 2966 2321 vitiorum
3007 2267 3145 2321 mala
3187 2266 3483 2334 mortifica,
3523 2276 3583 2324 et
3618 2266 3823 2339 gaudia

2225 2366 2425 2413 aeterm:
2455 2358 2612 2413 nobis
2640 2357 2820 2428 largiri
2843 2358 3101 2414 concede.

2894 2449 3140 2503 Collectio.

2298 2531 2470 2600 Deus,
2508 2532 2818 2589 iacientium
2861 2532 3025 2601 fides,
3067 2548 3190 2603 spes
3228 2534 3538 2600 infantium,
3570 2534 3821 2592 eharitas

2224 2637 2512 2694 puerorum
2543 2663 2560 2689 ,
2607 2626 2697 2694 qui
2741 2638 2834 2694 per
2887 2624 3257 2682 innocentium
3316 2626 3529 2681 laudem
3586 2637 3821 2682 cunctos

2222 2731 2484 2789 provocas
2533 2716 2599 2771 ad
2646 2718 2909 2773 salutem:
2960 2718 3181 2775 infunde
3224 2717 3280 2774 in
3323 2718 3477 2774 nobis
3519 2719 3819 2789 puritatem

2222 2807 2471 2864 lactentis
2500 2808 2760 2877 infantius,
2792 2810 3028 2866 concede
3056 2810 3379 2866 doctrinam.

2846 2904 2962 2955 Post
2983 2905 3192 2957 nomina.

2302 2985 2469 3042 Deum
2529 2987 2947 3057 omnipotentem
2999 3002 3249 3055 oremus,
3294 2988 3381 3057 qui
3430 2987 3822 3044 Bethlemitica

2225 3078 2366 3149 plebi
2389 3093 2452 3134 ac
2477 3078 2761 3135 dominicae
2790 3079 2990 3135 civitati
3022 3096 3115 3148 pro
3142 3079 3526 3148 temporalibus
3550 3082 3821 3136 arumnis

2222 3168 2412 3239 gaudia
2467 3178 2669 3226 interna
2713 3170 2930 3239 tribuit,
2979 3179 3039 3226 ut
3079 3170 3279 3226 Rachel
3326 3180 3505 3228 sancta
3552 3172 3814 3241 plorans,

2143 3232 2191 3313 Ci
2222 3232 2339 3328 quin
2369 3259 2674 3328 proferebat
2702 3275 2767 3315 ex
2794 3232 2983 3317 dolore
3011 3262 3273 3331 gemitum
3293 3303 3308 3330 ,
3336 3261 3503 3316 nollet
3525 3232 3589 3316 ex
3614 3232 3817 3316 cense;

2218 3350 2415 3411 latione
2459 3353 2748 3407 solatium:
2790 3368 2909 3424 quae
2950 3354 3071 3409 licet
3110 3354 3379 3410 videretur
3416 3354 3486 3410 de
3541 3366 3815 3425 prasente

2220 3440 2480 3497 inlantum
2510 3442 2802 3498 amissione
2829 3444 3157 3515 conterrita,
3188 3455 3306 3502 erat
3336 3453 3513 3502 tamen
3544 3446 3613 3502 de
3662 3462 3810 3502 mar-

2224 3530 2348 3600 tyrii
2378 3530 2532 3585 beata
2564 3534 2919 3606 perpetuitate
2958 3549 3168 3592 secura.

2872 3625 2944 3675 Ad
2974 3638 3162 3689 pacem.

2296 3703 2434 3759 Deus
2469 3747 2482 3771 ,
2538 3707 2628 3777 qui
2685 3707 2943 3781 martyrio
2996 3718 3048 3763 et
3100 3711 3406 3765 innocentia
3459 3714 3805 3781 parvulorum

2227 3795 2603 3865 triumphalem
2654 3798 2793 3854 hunc
2842 3799 2986 3855 diem
3031 3815 3152 3857 esse
3193 3802 3406 3871 fecisti;
3448 3806 3695 3873 exempla
3740 3804 3809 3859 ad

2222 3889 2519 3959 augendam
2554 3888 2712 3945 fidem
2747 3893 3099 3947 Ecclesiarum
3144 3904 3353 3950 tuarum
3395 3896 3805 3967 proficientibus

2218 3981 2477 4038 exaudire
2506 3983 2768 4055 digneris.

2858 4075 3173 4127 Contestatio.
3510 4150 3511 4155 η

2290 4154 2430 4210 Vere
2458 4157 2673 4227 dignum
2704 4166 2759 4213 et
2783 4156 2988 4228 justum
3021 4170 3101 4212 εει
3130 4157 3470 4230 omnipotens
3499 4161 3664 4231 Deus,
3702 4180 3794 4235 per

2214 4241 2485 4299 Christum
2520 4246 2809 4302 Dntninum'
2832 4258 3095 4304 nostrum.
3147 4252 3538 4327 Qni_rutilante
3572 4254 3718 4311 fonte
3751 4260 3801 4312 in

2217 4337 2513 4393 Dettbelem
2541 4341 2756 4395 cititate
2786 4340 3051 4410 infantes,
3085 4345 3172 4414 qui
3196 4354 3363 4413 aetate
3395 4347 3534 4416 loqui
3564 4365 3669 4403 non
3701 4366 3793 4420 po-

2212 4440 2417 4495 terant,
2470 4432 2680 4488 laudem
2738 4434 2947 4491 Domini
3006 4451 3127 4491 cum
3174 4437 3370 4509 gaudio
3430 4442 3799 4506 resonabant;

2212 4524 2375 4576 occisi
2411 4525 2770 4593 pratdicabant
2801 4528 2944 4597 quod
2977 4529 3078 4582 vivi
3110 4533 3457 4599 nequiverant
3486 4532 3798 4603 loquentes;

519 4622 712 4680 ιεειεηη
753 4630 996 4698 spiritum
1027 4635 1280 4705 angelici-5
1303 4637 1550 4693 manibus
1577 4641 1756 4698 evexit
1798 4641 1866 4698 ad
1898 4644 2111 4700 malum.
2220 4613 2396 4670 Infans
2424 4613 2665 4670 Christus
2708 4620 3019 4673 transmittit
3066 4620 3129 4674 ad
3181 4626 3348 4676 cmlos
3396 4640 3530 4680 nova
3577 4633 3799 4685 exsenia

917 4832 1066 4876 HISSA
1090 4835 1398 4883 εΑΝοτοιωιι
1416 4843 1708 4887 ΣΝΡᾹΝἸὋΙΙ.

517 4899 692 4955 Lectio
729 4904 1042 4973 Apocalypsis
1066 4917 1486 5029 sancgniglrtriuinis
1525 4922 1739 4987 legenda
1776 4926 1822 4976 in
1855 4930 2000 4980 missa
2026 4930 2105 4981 In-

552 5052 555 5053 ⁷
588 5051 705 5122 Ego
729 5052 1000 5112 Johannes
1020 5059 1126 5115 vidi
1158 5061 1209 5116 in
1236 5065 1422 5133 spiritu
1452 5083 1571 5138 qua:
1592 5078 1805 5141 oportet
1837 5072 1948 5129 fieri
1970 5075 2096 5133 cito.

517 5144 637 5238 Vidi
666 5148 854 5204 subtus
879 5150 1048 5209 altare
1076 5156 1281 5212 animas
1308 5159 1708 5221 interfectorum
1732 5178 1950 5238 propter
1980 5186 2101 5226 ver-

512 5236 641 5292 bum
672 5238 787 5308 Dei,
814 5250 869 5297 et
900 5253 1117 5313 propter
1150 5248 1507 5308 testimonium
1552 5258 1693 5330 quod
1723 5236 2017 5321 habebant:
2048 5256 2127 5319 et

515 5330 813 5389 clamabant
844 5350 973 5393 voce
1000 5353 1190 5411 magna
1219 5342 1457 5402 dicentes
1489 5366 1501 5402 :
1535 5348 1843 5423 Usquequo,
1878 5355 2102 5413 Domine

513 5433 731 5480 sanctus
759 5437 812 5483 et
837 5445 1014 5501 verus,
1058 5448 1162 5488 non
1204 5435 1410 5505 jndicas
1438 5450 1491 5495 et
1519 5442 1758 5499 vindicas
1787 5448 2098 5516 sanguinem

588 5568 614 5631 ξ
644 5560 826 5630 Forte,
855 5580 1002 5620 arma
1030 5569 1168 5623 dedit
1198 5581 1374 5626 contra
1403 5576 1665 5631 astutiam.

586 5628 847 5715 {Eadem
881 5636 1053 5715 _lect_io
1096 5654 1191 5709 pro
1220 5644 1380 5699 missa
1426 5628 1739 5715 hujusfesti
1784 5649 1837 5707 in
1889 5650 2099 5709 LeCtio-

516 5704 668 5758 nariu
693 5704 1033 5764 Lnxoviensi.

516 5774 913 5914 εὸξεοξξυθθίίσ
958 5778 1073 5838 hu
1115 5783 1308 5853 Partim
1352 5785 1537 5847 eadem
1591 5790 1648 5851 in
1695 5791 1900 5856 Ordine
1956 5796 2093 5856 Gre-

2218 4710 2391 4776 Patri,
2422 4710 2685 4778 primitias
2710 4713 2928 4769 exhibet
2960 4715 3223 4786 genitori,
3259 4732 3353 4786 per
3381 4718 3653 4777 Christum
3696 4724 3797 4777 Do-

2215 4804 2418 4858 minum
2451 4812 2713 4858 nostrum.

2642 4921 2791 4965 κιεελ
2828 4923 3005 4965 ιΛσοιιι
3047 4926 3113 4964 ΕΤ
3142 4927 3412 4970 IOHANNIS.

2212 4995 2500 5070 [Lectiones
2527 5014 2580 5054 ιη
2610 5002 2737 5071 [esto
2766 5004 3115 5071 apostolorum
3142 5003 3324 5059 Jacobi
3362 5016 3407 5061 et
3434 5003 3691 5067 Johannis
3727 5005 3799 5079 ιλ]

2614 5090 2782 5141 Lectio
2806 5092 3014 5144 Actuum
3046 5096 3391 5159 apostolorum.

2282 5175 2338 5230 in
2369 5177 2556 5234 diebus
2589 5178 2690 5232 illis
2718 5177 2861 5233 misit
2889 5178 3127 5235 Herodes
3157 5196 3250 5236 rex
3274 5182 3609 5253 ntafiligeret
3634 5198 3791 5256 quos-

2208 5271 2329 5327 dam
2383 5274 2449 5328 de
2500 5274 2762 5329 Ecclesia.
2802 5274 3009 5331 Occidit
3051 5284 3228 5333 autem
3268 5276 3527 5334 iacebunt
3568 5277 3790 5337 fratrem

2206 5364 2462 5421 Johannis
2508 5367 2725 5434 gladio:
2768 5366 2960 5421 videns
3011 5375 3188 5425 autem
3237 5368 3360 5436 quia
3414 5370 3651 5435 placeret
3694 5369 3788 5426 Ju-

2209 5459 2340 5515 dzeis
2366 5499 2379 5527 ,
2412 5461 2660 5531 adposuit
2689 5460 3095 5531 adprehendere
3122 5470 3179 5517 et
3202 5460 3443 5518 Petrum.

2276 5597 2302 5634 ά
2332 5596 2495 5669 γΗυηο
2524 5596 2741 5669 titulum
2763 5635 2779 5662 ,
2819 5597 2909 5665 qui
2950 5597 3005 5669 in
3040 5594 3240 5653 Codice
3273 5595 3429 5669 deest
3450 5637 3466 5663 ,
3500 5596 3632 5654 item
3661 5610 3785 5669 snp-

2206 5667 2485 5738 plevimns.
2517 5668 2753 5739 Epistula
2784 5683 2887 5722 non
2924 5668 3134 5739 videtur
3162 5669 3367 5737 integre
3396 5668 3702 5739 descripta,
3731 5667 3787 5724 ut

2203 5740 2494 5807 aliquoties
2536 5738 2691 5791 infra.
2738 5738 3082 5809 Evangelium
3126 5742 3176 5794 itt
3220 5738 3784 5805 Lectionario'buxe-

2200 5812 2368 5870 viensi
2388 5851 2404 5881 ,
2435 5810 2529 5867 sed
2562 5824 2631 5865 ex
2663 5809 2862 5877 Marco.
