4060 6346
290 361 400 417 ιθθ

459 470 635 524 Lectio
664 476 817 524 sancti
836 474 1085 545 Evangelii
1120 473 1388 525 secundum
1412 472 1709 524 Matthaaum.

361 554 561 612 Diebus
597 556 700 612 illis
741 556 1000 612 accedens
1039 558 1107 612 ad
1152 557 1432 613 Dominum
1477 556 1659 612 Iesum
1698 561 1870 609 mater

285 647 524 704 ﬁliorum
556 649 802 729 Zebedzei
832 666 949 706 cum
986 651 1108 707 ﬁliis
1135 652 1279 714 suis,
1313 651 1544 707 adorans
1585 656 1642 706 et
1684 656 1873 720 petens

286 742 492 814 aliquid
528 742 592 796 :tb
619 758 705 798 eo.
749 744 849 813 Qui
894 745 1027 799 dixit
1067 744 1115 801 ei
1143 763 1156 798 :
1187 744 1324 813 Quid
1354 745 1434 799 vis
1459 744 1481 797 ‘l
1510 744 1600 798 Ait
1629 744 1702 798 illi
1730 761 1743 798 :
1776 734 1872 799 Dic

286 844 350 889 ut
381 833 606 903 sedeant
636 833 688 889 hi
718 834 824 891 duo
852 833 944 889 ﬁlii
986 835 1091 890 mei
1122 851 1257 891 unus
1286 830 1354 890 ad
1381 834 1652 890 dexteram
1683 843 1826 889 tuam
1853 875 1870 901 ,

285 935 343 981 et
372 941 508 979 unus
539 925 603 978 ad
633 924 901 979 sinistram
935 926 986 979 in
1016 941 1183 995 regno
1214 936 1323 981 tuo.
1373 924 1726 995 Respondens
1777 940 1857 978 au-

286 1026 397 1071 tem
427 1016 683 1070 Dominus
707 1015 864 1071 Iesus
892 1016 1024 1072 dixit
1069 1018 1121 1073 ei
1167 1016 1434 1072 :Nescitis
1475 1016 1602 1087 quid
1648 1007 1875 1087 petatis.

287 1104 521 1163 Potestis
569 1106 793 1164 calicem
835 1105 1018 1162 bibere
1058 1122 1217 1179 quem
1255 1121 1355 1177 ego
1394 1107 1659 1164 bibiturus
1699 1107 1866 1165 sum?

288 1196 485 1253 Dicunt
532 1199 625 1255 ei:
674 1199 982 1257 Possumus.
1032 1201 1121 1257 Ait
1169 1201 1324 1258 illis:
1374 1200 1611 1259 Calicem
1654 1202 1875 1272 quidem

290 1304 475 1349 meum
516 1292 751 1357 bibetis;
802 1294 991 1350 sedere
1036 1304 1217 1354 autem
1263 1296 1332 1353 ad
1378 1295 1657 1354 dexteram
1701 1311 1877 1353 meam

294 1392 352 1439 et
378 1384 651 1440 sinistram
672 1427 685 1450 .
717 1402 826 1445 non
853 1396 937 1445 est
961 1405 1142 1446 meum
1178 1390 1311 1447 dare
1335 1391 1489 1448 vobis
1508 1430 1525 1458 ,
1552 1389 1651 1447 sed
1678 1390 1877 1460 quibus

296 1476 544 1550 paratum
578 1487 660 1537 est
685 1494 715 1535 a
745 1479 901 1536 Patre
932 1495 1077 1537 meo.

882 1586 1051 1622 trtctrtr
1073 1583 1207 1623 mssa
1242 1571 1288 1622 ⁸.

370 1652 651 1708 Electionis
682 1654 971 1710 Domtnicte
1004 1654 1317 1723 praeclarum
1348 1652 1712 1709 testimonium
1734 1694 1751 1719 ,
1790 1660 1875 1711 at-

294 1759 401 1815 que
423 1746 723 1814 apostolicae
744 1747 1174 1819 congregationis
1198 1746 1441 1803 mirabile
1464 1754 1873 1813 ornamentum,

689 348 1327 421 SACRAMENTARIUM
1368 357 1840 419 GALLICANUM.
1883 385 1953 399 —
1984 351 2367 412 LECTIONES
2408 352 2497 411 DE
2536 352 2861 411 ADVENTU
2902 349 3161 408 DOMINI.

3454 353 3562 410 470

1902 462 1959 531 Α
1980 468 2116 543 alius
2144 470 2355 527 videtur
2384 467 2653 526 conﬁdere
2680 470 2731 524 in
2759 482 2941 535 carne,
2969 483 3067 538 ego
3094 470 3293 537 magis;
3325 471 3558 526 circum-

1973 560 2114 616 cisus
2133 572 2318 619 octava
2339 563 2447 629 die,
2471 578 2537 618 ex
2558 576 2753 631 genere
2774 560 2956 627 Israel,
2982 561 3047 615 de
3070 558 3234 617 Tribu
3258 559 3558 630 Benjautin,

1972 651 2230 709 Hebraeus
2270 669 2334 709 ex
2375 652 2649 716 Hebreis,
2693 651 2984 707 secundum
3017 650 3187 722 legem
3220 651 3521 710 Pharisaaus
3544 694 3563 722 ,

1972 746 2270 803 secundum
2299 747 2694 805 :emulationetn
2729 761 3054 816 persequens
3084 748 3381 805 Ecclesiam
3414 750 3536 806 Dei.

2150 898 2153 899 ν
2202 838 2374 890 Lectio
2394 840 2550 888 sancti
2568 838 2828 903 Evangelii
2850 837 3118 888 secundum
3136 837 3335 888 Lucam.

2048 922 2242 978 Diebus
2276 922 2407 989 illis,
2441 933 2721 994 postquam
2748 924 3101 978 consummati
3141 931 3265 978 sunt
3291 922 3405 978 dies
3435 930 3563 979 octo

1974 1023 2033 1068 ut
2059 1014 2548 1077 circumcideretur.
2582 1004 2826 1070 vocatum
2857 1024 2939 1070 est
2970 1030 3162 1070 nomen
3192 1015 3306 1084 ejus
3351 1015 3509 1071 Iesus
3531 1058 3546 1083 ,

1975 1105 2117 1175 quod
2164 1116 2407 1161 vocatum
2450 1116 2531 1163 est
2570 1108 2637 1162 ab
2675 1108 2903 1180 angelo,
2943 1108 3253 1179 priusquam
3307 1109 3364 1164 in
3402 1119 3559 1169 utero

1976 1199 2370 1269 conciperetur.
2403 1198 2470 1253 Et
2500 1208 2780 1271 postquam
2810 1200 3013 1269 impleti
3047 1211 3170 1255 sunt
3197 1200 3314 1256 dies
3357 1217 3553 1273 purga-

1977 1290 2138 1345 tionis
2164 1289 2281 1362 ejus
2308 1291 2600 1348 secundutn
2627 1293 2795 1363 legem
2825 1293 3027 1365 Moysi,
3055 1293 3293 1349 tulerunt
3324 1293 3476 1349 illum
3506 1294 3561 1349 iu

1979 1383 2343 1452 Hierusalem,
2373 1395 2429 1440 ut
2456 1385 2710 1441 sisterent
2734 1400 2859 1441 eum
2900 1386 3163 1451 Domino,
3208 1388 3350 1443 sicut
3390 1389 3560 1459 scrip-

1980 1484 2094 1531 tum
2138 1486 2222 1531 est
2269 1478 2319 1531 in
2367 1477 2482 1547 lege
2532 1478 2772 1544 Domini,
2831 1478 2954 1546 quia
3000 1492 3157 1532 omne
3205 1479 3560 1538 masculinum

1979 1564 2298 1635 adaperiens
2321 1568 2537 1626 vulvam
2557 1608 2571 1633 ,
2605 1577 2845 1624 sanctum
2879 1571 3105 1628 Domino
3134 1573 3433 1629 vocabitur.

2598 1677 2767 1715 INCIPIT
2800 1678 2953 1716 ΗΒΕΑ.

2056 1742 2340 1799 Dominum
2371 1754 2612 1801 nostrum
2656 1746 2837 1802 Iesum
2880 1749 3149 1805 Christum
3175 1790 3192 1816 ,
3239 1750 3433 1807 fratres
3472 1764 3565 1806 ca-

291 1847 352 1893 et
391 1838 711 1908 evangelica!
751 1840 990 1895 veritatis
1026 1841 1242 1896 caeleste
1290 1838 1615 1908 praeconium
1656 1826 1955 1915 sanctos'h
1983 1834 2178 1889 rissimi
2212 1878 2226 1903 ,
2261 1835 2533 1892 humiliter
2560 1838 2931 1911 deprecemur,
2960 1842 3051 1910 qui
3086 1841 3289 1896 inﬁnita
3316 1839 3434 1913 ejus
3461 1842 3567 1897 tni-

293 1929 394 1985 Dei
433 1930 706 2000 apostolos
743 1939 796 1985 et
834 1943 1099 2001 martyres
1134 1932 1393 1987 Iacobum
1438 1941 1495 1987 et
1530 1931 1833 1989 Iohannem
1855 1972 1875 1999 ,

292 2022 580 2080 Dominum
610 2025 960 2095 deprecemur
986 2042 1004 2092 ;
1033 2036 1097 2083 ut
1119 2028 1209 2096 qui
1248 2027 1354 2084 illis
1383 2030 1716 2097 apostolatus
1756 2043 1878 2098 gra-

294 2116 427 2171 tiam
456 2117 540 2171 vel
570 2117 808 2189 martyrii
837 2119 982 2174 dedit
1010 2133 1262 2176 coronam
1280 2156 1299 2187 ,
1330 2120 1487 2177 nobis
1507 2134 1721 2191 quoque
1746 2135 1878 2177 con-

293 2208 455 2262 cedat
482 2209 693 2265 veniam
724 2218 1081 2279 peccatorum.

964 2300 1214 2353 Collectio.

376 2383 513 2439 Deus
541 2422 559 2451 ,
608 2385 695 2455 qui
742 2385 1067 2442 beatissimis
1114 2386 1373 2455 apostolis
1422 2386 1528 2443 tuis
1576 2385 1781 2444 Iacobo
1826 2396 1882 2445 et

292 2472 525 2530 Iohanni
550 2476 773 2547 gloriam
804 2478 1081 2549 martyrii,
1114 2478 1388 2535 bibitionis
1420 2479 1494 2535 tui
1520 2478 1706 2534 calicis
1736 2494 1873 2548 pm-

292 2565 514 2634 dixisti,
542 2578 596 2622 ut
623 2575 681 2625 et
704 2566 1056 2626 conﬁrmares
1079 2570 1490 2639 responsionem
1535 2584 1694 2639 quam
1738 2569 1873 2625 (ides

292 2672 433 2728 pura
487 2660 824 2729 protulerat;
883 2662 1051 2731 prosit
1109 2661 1463 2729 patrociniis,
1521 2669 1580 2716 ut
1631 2661 1871 2731 digneris

292 2749 555 2806 exaudire
584 2750 868 2823 suﬂ‘ragiis.

913 2844 1029 2894 Post
1054 2845 1266 2895 nomina.

372 2925 616 2993 Domine,
641 2932 797 2995 quem
823 2928 1107 2983 vocantem
1133 2926 1305 2982 sancti
1331 2924 1557 2995 apostoli
1582 2926 1812 2983 Iacobus
1833 2933 1888 2980 et

294 3020 579 3076 Iohannes
614 3020 717 3076 ﬁde
743 3019 947 3092 integra
971 3029 1095 3077 sunt
1116 3022 1314 3085 secuti,
1340 3028 1395 3076 et
1418 3032 1579 3091 quem
1602 3028 1886 3090 sequentes

294 3113 523 3169 caritate
553 3113 759 3182 integra
785 3123 911 3169 sunt
938 3113 1124 3181 electi,
1159 3120 1218 3169 ut
1243 3111 1426 3167 mundi
1460 3112 1749 3181 piscatores
1800 3111 1890 3166 tie-

293 3214 441 3270 rent,
460 3206 547 3272 qui
577 3205 819 3275 profundi
841 3206 976 3260 retia
1005 3206 1380 3274 reliquissent;
1406 3204 1626 3260 auribus
1650 3205 1887 3274 percipe,

294 3312 625 3369 quaesumus,
641 3298 935 3354 orationem
957 3306 1215 3366 nostram,
1234 3306 1295 3355 ut
1314 3298 1441 3353 dum
1462 3296 1679 3367 adsequi
1699 3312 1883 3353 eorum

296 3378 440 3446 facta
478 3405 583 3446 non
618 3404 930 3461 possumus,
965 3391 1190 3463 implere
1229 3390 1408 3448 saltim
1444 3390 1644 3447 monita
1671 3397 1885 3459 perten-

296 3482 508 3541 damus.

825 3552 1058 3603 Collectio
1082 3544 1141 3603 ad
1168 3564 1358 3618 pacem.

373 3638 594 3695 Domine
620 3647 852 3705 aeterne,
887 3638 973 3694 cui
1016 3636 1091 3692 ita
1135 3640 1186 3692 in
1234 3636 1434 3694 sanctis
1473 3635 1734 3705 apostolis
1781 3634 1886 3691 tuis

297 3732 497 3789 Iacobo
540 3742 594 3787 et
638 3731 880 3787 Iohanne
922 3718 1418 3801 plactiit'arcanum
1467 3725 1887 3796 dispensationis

298 3825 522 3894 implere
542 3867 558 3893 ,
593 3836 646 3879 ut
677 3824 908 3896 glorioso
933 3822 1195 3892 passionis
1221 3818 1467 3889 exemplo
1489 3818 1885 3887 apostolorum,

303 3932 532 3991 quorum
564 3918 652 3975 ille
683 3917 1018 3988 pracederet
1038 3959 1051 3981 ,
1084 3916 1182 3971 iste
1213 3913 1584 3986 praemitteret.

937 4006 1234 4057 Contestatio

377 4093 510 4151 Vere
535 4094 751 4168 dignum
783 4104 837 4149 et
858 4094 1059 4164 justum
1087 4102 1199 4158 est,
1242 4088 1583 4159 omnipmens
1629 4080 1799 4153 Deus,
1834 4096 1887 4141 ut

300 4186 566 4259 apostolos
585 4198 703 4244 tuos
714 4187 968 4244 Iacobum
985 4185 1348 4241 etJuhannem
1373 4180 1577 4237 meritis
1591 4179 1889 4250 suifragan-

300 4282 441 4337 tibus
466 4297 651 4353 preces
677 4290 886 4337 nostras
909 4281 1170 4351 propitius
1192 4276 1467 4342 exaudias,
1494 4291 1586 4347 per
1609 4273 1885 4330 Christum

300 4374 585 4431 Dominum
611 4384 871 4431 nostrum.
896 4375 998 4443 Qui
1019 4382 1102 4429 est
1122 4382 1427 4428 sanctorum
1452 4370 1687 4426 omnium
1712 4371 1881 4424 virtus

299 4479 356 4523 et
388 4470 578 4540 gloria,
603 4469 822 4525 victoria
846 4477 1139 4540 martyrum
1155 4477 1209 4521 et
1230 4481 1451 4534 corona,
1476 4460 1663 4519 Pastor
1687 4466 1887 4532 ovium,

301 4570 356 4618 et
377 4562 549 4617 hostia
573 4552 909 4619 saéerdotum
941 4578 954 4627 ;
989 4559 1248 4614 redemtio
1279 4558 1517 4628 gentium
1542 4565 1596 4611 et
1623 4544 1886 4626 propicia-
1922 4600 1945 4628 λ

1983 1927 2276 1984 sericordia
2306 1929 2362 1982 in
2392 1929 2626 1986 salutare
2656 1945 2755 1986 suo
2786 1946 2885 1986 nos
2917 1932 3184 1997 visitavit,
3218 1932 3270 1986 in
3317 1931 3569 2003 passione

1983 2021 2241 2087 redemit,
2268 2019 2502 2093 vitiaque
2530 2031 2709 2077 nostra
2738 2038 2767 2078 a
2794 2024 2950 2079 nobis
2974 2023 3346 2092 circumcisit,
3374 2032 3430 2082 et
3453 2036 3566 2080 om-

1983 2110 2072 2167 nia
2100 2112 2241 2168 idola
2266 2112 2563 2178 destruxit,
2595 2114 2841 2183 malaque
2868 2114 3137 2171 discussit.

2652 2202 2904 2254 Collectio.

2059 2283 2259 2338 Exaudi
2288 2299 2415 2352 nos,
2447 2284 2704 2352 Domine,
2733 2289 3057 2355 sempiterna
3104 2286 3342 2344 Trinitas
3385 2288 3557 2357 Deus,

1986 2379 2075 2448 qui
2105 2387 2323 2449 propter
2348 2378 2626 2434 hominum
2656 2390 2875 2449 peccata
2903 2394 3120 2437 carnem
3151 2381 3438 2436 adsumere
3481 2380 3562 2435 di-

1986 2472 2179 2541 gnatus
2221 2478 2322 2526 est.
2356 2470 2482 2525 Dies
2513 2471 2653 2526 enim
2695 2482 2885 2528 octava
2924 2484 3008 2529 est
3047 2487 3076 2526 a
3118 2482 3207 2527 tua
3250 2472 3527 2527 nativitate
3551 2512 3568 2539 ,

1986 2580 2093 2636 quo
2134 2565 2598 2620 circumcisionem
2645 2563 2923 2620 Dominum
2952 2574 3192 2620 nostrum
3212 2564 3397 2623 Iesum
3422 2561 3555 2618 Chri

1988 2669 2127 2714 Stum
2156 2658 2351 2713 Filium
2383 2669 2529 2713 tuum
2562 2660 2779 2729 posuisti
2804 2674 2899 2728 pro
2921 2658 3106 2722 nobis,
3132 2666 3185 2712 et
3207 2672 3431 2733 regnum
3461 2655 3569 2711 ido.

1992 2748 2221 2806 lolatria:
2277 2750 2621 2817 destruxisti,
2652 2752 2790 2805 viam
2820 2751 3061 2805 veritatis
3088 2750 3349 2814 docuisti,
3402 2749 3571 2819 legem

1990 2837 2254 2912 implesti,
2289 2840 2486 2912 Ioseph
2531 2848 2585 2895 et
2622 2838 2839 2894 Mariam
2882 2839 2934 2893 in
2977 2837 3188 2894 herimo
3228 2838 3471 2903 satiasti;
3518 2845 3573 2893 te

1992 2933 2338 2987 obsecramus
2358 2974 2373 2999 ,
2402 2931 2660 2999 Domine,
2691 2940 2745 2985 ut
2770 2948 2801 2985 a
2824 2930 3057 3002 peccatis
3081 2930 3241 2999 hujus
3266 2930 3448 2985 saeculi
3476 2942 3575 2984 nol

1997 3026 2226 3082 liberare
2258 3024 2517 3097 digneris.

2616 3095 2733 3146 Post
2758 3098 2965 3144 nomina.

2068 3179 2384 3235 Sanctorum
2413 3179 2649 3233 omnium
2681 3177 2849 3233 Deum
2893 3176 3104 3230 Patrem
3148 3174 3574 3244 omnipotentem

1924 3238 1970 3302 Ο
1999 3270 2372 3340 deprecemur,
2405 3282 2460 3325 ut
2486 3269 2783 3325 oblationes
2816 3268 3135 3323 famulorum
3168 3282 3231 3323 ae
3256 3266 3574 3322 famularum

1998 3380 2216 3421 suarum
2250 3364 2459 3434 placido
2487 3377 2550 3419 ac
2576 3376 2768 3419 sereno
2796 3361 2942 3417 vultu
2974 3363 3246 3430 respicere
3274 3361 3538 3432 digneris.

2643 3455 2716 3505 Ad
2747 3468 2932 3518 pacem.

2066 3541 2337 3597 Christum
2390 3539 2670 3595 Dominum
2717 3540 3088 3607 deprecemur,
3138 3551 3295 3607 quem
3350 3535 3577 3593 adorant

1993 3634 2169 3704 magi,
2230 3632 2608 3703 prophetarum
2663 3630 2913 3686 vaticinia
2964 3629 3302 3699 conplentur,
3358 3629 3579 3685 veniunt

1994 3745 2060 3786 ex
2091 3728 2298 3784 oriente
2326 3727 2515 3799 legati,
2546 3725 2680 3782 fides
2706 3725 2940 3797 gentium
2966 3724 3272 3778 declaratur
3298 3740 3311 3777 :
3344 3722 3574 3779 circum-

1992 3821 2182 3878 ciditur
2208 3828 2391 3876 octava
2424 3820 2509 3874 die
2539 3816 2962 3873 circumclslonis
2991 3815 3243 3870 inventor
3272 3833 3285 3870 :
3321 3814 3387 3869 ad
3430 3822 3574 3869 tem-

1992 3915 2137 3985 plum
2161 3914 2369 3969 ducitur
2390 3911 2697 3967 oli‘erendns
2722 3912 2808 3981 qui
2838 3918 2922 3964 est
2945 3906 3249 3965 adorandus
3269 3906 3324 3964 in
3349 3908 3573 3978 templo.

2640 4005 2940 4055 Contestatio

2064 4090 2199 4147 Vere
2243 4090 2460 4161 dignum
2501 4096 2556 4146 et
2599 4088 2801 4160 justum
2845 4096 2956 4155 est,
3000 4088 3345 4159 omnipotens
3390 4086 3563 4154 Deus,

1992 4193 2271 4259 propterea
2309 4184 2611 4239 exultetnus
2651 4182 2871 4237 uberius
2895 4220 2913 4249 ,
2953 4182 3077 4251 quia
3121 4180 3322 4236 scimus
3362 4179 3419 4235 in
3464 4180 3577 4234 ho-

1991 4278 2236 4334 diernutn
2266 4277 2407 4331 diem
2438 4276 2689 4331 salutaris
2721 4274 2835 4330 ﬁeri
2874 4276 3068 4330 natalis
3107 4283 3357 4330 octavum
3399 4273 3579 4345 legiti-

1993 4384 2138 4425 mum
2170 4369 2381 4423 Domini
2415 4367 2706 4423 secundum
2736 4381 2949 4422 carnem
2974 4366 3136 4436 geniti
3169 4365 3581 4421 circumcisione

1992 4466 2258 4536 signatum
2289 4481 2305 4521 :
2348 4463 2469 4535 quia
2510 4464 2647 4519 sicut
2692 4463 3068 4518 mortalitatem
3097 4471 3333 4517 nostram
3364 4460 3555 4516 adsum
3584 4488 3586 4491 -

1994 4558 2061 4613 sit
2086 4567 2144 4614 ut
2173 4566 2399 4613 mortem
2426 4566 2805 4618 consumeret,
2835 4555 2902 4608 ita
2931 4562 2984 4609 et
3006 4552 3191 4622 jugutn
3236 4553 3369 4623 legis
3398 4554 3453 4608 in
3482 4565 3611 4620 sua,

302 4654 377 4709 tio
418 4666 791 4723 peccatorum,
823 4653 935 4721 ipse
966 4650 1223 4705 Dominus
1268 4663 1331 4703 ac
1370 4642 1642 4703 redemtor
1684 4658 1886 4717 noster,
1919 4621 1968 4682 θ
1997 4664 2160 4706 carne
2217 4649 2451 4716 suscepit
2497 4656 2553 4702 ut
2602 4654 2784 4701 nostra
2825 4642 3034 4699 cervice
3077 4644 3404 4710 discuteret,
3460 4643 3583 4713 quia

301 4755 427 4803 ante
457 4746 611 4817 cujus
638 4746 1055 4802 sacratiSsimam
1085 4742 1268 4800 sedem
1299 4750 1441 4796 stant
1470 4743 1677 4811 angeli,
1705 4741 1772 4797 ad
1790 4779 1807 4797 .
1834 4781 1847 4795 .
1875 4780 1889 4794 .

621 4853 771 4894 IISSA
800 4853 885 4892 DIE
912 4848 1328 4893 CIRCUMCISIONIS
1358 4848 1560 4889 υοιίιΝι.

517 4928 535 5002 [
560 4929 818 4984 Lectiones
848 4929 901 4981 in
930 4924 1323 5001 Circumcisione
1357 4920 1567 4977 Domini
1594 4918 1648 4975 δ.

564 5018 775 5083 Epistula
801 5016 937 5067 Pauli
972 5015 1174 5081 apostoli
1200 5015 1259 5064 ad
1284 5013 1642 5076 Philippenses.

376 5102 622 5167 Fratres,
650 5102 826 5157 videte
855 5101 1340 5157 circumcisionem.
1373 5096 1479 5150 Nos
1520 5095 1663 5149 enim
1694 5106 1882 5148 sumus

302 5195 672 5263 circumcisio,
701 5193 790 5262 qui
824 5192 1015 5264 spiritu
1045 5202 1063 5229 ο
1100 5191 1189 5245 Dei
1220 5192 1484 5243 servimus
1510 5178 1564 5241 et
1592 5184 1887 5256 gloriamur

302 5291 357 5345 in
388 5289 601 5342 Christo
630 5272 754 5343 Iesu
781 5326 795 5352 ,
824 5294 877 5340 et
906 5300 1009 5338 non
1039 5282 1090 5337 in
1121 5297 1282 5337 carne
1315 5279 1563 5335 ﬁduciam
1595 5276 1885 5332 habentes.

302 5384 635 5451 Quamquam
656 5393 756 5449 ego
778 5377 1003 5433 habeam
1026 5372 1404 5429 conﬁdentiam
1423 5372 1473 5425 in
1490 5383 1671 5425 carne.
1693 5368 1751 5424 Si
1774 5366 1893 5437 quis

380 5525 407 5557 ⁸
437 5515 637 5571 Ordine
666 5521 997 5584 prmpostero
1022 5518 1141 5584 post
1168 5510 1385 5563 missam
1412 5504 1757 5584 Innocentutu
1787 5518 1883 5584 po:

306 5590 451 5644 nitur
482 5590 595 5641 hmc
623 5574 807 5647 missa,
841 5598 957 5656 quis
986 5574 1173 5656 eadem
1203 5588 1287 5656 est
1312 5587 1471 5656 atque
1506 5575 1590 5630 hic
1606 5589 1787 5656 iisque
1808 5574 1885 5656 ad

306 5660 767 5728 Contestationem
798 5646 1078 5728 in'Missali
1108 5647 1473 5728 GQtlllCO,'Sed
1491 5646 1782 5728 prolixior,
1808 5646 1887 5727 in-

306 5731 503 5798 scripta
520 5746 534 5783 :
552 5728 714 5783 Missa
735 5727 787 5780 in
804 5727 976 5780 natale
990 5724 1341 5793 apostolorum
1354 5717 1532 5801 acobi
1552 5727 1598 5770 et
1614 5715 1641 5769 Ι
1649 5716 1883 5798 olrnnm's.

380 5800 408 5839 δ
454 5801 519 5854 Et
567 5800 652 5854 hic
686 5797 867 5852 titulus
908 5796 1056 5850 deest
1099 5795 1151 5848 in
1203 5802 1368 5847 vetert
1414 5788 1745 5853 exemplari,
1788 5787 1884 5841 sed

384 5829 408 5839 -
471 5829 480 5837 -
567 5829 595 5851 ι.
642 5829 649 5831 ~
753 5829 799 5850 υ.
844 5829 867 5849 δ
908 5829 1056 5850 “Ws.
1209 5829 1368 5847 mw
1414 5829 1566 5843 ων...
1788 5829 1881 5841 ..νη

308 5829 992 5941 ηεεθᾶἒιτίδυειῖίίριὲηὼιε.
1022 5864 1168 5929 Idem
1200 5866 1421 5921 observa
1451 5859 1518 5915 de
1543 5829 1663 5915 aliis
1693 5857 1881 5921 titulis,

1997 4757 2097 4810 pro
2127 4742 2473 4795 universitate
2500 4738 2720 4794 humani
2747 4736 2960 4808 generis
2985 4735 3237 4792 Salvator
3264 4737 3574 4795 advenerat.

2002 4835 2171 4900 Quem
2202 4833 2349 4887 laud.

2453 4915 2602 4956 mssa
2644 4914 2696 4953 IN
2736 4912 3027 4952 εριιπΑΝιΑ
3066 4894 3119 4951 ά.

2396 4991 2702 5066 [Lectiones
2752 4990 2803 5043 in
2844 4985 3187 5060 Epiphania.]

2348 5082 2561 5150 Epistola
2588 5082 2725 5131 Pauli
2751 5081 2952 5146 apostoli
2980 5080 3037 5129 ad
3061 5080 3238 5129 Titum.

2067 5169 2311 5234 Fratres,
2343 5166 2583 5239 apparuit
2608 5164 2775 5236 grati-1
2812 5164 2904 5218 Dei
2935 5161 3229 5217 Salvatoris
3255 5160 3424 5215 nostri
3456 5174 3575 5217 om-

1996 5264 2153 5321 nibus
2186 5258 2521 5325 hominibus,
2550 5257 2798 5314 erudiens
2826 5270 2959 5321 nos,
3004 5264 3058 5309 ut
3097 5254 3425 5323 abnegantes
3470 5255 3577 5309 im-

1997 5362 2252 5432 pietatem
2281 5364 2338 5412 et
2363 5353 2642 5412 saecularia
2671 5351 2936 5408 desideria
2960 5391 2974 5413 ,
3003 5348 3211 5415 sobrie,
3238 5356 3294 5402 et
3314 5347 3459 5416 juste
3484 5389 3500 5415 ,
3536 5357 3595 5405 et

1994 5493 2361 5571 quos_ansu_lis
2392 5491 2627 5571 inclusos
2658 5490 2849 5571 habes.

2071 5552 2094 5609 ό
2137 5568 2372 5637 Legebat,
2398 5564 2720 5637 Αυεμειίηῃς
2743 5556 2962 5637 Spiritui
2989 5556 3038 5637 in
3071 5568 3321 5637 sermone
3350 5552 3570 5637 cntxnad

1996 5626 2249 5712 pupulum
2272 5677 2286 5701 ,
2318 5626 2687 5712 uum._1_,ﬂnhi
2705 5630 2894 5712 subgit
2922 5646 2932 5679 :
2966 5628 3123 5708 «Scio
3153 5627 3437 5695 plerosque
3465 5626 3567 5680 (lo-

1994 5696 2137 5768 dices
2169 5696 2364 5763 habere
2393 5723 2406 5757 :
2443 5696 2774 5771 Qui'Spiritu
2806 5701 2908 5751 Deo
2942 5696 3205 5771 seruintus.
3246 5716 3265 5749 ι

2064 5762 2284 5849 il"ltlphy
2296 5762 2665 5849 pltaniaetiain
2685 5771 2937 5849 seri-hitur
2958 5770 3010 5825 in
3035 5762 3371 5826 Lectionario
3396 5766 3570 5822 Luxo-

1994 5842 2203 5916 vieusi,
2235 5842 2343 5904 tum
2375 5848 2428 5901 in
2460 5842 2656 5901 Missali
2679 5842 2925 5900 Gothico.
