4060 6346
531 292 622 344 471

530 408 614 476 pie
673 403 908 457 vivamus
957 400 1011 455 in
1059 399 1160 453 hoc
1207 395 1436 459 saculo,
1472 400 1842 463 exspectantes
1893 391 2102 446 beatam
2129 392 2184 453 Α

529 511 672 565 spe-n
714 503 770 547 et
805 492 1090 546 adventum
1131 488 1317 558 gloria
1361 483 1538 556 magni
1580 482 1788 537 Domini
1832 489 1886 535 et
1911 479 2103 536 Salva-

530 589 660 644 toris
691 584 858 640 nostri
887 583 1014 638 Iesu
1041 580 1262 636 Christi.

715 675 884 724 Lectio
906 675 1059 722 sancti
1082 669 1335 730 Evangelii
1357 667 1621 717 secundum
1641 663 1930 713 Iohannem.

486 745 500 816 ἕ
599 759 798 814 Diebus
837 755 942 810 illis
971 764 1022 824 ⁸,
1065 752 1213 808 venit
1252 751 1504 805 Dominus
1544 749 1699 803 Iesus
1731 747 1787 800 in
1814 743 2103 800 Iordanem

533 851 599 906 ad
628 849 923 905 Iohannem
943 885 961 912 ,
995 855 1052 900 ut
1076 844 1433 912 baptizaretur
1461 841 1529 893 ab
1556 853 1643 894 eo.
1683 837 1958 892 Iohannes
2000 849 2101 888 au-

538 953 642 998 tem
673 939 990 1011 prohibebat
1009 952 1131 993 eum
1157 936 1340 990 dicens
1373 950 1387 986 :
1419 932 1534 1000 Ego
1564 945 1595 984 a
1622 940 1675 985 te
1715 930 1886 984 debeo
1927 926 2106 995 bapti-

535 1034 641 1087 zari
663 1077 678 1100 ,
711 1040 766 1086 et
793 1041 850 1085 tu
878 1029 1028 1084 venis
1056 1028 1123 1081 ad
1155 1027 1276 1080 me?
1319 1021 1672 1092 Respondens
1709 1028 1886 1074 autem
1929 1017 2111 1071 Domi-

535 1141 634 1181 nus
660 1125 816 1180 Iesus
845 1123 978 1177 dixit
1010 1121 1093 1176 ei:
1127 1119 1256 1175 Sine
1283 1116 1442 1171 modo
1472 1134 1485 1180 ;
1515 1114 1594 1170 sic
1633 1112 1775 1168 enim
1816 1111 1973 1167 decet
2013 1123 2111 1164 nos

535 1217 759 1286 implere
788 1229 1000 1270 omnem
1027 1212 1307 1282 justitiam.
1336 1209 1488 1263 Tunc
1517 1206 1720 1261 dimisit
1747 1219 1888 1260 eum.
1922 1204 2108 1273 Bapti-

535 1320 684 1364 zatus
729 1317 906 1363 autem
950 1305 1229 1361 confestim
1278 1300 1520 1357 ascendit
1560 1298 1626 1353 de
1677 1313 1843 1367 aqua,
1889 1304 1946 1351 et
1987 1309 2114 1350 ecce

536 1402 704 1470 aperti
735 1409 856 1454 sunt
886 1401 934 1454 ei
975 1398 1120 1461 cali,
1167 1404 1223 1450 et
1268 1396 1401 1448 vidit
1443 1393 1700 1459 Spiritum
1748 1391 1844 1445 Dei
1887 1390 2114 1444 descen-

535 1495 745 1548 dentem
775 1493 912 1546 sicut
936 1488 1238 1544 columbam
1264 1485 1564 1540 venientem
1594 1496 1756 1548 super
1787 1495 1844 1534 se
1868 1522 1882 1546 ,
1915 1489 1969 1534 et
1997 1493 2099 1533 vox

537 1587 604 1639 de
646 1585 789 1638 calis
833 1583 1053 1636 dicens:
1102 1578 1198 1632 Hic
1237 1586 1320 1631 est
1358 1575 1521 1629 Filius
1556 1588 1706 1628 meus
1751 1572 2011 1636 dilectus,
2060 1571 2113 1624 in

538 1691 644 1744 quo
686 1674 816 1728 mihi
855 1670 1172 1742 complacui.
1215 1667 1364 1740 [Luc.
1408 1681 1504 1730 ut,
1537 1662 1649 1734 13.]
1687 1664 1762 1718 Er
1809 1663 1921 1731 ipse
1960 1661 2116 1718 Iesus

538 1777 653 1822 erat
699 1767 958 1835 incipiens
997 1763 1148 1819 auasi
1197 1774 1458 1814 annorum
1491 1759 1705 1829 triginta
1731 1764 1791 1812 ut
1819 1756 2104 1824 putabatur
2144 1755 2193 1816 B

541 1858 683 1913 ﬁlius
713 1858 896 1926 Iosep.

613 1947 826 2018 [Ιοαηη.
856 1960 927 2011 ιι,
957 1943 1006 2014 1]
1045 1941 1122 1998 Er
1159 1942 1246 1997 die
1283 1941 1442 1996 tertio
1480 1941 1681 2009 nuptiae
1721 1936 1877 1992 facta
1905 1945 2029 1991 sunt
2059 1937 2113 1992 in

545 2040 692 2094 Cana
723 2037 968 2101 Galilea,
999 2043 1051 2089 et
1079 2044 1194 2089 erat
1241 2041 1409 2088 mater
1445 2032 1573 2087 Iesu
1624 2031 1717 2085 ibi.
1753 2029 1985 2084 Vocatus
2029 2038 2112 2084 est

545 2136 721 2182 autem
763 2124 1017 2180 Dominus
1055 2125 1209 2180 Iesus
1246 2133 1300 2179 et
1328 2123 1572 2191 discipuli
1615 2122 1729 2190 ejus
1771 2120 1836 2175 ad
1877 2121 2110 2191 nuptias.

541 2221 605 2272 Et
647 2217 926 2272 deﬁciente
972 2216 1094 2270 vino
1132 2215 1258 2270 dicit
1301 2223 1472 2268 mater
1524 2213 1648 2267 Iesu
1696 2211 1762 2266 ad
1810 2227 1975 2267 eum:
2029 2211 2118 2266 Vi-

540 2325 668 2364 num
709 2323 814 2362 non
856 2307 1070 2363 habent.
1116 2307 1184 2360 Et
1220 2307 1348 2360 dicit
1388 2304 1434 2360 ei
1467 2305 1725 2358 Dominus
1751 2303 1941 2358 Iesus:
1976 2303 2117 2370 Quid

539 2401 669 2455 mihi
699 2409 752 2454 et
781 2399 873 2454 tibi
905 2409 1023 2466 est,
1071 2399 1305 2454 mulier?
1341 2398 1576 2452 nondum
1619 2397 1765 2450 venit
1805 2396 1933 2449 hora
1977 2411 2116 2452 mea.

536 2492 676 2546 Dicit
705 2498 874 2545 mater
900 2490 1017 2559 ejus
1044 2490 1304 2544 ministris
1330 2507 1343 2542 :
1376 2489 1758 2556 Quodcumque
1787 2487 1980 2542 dixerit
2027 2504 2120 2542 vo-

545 2581 628 2635 bis
657 2580 834 2635 facite.
859 2580 1025 2635 Erant
1044 2589 1216 2634 autem
1250 2580 1320 2634 ibi
1346 2580 1566 2649 lapidea
1589 2579 1796 2650 hydria
1818 2596 1911 2635 sex
1935 2582 2120 2649 posita

545 2673 840 2727 secundum
870 2672 1291 2740 purificationem
1327 2671 1633 2726 Iudaorum
1655 2713 1671 2738 ,
1702 2672 1975 2740 capientes
2013 2671 2122 2726 sin-

539 2764 679 2831 gula
707 2772 962 2817 metretas
993 2763 1146 2816 binas
1173 2765 1252 2816 vel
1284 2774 1483 2818 ternas.
1534 2762 1673 2817 Dicit
1701 2764 1782 2818 eis
1812 2762 2068 2817 Dominus
2104 2781 2118 2817 :

537 2851 760 2920 lmplete
788 2851 1003 2922 hydrias
1029 2867 1187 2922 aqua.
1236 2851 1304 2906 Et
1349 2853 1706 2922 impleverunt
1736 2868 1826 2906 eas
1859 2868 2025 2922 usque
2053 2854 2117 2907 ad

539 2959 826 3000 summum.
859 2944 922 2998 Et
953 2944 1082 2998 dicit
1109 2945 1186 2998 eis
1209 2943 1365 2998 Iesus
1393 2964 1406 2999 :
1438 2944 1654 2999 Haurite
1688 2958 1865 3012 nunc,
1894 2953 1948 2998 et
1981 2944 2117 2999 ferte

539 3035 919 3091 architriclino.
973 3035 1038 3088 Et
1091 3033 1345 3089 tulerunt.
1407 3033 1473 3090 Ut
1527 3045 1706 3090 autem
1758 3034 1990 3103 gustavit
2035 3050 2121 3087 ar-

539 3127 868 3181 chitriciinus
916 3140 1104 3196 aquam
1156 3127 1334 3181 vinum
1386 3125 1616 3192 factum,
1664 3134 1719 3182 et
1766 3141 1870 3180 non
1913 3126 2190 3205 sciebatc

539 3218 680 3273 unde
708 3225 852 3272 esset
882 3234 897 3282 ;
940 3217 1167 3270 ministri
1197 3227 1372 3272 autem
1403 3219 1646 3272 sciebant
1679 3219 1768 3288 qui
1801 3218 2120 3273 hauriebant

539 3324 770 3379 aquam;
802 3318 956 3363 vocat
997 3323 1248 3378 sponsum
1285 3308 1708 3375 architriclinus,
1759 3319 1814 3365 et
1855 3310 1989 3366 dicit
2028 3309 2118 3364 ei:

539 3401 722 3455 Omnis
751 3400 909 3454 homo
941 3400 1165 3467 primum
1199 3401 1398 3454 bonum
1439 3401 1621 3455 vinum
1671 3402 1850 3469 ponit,
1902 3412 1955 3456 et
1994 3416 2117 3456 cum

538 3491 783 3547 inebriat:
814 3492 1039 3557 fuerint,
1073 3501 1198 3547 tunc
1227 3491 1278 3545 id
1304 3491 1446 3560 quod
1475 3492 1711 3547 deterius
1740 3501 1843 3546 est.
1891 3492 1970 3546 Tu
2016 3508 2122 3546 au-

537 3591 644 3637 tem
671 3583 892 3636 servasti
924 3582 1120 3636 bonum
1167 3583 1348 3635 vinum
1393 3595 1558 3651 usque
1603 3579 1799 3635 adhuc.
1845 3580 1958 3635 Iioc
1999 3580 2122 3635 fecit

536 3674 744 3730 initium
775 3673 1045 3743 signorum
1075 3674 1333 3727 Dominus
1373 3672 1527 3728 Iesus
1571 3674 1621 3727 in
1663 3672 1806 3728 Cana
1847 3671 2110 3739 Galilea,

537 3773 594 3819 et
618 3763 981 3818 manifestavit
1007 3764 1227 3834 gloriam
1253 3778 1437 3830 suam,
1466 3772 1520 3818 et
1540 3763 1881 3820 crediderunt
1911 3762 1962 3817 in
1992 3777 2116 3818 eum

543 3853 789 3924 discipuli
820 3855 957 3924 ejus.

1145 3939 1318 3976 INCIPIT
1351 3939 1502 3977 MISSA.

623 4008 789 4064 Deum
833 4024 919 4078 qui
968 4017 1206 4070 sanctam
1251 4011 1375 4064 huic
1421 4007 1732 4078 Ephyfania
1780 4008 2120 4064 festivitatem

550 4114 745 4154 nomen
778 4100 842 4154 de
874 4100 1202 4155 mirabilibus
1231 4102 1408 4166 dedit,
1457 4099 1648 4155 fratres
1690 4101 1990 4167 carissimi,
2024 4116 2120 4169 per

546 4189 966 4245 misericordiam
999 4191 1208 4245 Domini
1241 4193 1333 4248 Dei
1386 4191 1555 4246 nostri
1587 4190 1714 4246 Iesu
1754 4189 1951 4246 Christi
1995 4206 2122 4261 sup-

548 4281 756 4350 pliciter
785 4282 1156 4350 deprecemur,
1207 4293 1264 4336 ut
1305 4285 1444 4338 sicut
1484 4284 1741 4339 hodierna
1785 4285 2117 4340 sollemnitas

543 4379 597 4425 et
624 4370 926 4440 Apparitio,
955 4383 1008 4426 et
1038 4373 1414 4441 lnlutninatio,
1448 4383 1500 4428 et
1529 4375 1826 4430 Declaratio
1847 4415 1862 4441 ,
1902 4391 1966 4431 ex
2013 4378 2121 4431 mi-

542 4462 724 4516 raculo
750 4476 900 4530 aqua
935 4463 987 4518 in
1014 4463 1194 4517 vinum
1226 4479 1428 4531 versa,
1464 4465 1534 4518 ita
1564 4467 1614 4519 in
1644 4465 1838 4534 populo
1864 4481 1962 4521 suo
2000 4476 2117 4533 est,

1271 275 1610 334 APPENDIX
1656 277 1745 334 AD
1783 275 2012 333 OPERA
2067 275 2124 328 S.
2175 272 2483 330 CERMANI
2537 273 2975 331 PARISIBNSIS.

3681 277 3790 332 ἆτ’]

2816 387 2934 436 Post
2955 388 3168 436 nomina.

2280 471 2421 526 Deus
2446 471 2534 541 qui
2562 469 2712 525 dives
2741 483 2800 524 es
2825 469 2879 524 in
2907 469 3153 524 omnibus
3194 466 3590 535 misericordia,
3636 467 3791 522 Pater

2206 563 2422 632 gloria,
2451 564 2542 632 qui
2572 562 2792 631 posuisti
2818 560 3008 615 Filium
3035 545 3216 626 tuum,
3248 559 3431 614 lumen
3463 559 3519 613 in
3545 560 3788 613 nationi-

2208 658 2336 724 bus,
2385 657 2675 728 pradicare
2718 655 2949 726 captivis
2988 655 3449 724 redemptionem,
3501 654 3667 709 cacis
3709 655 3793 707 vi-

2209 763 2367 814 sum;
2416 748 2789 804 remissionem
2845 757 3217 816 peccatorum,
3273 755 3328 801 et
3379 753 3590 801 sortem
3649 746 3795 800 inter

2210 850 2422 896 sanctos
2449 855 2542 909 per
2572 839 2728 895 fidem
2749 882 2763 908 ,
2793 838 2881 909 qui
2912 853 2970 894 es
2999 839 3052 892 in
3080 835 3297 893 Christo
3337 838 3518 909 largus
3561 836 3795 892 misera-

2213 943 2315 999 tor,
2348 933 2584 1002 indulge.

2861 1000 2931 1050 Ad
2957 1014 3126 1064 pacem

2286 1106 2452 1169 Deus,
2485 1105 2574 1175 qui
2606 1119 2701 1174 per
2729 1105 3055 1173 unigenitum
3083 1104 3265 1160 Iesum
3292 1103 3560 1160 Christum
3597 1102 3798 1158 Filium

2214 1205 2360 1251 tuum
2393 1198 2678 1252 Dominum
2722 1205 2966 1251 nostrum
2999 1195 3158 1250 hodie
3184 1196 3681 1251 sanctificationem
3715 1210 3800 1247 sa-

2214 1287 2340 1342 lutis
2388 1299 2604 1343 aterna
2652 1289 2806 1358 aquis
2854 1289 3296 1357 regenerantibus
3344 1288 3650 1358 prastitisti
3683 1327 3702 1353 ,
3752 1299 3804 1342 et

2215 1379 2464 1434 veniente
2509 1393 2666 1446 super
2707 1387 2868 1447 caput
2912 1378 3054 1432 illius
3097 1378 3325 1446 spiritali
3365 1378 3660 1441 columba,
3709 1391 3806 1448 per

2217 1470 2472 1539 Spiritum
2512 1477 2754 1523 sanctum
2803 1473 2919 1538 ipse
2965 1468 3198 1534 venisti,
3243 1469 3412 1534 dona,
3448 1482 3807 1538 quasumus,

2219 1570 2275 1616 ut
2321 1563 2498 1616 veniat
2526 1576 2688 1630 super
2735 1560 2873 1614 hanc
2921 1575 3133 1614 omnem
3176 1559 3458 1615 ecclesiam
3510 1570 3664 1614 tuam
3710 1559 3798 1613 illa

2219 1651 2546 1719 benedictio,
2576 1666 2695 1720 qua
2724 1660 2943 1706 cunctos
2971 1650 3172 1720 iugiter
3198 1659 3460 1720 protegat.

2851 1741 3164 1790 Contestatio.

2288 1822 2425 1879 Vere
2465 1822 2682 1892 dignum
2725 1831 2779 1878 et
2818 1823 3018 1892 justum
3063 1831 3179 1889 est,
3221 1823 3567 1892 omnipotens
3604 1822 3764 1878 Dens
3791 1868 3805 1891 ,

2217 1915 2340 1985 quia
2365 1923 2543 1969 notam
2575 1913 2748 1970 fecisti
2790 1914 2840 1967 in
2882 1914 3090 1983 populis
3134 1898 3556 1968 misericordiam
3605 1923 3807 1978 tuam,

2217 2018 2272 2064 et
2299 2011 2528 2065 salutare
2558 2017 2703 2062 tuum
2731 2008 2934 2063 cunctis
2963 2008 3211 2078 gentibus
3233 2004 3517 2062 declarasti
3537 2049 3551 2068 ,
3583 2007 3808 2061 hodier-

2219 2117 2346 2156 num
2375 2100 2654 2154 declarans
2681 2099 2852 2162 diem,
2901 2099 2952 2152 in
2998 2113 3103 2166 quo
3150 2098 3416 2152 adoranda
3465 2099 3576 2151 veri
3625 2097 3802 2166 Regis

2221 2191 2444 2246 infantia
2489 2192 2749 2246 excitatos
2775 2190 2842 2244 de
2868 2189 3090 2244 remotis
3129 2189 3371 2258 partibus
3405 2188 3551 2242 viros
3593 2189 3808 2242 clarior

2222 2282 2417 2337 ceteris
2456 2281 2721 2336 sideribus
2747 2281 2899 2335 stella
2929 2281 3282 2350 perduceret,
3311 2288 3366 2335 et
3393 2280 3511 2335 cali
3541 2294 3603 2334 ac
3634 2290 3810 2335 terra

2224 2373 2505 2428 Dominum
2533 2372 2879 2441 corporaliter
2909 2383 3122 2436 natum,
3167 2371 3315 2426 radio
3359 2387 3469 2427 sua
3514 2371 3649 2424 lucis
3703 2386 3794 2426 os-

2222 2467 2484 2520 tenderet.
2516 2464 2800 2534 Propterea
2828 2466 3054 2534 profusis
3076 2465 3282 2535 gaudiis
3307 2473 3449 2519 totus
3478 2478 3575 2534 per
3605 2464 3806 2519 orbem

2223 2567 2482 2612 terrarum
2513 2557 2740 2611 mundus
2768 2556 2991 2611 exultat.
3017 2557 3122 2612 Sed
3149 2565 3203 2611 et
3230 2571 3475 2626 superna
3501 2557 3810 2610 concinunt

2223 2657 2545 2717 potestates,
2580 2646 2832 2717 hymnum
2863 2646 3048 2716 gloria
3077 2657 3178 2702 tua
3218 2647 3335 2702 sine
3373 2647 3680 2701 cessatione
3729 2646 3814 2699 di-

2223 2749 2402 2795 centes
2428 2758 2438 2792 :
2475 2739 2706 2794 Sanctus

2522 2872 2670 2914 MISSA
2710 2872 2760 2911 IN
2795 2873 3074 2912 CATIIEDBA
3111 2873 3295 2913 SANCTI
3335 2872 3510 2913 PETRI.

2430 2975 2450 3047 [
2479 2974 2740 3028 Lectiones
2769 2973 2822 3025 in
2851 2971 3103 3025 Cathedra
3131 2971 3290 3025 sancti
3322 2969 3462 3024 Petri
3491 2967 3537 3025 δ.

2566 3086 2779 3149 Epistola
2804 3085 2939 3134 Petri
2963 3083 3162 3145 apostoli
3188 3084 3246 3132 ad
3269 3089 3459 3144 gentes.

2296 3199 2536 3262 Fratres,
2569 3195 2878 3252 benedictus
2905 3194 3045 3249 Deus
3092 3205 3145 3249 et
3189 3202 3339 3264 pater
3378 3194 3586 3249 Domini
3631 3201 3805 3252 nostri

2223 3288 2347 3343 Iesu
2376 3287 2614 3351 Christi,
2649 3287 2736 3355 qui
2767 3286 3061 3343 secundum
3092 3301 3337 3357 magnam
3372 3285 3804 3342 misericordiam

2223 3393 2372 3434 suam
2405 3380 2740 3450 regeneravit
2779 3395 2876 3434 nos
2919 3381 2969 3433 in
3016 3393 3165 3449 spem
3210 3378 3370 3444 vita,
3416 3392 3510 3448 per
3550 3393 3804 3433 resurre-

2223 3474 2450 3528 ctionem
2501 3473 2628 3528 Iesu
2669 3473 2866 3526 Christi
2913 3488 2979 3527 ex
3027 3471 3283 3535 mortuis,
3350 3471 3401 3524 in
3446 3469 3804 3526 hereditatem

2225 3563 2678 3633 incorruptibilem
2710 3573 2764 3618 et
2802 3565 3268 3619 incontaminatam
3293 3603 3308 3630 ,
3349 3572 3403 3619 et
3443 3563 3796 3619 inmarcessi-

2223 3656 2423 3722 bilem,
2451 3666 2821 3712 conservatam
2854 3657 2905 3711 in
2936 3656 3100 3711 calis.

2372 3748 2541 3798 Lectio
2570 3751 2721 3800 sancti
2743 3749 2998 3812 Evangelii
3019 3748 3288 3798 secundum
3311 3749 3592 3799 Matthaum
3614 3754 3657 3798 ε.

2294 3833 2558 3901 Tempore
2585 3833 2707 3899 illo,
2740 3833 2887 3887 venit
2915 3833 3168 3887 Dominus
3195 3832 3350 3888 Iesus
3383 3834 3433 3887 in
3463 3843 3647 3902 partes
3676 3834 3796 3890 Ca-

2223 3936 2394 3977 sarea
2434 3922 2689 3990 Philippi,
2721 3931 2774 3976 et
2805 3923 3150 3992 interrogavit
3184 3922 3475 3992 discipulos
3517 3938 3647 3978 suos
3670 3965 3686 3990 ,
3727 3927 3805 3980 dio

2224 4029 2378 4068 cens:
2407 4015 2573 4079 Quem
2597 4028 2682 4068 me
2704 4013 2889 4066 dicunt
2919 4013 3160 4067 homines
3182 4027 3302 4069 esse
3328 4015 3495 4068 illium
3523 4013 3803 4071 hominis?

2225 4107 2322 4175 Qui
2353 4106 2632 4160 dixerunt:
2667 4106 2770 4159 Alii
2799 4105 3094 4159 Iohannem
3125 4105 3456 4175 Baptistam,-
3478 4106 3564 4160 alii
3597 4106 3800 4170 Eliam,

2226 4201 2311 4253 alii
2339 4215 2466 4254 vero
2503 4199 2826 4264 Ieremiam,
2868 4208 2960 4252 aut
2995 4213 3160 4252 unum
3196 4213 3264 4253 ex
3300 4198 3604 4267 Prophetis.
3650 4200 3795 4254 Dixit

2225 4303 2401 4347 autem
2434 4293 2536 4348 illis
2567 4292 2823 4345 Dominus
2848 4290 3039 4346 Iesus:
3070 4290 3178 4345 Vos
3204 4306 3333 4346 vero
3362 4307 3516 4362 quem
3547 4307 3635 4348 me
3680 4308 3803 4350 esse

2227 4385 2446 4440 dicitis?
2487 4383 2840 4454 Respondens
2872 4382 3059 4437 Simon
3103 4382 3294 4438 Petrus
3339 4383 3471 4438 dixit
3501 4383 3549 4439 ei
3581 4401 3597 4440 :
3627 4383 3713 4439 Tu
3743 4401 3801 4440 es

2225 4476 2473 4532 Christus
2503 4475 2642 4528 filius
2671 4475 2762 4528 Dei
2792 4474 2919 4528 vivi.
2948 4473 3302 4542 ReSpondens
3333 4485 3508 4528 autem
3540 4475 3805 4530 Dominus

542 4562 601 4606 ut
639 4553 854 4608 claritas
895 4555 1188 4623 majestatis
1232 4571 1342 4611 sua
1386 4558 1501 4612 sine
1546 4559 1845 4614 cessatione
1886 4559 2117 4630 fulgeat,
2149 4527 2203 4588 D
2228 4571 2383 4626 Jesus
2414 4568 2546 4622 dixit
2572 4568 2619 4622 ei
2647 4585 2658 4620 :
2690 4567 2882 4621 Beatus
2911 4581 2989 4633 es,
3022 4527 3206 4620 Simon
3236 4566 3482 4635 Barjona,
3513 4567 3638 4636 quia
3669 4582 3732 4620 ca
3747 4584 3804 4621 ro

545 4655 603 4700 et
643 4647 941 4702 sanctitatis
967 4650 1144 4704 lumen
1174 4664 1389 4720 semper
1414 4661 1699 4720 appareat,
1732 4661 1790 4706 ut
1830 4653 1980 4723 plebs
2022 4654 2124 4709 ista

547 4753 644 4794 suo
683 4738 896 4796 nomine
925 4753 1235 4799 consecrata
1267 4754 1598 4812 permaneat.

1215 4828 1461 4879 Collectio.

2224 4668 2278 4714 et
2305 4657 2522 4726 sanguis
2551 4672 2656 4711 non
2685 4657 2939 4711 revelavit
2973 4657 3102 4724 tibi,
3136 4657 3229 4712 sed
3261 4655 3424 4711 Pater
3445 4671 3597 4712 meus
3627 4660 3717 4727 qui
3751 4659 3803 4712 in

2225 4751 2374 4805 calis
2403 4757 2506 4805 est.
2555 4750 2622 4804 Et
2662 4764 2761 4819 ego
2802 4749 2921 4803 dico
2963 4749 3086 4813 tibi,
3133 4749 3255 4819 quia
3301 4758 3357 4803 tu
3388 4765 3445 4803 es
3485 4749 3710 4816 Petrus,
3753 4760 3808 4806 et

2225 4856 2388 4910 super
2426 4842 2562 4896 hanc
2600 4849 2805 4910 petram
2845 4839 3119 4894 aedificabo
3160 4841 3455 4895 Ecclesiam
3495 4856 3707 4909 meam,
3753 4853 3803 4897 et

615 4909 783 4964 Deum
813 4911 906 4978 qui
933 4913 1284 4967 sanctificavit
1311 4914 1557 4968 Iordanis
1586 4913 1783 4969 ﬂuenta
1805 4955 1821 4980 ,
1856 4913 2119 4970 benedixit

2226 4909 2394 5000 porta
2423 4933 2576 4987 inferi
2606 4909 2713 4986 non
2744 4931 3110 5001 pravalebunt
3136 4933 3391 4988 adversus
3430 4949 3566 4988 eam.
3605 4935 3672 4989 Et
3712 4936 3806 4990 tibi

540 4999 787 5068 conjugia
814 5001 1101 5067 nuptialia,
1148 5000 1343 5057 fratres
1384 5004 1689 5070 carissimi,
1733 5004 2111 5074 deprecemur,

541 5099 599 5144 nt
641 5090 792 5160 cujus
837 5093 1091 5148 miracula
1132 5095 1321 5150 annuis
1366 5097 1656 5152 recolimus
1700 5098 1950 5165 vicibus,
2007 5102 2120 5156 sola

542 5186 659 5254 ejus
690 5187 857 5258 gratia
889 5201 1192 5242 mereamur
1216 5187 1596 5259 indulgentiam
1629 5199 1991 5259 peccatorum.

616 5355 641 5381 η
683 5345 881 5400 Eodem
905 5346 1062 5399 modo
1085 5346 1430 5415 Evangelium
1453 5347 1554 5401 hoc
1583 5348 1668 5402 die
1697 5347 1748 5400 in
1774 5347 2113 5402 Lectionario

543 5414 872 5487 lmxoviensi
913 5414 1351 5471 contextum’est
1402 5433 1463 5472 ex
1525 5419 1692 5475 tribus
1748 5418 2109 5487 Evangelistis

541 5485 788 5538 Manlian
811 5528 824 5545 .
855 5486 992 5539 Luca
1012 5528 1026 5548 ,
1060 5496 1112 5541 et
1140 5487 1402 5542 Iohanne.

617 5553 640 5590 δ
683 5554 820 5607 Nihil
871 5558 953 5609 hic
998 5557 1063 5608 de
1105 5567 1283 5610 sancta
1327 5559 1628 5619 Genovefa,
1662 5557 1739 5611 sic
1768 5571 1896 5611 vero
1923 5557 2109 5615 inLe-

541 5625 801 5676 ctionarin
848 5625 1184 5680 Luxoviensi.
1241 5627 1370 5680 Illud
1421 5628 1796 5680 observatione
1847 5629 2105 5695 dignum,

544 5695 980 5766 quodCathedra
1010 5699 1175 5748 sancti
1223 5697 1362 5750 Petri
1410 5700 1507 5750 hoc
1552 5699 1669 5751 loco
1711 5699 1957 5766 pracedit
1999 5698 2112 5753 fes—

545 5776 653 5818 tum
688 5765 1078 5827 Assutnptionis
1107 5768 1424 5823 beatissima
1459 5765 1724 5837 Virginis,
1758 5769 1897 5836 quod
1925 5770 2012 5826 die
2045 5769 2112 5824 18

2224 5024 2363 5078 dabo
2384 5024 2564 5079 claves
2591 5022 2739 5094 regni
2761 5024 3009 5078 calorum
3033 5041 3045 5090 ;
3075 5032 3129 5079 et
3153 5025 3528 5097 quodcumque
3551 5025 3805 5096 ligaveris

2223 5132 2386 5188 super
2415 5126 2608 5172 terram
2629 5159 2646 5186 ,
2669 5117 2772 5172 erit
2799 5117 3013 5186 ligatum
3043 5117 3097 5172 in
3128 5117 3309 5183 calis;
3343 5126 3398 5173 et
3425 5119 3802 5190 quodcumque

2225 5211 2450 5266 solveris
2477 5224 2638 5280 super
2663 5217 2860 5264 terram
2883 5249 2898 5276 ,
2928 5211 3032 5265 erit
3055 5210 3291 5265 solutum
3321 5220 3375 5266 et
3407 5211 3463 5266 in
3489 5212 3658 5268 calis.

2223 5343 2459 5415 Ianuarii
2487 5344 2614 5398 olim
2642 5343 2902 5399 celebrari
2935 5358 3052 5399 mos
3081 5351 3217 5399 erat.
3250 5344 3390 5415 Ergo
3418 5347 3580 5401 etiam
3607 5347 3802 5404 Catheo

2219 5415 2312 5468 dra
2345 5414 2396 5468 in
2427 5413 2682 5486 Ianuario
2705 5461 2719 5482 ,
2740 5425 2810 5486 'nt
2837 5415 3029 5486 validis
3056 5413 3389 5485 argument—is
3419 5419 3703 5486 probatum
3745 5420 3795 5472 in

2227 5486 2362 5557 notis
2389 5485 2454 5539 ad
2490 5485 2880 5557 Lectionarium
2908 5485 3276 5554 Luxoviense,
3310 5488 3450 5557 quod
3482 5489 3564 5543 vel
3596 5504 3661 5543 ex
3688 5491 3801 5544 solo

2220 5553 2322 5609 hoc
2352 5556 2470 5609 loco
2499 5555 2798 5611 conficitur.

2294 5636 2317 5662 ο
2361 5626 2500 5679 Idem
2548 5625 2896 5693 Evangelium
2924 5627 3021 5680 hac
3049 5626 3135 5681 die
3165 5626 3217 5682 in
3246 5627 3587 5683 Lectionario
3615 5628 3799 5685 Luxo-

2219 5695 2422 5757 viensi,
2467 5697 2560 5750 sed
2603 5695 2779 5766 aliqua
2823 5696 2894 5751 ibi
2933 5697 3112 5752 addita
3153 5713 3220 5753 ex
3259 5698 3536 5767 Iohanne,
3566 5717 3685 5772 qua
3717 5702 3798 5756 hio

2223 5782 2329 5822 non
2360 5766 2652 5822 adduntur.

2223 5782 2329 5822 IIOII
2360 5776 2652 5822 adduntur.
