4060 6346
251 317 367 372 475

879 445 1049 481 INCIPIT
1081 445 1212 482 IISSA
1222 466 1230 481 ι

329 516 628 573 Beatissimi
652 515 795 572 Petri
825 517 1051 584 apostoli
1079 515 1550 571 sollemnissimum
1580 514 1721 569 diem
1740 555 1755 580 ,
1786 515 1841 567 in

241 626 364 683 quo
405 627 562 666 omne
596 611 683 681 jus
723 609 972 666 Gentium
1014 607 1426 678 .Iudaanrumque
1469 606 1689 662 sortitus
1721 616 1837 672 est,

241 719 414 775 quem
473 703 613 757 diem
671 702 785 771 ipsa
842 700 1094 755 divinitas
1142 698 1480 754 consecravit
1539 695 1841 766 delegando

240 795 507 850 czelorum
550 794 765 859 claves,
806 792 890 846 vel
939 791 1261 861 pontiﬁcalis
1300 789 1574 844 cathedra:
1615 787 1842 842 contulit

241 887 566 956 dignitatem
588 928 606 954 ,
633 885 824 940 fratres
853 884 1117 940 carissimi
1143 928 1156 952 ,
1188 883 1491 939 exultantes
1522 881 1574 937 in
1611 882 1838 939 Domino

241 973 692 1052 [celebremus,]
723 977 1074 1044 deprecantes
1117 973 1232 1043 ejus
1273 974 1739 1041 misericordiam;
1783 984 1840 1030 ut

238 1071 391 1126 sicut
419 1072 575 1124 beato
605 1070 764 1124 Petro
793 1069 1102 1139 principalia
1131 1084 1355 1124 munera
1397 1070 1655 1138 "contulit,
1690 1070 1760 1124 ita
1788 1078 1842 1125 et

241 1163 409 1218 nobis
436 1170 773 1233 peccatorum
806 1161 1095 1216 commissa
1124 1162 1406 1216 concedat.

922 1251 1170 1303 Collectio.

323 1346 352 1375 ιι
378 1336 528 1399 Deus
555 1337 643 1407 qui
676 1337 934 1392 hodierna
973 1334 1060 1391 die
1100 1337 1312 1391 beatum
1356 1337 1582 1392 Petrum
1625 1347 1744 1407 post
1786 1346 1839 1394 te

238 1428 444 1484 dedisti
483 1437 642 1498 caput
677 1428 964 1493 Ecclesia},
1008 1444 1128 1482 cum
1172 1437 1224 1483 te
1267 1429 1354 1483 ille
1399 1445 1522 1484 vere
1561 1431 1837 1486 confessus

237 1522 352 1588 sit,
401 1528 454 1574 et
503 1520 617 1590 ipse
658 1535 689 1576 a
738 1529 789 1574 te
829 1520 992 1589 digne
1035 1519 1281 1588 praalatus
1322 1521 1425 1588 sit,
1478 1528 1529 1576 te
1569 1523 1836 1591 supplices

239 1627 574 1678 exoramus;
629 1621 687 1667 ut
735 1615 824 1684 qui
877 1614 1069 1667 dedisti
1124 1614 1433 1682 Pastorem,
1483 1629 1550 1668 ne
1595 1615 1721 1683 quid
1766 1615 1834 1672 de

240 1705 440 1760 ovibus
467 1705 752 1776 perderes,
787 1715 843 1760 ut
871 1723 1000 1778 grex
1041 1706 1257 1775 eﬁ‘ugiat
1295 1722 1542 1774 errores,
1588 1706 1706 1778 ejus
1753 1708 1839 1762 in-

241 1798 577 1854 tercessione
601 1813 760 1869 quem
794 1798 962 1854 fecisti
992 1797 1019 1836 b
1053 1799 1340 1854 salviﬁces.

868 1891 984 1942 Post
1012 1893 1220 1940 nomina.

319 1967 487 2025 Deum
511 1969 600 2040 qui
627 1970 783 2026 beato
803 1969 964 2025 Petro
991 1979 1191 2025 tantam
1223 1979 1541 2041 potestatem
1568 1970 1840 2042 discipulo

239 2062 504 2131 contulit,
535 2062 659 2117 utsi
693 2062 806 2131 ipse
839 2062 1116 2132 ligaverit,
1161 2079 1269 2117 non
1312 2064 1380 2118 sit
1419 2064 1558 2118 alter
1603 2067 1689 2135 qui
1733 2066 1844 2119 sol-

239 2153 425 2218 verit;
475 2159 529 2208 et
567 2168 685 2222 qua:
726 2154 778 2207 in
812 2162 954 2208 terra
995 2153 1256 2219 solverit,
1298 2153 1426 2209 item
1471 2156 1608 2211 caelo
1653 2157 1828 2210 soluta

241 2245 387 2312 sint,
417 2243 670 2313 precibus
700 2245 1050 2313 imploremus
1076 2265 1090 2313 ;
1129 2256 1184 2301 ut
1212 2247 1421 2302 eductis
1450 2263 1480 2302 a
1513 2257 1714 2303 tartaro
1743 2244 1841 2305 de-

243 2339 552 2393 functorum
595 2339 870 2408 spiritibus
899 2382 914 2406 ,
956 2356 1061 2395 non
1101 2341 1434 2410 praevaleant
1476 2343 1702 2413 sepultis
1743 2346 1829 2398 in-
1885 2333 1893 2349 ’

246 2430 395 2486 ferni
437 2440 603 2500 porta:
643 2446 741 2500 per
778 2432 1034 2498 crimina,
1091 2447 1226 2504 quas
1271 2447 1366 2504 per
1412 2435 1646 2505 apostoli
1680 2434 1839 2492 ﬁdem

246 2523 392 2577 vinci
416 2525 586 2578 credit
613 2523 874 2580 Ecclesia.

903 2636 975 2686 Ad
1002 2649 1186 2700 pacem.

318 2743 749 2799 Clementissime
769 2743 1036 2810 conditor,
1063 2743 1154 2813 qui
1178 2751 1325 2798 tanta
1349 2745 1576 2799 caritate
1603 2759 1835 2801 succen-

244 2835 375 2890 disti
398 2834 751 2903 discipulum,
777 2843 833 2888 ut
858 2849 916 2889 se
941 2835 1009 2888 de
1041 2850 1174 2890 nave
1199 2835 1456 2906 jactatum
1482 2836 1548 2889 ad
1583 2846 1634 2891 te
1661 2836 1839 2892 celere

244 2925 522 2981 festinaret
565 2925 701 2995 pede
740 2925 885 2979 nudo
929 2941 1023 2994 per
1067 2926 1327 2996 pelagus;
1369 2936 1424 2980 et
1465 2926 1655 2982 videns
1703 2927 1839 2982 hanc

244 3016 591 3072 dilectionem
613 3058 628 3082 ,
655 3017 832 3073 claves
857 3017 907 3072 ei
939 3015 1098 3072 dares
1122 3016 1358 3070 siderum
1383 3062 1395 3085 ,
1433 3031 1590 3072 voces
1617 3016 1832 3087 inspice

245 3117 628 3178 suggerentum
669 3119 717 3163 ο.

897 3179 1209 3231 Contestatio.

321 3263 459 3319 Vere
490 3264 707 3335 dignum
739 3273 792 3320 et
817 3263 1020 3334 justum
1050 3273 1132 3319 est
1161 3262 1504 3334 omnipotens
1535 3263 1701 3328 Deus,
1732 3263 1829 3332 qui

247 3357 397 3414 dives
440 3359 662 3413 infinitae
703 3358 1004 3414 clementia:
1045 3359 1266 3428 copioso
1306 3374 1530 3415 munere
1574 3359 1833 3429 plasmam

249 3460 354 3506 tute
385 3459 645 3507 creatura:
674 3451 728 3506 in
758 3459 958 3506 tantum
992 3451 1228 3520 dignaris
1257 3451 1501 3521 erigere,
1547 3459 1603 3505 ut
1646 3467 1834 3506 verna-

253 3544 377 3599 culo
421 3545 530 3599 limi
568 3545 932 3612 compatiens,
973 3543 1174 3600 homini
1217 3544 1286 3598 de
1327 3554 1536 3599 terrena
1578 3559 1836 3614 compage

249 3638 428 3691 claves
453 3636 569 3691 caeli
598 3636 962 3691 committeres
982 3677 996 3698 ,
1024 3645 1080 3690 et
1111 3635 1174 3689 ad
1199 3635 1516 3706 judicandas
1548 3636 1718 3691 tribus
1746 3652 1837 3692 so-

259 3728 390 3784 lium
438 3729 671 3785 excelsze
710 3729 854 3785 sedis
895 3728 948 3782 in
989 3727 1203 3782 sublimi
1247 3742 1607 3798 conponeres.
1657 3729 1834 3786 Testis

251 3834 333 3880 est
369 3824 484 3882 dies
522 3824 783 3880 hodierna
827 3807 966 3879 beati
1011 3824 1156 3878 Petri
1198 3823 1454 3880 cathedra
1496 3826 1836 3894 episcopatus

250 3920 488 3988 exposita
508 3960 523 3984 ,
557 3920 610 3974 in
639 3934 741 3986 qua
769 3918 891 3973 ﬁdei
915 3918 1109 3973 merito
1133 3919 1479 3973 revelationis
1511 3919 1828 3989 mysterium

250 4013 374 4068 ﬁdei
404 4011 454 4077 ιι,
496 4012 688 4066 Filium
731 4011 828 4066 Dei
870 4011 1211 4076 confitendo,
1261 4013 1514 4081 praelatus
1559 4013 1835 4083 apostolus

251 4105 548 4170 ordinatur,
595 4105 648 4159 in
698 4103 851 4174 cujus
899 4104 1240 4160 confessione
1287 4114 1371 4160 est
1423 4106 1830 4163 fundamentum

252 4200 552 4256 Ecclesiae:
596 4213 695 4253 nec
736 4197 998 4253 adversus
1040 4199 1177 4252 hanc
1217 4198 1430 4253 Petram
1477 4210 1646 4268 portae
1673 4200 1833 4256 inferi

252 4293 575 4364 praevalent,
610 4291 729 4364 [nec
782 4306 1007 4359 serpens
1063 4291 1342 4362 vestigium
1394 4292 1682 4362 exprimit,
1738 4309 1838 4350 nec

250 4384 578 4454 triumphum
620 4398 764 4437 mors
801 4381 1067 4453 obtinet.]
1111 4381 1253 4448 Quid
1301 4397 1428 4438 vero
1472 4384 1632 4438 beato
1675 4384 1836 4440 Petro

251 4478 463 4532 diverso
492 4475 590 4530 sub
624 4485 864 4543 tempore
894 4474 1117 4529 accessit
1149 4474 1320 4529 laudis
1351 4484 1404 4530 et
1433 4475 1640 4545 gloriae,
1675 4479 1836 4552 [quae

657 315 1296 374 SAGRAMENTARIUM
1338 314 1801 373 GALLICANUM.
1843 341 1907 354 -
1937 313 2321 376 LECTIONES
2361 319 2448 377 DE
2494 319 2815 380 ADVENTU
2858 322 3116 383 DOMINI.

3422 329 3529 386 474

1876 427 1926 487 Λ
1957 428 2140 487 lierem
2173 436 2440 491 revocavit
2471 437 2538 492 de
2569 437 2788 505 funere,
2821 448 2876 495 et
2902 441 3158 497 virtutem
3191 421 3485 510 imperante
3510 491 3525 512 ,

1918 522 2105 582 'morti
2130 529 2353 598 praedari
2383 540 2406 567 ι·
2434 545 2543 585 nou
2579 532 2759 598 licuit,
2791 548 2885 602 per
2912 532 3186 589 Christum
3219 533 3524 591 Domimnu.

2147 660 2296 701 IIISSA
2338 662 2388 702 IN
2427 661 2642 703 εΑΝετΑι
2684 663 2862 704 MANE
2901 662 3321 705 SOLLEIINITA'I‘I.
3375 699 3384 712 ,

2301 757 2372 831 [I
2379 777 2411 812 η
2452 761 2606 813 missa
2643 768 2836 814 sancta:
2865 758 3048 814 Marica
3079 757 3172 832 τ.]

2254 872 2468 935 Epistola
2490 872 2624 922 Pauli
2652 873 2853 935 apostoli
2878 873 2936 922 ad
2961 873 3219 936 Ephesios.

2017 977 2170 1044 Filii,
2202 977 2415 1033 obedite
2443 978 2754 1048 parentibus
2796 978 2988 1033 vestris
3026 978 3078 1032 in
3124 976 3384 1044 Domino,
3425 975 3527 1032 hoc

1943 1073 2086 1128 enim
2131 1081 2214 1128 est
2250 1073 2472 1142 justum.
2521 1073 2733 1128 Honora
2774 1081 2978 1143 patrem
3022 1081 3170 1127 tuum
3214 1079 3269 1127 et
3295 1079 3526 1126 matrem

1943 1175 2085 1221 tuam
2108 1210 2122 1235 ,
2151 1166 2291 1235 quod
2322 1176 2404 1220 est
2433 1167 2742 1221 mandatum
2772 1168 3001 1236 primum
3032 1165 3084 1221 in
3127 1165 3526 1236 promissione,

1943 1266 2000 1312 ut
2030 1258 2165 1313 bene
2190 1258 2255 1312 sit
2288 1257 2413 1324 tibi,
2458 1268 2513 1314 et
2557 1259 2630 1313 sis
2677 1260 2948 1329 longaevus
2987 1272 3150 1326 super
3193 1266 3414 1313 terram.
3460 1257 3530 1311 Et

1941 1356 2227 1418 parentes,
2257 1349 2418 1404 nolite
2447 1349 2512 1404 ad
2543 1349 2868 1405 iracundiam
2912 1364 3205 1419 provocare
3249 1349 3388 1402 ﬁlios
3431 1363 3530 1403 ve-

1941 1449 2121 1509 stros,
2149 1441 2244 1496 sed
2270 1441 2494 1498 educate
2522 1442 2640 1499 illos
2681 1444 2734 1497 in
2778 1442 3054 1513 disciplina
3092 1452 3141 1496 et
3185 1440 3528 1509 correptione

1945 1535 2173 1590 Domini.
2209 1534 2636 1597 Servi,obedite
2670 1533 2900 1588 dominis
2945 1531 3246 1587 carnalibus
3291 1525 3413 1587 cum
3463 1531 3528 1584 ti-

1940 1643 2092 1684 more
2121 1637 2178 1684 et
2209 1637 2462 1690 tremore,
2494 1627 2548 1682 in
2592 1627 2931 1692 simplicitate
2958 1626 3134 1681 cordis
3160 1625 3358 1690 vestri,
3391 1623 3530 1679 sicut

1941 1720 2180 1787 Christo,
2215 1735 2321 1774 non
2349 1720 2414 1774 ad
2448 1720 2660 1774 oculum
2693 1720 3020 1787 servientes,
3045 1718 3198 1788 quasi
3222 1718 3528 1773 hominibus

1865 1815 1916 1878 B
1944 1813 2224 1882 placeatis:
2252 1813 2344 1867 sed
2370 1821 2427 1866 ut
2451 1812 2592 1867 servi
2615 1811 2815 1867 Christi
2841 1811 3047 1866 faciatis
3071 1811 3402 1866 voluntatem
3433 1810 3527 1883 Dei

1945 1919 2011 1960 ex
2058 1907 2273 1971 animo,
2320 1919 2439 1959 cum
2486 1905 2626 1959 bona
2674 1905 2948 1958 voluntate
2996 1905 3328 1971 servientes,
3378 1904 3517 1959 sicut

1944 1997 2172 2052 Domino
2202 2005 2254 2051 et
2284 1997 2619 2059 hominibus,
2650 2001 2916 2063 scientes,
2947 1998 3200 2068 quoniam
3230 1998 3525 2068 unusquis-

1945 2103 2048 2156 que
2097 2089 2471 2157 quodcumque
2519 2088 2703 2143 fecerit
2751 2088 2986 2153 bonum,
3033 2090 3135 2144 hoc
3183 2090 3446 2159 percipiet
3493 2105 3523 2146 a

1945 2179 2205 2245 Domino,
2254 2181 2366 2234 sive
2395 2193 2619 2247 servus,
2648 2181 2760 2235 sive
2803 2180 2958 2234 liber.
3004 2181 3072 2235 Et
3112 2195 3246 2246 vos,
3288 2179 3527 2247 domini,

1943 2272 2131 2328 eadem
2162 2270 2319 2326 facite
2346 2271 2453 2326 illis
2473 2312 2489 2338 ,
2519 2272 2854 2327 remittentes
2886 2272 3089 2338 minas,
3131 2273 3364 2330 scientes
3403 2273 3526 2346 quia

1945 2363 2154 2419 illorum
2188 2372 2242 2418 et
2269 2371 2447 2418 vester
2478 2363 2736 2418 Dominus
2766 2373 2850 2420 est
2878 2365 2929 2420 in
2962 2366 3131 2423 caelis.

2183 2457 2353 2507 Lectio
2377 2460 2528 2507 sancti
2555 2457 2806 2520 Evangelii
2832 2459 3100 2509 secundum
3122 2456 3319 2508 Lucam.

2014 2542 2283 2611 Tempore
2311 2541 2436 2607 illo,
2469 2542 2619 2596 ibant
2647 2551 2895 2612 parentes
2925 2543 3050 2598 Jesu
3085 2558 3178 2613 per
3203 2558 3390 2599 omnes
3421 2560 3518 2599 an-

1943 2649 2041 2688 nos
2068 2636 2122 2688 in
2153 2633 2485 2688 Hierusalem
2519 2635 2570 2688 in
2601 2635 2687 2688 die
2715 2635 2960 2690 sollemni
3003 2635 3244 2690 Paschze.
3293 2635 3360 2690 Et
3398 2651 3521 2691 cum

1944 2727 2116 2781 factus
2149 2737 2290 2782 esset
2317 2742 2583 2781 annorum
2615 2726 2896 2782 duodecim
2916 2765 2931 2792 ,
2960 2718 3382 2783 ascendentibus
3412 2728 3520 2785 illis

1944 2818 1996 2873 in
2028 2818 2396 2889 Hierusolyma
2426 2818 2722 2873 secundum
2751 2821 3197 2874 consuetudinem
3227 2819 3334 2875 diei
3364 2821 3522 2887 festi,

1943 2909 2431 2978 consummatisque
2479 2909 2714 2976 diebus,
2763 2925 2882 2964 cum
2934 2910 3211 2978 redirent,
3265 2913 3526 2968 remansit

1944 3013 2078 3068 puer
2106 2997 2262 3053 Jesus
2299 2999 2352 3052 iu
2387 2999 2718 3054 Hierusalem
2746 3041 2762 3067 ,
2791 3010 2846 3056 et
2881 3016 2987 3056 non
3029 3013 3396 3072 cognoverunt
3427 3020 3521 3074 pa-

1944 3099 2125 3146 rentes
2149 3091 2283 3160 ejus.
2317 3089 2697 3146 Existimantes
2724 3102 2900 3147 autem
2931 3092 3080 3148 illum
3121 3108 3242 3149 esse
3272 3097 3326 3149 in
3355 3095 3527 3150 comi-

1815 3263 1827 3274 .
1867 3203 1914 3267 ο
1947 3193 2087 3249 tatu,
2119 3191 2382 3238 venerunt
2411 3185 2512 3239 iter
2557 3185 2661 3239 diei
2686 3225 2701 3250 ,
2745 3194 2801 3240 et
2839 3187 3184 3256 requirebant
3225 3201 3348 3242 eum
3392 3188 3525 3244 inter

1945 3285 2201 3347 cognatos
2226 3286 2281 3331 et
2312 3285 2486 3331 notos.
2517 3278 2582 3331 Et
2614 3292 2718 3332 non
2749 3279 3086 3336 invenientes
3129 3283 3361 3350 regressi
3406 3289 3529 3338 sunt

1942 3371 1995 3426 in
2026 3371 2389 3438 Hierusalem,
2421 3373 2755 3442 requirentes
2784 3388 2926 3428 eum.
2961 3376 3028 3429 Et
3055 3374 3255 3428 factum
3284 3385 3371 3430 est
3404 3384 3525 3445 post

1944 3465 2178 3520 triduum
2211 3466 2527 3522 invenerunt
2556 3467 2703 3522 illum
2755 3469 2808 3522 in
2859 3468 3088 3537 templo,
3141 3469 3419 3525 sedentem
3470 3471 3526 3526 in

1942 3558 2121 3614 medio
2161 3559 2440 3614 doctorum
2461 3600 2473 3623 ,
2515 3561 2819 3614 audientem
2848 3559 2968 3614 illos
2996 3569 3049 3615 et
3088 3560 3528 3632 interrogantem.

1941 3653 2237 3722 Stupebant
2279 3662 2458 3707 autem
2500 3666 2687 3707 omnes
2729 3655 2817 3722 qui
2867 3667 2988 3706 eum
3032 3653 3322 3708 audiebant
3365 3671 3526 3725 super

1943 3751 2224 3820 prudentia
2267 3759 2322 3805 et
2363 3750 2636 3818 responsis
2684 3749 2820 3816 ejus.
2873 3747 2937 3802 Et
2984 3747 3230 3806 videntes
3274 3749 3525 3806 admirati

1941 3850 2084 3895 sunt.
2134 3842 2197 3895 Et
2227 3840 2359 3894 dixit
2403 3847 2573 3894 mater
2617 3839 2730 3908 ejus
2754 3837 2820 3891 ad
2848 3838 3032 3894 illum:
3058 3840 3176 3907 Fili,
3197 3842 3325 3912 quid
3347 3839 3519 3897 fecisti

1943 3934 2094 3990 nobis
2123 3934 2238 3987 sic?
2273 3934 2412 3988 Ecce
2443 3941 2596 4002 pater
2637 3941 2759 3986 tuus
2787 3941 2841 3987 et
2876 3948 2974 4003 ego
3018 3933 3262 3991 dolentes
3313 3949 3524 4006 quaere-

1943 4031 2130 4083 bamus
2167 4036 2238 4081 te.
2270 4028 2336 4082 Et
2366 4028 2437 4081 ait
2463 4027 2531 4082 ad
2570 4025 2690 4082 illos
2721 4045 2737 4080 :-
2767 4027 3102 4084 Nesciebatis
3125 4069 3142 4096 ,
3187 4031 3312 4100 quia
3353 4031 3406 4085 in
3448 4030 3531 4086 his

1942 4134 2060 4188 qua:
2089 4118 2252 4189 patris
2280 4119 2384 4174 mei
2413 4129 2537 4174 sunt
2565 4128 2777 4188 oportet
2808 4135 2893 4176 me
2922 4122 3089 4177 esse?

2563 4224 2731 4262 INCIPIT
2763 4225 2914 4262 κιςεΑ.

2013 4299 2364 4369 Omnipotens
2397 4299 2720 4368 sempiterne
2745 4299 2907 4365 Deus,
2947 4299 3035 4369 qui
3068 4299 3296 4355 terrenis
3332 4314 3523 4370 corpo-

1945 4391 2092 4448 ribus
2124 4391 2283 4446 Verbi
2325 4392 2399 4445 tui
2431 4392 2709 4447 veritatem
2753 4407 2847 4460 per
2889 4392 3252 4448 venerabilem
3304 4392 3523 4448 Mariam

1946 4486 2194 4556 conjungi
2233 4487 2476 4553 voluisti;
2537 4487 2764 4556 petimus
2827 4487 3124 4541 inmensam
3185 4487 3526 4542 clementiam

253 4585 353 4624 vox
373 4609 388 4634 ,
410 4584 528 4637 qua:
551 4567 748 4638 lingua,
773 4567 890 4636 quis
917 4566 1216 4639 explicet‘l]
1248 4568 1381 4624 llinc
1411 4580 1492 4624 est
1522 4571 1662 4639 quod
1693 4587 1838 4628 mare
1865 4593 1920 4656 ι)
1947 4589 2111 4645 tuam,
2154 4589 2212 4634 ut
2250 4581 2389 4648 quod
2439 4581 2490 4634 in
2541 4580 2654 4650 ejus
2690 4581 3035 4635 veneratione
3063 4579 3430 4649 deposcimus,
3474 4588 3526 4635 te

254 4663 534 4718 tremulum
565 4661 669 4715 fixo
697 4661 866 4715 calcat
895 4659 1151 4730 vestigio,
1195 4668 1250 4714 et
1293 4660 1434 4715 inter
1475 4661 1643 4716 undas
1675 4663 1835 4733 liqui-

255 4759 351 4814 das
381 4757 610 4828 pendula
642 4755 820 4827 planta
850 4754 1204 4824 perambulat.
1240 4755 1334 4810 Hic
1364 4756 1431 4809 ad
1465 4766 1670 4825 portam
1703 4757 1840 4826 Spe-

254 4852 450 4907 ciosam
481 4849 738 4905 contracti
771 4847 940 4902 tendit
970 4847 1220 4917 vestigia,
1264 4857 1320 4902 et
1361 4856 1536 4903 tactus
1575 4849 1718 4904 Petri
1759 4849 1838 4904 di-

255 4945 366 5016 gito
392 4942 613 4999 elaudus
643 4955 751 4995 non
778 4940 979 5009 indiget
1010 4941 1217 4995 baculo.
1250 4939 1345 4994 Hic
1373 4950 1681 4995 carceratus
1708 4942 1834 4996 dum

255 5036 540 5102 dormitat,
570 5033 813 5089 Christus
851 5047 950 5102 pro
992 5034 1108 5103 ipso
1148 5031 1458 5102 pervigilat,
1502 5041 1555 5087 et
1595 5041 1838 5088 retrosus

259 5131 559 5204 ergastulo,
590 5128 740 5184 foras
769 5127 1008 5196 procedit
1032 5142 1132 5197 per
1157 5127 1426 5197 angelum.
1461 5127 1560 5182 Hic
1587 5129 1842 5198 paralyti-

256 5241 376 5282 cum
415 5223 590 5279 erexit
615 5222 968 5278 decubantem
997 5219 1053 5274 in
1083 5219 1260 5281 lecto;
1305 5219 1392 5274 hic
1434 5219 1675 5275 Tabitam
1720 5237 1842 5277 mu-

331 5371 356 5398 η
395 5361 527 5427 Qua:
568 5365 864 5430 sequuntur
904 5372 988 5430 ex
1014 5355 1120 5430 hoc
1154 5355 1334 5430 ofﬁcio
1362 5354 1643 5412 Cathedrte
1669 5361 1839 5416 sancti

259 5426 432 5494 Petri,
462 5426 660 5486 eadem
681 5438 807 5485 sunt
836 5429 888 5484 in
922 5427 1123 5484 Missali
1155 5426 1408 5481 Gothico.

325 5502 354 5542 δ
395 5504 452 5557 In
485 5501 682 5556 Missali
713 5516 834 5554 mox
867 5499 1009 5553 dicto
1039 5498 1248 5564 legitur,
1283 5499 1577 5564 prwfecisli.

329 5585 352 5613 ε
396 5575 522 5628 Post
553 5577 666 5627 haec
695 5571 906 5626 additur
934 5570 1163 5642 ibidem:
1194 5567 1263 5642 t
1284 5567 1586 5642 quicumque
1608 5585 1672 5624 ea:
1698 5589 1830 5642 pm.

257 5655 397 5714 cepto
430 5646 722 5714 junguntur
773 5643 842 5694 ad
891 5641 1157 5703 osculum,
1202 5641 1360 5714 livore
1387 5641 1606 5714 pectoris
1634 5641 1842 5699 extluso

257 5709 382 5769 illuc
402 5709 500 5786 per
531 5709 750 5786 gratiam
792 5715 1086 5786 ducantur,_
1107 5727 1208 5781 quo
1245 5709 1360 5763 cmli
1392 5709 1577 5766 Petrus
1607 5722 1680 5766 est
1698 5716 1843 5782 juni-

260 5797 357 5840 tor.
393 5783 621 5849 Prm'ta,
657 5784 897 5840 Salvator
925 5783 1136 5843 mundi,
1169 5791 1273 5835 etc.

327 5854 351 5893 ά
398 5858 560 5913 Deest
589 5856 710 5922 ﬁdei
741 5855 988 5924 repetitio
1020 5855 1072 5909 in
1103 5851 1302 5909 Missali
1344 5851 1590 5909 Gothico.
1627 5855 1840 5914 Ansolis

1949 4675 2280 4744 propiciante
2302 4690 2605 4731 mereamur
2629 4675 2907 4745 consequi.

2614 4768 2867 4818 Collectio.

2022 4852 2222 4906 Exaudi
2266 4868 2383 4918 nos,
2428 4853 2670 4917 Domine,
2725 4862 2907 4906 sancte
2952 4852 3133 4920 Pater,
3178 4854 3520 4923 omnipotens

1951 4947 2108 5010 Deus,
2136 4950 2222 5014 qui
2257 4948 2425 5001 beatze
2459 4947 2633 5001 Mariae
2664 4948 2798 5001 uteri
2827 4949 3235 5005 obumbratione
3278 4961 3528 5004 cunetmu

1952 5038 2206 5092 mundum
2239 5037 2557 5093 inluminare
2598 5039 2845 5109 dignatus
2872 5055 2930 5096 es
2961 5057 2974 5094 :
3007 5041 3335 5110 Majestatem
3386 5050 3528 5095 tuam

1951 5131 2220 5200 supplices
2262 5133 2633 5203 deprecamur,
2668 5145 2726 5190 ut
2763 5137 2907 5206 quod
2944 5137 3145 5193 nostris
3189 5141 3398 5195 meritis
3426 5159 3529 5200 non

1953 5227 2212 5296 valemus,
2247 5228 2363 5298 ejus
2390 5228 2611 5298 adipisci
2640 5229 2904 5300 praesidiis
2930 5246 3252 5288 mereamur.
3274 5234 3532 5305 Te,quaa.

1951 5365 2158 5421 inclusa
2190 5365 2422 5420 indidem
2454 5367 2786 5435 supplentur.

2024 5445 2047 5474 ε
2088 5437 2142 5490 1η
2176 5435 2404 5490 Gothico
2422 5475 2453 5510 ,_
2470 5442 2651 5510 virtute
2681 5441 2961 5510 imperante
2985 5438 3210 5510 pmdari
3236 5453 3339 5492 non
3365 5439 3529 5496 licuit.

1951 5508 2076 5564 I’ost
2100 5523 2218 5573 qua:
2236 5508 2489 5562 nonnulla
2509 5507 2704 5564 ibidem
2736 5507 3024 5564 adduntur.

2031 5579 2048 5618 ί
2094 5580 2191 5651 Hic
2223 5578 2408 5633 titulus
2439 5581 2539 5634 alia
2573 5595 2732 5634 manu
2763 5582 3002 5645 adjectus
3031 5591 3146 5646 est,
3171 5582 3264 5637 sed
3290 5583 3529 5651 antiqua.

1950 5650 2171 5724 Fuerint
2218 5651 2439 5717 proinde
2478 5651 2560 5704 ha:
2587 5652 2857 5724 lectiones
2900 5667 2995 5720 pro
3028 5653 3212 5724 Vigilia
3269 5650 3530 5723 Assump-

1950 5722 2109 5777 tionis
2133 5763 2148 5785 ,
2189 5737 2308 5789 qua:
2346 5730 2539 5774 sancta:
2574 5720 2758 5795 Maria:
2785 5720 3116 5795 sollemnitas
3151 5726 3237 5780 hic
3289 5720 3529 5795 appelle-

1951 5801 2036 5848 tur
2061 5809 2076 5858 ;
2110 5801 2202 5867 aut
2230 5801 2376 5846 certe
2407 5806 2502 5860 pro
2529 5793 2720 5867 quovis
2748 5794 2853 5848 alio
2881 5794 2996 5866 ejus
3026 5795 3163 5855 festo
3195 5793 3387 5867 preter
3418 5796 3524 5852 As-

1917 5919 1924 5926 ,
1951 5864 2311 5929 sutuptionem
2334 5897 2349 5926 ,
2383 5875 2501 5930 quae
2529 5865 2793 5930 sequitur.
