4060 6346
567 373 669 432 475

1350 372 1687 431 APPENDIX
1731 372 1821 431 AD
1870 371 2100 429 OPERA
2140 370 2198 427 S.
2244 366 2551 425 GERMANI
2596 362 3035 421 PARISIENSIS.

3749 359 3869 415 478

562 512 762 563 sumus,
806 494 1049 561 Domine,
1100 494 1437 558 famulantes,
1486 503 1543 548 ut
1590 470 1760 547 beatas
1811 490 1986 543 Maria:
2036 502 2133 541 nos
2162 490 2213 548 Α
2239 499 2415 549 soror,
2447 497 2663 537 nomine
2697 482 2884 547 Maria,
2920 472 3036 551 qua;
3067 479 3230 535 etiam
3261 480 3458 537 sedens
3487 494 3657 545 secus
3688 481 3874 547 pedes

562 588 749 660 gaudia
793 590 1133 653 comitentur,
1183 587 1334 655 cujus
1373 584 1575 639 meritis
1625 593 1810 638 nostra
1856 580 2140 636 deleantur

564 677 918 749 chirographa
950 684 1307 747 peccatorum.

1180 766 1299 816 Post
1321 768 1535 816 nomina.

635 851 943 917 Offerimus,
988 850 1233 915 Domine,
1274 864 1461 920 preces
1488 856 1546 903 et
1574 860 1794 902 munera
1840 844 1893 898 in
1942 843 2149 897 honore

566 951 763 1003 sancta:
791 944 969 998 Mariae
993 941 1287 1013 gaudentes
1318 958 1331 993 :
1376 949 1586 1009 praesta,
1622 950 1948 1007 quaesumus,
1990 942 2050 989 ut
2092 939 2151 988 et

569 1036 947 1091 convenienter
978 1034 1093 1088 hinc
1120 1048 1296 1105 agere,
1338 1041 1391 1087 et
1423 1030 1715 1087 remedium
1760 1028 2148 1099 sempiternum

572 1128 845 1184 valeamus
873 1128 1175 1199 adquirere.

1221 1217 1293 1265 Ad
1318 1228 1504 1279 pacem.

641 1300 843 1355 Altario
890 1308 1005 1367 tuo,
1048 1297 1295 1363 Domine,
1344 1298 1615 1369 proposita
1659 1309 1876 1350 munera
1916 1292 2151 1364 Spiritus

569 1401 785 1445 sanctus
813 1391 1072 1461 benignus
1101 1391 1367 1456 adsumat,
1409 1390 1498 1458 qui
1532 1387 1701 1443 beatas
1733 1386 1912 1442 Maria:
1943 1384 2155 1442 viscera

573 1484 874 1553 splendoris
901 1486 983 1541 sui
1005 1484 1228 1541 veritate
1253 1484 1495 1552 replevit.

1210 1571 1525 1622 Contestatio.

646 1659 779 1715 Vere
798 1656 1015 1730 dignum
1045 1669 1097 1715 et
1123 1659 1321 1730 justum
1354 1664 1456 1723 est,
1489 1660 1828 1724 omnipotens
1860 1650 2017 1709 Deus.
2044 1649 2147 1719 Qui

574 1768 672 1807 nos
694 1752 938 1808 mirabile
965 1753 1276 1823 mysterium
1300 1762 1351 1806 et
1374 1748 1729 1804 inenarrabile
1759 1756 2150 1801 sacramentum

2254 576 2461 631 Domini
2498 576 2749 629 audiebat
2788 575 3009 630 verbum
3057 574 3216 628 illius.
3246 574 3447 629 Martha
3482 583 3673 629 autem
3703 583 3869 627 Sata-

2250 669 2408 740 gebut
2429 670 2567 722 circa
2598 668 2847 735 frequens
2876 665 3251 721 ministerium.
3296 666 3428 733 Quae
3458 648 3617 720 stetit
3645 676 3707 720 et
3733 668 3817 718 ait
3852 683 3866 715 :

2252 762 2498 827 Domine,
2534 778 2641 816 non
2668 770 2753 817 est
2795 760 2889 815 tibi
2926 776 3069 816 cura:
3097 759 3239 831 quod
3271 776 3426 816 soror
3462 775 3587 815 mea
3634 758 3869 827 reliquit

2255 869 2341 910 me
2368 854 2534 907 solam
2574 852 2914 907 ministrare?
2954 852 3045 906 Dic
3078 866 3206 920 ergo
3248 850 3322 904 illi
3370 863 3426 904 ut
3467 865 3559 904 me
3602 848 3866 917 adjuvet.

2257 947 2322 1001 Et
2345 944 2672 1015 respondens
2699 945 2835 998 dixit
2868 943 2940 997 illi
2970 943 3122 997 Jesus
3155 960 3168 996 :
3200 926 3425 1007 Martha,
3461 938 3716 1006 Martha,
3746 942 3873 995 sol-

2257 1040 2397 1095 licita
2427 1053 2488 1094 es
2524 1048 2579 1093 et
2616 1037 2845 1092 turbaris
2875 1038 3014 1091 circa
3047 1037 3298 1106 plurima.
3343 1038 3510 1091 Porro
3553 1052 3735 1091 unum
3786 1042 3873 1089 est

2256 1129 2641 1185 necessarium.
2672 1127 2837 1181 Maria
2862 1127 3119 1197 optimam
3149 1135 3352 1196 partem
3377 1124 3563 1196 elegit,
3595 1140 3729 1196 qua:
3753 1141 3865 1179 non

2256 1223 2526 1278 auferetur
2554 1220 2623 1275 ab
2648 1236 2736 1277 ea.

2871 1302 3039 1339 INCIPIT
3074 1299 3206 1338 ιιεει

2328 1393 2355 1433 δ
2384 1395 2671 1451 Generosa:
2693 1391 2801 1448 diei
2827 1390 3108 1445 dominica:
3128 1388 3425 1446 Genetricis
3458 1386 3864 1458 inexplicabile

2258 1496 2668 1551 sacramentum,
2694 1494 2839 1539 tanto
2856 1484 3023 1551 magis
3047 1481 3398 1552 praeconabile
3416 1491 3865 1548 sacramentum,

2257 1586 2509 1650 quantum
2544 1579 2677 1631 inter
2711 1576 2954 1630 homines
2991 1563 3365 1643 adsumptione
3400 1570 3640 1641 Virginis
3668 1574 3862 1640 singu-

2258 1669 2388 1737 lare,
2434 1668 2571 1739 apud
2603 1684 2759 1739 quam
2788 1669 2910 1721 vita:
2942 1668 3217 1736 integritas
3264 1666 3495 1719 obtinuit
3543 1660 3753 1730 ﬁlium,
3806 1667 3863 1718 et

2259 1777 2405 1815 mors
2434 1775 2536 1814 non
2561 1760 2760 1815 invenit
2790 1774 2881 1829 par
2906 1758 3239 1827 exemplum;
3271 1772 3368 1811 nec
3391 1758 3568 1812 minus
3599 1758 3865 1825 ingerens

574 1862 669 1915 per
701 1846 1058 1901 venerabilem
1113 1844 1327 1899 Mariam
1379 1857 1596 1898 servare
1642 1840 1892 1903 docuisti,
1942 1839 1993 1892 in
2046 1850 2151 1907 qua

2265 1862 2528 1922 stuporem
2578 1853 2645 1906 de
2691 1852 2956 1918 transitu,
3008 1867 3164 1920 quam
3222 1849 3611 1904 exultatimiem
3678 1850 3863 1904 ferens

572 1948 754 1998 manet
774 1939 969 1992 intacta
993 1939 1230 2001 castitas,
1258 1934 1426 2004 pudor
1449 1936 1672 2004 integer,
1699 1933 1850 1985 firma
1876 1930 2153 1983 conscien-

574 2030 665 2083 tia.
708 2028 836 2082 Nam
883 2030 933 2084 in
984 2029 1081 2084 hoc
1130 2037 1349 2083 matrem
1397 2026 1600 2081 Domini
1644 2023 1724 2079 sui
1766 2018 1890 2078 Jesu
1937 2037 1997 2077 se
2038 2036 2158 2075 esse

575 2119 841 2188 cognovit,
897 2119 1019 2189 quia
1064 2119 1179 2188 plus
1219 2118 1396 2187 gaudii
1428 2114 1675 2181 contulit,
1710 2128 1867 2183 quam
1910 2112 2150 2181 pudoris.

572 2211 806 2266 Laetatur
833 2226 961 2281 ergo
989 2212 1127 2282 quod
1162 2208 1307 2281 virgo
1336 2208 1601 2279 concepit,
1644 2203 1785 2278 quod
1816 2204 1930 2259 caeli
1967 2202 2150 2259 Domi-

570 2318 696 2359 num
740 2303 934 2358 clausis
983 2301 1209 2372 portavit
1257 2302 1568 2363 visceribus,
1626 2298 1765 2368 quod
1806 2297 1955 2365 virgo
1983 2294 2153 2351 edidit

569 2402 795 2463 partum.
823 2394 867 2447 0
889 2408 1075 2463 magna
1107 2393 1389 2448 clementia
1426 2391 1676 2445 Deitatis!
1704 2398 1821 2457 (tua:
1845 2388 2019 2441 virum
2050 2398 2157 2441 non

570 2485 719 2539 novit
755 2493 811 2539 et
840 2492 1008 2538 mater
1030 2492 1130 2549 est,
1162 2492 1218 2539 et
1257 2488 1376 2553 poSt
1416 2481 1579 2537 filium
1608 2480 1759 2550 virgo
1797 2487 1903 2535 est.
1936 2479 2152 2533 Duobus

571 2572 712 2627 enim
742 2574 918 2642 gavisa
951 2582 1032 2627 est
1063 2572 1370 2627 muneribus
1406 2589 1418 2624 :
1452 2572 1676 2625 miratur
1707 2564 1850 2640 quod
1882 2569 2031 2637 virgo
2058 2584 2156 2638 pe-

572 2663 743 2734 perit;
791 2665 1000 2719 laetatur
1049 2665 1189 2734 quod
1238 2661 1408 2719 edidit
1452 2648 1822 2720 lledemtorem
1877 2661 2155 2717 Dominum

575 2763 814 2812 nostrum
842 2755 1021 2811 Jesum
1062 2756 1357 2813 Christum.
1392 2754 1493 2811 Per
1531 2770 1711 2824 quem.
1745 2754 1997 2809 Sanctus.

793 2862 945 2903 mssa
985 2863 1037 2903 IN
1068 2852 1436 2904 Aosuuprions
1474 2863 1687 2903 samera
1732 2861 1934 2903 nam.

882 2938 1053 2990 Lectio
1074 2938 1386 3003 Apocalypsin
1416 2940 1568 2990 sancti
1592 2936 1842 2989 Johannis.

644 3021 710 3078 Et
738 3020 866 3091 vidi,
897 3032 951 3079 et
979 3037 1104 3079 ecce
1141 3038 1307 3094 agnus
1333 3024 1509 3078 stabat
1534 3037 1695 3094 super
1722 3026 1959 3077 montem
1998 3018 2153 3086 Sion,

564 3126 631 3174 et
671 3133 791 3174 cum
837 3118 959 3174 illus
997 3126 1207 3174 centum
1239 3118 1586 3189 quadraginta
1614 3125 1841 3185 quatuor
1872 3114 2016 3171 milia
2057 3114 2155 3169 ha-

576 3208 762 3264 bentes
785 3225 976 3265 nomen
1007 3209 1146 3280 ejus,
1180 3217 1232 3265 et
1263 3224 1457 3265 nomen
1489 3208 1655 3279 patris
1680 3209 1797 3277 ejus
1822 3208 2076 3278 scripturn
2098 3207 2153 3263 in
2187 3246 2215 3280 *-

2266 1946 2421 2000 unico
2461 1946 2615 1999 beata
2654 1945 2722 1999 de
2757 1954 2948 2015 partu;
2993 1960 3099 1998 non
3129 1944 3299 1998 solum
3331 1943 3590 1998 mirabilis
3631 1942 3863 2013 pignore

2262 2037 2402 2108 quod
2428 2037 2530 2092 fide
2553 2038 2819 2107 concepit,
2842 2035 3036 2091 fratres
3064 2037 3354 2103 carissimi,
3378 2037 3781 2106 deprecemur;
3808 2046 3864 2091 ut

2260 2129 2377 2201 ejus
2402 2129 2568 2199 adjuti
2614 2130 2916 2185 muniamur
2942 2128 3216 2198 suil'ragio,
3250 2144 3369 2198 qua:
3404 2129 3559 2184 beata
3589 2112 3773 2183 Maria
3795 2130 3862 2185 de

2260 2234 2413 2293 partu
2439 2222 2605 2288 clara,
2642 2221 2713 2279 de
2749 2223 2941 2277 merito
2977 2221 3102 2277 felix
3144 2220 3459 2291 praedicatur
3488 2230 3615 2291 post
3645 2224 3856 2277 transi-

2261 2321 2370 2369 tum
2381 2351 2396 2367 .

2940 2374 3166 2433 Secreta.

2330 2456 2473 2522 Deus
2493 2464 2830 2532 universalis,
2860 2466 2950 2536 qui
2983 2464 3033 2520 in
3056 2464 3252 2521 sanctis
3279 2458 3617 2535 spiritaliter,
3655 2465 3711 2519 in
3741 2480 3854 2519 ma-

2261 2570 2339 2615 tre
2366 2575 2496 2616 vero
2518 2560 2735 2631 Virgine
2757 2561 2915 2615 etiam
2936 2560 3288 2628 corporaliter
3310 2557 3591 2624 habitasti;
3619 2559 3854 2613 caritate

2258 2651 2473 2717 decens,
2508 2667 2633 2722 pace
2658 2652 2917 2724 gaudens,
2945 2652 3143 2721 pietate
3170 2650 3482 2721 praecellens
3507 2668 3522 2716 ;
3553 2651 3625 2703 ali
3653 2651 3856 2721 angelo

2257 2746 2429 2813 gratia
2474 2745 2649 2814 plena,
2690 2745 2760 2799 ab
2807 2745 3086 2801 Helia‘abet
3130 2744 3431 2808 benedicta,
3481 2743 3548 2797 ab
3595 2746 3854 2813 gentibus

2260 2837 2578 2905 pradicatur
2606 2838 2797 2901 beata;
2824 2837 2977 2905 cujus
3004 2836 3156 2891 nobis
3186 2835 3316 2889 fides
3349 2835 3696 2905 mysterium,
3727 2848 3853 2903 par-

2259 2937 2347 2983 tus
2366 2929 2639 3000 gaudium,
2671 2943 2855 2998 pacem
2879 2940 3039 2996 quam
3071 2928 3124 2981 in
3146 2926 3483 2981 adsumtione
3505 2926 3699 2980 matris
3723 2933 3854 2981 tunc

2261 3020 2531 3089 pmbuisti
2556 3020 2857 3089 discipulis,
2888 3018 3045 3074 nobis
3067 3020 3321 3074 miserere
3340 3017 3698 3087 supplicibus.

2894 3109 3212 3161 Coutestatio.

2348 3193 2483 3250 Vere
2507 3195 2723 3265 dignum
2754 3201 2806 3247 et
2829 3190 3031 3263 justum
3060 3201 3161 3256 est,
3194 3191 3530 3259 omnipotens
3558 3188 3724 3254 Deus,
3760 3203 3852 3257 per

1135 3262 1648 3357 audivit
1675 3262 1833 3367 eicio,
1862 3262 2149 3371 tamquam
2182 3262 2230 3331 α
2259 3288 2529 3349 Christum
2569 3262 2869 3343 VDOminitm
2932 3295 3192 3340 nostrum.
3270 3285 3389 3353 Quo
3441 3284 3619 3338 fidelis
3681 3283 3849 3339 Israel

574 3408 756 3450 vocem
782 3408 1035 3467 aquarum
1078 3397 1385 3462 multarum,
1418 3403 1471 3451 et
1498 3402 1768 3464 tamquam
1796 3407 1980 3450 vocem
2009 3393 2153 3449 toni-

573 3488 675 3543 trui
709 3490 921 3560 magni;
969 3497 1024 3545 et
1053 3503 1238 3544 vocem
1268 3503 1425 3559 quam
1455 3486 1652 3554 audivi,
1692 3488 1832 3542 sicut
1885 3487 2154 3557 cytharte-

573 3580 758 3635 dorum
787 3582 1229 3653 cytharizantlum
1257 3583 1308 3636 in
1339 3580 1575 3653 cytharis
1604 3579 1736 3635 suis.
1767 3579 1832 3632 Et
1858 3578 2145 3633 cantabant

573 3672 718 3738 quasi
753 3673 1014 3727 canticum
1044 3687 1244 3728 novum
1273 3680 1395 3728 ante
1432 3671 1637 3739 sedem,
1667 3679 1722 3725 et
1752 3677 1876 3725 ante
1904 3677 2155 3740 quattuor

573 3766 838 3833 animalia,
872 3777 925 3822 et
953 3769 1192 3822 seniores
1219 3785 1232 3821 :
1263 3778 1316 3822 et
1349 3782 1508 3823 nemo
1536 3775 1749 3837 poterat
1775 3766 1959 3822 dicere
1986 3767 2157 3822 canti-

573 3871 713 3923 cum,
749 3858 845 3912 nisi
875 3858 957 3912 illa
980 3867 1192 3914 centum
1219 3859 1847 3930 quadragintaquattuor
1874 3857 2018 3912 milia
2063 3857 2152 3928 qui
2180 3878 2185 3885 ι

575 3949 735 4019 empti
763 3961 883 4003 sunt
907 3950 972 4004 de
1004 3959 1163 4005 terra.
1189 3950 1250 4003 lli
1281 3960 1403 4004 sunt
1433 3952 1522 4014 qui
1553 3964 1673 4003 cum
1704 3948 2019 4003 mulieribus
2042 3963 2147 4003 non

558 4049 699 4095 sunt
742 4038 1087 4110 coinquinati,
1115 4043 1345 4111 virgines
1367 4050 1509 4097 enim
1534 4049 1696 4095 sunt:
1728 4040 1779 4094 hi
1802 4041 1892 4109 qui
1919 4053 2155 4109 sequun-

575 4139 659 4188 tur
680 4132 886 4203 Aguum
913 4147 1248 4204 quocumque
1275 4132 1486 4187 abierit.
1533 4132 1595 4186 Hi
1635 4131 1805 4200 empti
1847 4130 1989 4187 enim
2035 4140 2159 4186 sunt

572 4240 641 4280 ex
672 4226 994 4295 hominibus,
1027 4211 1278 4296 primicire
1309 4227 1418 4283 Deo
1445 4235 1498 4281 et
1527 4226 1698 4296 Agno,
1733 4225 1862 4281 etin
1890 4239 1985 4280 ore
2010 4225 2157 4293 ipso-

578 4324 695 4371 rum
723 4330 828 4370 non
851 4323 933 4371 est
956 4317 1226 4371 inventum
1250 4318 1583 4373 mendacium
1609 4332 1622 4370 :
1650 4319 1766 4372 sine
1789 4319 1995 4371 macula
2014 4325 2155 4371 sunt.

578 4406 699 4463 Vidi
728 4409 970 4478 angelum
1002 4410 1265 4464 volantem
1298 4426 1393 4479 per
1420 4410 1651 4464 medium
1687 4410 1915 4474 calum;
1960 4409 2162 4463 baben-

582 4509 688 4557 tem
719 4502 1063 4574 Evangelium
1100 4511 1443 4558 aeternumut
1473 4503 1805 4573 evangelizet
1847 4502 2161 4557 sedentibus

583 4604 745 4661 super
781 4601 997 4660 terram,
1029 4602 1081 4648 et
1108 4607 1269 4662 super
1296 4608 1512 4648 omnem
1541 4602 1756 4663 gentem
1779 4601 1832 4646 et
1862 4592 2081 4658 tribum,
2107 4602 2162 4647 et

584 4684 837 4755 linguam,
885 4693 940 4741 et
983 4686 1257 4758 populum,
1284 4686 1469 4741 dicens
1498 4699 1685 4755 magna
1716 4698 1848 4739 voce
1898 4700 1912 4739 :
1956 4684 2166 4739 Timete

585 4776 773 4843 Deum,
805 4786 858 4832 et
886 4776 1007 4832 date
1036 4777 1108 4832 illi
1139 4778 1418 4844 honorem,
1457 4776 1582 4847 quia
1613 4776 1760 4830 venit
1806 4774 1937 4828 hora
1974 4774 2165 4845 judicii

585 4869 733 4939 ejus;
765 4877 818 4924 et
844 4868 1059 4925 adorato
1081 4884 1203 4924 eum
1227 4870 1314 4926 oui
1340 4868 1465 4924 fecit
1483 4869 1671 4923 caelum
1693 4876 1746 4923 et
1771 4876 1989 4935 terram,
2017 4882 2166 4922 mare

587 4973 642 5019 et
670 4962 844 5018 fontes
872 4976 1154 5031 aquarum.

790 5051 959 5101 Lectio
982 5053 1132 5102 sancti
1157 5051 1407 5115 Evangelii
1430 5050 1696 5102 secundum
1723 5049 1905 5100 Lucam
1930 5051 1976 5099 ⁸.

660 5134 877 5190 Factum
908 5142 988 5190 est
1013 5145 1189 5190 autent
1216 5134 1344 5189 dum
1376 5139 1477 5189 iret
1507 5134 1763 5190 Dominus
1790 5136 1971 5198 Jesus,
2002 5135 2168 5189 intra-

588 5229 663 5284 vit
690 5230 744 5288 in
775 5229 1039 5300 quoddam
1056 5229 1361 5293 castellum,
1392 5237 1446 5284 et
1471 5230 1659 5285 mulier
1685 5230 1930 5296 quaedam
1953 5229 2165 5284 Martha

588 5325 801 5379 nomine
849 5330 1063 5389 excepit
1110 5321 1256 5376 illum
1309 5320 1361 5375 in
1407 5320 1568 5375 domo
1609 5336 1726 5375 sua.
1781 5320 1847 5376 Et
1888 5321 2009 5374 huic
2052 5327 2169 5375 erat

564 5486 565 5489 η
665 5466 690 5494 ι
721 5458 829 5511 Hoc
861 5448 1209 5525 Evangelium
1252 5456 1411 5512 modo
1449 5458 1607 5512 etiam
1643 5458 1837 5523 legitur
1864 5460 1918 5508 ln
1951 5456 2171 5509 Assum-

589 5529 770 5598 ptione
798 5529 1074 5598 Deiparzet
1100 5528 1238 5583 aliud
1272 5527 1326 5581 in
1358 5528 1691 5582 Lectionario
1722 5526 2038 5598 Lutoviensi
2068 5596 2075 5598 _
2101 5530 2167 5581 ex

590 5596 748 5654 Lucae
778 5596 946 5665 capit
982 5618 995 5653 :
1026 5597 1325 5669 Exsurgens
1359 5598 1548 5662 Maria,
1581 5604 1686 5653 etc.
1722 5596 1778 5651 In
1809 5596 2173 5667 vetustissimo
2258 5612 2263 5615 '

590 5670 911 5741 Kalendario
949 5672 1115 5741 sancti
1165 5670 1373 5741 Cyriaci
1414 5669 1781 5741 adLTliermas
1812 5673 2075 5741 notatur:
2105 5674 2171 5741 itv

593 5739 887 5814 Katalj‘cb.
935 5730 1433 5814 Depositio'rsqncta:
1466 5730 1646 5795 Maria:
1692 5739 1940 5814 virginis,
1991 5739 2169 5793 matris

594 5811 804 5869 Domini
830 5812 991 5865 nostri
1020 5807 1145 5865 Iesu
1174 5810 1384 5866 Christi.

664 5883 689 5924 δ
716 5883 924 5945 Eaedem
947 5882 1214 5940 orationes
1238 5883 1293 5940 in
1331 5882 1671 5942 Lectionario
1696 5880 2043 5950 Luxoviensl;
2070 5879 2169 5943 sed

2256 3392 2469 3456 egressa
2527 3386 2611 3437 est
2657 3380 2725 3435 de
2770 3377 3034 3449 IEgypto;
3087 3391 3195 3447 quo
3249 3379 3397 3445 virgo
3450 3375 3543 3430 Dei
3588 3375 3845 3445 genetrix

2254 3474 2415 3532 Maria
2465 3473 2533 3527 de
2578 3470 2778 3525 mundo
2822 3469 3066 3539 migravit
3105 3469 3174 3522 ad
3220 3466 3522 3535 Christum,
3555 3474 3578 3505 ε
3605 3468 3854 3537 germine

2259 3566 2511 3639 gloriosa,
2543 3562 2881 3619 adsumtione
2912 3570 3123 3623 secura,
3156 3558 3388 3637 paradisi
3422 3557 3549 3613 dote
3598 3559 3843 3625 praelata,

2258 3662 2449 3716 damna
2500 3658 2567 3713 de
2613 3665 2791 3721 coetu,
2841 3664 3059 3707 sumens
3085 3658 3206 3706 vota
3238 3651 3306 3705 de
3325 3648 3535 3713 fructu;
3568 3663 3681 3704 non
3709 3650 3847 3704 sub-

2257 3752 2364 3808 dita
2415 3750 2584 3806 labori
2626 3763 2721 3818 per
2757 3757 2987 3815 partum,
3032 3759 3138 3799 non
3174 3744 3346 3798 dolori
3386 3756 3483 3813 per
3523 3746 3848 3804 transitum;

2260 3845 2540 3915 speciosus
2565 3842 2852 3907 thalamus,-
2876 3840 2943 3895 de
2962 3852 3067 3907 quo
3086 3837 3311 3892 decorus
3331 3836 3575 3906 procedit
3597 3848 3847 3904 sponsus.

2259 3940 2348 3995 lux
2376 3938 2634 4009 gentium,
2664 3948 2789 4005 spes
2818 3933 3076 3999 ﬁdelium,
3124 3928 3308 4002 pretio
3346 3932 3675 3995 datmonum,
3710 3945 3845 3987 cono

2261 4031 2404 4087 fusio
2423 4030 2755 4092 Iudaeorum,-
2778 4024 3048 4081 vasculum
3076 4024 3277 4094 gloriae,
3308 4023 3560 4093 templum
3590 4023 3817 4078 θεεισεια

2260 4121 2433 4196 [cujus
2475 4121 2778 4191 juvenculae
2823 4118 3013 4173 melius
3053 4116 3430 4187 pradicautur]
3475 4114 3693 4182 merita,
3736 4128 3852 4171 euut

2261 4214 2461 4269 veteris
2509 4214 2634 4268 Evae
2681 4210 3028 4267 conferentur
3075 4209 3341 4279 exempla.
3387 4208 3445 4264 Si
3490 4208 3712 4278 quidem
3752 4208 3849 4261 ista

2261 4307 2462 4361 mundo
2486 4306 2649 4361 vitam
2673 4300 2925 4373 protulit;
2962 4303 3050 4356 illa
3076 4303 3249 4371 legem
3276 4301 3463 4356 mortis
3493 4300 3737 4378 invexit:
3763 4300 3849 4354 illa

2264 4396 2665 4468 pravarieando
2694 4409 2793 4450 nos
2818 4392 3046 4463 perdidit
3070 4411 3084 4460 ;
3120 4396 3216 4447 ista
3238 4391 3548 4463 generando
3575 4394 3847 4448 servavit:

2262 4494 2353 4549 illa
2382 4508 2477 4547 nos
2508 4504 2663 4561 pomo
2698 4490 2911 4545 arboris
2951 4490 3001 4542 in
3040 4488 3155 4558 ipsa
3198 4487 3380 4543 radice
3426 4488 3739 4555 percussit;
3786 4502 3848 4540 ex

2272 4587 2431 4656 hujus
2458 4588 2601 4655 virga
2625 4584 2720 4640 llos
2742 4584 2893 4650 exiit,
2912 4583 3122 4653 quinos
3142 4580 3309 4636 odore
3331 4579 3599 4643 reiecerit,
3624 4588 3679 4633 et
3702 4579 3850 4649 fruge

2274 4678 2520 4734 curarit:
2555 4677 2641 4730 illa
2691 4674 3066 4730 maledictioue
3112 4670 3399 4751 in‘dolore
3446 4679 3703 4742 generat;
3758 4671 3851 4726 ista

2272 4769 2644 4826 benedictione
2677 4768 2728 4821 in
2754 4767 2930 4820 salute
2957 4782 2968 4818 :
3000 4765 3087 4820 illa
3115 4763 3336 4833 perfidia
3362 4764 3600 4831 serpenti
3624 4778 3852 4819 consen-

2270 4864 2364 4930 sit,
2393 4860 2671 4930 conjugem
2701 4860 2929 4928 decepit,
2963 4858 3164 4926 prolem
3192 4856 3467 4911 damnavit
3486 4854 3535 4921 ά,
3566 4857 3670 4911 nisi
3696 4857 3853 4912 etiam

2275 4956 2364 5011 tali
2396 4955 2550 5010 matri
2580 4955 2895 5007 adornasset
2923 4962 3218 5022 egressum.
3266 4950 3433 5006 Recte
3468 4951 3539 5003 ab
3575 4951 3697 5019 ipso
3736 4964 3854 5006 sus-

2276 5055 2425 5116 cepta
2450 5060 2510 5101 es
2540 5045 2596 5099 in
2625 5043 2963 5099 adsumtione
2995 5042 3243 5109 feliciter,
3277 5055 3437 5109 quem
3469 5040 3556 5110 pie
3575 5041 3854 5109 suscepisti

2271 5147 2594 5209 conceptura
2628 5151 2725 5208 per
2748 5135 2907 5191 fidem
2940 5154 2953 5191 :
2987 5145 3046 5192 ut
3071 5138 3161 5205 qui
3207 5145 3368 5190 terra
3412 5148 3516 5188 non
3562 5148 3691 5189 eras
3725 5149 3855 5189 con-

2272 5234 2405 5298 scia,
2433 5242 2486 5287 te
2516 5245 2622 5287 non
2654 5238 2862 5285 teneret
2889 5228 3037 5296 rupis
3064 5228 3290 5283 inclusa.
3324 5227 3465 5283 Vere
3507 5226 3742 5283 diversis
3779 5229 3855 5282 in-

2275 5325 2394 5379 fulis
2423 5321 2598 5377 anima
2642 5319 2911 5389 redimita,
2954 5321 3036 5374 cui
3078 5317 3320 5389 Apostoli
3368 5331 3581 5372 sacrum
3630 5317 3854 5373 reddunt
3901 5320 3913 5336 ’

2273 5460 2385 5517 illic
2436 5457 2795 5527 prolixiores;
2830 5462 2886 5510 et
2934 5452 3299 5527 aliteplures.
3361 5452 3703 5527 Contestatio
3756 5453 3855 5507 fere

2275 5525 2484 5586 eadem.
2511 5528 2719 5582 Omissa
2751 5526 2837 5597 hic
2862 5525 3119 5597 Collectio
3145 5533 3263 5597 post
3288 5526 3524 5597 nomina.

2351 5610 2374 5640 ο
2396 5598 2558 5655 Addit
2587 5598 2802 5653 Missale
2824 5595 3104 5653 Gothicum
3137 5613 3151 5649 :
3187 5596 3319 5661 ρυω
3338 5612 3431 5649 nec
3450 5596 3514 5648 de
3535 5595 3854 5666 corruptione

2275 5673 2493 5741 suscepit
2527 5672 2836 5741 contagium,
2872 5683 2960 5722 nec
2982 5669 3343 5741 resolutionem
3372 5668 3582 5737 pertulit
3612 5667 3667 5720 iit
3692 5665 3851 5735 septif-

2276 5759 2362 5800 rro
2386 5738 2713 5807 {pollutione
2741 5739 2919 5804 libera,
2954 5738 3200 5807 germine,
3235 5751 3340 5793 etc.

2345 5812 2371 5853 (³
2398 5808 2496 5871 llic
2527 5814 2690 5869 multa
2712 5810 3008 5886 supplenda
3033 5820 3157 5867 sunt
3185 5821 3249 5867 ex
3282 5809 3478 5867 MiSSali
3502 5808 3755 5867 Gothico.
