4060 6346
226 376 348 432 4³77

644 362 1280 432 SACRAMENTARIUM
1337 354 1807 427 omnesnam.
1839 398 1911 411 —
1939 366 2323 426 LECTIONES
2365 346 2456 424 ne
2500 366 2825 427 aovsm‘u
2866 366 3123 427 DOMiNl.

3414 362 3521 424 us

222 497 585 567 obsequium,
639 493 823 564 Angeti
872 503 1084 545 cantum
1113 534 1126 556 ,
1181 489 1425 561 Christus
1477 489 1778 558 amplexum
1808 527 1826 553 ,
1859 486 2160 555 ASancto,
2208 502 2261 541 tu
2292 487 2516 543 caritate
2550 488 2652 541 non
2702 480 2840 549 fleta.
2884 489 2935 540 in
2965 487 3128 541 verbo
3158 487 3419 551 veritatis,
3458 486 3514 541 iu

222 590 403 647 nobis
434 576 718 649 veieolum,
747 584 1049 655 adsttmptio
1078 582 1406 652 paradisum,
1436 581 1487 635 in
1517 579 1699 636 eboris
1720 581 1831 635 vir-

224 682 429 755 ginum
460 679 627 748 gloria
657 687 844 733 tenens
875 676 1250 748 principatum,
1295 689 1391 744 per
1418 689 1576 745 quem
1611 674 1829 730 laudant

225 772 461 845 Angeii.

685 854 836 900 ΙΙΙΒΔ
872 854 1395 906 ουΔθΒΔῦΙΝυΙΔυΙ.

226 938 418 992 Lectio
454 938 570 990 libri
588 935 781 1000 Regum
820 947 929 999 quae
964 935 1143 997 legitur
1183 935 1323 984 initio
1345 933 1759 1015 Quadraginsimae
1786 914 1833 981 ιζ

316 1043 587 1113 Tempore
613 1041 724 1104 illo,
754 1040 901 1094 venit
931 1036 1077 1093 Elias
1106 1037 1155 1093 in
1191 1039 1454 1093 Bersabee
1474 1038 1630 1103 Juda,
1663 1048 1717 1093 et
1747 1038 1829 1092 di-

225 1137 395 1194 misit
422 1136 495 1191 ibi
523 1148 748 1205 puerum
778 1146 957 1198 suum,
999 1140 1053 1188 et
1088 1134 1324 1203 perrexit
1363 1133 1414 1187 in
1446 1135 1663 1188 deserto
1694 1134 1832 1188 viam

214 1230 407 1284 mulus
426 1227 553 1282 diei.
579 1225 819 1295 Cumque
840 1226 1100 1290 venisset,
1129 1233 1184 1279 et
1213 1226 1442 1279 sedisset
1467 1224 1651 1279 subter
1673 1238 1831 1278 unam

224 1320 578 1393 aeniperum,
613 1319 799 1389 petivit
835 1319 1028 1372 animm
1054 1333 1163 1373 sua!
1191 1328 1245 1373 ut
1277 1326 1594 1383 moreretur,
1626 1330 1681 1374 et
1709 1320 1783 1374 ait
1817 1336 1830 1373 :

228 1396 459 1468 Sufficit
488 1410 640 1478 mihi,
682 1411 923 1477 Domine,
962 1411 1084 1465 tolle
1119 1411 1352 1466 animam
1408 1426 1603 1467 meam.
1654 1411 1837 1481 Neque

235 1506 394 1562 enim
427 1505 616 1558 melior
645 1519 761 1558 sum
792 1519 949 1572 quam
982 1514 1157 1571 patres
1188 1503 1310 1558 mei.
1365 1502 1712 1574 Projecitque
1755 1518 1835 1571 se,

237 1610 299 1655 ct
332 1599 652 1653 obdormivit
673 1598 727 1652 in
751 1598 937 1653 umbra
956 1596 1211 1665 iuniperi.
1240 1597 1306 1652 Et
1334 1613 1461 1652 ecce
1483 1599 1703 1667 angelus
1735 1599 1838 1653 Do-

241 1692 385 1749 mini
424 1689 595 1764 tetigit
632 1705 779 1755 eum,
827 1700 882 1748 et
927 1689 1062 1747 dixit
1109 1691 1183 1744 illi
1219 1709 1231 1743 :
1265 1691 1455 1762 Surge,
1506 1701 1560 1748 et
1590 1692 1834 1747 comede.

240 1784 525 1854 Respexit.
549 1792 606 1843 et
630 1797 757 1839 ecce
774 1782 840 1837 ad
868 1790 1029 1850 caput
1054 1797 1207 1839 suum
1235 1782 1620 1839 subcinericius
1651 1785 1821 1853 panis,

236 1886 301 1935 et
334 1891 425 1933 vas
453 1891 625 1946 aquae.
668 1872 913 1931 Comedit
936 1887 1084 1944 ergo,
1114 1884 1168 1928 et
1201 1874 1360 1941 bibit;
1404 1885 1457 1931 et
1488 1892 1697 1931 rur<um
1730 1867 1827 1932 cbo

239 1970 527 2030 dormivit.
573 1967 947 2036 Reversusque
973 1978 1057 2021 est
1086 1969 1305 2035 angelus
1339 1969 1543 2024 Domini
1574 1972 1832 2038 secundo,

239 2070 302 2117 et
337 2061 511 2133 tetigit
539 2075 684 2124 eum,
715 2058 956 2123 dixitque
1008 2060 1082 2113 illi
1132 2077 1144 2112 :
1188 2058 1380 2127 Surge,
1429 2061 1645 2130 grandis
1690 2066 1833 2119 enim

238 2155 345 2211 tibi
378 2161 541 2208 restat
562 2154 662 2206 via.
697 2152 935 2217 Quicum
968 2154 1221 2219 surrexit,
1250 2154 1483 2207 comedit
1513 2164 1565 2208 et
1597 2155 1750 2224 bibit,
1779 2165 1837 2209 et

240 2247 609 2302 ambulavitin
642 2244 951 2300 fortitudine
982 2246 1083 2299 cibi
1130 2245 1269 2299 illius
1314 2246 1662 2316 quadraginta
1712 2248 1831 2303 die-

240 2340 369 2404 bus,
399 2347 451 2394 et
480 2336 825 2407 quadraginta
875 2336 1123 2391 noctibus
1169 2353 1337 2405 usque
1369 2337 1433 2393 ad
1464 2348 1699 2395 montem
1735 2340 1826 2394 Dei

239 2431 409 2487 Oreb.
441 2430 677 2500 Cumque
706 2427 943 2483 venisset
972 2428 1021 2480 in
1057 2427 1331 2505 Spelunca,
1375 2439 1425 2483 et
1469 2445 1596 2484 ecce
1648 2444 1826 2484 sermo

239 2522 460 2578 Domini
500 2520 565 2577 ad
614 2536 758 2586 eum,
808 2518 1045 2590 dixitque
1071 2520 1119 2574 ei
1153 2536 1166 2572 :
1197 2518 1329 2586 Quid
1360 2521 1445 2575 hic
1474 2524 1608 2587 agis,
1642 2518 1833 2578 ileiia?

241 2618 316 2675 At
366 2617 454 2673 ille
501 2612 823 2686 respondit:
859 2615 989 2669 Zelo
1039 2614 1243 2669 zeiatus
1297 2632 1413 2670 sum
1462 2632 1557 2686 pro
1601 2618 1828 2671 Domino

241 2710 600 2773 exercituum,
649 2707 771 2776 quia
818 2704 1221 2774 dereliquerunt
1270 2704 1359 2761 filii
1411 2704 1568 2763 Israel
1621 2720 1831 2777 partum

242 2811 419 2864 tuum,
466 2810 521 2856 et
553 2799 839 2869 prophetas
872 2806 991 2851 tuos
1021 2792 1332 2852 occiderunt
1364 2800 1562 2867 gladio,
1596 2810 1647 2853 et
1677 2799 1827 2855 dere-

243 2894 405 2951 lictus
435 2908 553 2949 sum
584 2907 682 2962 ego
712 2893 889 2957 solus;
930 2900 984 2946 et
1013 2896 1260 2960 qumrdnt
1290 2894 1524 2947 animam
1560 2909 1731 2948 meam
1782 2902 1837 2948 ut

245 2986 494 3044 auferant
520 2999 660 3040 eam.
710 2984 773 3040 Et
812 2985 884 3037 ait
913 2983 964 3039 ei
995 3001 1008 3037 :
1044 2984 1335 3054 Egredere,
1361 2997 1413 3040 et
1453 2995 1533 3041 sta
1572 2987 1623 3041 in
1657 2981 1838 3042 monte

248 3093 432 3136 coram
464 3077 709 3131 Domino.
758 3074 823 3129 Et
852 3089 979 3129 ecce
1010 3074 1269 3129 Dominus
1301 3076 1511 3140 transit.
1538 3084 1595 3131 et
1616 3078 1837 3146 spiritus

251 3168 467 3241 grandis
514 3175 570 3223 et
608 3165 778 3231 fortis,
824 3165 1146 3220 subvertens
1175 3174 1404 3225 montes.
1456 3177 1511 3221 et
1548 3177 1835 3224 centerens

1931 581 2127 633 virtute
2154 579 2278 644 Dei;
2312 592 2404 646 per
2442 582 2588 633 arma
2621 578 2839 646 iustitiae
2878 594 2904 630 a
2935 577 3137 633 dextris
3168 585 3220 632 et
3249 577 3380 632 sinis
3394 577 3519 647 tris,

1933 685 2028 741 per
2053 671 2272 739 gloriam
2298 681 2351 725 et
2373 668 2786 740 ignobilitatem,
2817 684 2913 739 per
2935 670 3194 725 insaniam
3226 678 3279 726 et
3310 670 3503 724 bonam

1933 760 2151 827 famam,
2186 768 2241 814 ut
2265 760 2579 815 seductores
2599 770 2654 816 et
2679 774 2930 827 veraces;
2964 762 3099 815 sicut
3121 762 3210 831 qui
3244 761 3439 832 ignoti,
3461 768 3519 815 et

1930 851 2164 921 cogniti;
2214 853 2363 921 quasi
2412 853 2722 919 morientes,
2769 862 2824 908 et
2869 867 2997 909 ecce
3028 854 3277 919 vivimus,
3306 862 3369 909 ut
3394 866 3513 908 cas-

1934 942 2105 1012 tigati,
2130 952 2186 1001 et
2205 958 2310 998 non
2334 944 2670 1006 mortificati;
2698 946 2850 1014 quasi
2876 944 3078 1011 tristes,
3104 960 3320 1014 semper
3340 954 3517 1001 autem

1934 1037 2257 1106 gaudentes;
2308 1038 2444 1093 sicut
2470 1049 2712 1108 egentes,
2745 1040 2942 1095 multos
2970 1049 3148 1095 autem
3182 1040 3516 1109 locupletan—

1938 1138 2046 1194 tes;
2078 1139 2344 1200 tamquam
2378 1131 2505 1186 nihil
2538 1133 2815 1195 habentes.
2850 1142 2901 1188 e'
2937 1134 3115 1189 omnia
3147 1133 3507 1204 possidentes,

1938 1222 1990 1278 in
2018 1220 2235 1276 Christo
2259 1221 2387 1277 Jesu
2420 1223 2647 1279 Domino
2677 1214 2882 1280 nostro.

2127 1334 2296 1386 Lectio
2313 1338 2465 1387 sancti
2491 1336 2745 1401 Evangelii
2768 1338 3037 1389 secundum
3060 1338 3352 1390 Matthaum.

2011 1436 2206 1493 Diebus
2258 1438 2382 1505 illis,
2416 1439 2548 1495 dixit
2580 1441 2833 1496 Dominus
2864 1441 3021 1498 Jesus
3052 1444 3332 1513 discipulis
3362 1444 3471 1499 suis
3502 1461 3515 1499 :

1940 1530 2224 1589 Adtendite
2257 1549 2321 1588 ue
2346 1534 2602 1602 justitiam
2632 1545 2863 1591 vestram
2893 1533 3098 1591 faciatis
3130 1553 3310 1592 coram
3340 1538 3517 1593 homi-

1942 1623 2119 1687 nibus,
2153 1633 2209 1679 ut
2241 1625 2523 1680 videamini
2553 1627 2619 1680 ab
2648 1629 2748 1682 eis.
2788 1626 3032 1698 Alioquin
3083 1629 3383 1686 mercedem
3415 1645 3519 1685 non

1941 1711 2203 1772 habebitis
2231 1717 2367 1785 apud
2399 1719 2609 1773 Patrem
2639 1720 2873 1775 vestrum
2906 1721 2993 1791 qui
3025 1722 3074 1776 in
3098 1722 3244 1777 etelis
3267 1720 3516 1778 est.Cum

1946 1821 2073 1875 ergo
2122 1807 2251 1862 facis
2299 1810 2714 1881 eleemosynam,
2763 1810 2868 1864 noli
2918 1811 3038 1864 tuba
3068 1826 3262 1866 cauere
3294 1822 3416 1865 ante
3446 1818 3520 1879 te,

1936 1900 2073 1955 sicut
2118 1902 2407 1971 hypocrita:
2450 1900 2643 1955 faciunt
2690 1902 2737 1953 in
2779 1904 3065 1975 syn-tgogis
3094 1903 3229 1956 etin
3261 1903 3412 1965 vicis,
3464 1910 3524 1957 ut

1940 1989 2353 2043 houorificentur
2395 1990 2461 2042 ab
2511 1989 2834 2044 hominibus.
2884 1992 3052 2045 Amen
3082 1991 3202 2046 dico
3231 1990 3402 2057 vobis,
3438 2007 3523 2045 re-

1937 2086 2195 2151 eepetunt
2224 2083 2521 2136 mercedem
2556 2098 2727 2137 suam.
2779 2083 2853 2137 'l'e
2902 2092 3076 2137 autem
3114 2084 3336 2139 faciente
3368 2085 3515 2138 eiec-

1937 2186 2235 2244 mnsynam,
2285 2174 2487 2227 nesciat
2528 2171 2743 2227 sinistra
2787 2182 2872 2227 tua
2922 2173 3043 2242 quid
3087 2172 3250 2229 faciat
3303 2173 3523 2230 dextera

1940 2276 2047 2327 tua,
2099 2273 2155 2318 ut
2202 2264 2268 2319 sit
2315 2263 2655 2336 eleemosyna
2711 2274 2794 2318 tua
2829 2265 2879 2319 in
2914 2265 3249 2331 abscondito,
3281 2264 3333 2321 et
3364 2264 3524 2320 Pater

1941 2366 2062 2412 tuus
2102 2358 2189 2426 qui
2234 2355 2376 2410 videt
2418 2356 2468 2410 in
2509 2356 2850 2421 abscondito,
2906 2357 3093 2413 reddet
3136 2358 3249 2413 tibi.
3298 2358 3362 2413 Et
3404 2364 3525 2413 cum

1938 2451 2123 2513 cratis,
2163 2466 2271 2503 non
2298 2446 2449 2503 eritis
2476 2449 2613 2503 sicut
2644 2448 2957 2521 hypocrita.
2993 2453 3079 2521 qui
3109 2461 3291 2506 amant
3336 2446 3389 2505 lu
3435 2464 3527 2523 sy-

1936 2542 2155 2610 nagngis
2199 2548 2250 2593 et
2290 2537 2343 2593 in
2396 2539 2603 2611 angulis
2646 2541 2937 2607 platearum
2982 2552 3187 2597 stantes
3234 2558 3411 2609 orare,
3462 2546 3522 2597 ut

1936 2632 2214 2686 videantur
2243 2631 2307 2685 ab
2338 2631 2665 2687 hominibus.
2719 2635 2885 2688 Amen
2928 2634 3053 2688 dico
3082 2634 3253 2696 vobis.
3307 2634 3523 2701 recepe-

1937 2732 2060 2779 runt
2090 2720 2389 2779 mercedem
2418 2738 2590 2779 suam.
2618 2724 2695 2778 'l‘u
2726 2734 2902 2780 autem
2930 2732 3049 2780 cum
3078 2722 3275 2790 orabis,
3310 2725 3445 2781 intra
3474 2727 3525 2782 in

1938 2818 2236 2871 cubiculum
2291 2827 2462 2883 tuum,
2516 2827 2570 2873 et
2595 2818 2778 2872 clauso
2809 2820 2949 2872 ostio
3000 2826 3113 2882 tuo,
3165 2831 3257 2871 ora
3310 2816 3521 2872 Patrem

1940 2920 2085 2963 tuum
2143 2911 2194 2964 in
2214 2910 2556 2977 abscondito;
2599 2920 2654 2965 et
2685 2912 2841 2966 Pater
2869 2921 2989 2965 tuus
3018 2913 3105 2981 qui
3139 2912 3284 2965 videt
3316 2913 3367 2965 iu
3399 2912 3525 2967 abs-

1946 2998 2187 3070 condito,
2230 3002 2415 3057 reddet
2461 3000 2574 3058 tibi.
2614 3003 2842 3058 Orantes
2902 3012 3077 3057 autem
3112 3005 3275 3058 nolite
3306 3004 3528 3060 multum

1947 3096 2091 3166 loqui
2126 3097 2259 3150 sicut
2302 3095 2502 3167 hynici,
2553 3105 2735 3165 putant
2766 3095 2903 3151 enim
2937 3096 3075 3167 quod
3109 3097 3158 3149 in
3195 3095 3529 3163 multiloquio

1947 3202 2044 3244 suo
2091 3188 2471 3245 exaudiantur.
2523 3189 2694 3244 Nolite
2746 3205 2875 3260 ergo
2928 3182 3221 3243 adsimilari
3267 3190 3366 3243 eis.
3414 3186 3530 3245 Scit

250 3269 435 3333 petras
458 3269 582 3315 ante
610 3256 920 3314 Dominum.
952 3257 1065 3312 Non
1097 3258 1149 3312 in
1197 3259 1388 3327 spiritu
1444 3258 1720 3314 Dominus.
1775 3260 1839 3315 Et

1948 3283 2090 3338 enim
2129 3282 2284 3335 Pater
2308 3288 2486 3337 vester
2514 3281 2703 3351 quibus
2746 3297 2879 3348 Opus
2925 3283 2992 3335 sit
3034 3283 3205 3346 vobis,
3241 3289 3527 3352 antequam

256 3363 376 3422 post
402 3351 644 3420 spiritum
673 3352 1000 3405 commotio:
1035 3366 1138 3403 non
1172 3351 1222 3403 in
1262 3350 1621 3405 commotione
1656 3352 1836 3405 Domi-

252 3458 373 3500 nus.
408 3444 471 3498 Et
494 3451 613 3512 post
636 3442 1053 3497 commotionem
1086 3442 1225 3511 ignis
1250 3458 1264 3495 :
1292 3456 1397 3496 nou
1428 3443 1479 3496 in
1510 3444 1629 3511 igne
1660 3444 1839 3498 Domi-

254 3553 377 3597 nus.
411 3537 475 3593 Et
500 3547 615 3603 post
641 3534 815 3605 ignem
841 3536 1025 3590 sibilus
1046 3551 1192 3589 aurae
1220 3538 1401 3591 tenuis
1425 3553 1437 3590 :
1464 3538 1532 3590 ibi
1562 3537 1836 3593 Dominus.

254 3628 408 3696 Quod
454 3643 577 3683 cum
626 3628 865 3683 audisset
915 3628 1123 3697 ileiias,
1172 3630 1379 3699 operuit
1434 3631 1637 3685 vultum
1684 3646 1838 3687 suum

260 3724 441 3795 pallio,
474 3732 523 3777 et
556 3737 801 3791 egressus
824 3721 970 3776 stetit
1016 3723 1067 3776 in
1099 3722 1239 3777 ostio
1268 3725 1560 3792 spelunca,
1616 3734 1671 3780 et
1715 3740 1840 3782 ecce

259 3832 359 3873 vox
382 3816 446 3873 ad
477 3831 599 3871 eum
626 3816 844 3872 dicens:
875 3815 1012 3883 Quid
1044 3817 1125 3869 hic
1148 3816 1281 3886 agis,
1312 3817 1495 3872 Helia?
1525 3820 1589 3873 Et
1614 3819 1703 3873 ille
1727 3832 1842 3874 res-

262 3911 443 3983 pondit
479 3927 492 3965 :
526 3911 651 3964 Zeto
691 3911 894 3965 zelatus
923 3925 1038 3964 sum
1084 3924 1178 3976 pro
1228 3911 1454 3964 Domino
1483 3912 1838 3979 exercituum,

261 4008 381 4078 quia
418 4007 816 4073 dvreliqneruut
848 4011 1056 4073 pactum
1099 4012 1243 4057 tuum
1279 4002 1369 4059 filii
1403 4005 1586 4059 Israel.
1642 4006 1841 4060 Altaria

266 4112 352 4155 tua
382 4100 777 4163 destrttsertmt,
807 4105 861 4151 et
893 4098 1181 4164 prophetas
1212 4108 1331 4151 tuos
1362 4094 1679 4154 occiderunt
1727 4100 1842 4169 gia-

261 4194 384 4258 dio;
407 4204 461 4248 et
488 4192 779 4246 derelictus
806 4206 922 4245 sum
940 4205 1041 4259 ego
1063 4191 1233 4256 solus,
1264 4200 1318 4247 et
1341 4206 1585 4260 quaerunt
1608 4195 1841 4250 animam

263 4302 434 4347 meam
468 4294 524 4341 ut
552 4286 794 4340 auferant
838 4299 978 4341 eam.
1029 4284 1094 4339 Et
1130 4285 1206 4338 ait
1252 4283 1510 4341 Dominus
1549 4288 1615 4340 ad
1674 4299 1795 4342 eum
1828 4300 1843 4341 :

264 4376 431 4441 Vade,
482 4383 752 4433 revertere
781 4376 921 4431 viam
974 4382 1116 4431 tuam
1171 4391 1264 4445 per
1314 4377 1585 4432 desertum
1638 4379 1692 4434 in
1744 4380 1847 4435 Duo

269 4485 449 4525 masco

266 4581 478 4644 Epistula
498 4578 638 4630 Pauli
668 4578 874 4643 apostoli
905 4581 964 4629 ad
990 4578 1281 4645 Corinthios,
1305 4583 1353 4631 ln
1378 4581 1779 4646 Quadraglusima
1800 4583 1849 4635 Β.

342 4686 577 4753 Fratres,
610 4696 739 4741 ecce
767 4698 904 4739 nunc
934 4690 1142 4754 tempus
1165 4686 1521 4757 acceptabile;
1552 4703 1676 4746 ecce
1706 4705 1849 4748 nunc

266 4778 376 4835 dies
408 4777 615 4833 salutis,
666 4776 874 4832 Nemini
923 4777 1109 4832 dantes
1152 4778 1315 4832 ullam
1366 4776 1739 4849 offensionem,
1792 4792 1851 4838 ut

268 4878 371 4926 non
399 4872 737 4939 vituperetur
767 4866 1120 4925 ministerium
1153 4879 1394 4927 nostrum
1423 4887 1436 4925 :
1466 4871 1559 4927 sed
1590 4874 1851 4929 exhibea-

268 4968 383 5019 inus
414 4965 469 5017 in
488 4962 737 5018 omnibus
776 4964 1158 5032 nosmetipsos,
1190 4964 1328 5019 sicut
1360 4963 1451 5019 Dei
1484 4965 1775 5033 ministros,
1801 4966 1850 5021 in

264 5052 428 5110 metu
459 5055 732 5125 patientia,
764 5055 817 5109 in
850 5053 1301 5119 tribulationibus,
1333 5056 1385 5110 in
1418 5056 1849 5129 necessitatibus,

273 5148 323 5201 in
353 5148 634 5215 angustiis,
664 5148 714 5201 in
743 5147 927 5217 plagis,
963 5150 1013 5201 in
1035 5147 1363 5215 carceribus,
1386 5146 1439 5203 in
1468 5148 1844 5215 seditioitibus,

258 5245 325 5299 in
354 5242 644 5309 laboribus,
676 5244 728 5299 in
758 5243 972 5314 vigiliis,
1008 5243 1057 5298 in
1096 5242 1334 5313 jejuniis,
1385 5244 1437 5300 in
1484 5246 1745 5311 castitate,
1796 5246 1850 5304 in

271 5339 507 5405 scientia,
556 5338 607 5392 in
653 5337 1075 5408 longanimitate,
1129 5338 1178 5391 in
1229 5338 1514 5407 suavitate,
1559 5340 1609 5394 in
1644 5340 1847 5411 Spiritu

344 5481 368 5509 ⁸
391 5472 489 5526 Hic
532 5470 977 5540 Qtindraginst'mw
1003 5469 1320 5526 vocabulum
1355 5489 1367 5525 :
1400 5481 1452 5526 et
1494 5473 1566 5527 lla
1609 5476 1851 5531 scriben-

278 5542 397 5597 dum
423 5552 572 5598 more
595 5542 733 5597 illius
760 5543 1034 5609 temporis,
1065 5551 1207 5611 patet
1230 5558 1293 5614 ex
1318 5546 1683 5614 sequentibus,
1708 5557 1759 5601 et
1784 5562 1846 5602 ex

282 5614 611 5669 Lectionum
639 5614 957 5669 Luxovicnsi
984 5628 1043 5665 ac
1072 5613 1271 5667 Missaii
1311 5613 1559 5669 Gothico.
1597 5615 1737 5671 Nihil
1768 5617 1854 5673 hic

280 5686 341 5758 de
395 5687 818 5758 Septuagesima,
875 5686 1329 5758 Sexagesitna‘et
1382 5686 1854 5758 Quiuquagesima.

280 5755 418 5837 begs
432 5752 683 5837 adnotata
713 5752 1193 5837 adjectigna‘rittut
1224 5752 1564 5837 gLuxov’iense
1595 5752 1859 5837 pag.“l'2‘5

278 5824 389 5902 ltili.
417 5827 485 5902 de
506 5827 615 5902 Lit,
644 5825 829 5902 βθΙΙεῘ.
861 5824 916 5902 in
943 5826 1173 5902 Gothico
1195 5827 1392 5902 pariter
1427 5824 1622 5901 tegitur
1663 5824 1689 5885 ἷ
1719 5830 1861 5889 Ordo

290 5902 448 5961 missa
468 5901 521 5957 in
542 5900 741 5958 initium
768 5900 1234 5981 Quadragimimw,
1265 5900 1318 5958 id
1349 5909 1430 5959 est
1459 5900 1555 5973 pro
1589 5902 1861 5963 Dominica

1945 3374 2139 3445 petatis
2168 3388 2311 3429 eum.
2882 3444 2885 3449 ι

2564 3459 2732 3494 ικανῐτ
2763 3452 2891 3493 sust
2902 3480 2913 3492 .

1942 3552 1949 3553 ί
2011 3528 2362 3598 Omnipotens
2388 3538 2589 3583 aeterne
2630 3528 2788 3596 Deus,
2821 3540 2876 3581 ut
2905 3526 3390 3597 qttadragiusimale
3419 3529 3521 3583 hoc

1939 3619 2199 3690 jejunium
2241 3631 2290 3675 et
2338 3622 2769 3689 competentibus
2802 3621 3115 3675 inchoenms
3146 3619 3438 3688 obsequiis,
3472 3627 3527 3675 et

1944 3711 2036 3765 tibi
2083 3712 2292 3780 placitis
2336 3710 2618 3765 effectibus
2660 3711 3017 3774 celebremus,
3067 3708 3281 3764 humani
3312 3712 3525 3779 generis

1945 3803 2201 3859 Conditor
2230 3815 2284 3858 et
2316 3800 2607 3859 Redemtor
2629 3803 2823 3873 largire
2849 3803 3137 3872 prepitius,
3165 3810 3218 3856 et
3242 3802 3523 3857 continen-

1945 3896 2073 3952 tiam
2101 3905 2296 3950 nostm
2323 3896 2508 3951 salutis
2539 3896 2846 3950 misericors
2883 3896 3163 3950 exaudias.
3197 3896 3314 3950 Per.

2622 3987 2875 4039 Coiiectio.

2023 4082 2046 4111 ο
2082 4073 2219 4125 Deus
2247 4072 2602 4135 abstinentia,
2634 4073 2772 4127 Deus
2797 4072 3147 4134 castimonia,
3174 4070 3262 4140 qui
3294 4070 3524 4125 libenter

1945 4164 2301 4235 ieiunantium
2334 4161 2634 4219 humilitate
2667 4165 2913 4231 placaris,
2944 4171 3001 4217 et
3044 4163 3435 4218 humiliautium
3472 4175 3533 4218 se

1952 4256 2196 4327 precibus
2232 4256 2491 4323 benignus
2522 4256 2838 4319 inflecteris;
2872 4254 3063 4310 exaudi
3098 4268 3288 4323 preces
3319 4261 3530 4307 nostras

1953 4349 2006 4403 in
2039 4349 2137 4402 hac
2158 4348 2412 4402 hodierna
2436 4349 2544 4412 die,
2575 4365 2677 4418 quo
2703 4349 3189 4420 quadraginsimale
3220 4349 3533 4403 inchoamus

1948 4439 2249 4511 jejunium;
2303 4451 2358 4494 et
2397 4441 2727 4495 diversarum
2773 4440 3156 4503 turbationum,
3193 4441 3381 4507 quibus
3409 4452 3533 4508 gra-

1954 4530 2152 4597 dimnr,
2197 4540 2514 4601 tempestate
2556 4531 2817 4598 discussa,
2869 4530 3252 4587 continentiam
3305 4530 3461 4587 nobis
3507 4544 3537 4589 tl

1874 4640 1930 4702 ο
1959 4623 2104 4678 vitiis
2138 4634 2245 4679 tua:
2273 4622 2617 4694 benignitatis
2648 4624 2886 4679 infunde.

2581 4740 2699 4791 Post
2720 4741 2930 4789 nomine.

2031 4823 2345 4882 Uniauimes
2382 4833 2541 4895 atque
2568 4824 2863 4879 concordes
2892 4823 3179 4879 Dominum
3226 4825 3392 4879 Deum
3442 4840 3541 4899 nos

1956 4925 2154 4982 stt-um,
2210 4917 2404 4972 fratres
2447 4915 2733 4983 carissimi,
2782 4916 3155 4987 deprecemur,
3187 4929 3244 4971 ut
3277 4916 3539 4988 jejunium

1960 5018 2202 5065 nostrum
2224 5012 2293 5065 sit
2318 5008 2562 5066 remissio
2584 5018 2948 5080 peccatorum,
2975 5021 3032 5066 et
3053 5011 3195 5066 dono
3216 5012 3403 5082 gratia
3431 5026 3543 5065 sua:

1962 5100 2372 5170 castigationem
2412 5116 2701 5174 corporum
2744 5102 3015 5175 profectus
3051 5106 3312 5161 mentium
3356 5118 3545 5159 conse-

1957 5203 2211 5264 quantur.
2249 5194 2350 5251 Per

2604 5264 2678 5313 Ad
2712 5278 2897 5329 pacem.

2024 5346 2232 5417 Jejunia
2261 5356 2466 5414 nostra,
2511 5362 2835 5419 quzesumus,
2873 5348 3116 5415 Domine,
3150 5357 3203 5401 ut
3232 5342 3329 5401 nos
3360 5362 3387 5399 a
3431 5360 3547 5402 rea-

1994 5479 2126 5534 rima
2151 5521 2168 5546 ,
2191 5491 2282 5533 aut
2304 5480 2390 5535 die
2412 5480 2679 5549 sequenti,
2707 5488 2763 5534 ut
2782 5478 3118 5547 c0njieimus.
3141 5474 3376 5549 Necdum
3399 5478 3543 5533 enim

2012 5550 2373 5619 nadragesima
2406 5548 2530 5604 tunc
2558 5549 2844 5621 incipiebat
2874 5564 2901 5601 a
2936 5551 3061 5621 feria
3091 5550 3122 5603 4
3148 5548 3420 5605 Cinerum.

2034 5621 2065 5660 ι’
2093 5622 2292 5676 Eadem
2323 5622 2479 5677 lectio
2522 5622 2606 5676 hic
2646 5619 2695 5676 in
2730 5619 3050 5677 Luxoviensi
3083 5621 3440 5691 Lectionario,
3492 5620 3545 5675 iu

1964 5708 2081 5765 quo,
2098 5692 2354 5749 deficiunt
2383 5706 2447 5748 ea
2464 5708 2583 5761 qua:
2609 5694 2874 5762 pertinent
2896 5694 2962 5744 at‘l
2990 5706 3277 5764 sequentes
3303 5692 3549 5761 Quadra-

1948 5765 2354 5837 ‘gesitntedie,

2046 5842 2069 5911 ξ
2100 5834 2300 5911 Eadem
2327 5832 2584 5911 Collectio
2707 5828 2917 5911 _Missali
2958 5828 3210 5911 Gothico,
3252 5833 3551 5911 eademque

1972 5915 2028 5969 ut
2058 5903 2192 5973 infra
2214 5906 2580 5980 Guntestatio;
2614 5902 2833 5979 ibidem,
2865 5917 2983 5981 pag.
3013 5902 3140 5969 iis,
3193 5902 3205 5907 '
3460 5902 3469 5917 ‘
