4060 6346
522 766 532 815 ξ

524 817 531 835 Ρ

573 320 676 376 470

574 436 715 491 libus
743 444 1046 492 nostrorum
1085 436 1370 493 criminum
1416 439 1647 503 solvant,
1696 448 1749 494 et
1795 447 1938 493 tuam
1991 436 2144 492 nobis
2174 439 2225 500 Α

574 532 829 604 iustitiam
860 530 1193 590 faciantesse
1222 533 1557 604 placabilem,
1609 546 1665 589 et
1708 532 2007 591 concordes
2052 546 2151 588 nos

575 624 789 681 vinculo
816 639 913 696 per
936 625 1274 697 complexum
1305 627 1474 683 osculi
1503 635 1746 683 nectaut.

1206 742 1519 794 Contestatio.

649 844 781 900 Vere
837 845 1053 916 dignum
1084 855 1138 901 et
1161 853 1363 918 iustum
1392 854 1479 901 est
1497 844 1843 913 omnipotens
1866 842 2027 908 Deus,
2058 855 2154 913 per

567 934 836 991 Christum
881 935 1161 991 Dominum
1190 944 1454 991 nostrum.
1479 934 1580 1002 Qui
1609 942 1693 991 est
1721 935 1861 989 illius
1880 941 2004 988 tuus
2031 932 2154 988 nni-

566 1026 793 1095 genitus,
844 1042 1065 1083 manens
1109 1029 1161 1082 in
1212 1028 1378 1098 gloria
1415 1035 1526 1093 tua,
1571 1026 1625 1082 in
1655 1041 1763 1098 quo
1785 1025 2147 1097 ieiunantium

566 1116 698 1172 ﬁdes
725 1117 904 1182 alitur,
929 1132 1052 1186 spes
1079 1118 1409 1187 provehitur,
1437 1118 1633 1173 caritas
1662 1118 1966 1177 roboratur.
2020 1116 2141 1189 Ipse

564 1216 644 1263 est
671 1206 811 1262 enim
838 1211 987 1280 panis
1008 1209 1155 1265 vivus
1184 1220 1239 1265 et
1264 1225 1443 1273 verus,
1468 1210 1559 1280 qui
1585 1209 1652 1265 de
1680 1210 1813 1264 caalo
1834 1208 2137 1275 descendit,

563 1308 614 1353 et
643 1298 846 1354 habitat
889 1315 1102 1369 semper
1142 1302 1194 1355 in
1235 1303 1389 1368 caelo,
1423 1302 1513 1371 qui
1543 1311 1627 1356 est
1655 1300 1953 1357 substantia
1986 1312 2150 1355 aeter-

562 1389 759 1451 nitatis,
782 1398 836 1443 et
855 1404 976 1445 esca
1001 1391 1230 1446 virtutis.
1257 1391 1488 1447 Verbum
1511 1394 1654 1447 enim
1678 1400 1853 1456 tuum,
1888 1406 1981 1459 per
2002 1390 2145 1461 quod

564 1478 701 1534 facta
726 1493 850 1535 sunt
877 1483 1076 1547 omnia,
1110 1496 1216 1537 non
1246 1482 1421 1537 solum
1456 1483 1809 1537 humanarum
1855 1483 2139 1549 mentium,

562 1571 653 1625 sed
682 1581 736 1626 et
762 1571 999 1641 ipsorum
1029 1587 1244 1643 quoque
1286 1573 1441 1643 panis
1470 1581 1553 1628 est
1576 1573 1911 1643 angelorum.
1972 1573 2144 1644 Hujus

561 1664 714 1733 panis
764 1663 1018 1718 alimento
1070 1664 1279 1736 Moyses
1329 1664 1561 1720 famulus
1616 1676 1736 1721 tuus
1787 1666 2143 1737 quadraginta

561 1754 743 1808 diebus
784 1764 839 1808 et
868 1755 1111 1809 noctibus
1154 1755 1323 1825 legem
1375 1757 1646 1826 accipiens
1682 1757 1969 1827 jejunavit,
2009 1768 2063 1815 et
2112 1774 2141 1814 a

560 1845 861 1899 carnalibus
898 1846 1052 1912 cibis,
1099 1855 1157 1900 ut
1197 1856 1300 1903 tua:
1350 1850 1629 1906 suavitatis
1666 1852 1917 1920 capacior
1969 1863 2139 1919 esset,
2178 1831 2229 1895 Β

561 1937 848 2004 abstenuit,
876 1937 943 1993 de
972 1938 1134 1994 verbo
1160 1948 1251 1994 tuo
1283 1942 1468 1996 vivens
1504 1957 1518 1994 :
1549 1942 1702 2011 cujus
1731 1942 2018 1999 dulcedine
2049 1947 2129 1999 vi-

562 2030 718 2085 vebat
746 2030 800 2085 in
831 2033 1038 2100 spiritu,
1072 2044 1125 2088 et
1162 2034 1331 2104 lucqm
1362 2034 1653 2105 accipiebat
1686 2036 1738 2090 in
1764 2038 1934 2093 vultu.
1988 2038 2145 2095 Unde

559 2137 657 2180 nec
685 2124 876 2179 famem
905 2127 1145 2195 corporis
1173 2128 1361 2192 sensit,
1389 2137 1445 2183 et
1476 2139 1809 2183 terrenarum
1834 2138 1917 2184 est
1938 2129 2145 2187 oblitus

556 2230 828 2281 escarum;
851 2217 974 2288 quia
997 2216 1145 2272 illum
1168 2218 1351 2286 gloria
1374 2229 1477 2273 tua:
1507 2220 1585 2273 cla
1600 2218 1839 2275 rilicabat
1858 2230 2134 2289 aspectus,

554 2318 607 2366 et
628 2309 877 2365 inﬂuente
898 2312 1090 2380 spiritu
1114 2312 1204 2365 Dei
1228 2326 1406 2367 sermo
1434 2314 1705 2381 pascebat.
1736 2312 1890 2368 Hunc
1912 2327 2130 2382 panem,

556 2403 801 2469 Domine,
855 2404 1007 2459 nobis
1056 2405 1363 2459 ministrare
1414 2420 1520 2458 non
1569 2404 1807 2471 desinas,
1867 2419 2027 2474 quem
2082 2413 2144 2461 ut

555 2496 803 2550 sitiamus
824 2494 1240 2550 ‘indesinenter
1269 2494 1501 2549 hortaris
1530 2511 1543 2548 :
1574 2510 1730 2550 curus
1776 2510 1951 2550 canus
1999 2512 2028 2549 Α
2073 2511 2143 2551 τε

556 2601 667 2641 IPSO
714 2600 1091 2641 SANCTIFICATA
1148 2602 1255 2640 nun
1319 2600 1598 2651 PASCIIUR,
1654 2587 2013 2651 rohoramur;
2072 2603 2141 2644 ετ

557 2690 812 2732 SANGUlNE
864 2692 971 2732 nun
1031 2692 1313 2746 soranus,
1366 2676 1655 2746 abluimur,
1714 2694 1808 2749 per
1864 2678 2138 2737 Christum

561 2767 845 2823 Dominum
873 2776 1135 2824 nostrum.

560 2928 563 2929 γ
1064 2877 1192 2917 neat
1233 2877 1383 2918 mssa
1419 2878 1636 2919 JBJUMI.

557 2955 772 3017 Epistola
790 2955 928 3005 Pauli
953 2956 1153 3020 apostoli
1177 2957 1234 3006 ad
1253 2957 1542 3018 Corinthios,
1566 2957 1778 3020 legenda
1806 2960 1856 3009 in
1874 2959 2071 3023 leinnio
2088 2960 2139 3010 λ.

1336 317 1680 377 APPENDIX
1730 320 1822 375 AD
1872 318 2095 375 ()PERA
2154 321 2212 375 S.
2270 318 2581 377 GERMANI
2626 316 3062 379 PARISIENSIS.

3760 323 3851 377 ιω

2878 451 3045 488 INCIPIT
3076 451 3208 490 IlSSA

2332 544 2359 582 ⁶¹
2382 545 2733 617 Omnipotens
2781 550 3109 619 sempiterne
3147 550 3308 617 Deus,
3339 550 3432 621 qui
3467 551 3632 606 nobis
3670 550 3728 606 in
3758 552 3845 605 nb-

2258 644 2567 695 servatioue
2580 638 2771 709 ieiunii
2797 650 2853 695 et
2871 640 3335 712 eleemosynarum
3361 643 3600 709 semine,
3626 642 3849 713 posuisti

2259 738 2562 788 nostrorum
2616 733 2852 789 remedia
2899 744 3265 803 peccatorum,
3312 735 3581 802 concede,
3636 751 3851 805 quasn—

2258 838 2399 891 mus,
2431 839 2528 881 nos
2556 840 2720 896 opere
2760 828 2956 884 mentis
2985 838 3038 883 et
3078 829 3322 899 corporis
3346 843 3569 900 semper
3603 828 3709 885 tibi
3737 842 3856 885 esse

2255 916 2499 973 devotos.

2926 989 3176 1042 Collectio.

2330 1090 2490 1157 Deus,
2534 1090 2624 1164 qui
2663 1092 2728 1148 ad
2770 1092 3071 1149 animarum
3111 1094 3394 1151 medellam
3437 1095 3642 1167 ieiunii
3692 1098 3857 1152 deva-

2257 1186 2401 1242 tione
2428 1186 2691 1256 castigare
2718 1201 2944 1259 corpora
2974 1190 3298 1260 praecepisti,
3328 1191 3597 1258 concede,
3640 1206 3859 1262 quass-

2255 1293 2395 1346 tuus,
2429 1289 2485 1335 ut
2504 1280 2665 1336 corda
2689 1291 2868 1337 nostra
2893 1284 2962 1337 ita
2986 1283 3201 1353 pietatis
3229 1294 3335 1340 tua:
3353 1285 3573 1342 valeant
3594 1300 3863 1344 eam

2253 1372 2525 1440 mandata,
2580 1382 2844 1443 quatenus
2893 1375 2961 1431 ab
3005 1376 3257 1432 omnibus
3303 1391 3523 1448 semper
3566 1379 3855 1449 possimus

2251 1462 2535 1520 abstenere
2564 1466 2824 1535 peccatis.

2874 1578 2992 1629 Post
3009 1582 3221 1631 nomina.

2324 1683 2489 1752 Dens,
2519 1685 2755 1741 omnium
2782 1686 2867 1757 pie
2886 1686 3243 1758 ieiunantium
3270 1704 3419 1761 spes,
3444 1695 3617 1758 salus,
3646 1691 3854 1762 gloria,

2254 1786 2445 1848 praesta
2485 1787 2543 1833 ut
2584 1780 2829 1846 imposita
2873 1781 3127 1836 altaribus
3157 1783 3263 1838 tuis
3296 1798 3548 1852 munera,
3596 1799 3740 1855 qua:
3771 1800 3864 1855 pro

2254 1870 2452 1927 nostris
2482 1881 2895 1944 nostrorumque
2922 1876 3160 1946 peccatis
3189 1875 3366 1933 studio
3398 1878 3497 1947 piae
3532 1879 3860 1934 devotionis

2246 1963 2543 2031 oll'erimus,
2582 1965 2855 2034 prOpicins
2893 1975 2949 2022 et
2991 1967 3253 2037 benignus
3302 1970 3557 2039 aspicias,
3613 1969 3855 2026 benedi—

2246 2055 2417 2111 cendo
2444 2055 2750 2123 benedicas,
2777 2068 2832 2113 et
2858 2060 3012 2114 nobis
3036 2061 3367 2116 sanctiﬁcata
3390 2061 3704 2119 custodias.

2901 2173 2971 2223 Ad
3004 2188 3188 2237 pacem.

2320 2274 2480 2340 Dens,
2517 2277 2604 2347 qui
2634 2278 2701 2331 ad
2735 2277 2835 2333 hoc
2874 2281 3027 2335 nobis
3069 2281 3320 2353 dignatus
3357 2299 3418 2339 es
3454 2284 3672 2343 donare
3718 2289 3860 2359 ieiu-

2247 2367 2413 2438 nium,
2451 2376 2509 2421 ut
2540 2369 2860 2425 abStinentia
2888 2382 2944 2427 et
2974 2375 3323 2443 castigatione
3373 2380 3577 2434 carnali
3624 2381 3689 2435 in
3752 2384 3859 2438 fide

2246 2456 2581 2515 inveniamur
2626 2464 2866 2532 stabiles,
2913 2466 2963 2521 in
3007 2470 3260 2537 operibus
3303 2471 3589 2539 efficaces;
3639 2475 3862 2545 ieiunia

2246 2564 2428 2609 nostra
2475 2557 2806 2626 suscipiens,
2852 2559 2919 2613 da
2962 2561 3117 2617 nobis
3162 2573 3223 2618 ut
3264 2565 3382 2620 sine
3422 2565 3862 2638 disceptationis

2246 2644 2552 2716 impnritate
2582 2657 2606 2685 ·
2635 2648 2687 2703 ἰη
2715 2650 3005 2709 dilectione
3033 2654 3249 2723 sinceri,
3293 2670 3482 2712 manus
3513 2668 3745 2717 nostras
3783 2661 3855 2719 ad

2245 2744 2296 2793 te
2323 2752 2484 2807 puras
2512 2740 2692 2797 levare
2720 2744 2993 2812 possimus

2881 2857 3201 2911 Contestatio.

2320 2958 2455 3015 Vere
2483 2961 2701 3031 dignum
2724 2970 2778 3017 et
2800 2961 3005 3033 iustum
3034 2973 3139 3031 est,
3168 2968 3508 3037 omnipotens
3531 2968 3699 3037 Dens,
3740 2974 3850 3029 tibi

631 3036 866 3104 Fratres,
894 3039 1123 3095 libenter
1146 3040 1403 3106 sull‘ertis,
1432 3042 1723 3096 secundum
1744 3042 2137 3113 ignobilitatem
2240 3051 2577 3106 sanctificare
2610 3051 2897 3121 ieiunium,
2940 3055 3081 3123 quod
3124 3057 3277 3111 nobis
3324 3036 3394 3112 ab
3450 3059 3603 3114 initio
3647 3036 3855 3118 saeculi

534 3132 697 3200 dico,
726 3134 877 3203 quasi
908 3147 1006 3188 nos
1038 3134 1232 3189 infirmi
1263 3134 1546 3200 fuerimus,
1579 3136 1629 3190 in
1666 3152 1771 3206 quo
1812 3137 1932 3205 quis
1957 3135 2134 3202 audet,

2243 3157 2460 3198 servare
2488 3144 2735 3201 docuisti.
2784 3146 3026 3219 Magnam
3058 3149 3200 3203 enim
3232 3151 3284 3205 in
3326 3151 3427 3207 hoc
3457 3169 3687 3211 munere
3716 3171 3853 3213 cor-

555 3221 608 3277 in
638 3223 941 3292 insipientia
980 3225 1121 3292 dico,
1164 3226 1337 3281 audeo
1373 3238 1427 3282 et
1465 3242 1586 3296 ego.
1639 3227 1851 3283 Hebraei
1897 3237 2040 3292 sunt,
2085 3239 2137 3284 et
2166 3217 2216 3282 (Ζ
2247 3235 2465 3304 poribus
2500 3240 2723 3307 gratiam
2758 3217 3029 3294 contulisti
3062 3257 3078 3296 :
3106 3242 3250 3313 quod
3287 3242 3332 3297 si
3376 3244 3464 3299 illa
3494 3245 3718 3303 humani
3753 3266 3853 3321 ge-

557 3330 657 3387 ego
688 3332 702 3371 :
734 3317 1023 3371 Israhelitae
1058 3328 1204 3384 sunt,
1234 3329 1288 3373 et
1314 3333 1417 3388 ego
1450 3336 1464 3373 :
1497 3334 1682 3375 semen
1724 3319 1954 3374 Abrahae
1992 3329 2138 3387 sunt,

556 3414 611 3461 et
648 3421 749 3476 ego
779 3424 791 3458 :
822 3406 1051 3462 ministri
1078 3407 1276 3463 Christi
1300 3418 1446 3475 sunt,
1473 3417 1529 3463 ut
1552 3411 1729 3465 minus
1753 3412 1969 3478 sapiens
1994 3410 2137 3476 dico,

555 3499 675 3565 plus
703 3513 802 3568 ego
830 3516 841 3551 :
873 3497 927 3553 in
958 3498 1227 3554 laboribus
1265 3499 1528 3568 plurimis,
1562 3502 1612 3554 in
1641 3501 1947 3555 carceribus
1974 3500 2143 3554 abun-

554 3588 788 3655 dantius,
815 3589 865 3644 in
891 3589 1058 3659 plagis
1081 3604 1242 3659 supra
1267 3590 1507 3656 modum,
1532 3594 1584 3646 in
1610 3593 1870 3646 mortibus
1893 3591 2142 3661 frequen-

556 3688 658 3735 ter.
706 3684 748 3735 A
786 3681 989 3737 Judmis
1032 3681 1352 3751 quinquenis
1397 3682 1769 3753 quadragenas
1816 3698 1918 3738 una
1966 3684 2143 3739 minus

558 3773 762 3843 accepi.
796 3774 899 3828 Ter
940 3774 1098 3843 virgis
1125 3788 1297 3830 caesus
1324 3789 1466 3841 sum,
1499 3774 1666 3830 semel
1700 3775 1969 3844 lapidatus
1997 3789 2136 3843 sum,

554 3873 635 3920 ter
665 3866 990 3935 naufragium
1024 3867 1147 3934 feci,
1185 3879 1343 3923 nocte
1377 3878 1431 3924 et
1459 3868 1546 3924 die
1576 3868 1627 3923 in
1672 3867 1937 3936 profundo
1976 3868 2140 3925 maris

558 3959 656 4013 fui.
692 3958 746 4012 ln
779 3960 1056 4014 itineribus
1083 3975 1249 4029 saepe.
1280 3961 1527 4028 periculis
1552 3960 1855 4027 fluminum,
1884 3962 2140 4030 periculis

555 4048 842 4115 latronum,
872 4051 1127 4120 periculis
1156 4066 1219 4105 ex
1242 4066 1462 4120 genere,
1494 4051 1746 4121 periculis
1769 4066 1837 4106 ex
1862 4052 2139 4121 gentibus,

555 4140 803 4210 periculis
840 4142 890 4195 in
920 4140 1155 4207 civitate,
1190 4142 1438 4211 periculis
1470 4143 1521 4197 in
1553 4143 1863 4209 solitudine,
1890 4142 2141 4213 periculis

556 4229 610 4285 in
654 4230 807 4293 mari,
853 4230 1102 4299 periculis
1156 4234 1206 4287 in
1261 4232 1409 4288 falsis
1448 4218 1719 4288 fratribus.
1773 4233 1829 4288 ln
1871 4235 2056 4291 labore
2084 4245 2141 4293 et

556 4337 811 4389 aerumna,
856 4324 908 4378 in
934 4324 1127 4394 vigiliis
1168 4326 1368 4393 multis,
1416 4326 1468 4381 in
1517 4328 1655 4382 fame
1686 4338 1741 4383 et
1775 4329 1885 4395 siti,
1918 4330 1970 4385 in
1996 4330 2138 4400 ieiu-

556 4414 659 4467 niis
695 4412 1018 4482 frequenter,
1074 4414 1126 4469 in
1175 4415 1371 4485 frigore
1422 4426 1477 4473 et
1522 4419 1790 4487 nuditate;
1836 4421 2140 4479 sollicitudo

555 4506 790 4561 omnium
822 4506 1170 4562 ecclesiarum
1202 4507 1254 4562 in
1283 4507 1499 4565 Christo
1522 4508 1671 4565 Jesu.
1886 4518 1889 4521 ‘

728 4620 899 4671 Lectio
919 4622 1070 4671 sancti
1095 4621 1351 4685 Evangelii
1375 4624 1643 4673 secundum
1669 4624 1972 4677 Mattlnenm.

630 4734 652 4763 ο
695 4725 757 4780 D.
798 4724 930 4781 Cum
954 4726 1232 4796 ieiunatis,
1279 4726 1446 4782 nolite
1488 4728 1622 4794 fieri,
1653 4735 1789 4784 sicut
1820 4730 2136 4801 hypocrita,

552 4814 750 4883 tristes.
800 4817 1166 4873 Exterminant
1206 4819 1351 4874 enim
1401 4818 1563 4875 facies
1609 4835 1756 4889 snas,
1802 4832 1860 4876 ut
1916 4832 2140 4891 pareant

553 4905 858 4962 hominibus
878 4908 1205 4978 iejttuantes.
1237 4914 1405 4966 Amen
1447 4912 1569 4967 dico
1602 4913 1771 4979 vobis,
1816 4924 2136 4984 receperunt

555 4996 861 5053 mercedem
889 5013 1061 5054 suam.
1084 5000 1162 5055 'l'u
1188 5010 1367 5055 autem
1394 5016 1514 5057 cum
1541 5003 1778 5071 ieiunas,
1811 5021 1949 5075 unge
1976 5016 2140 5077 caput

551 5097 722 5155 tnunt,
767 5100 822 5146 et
861 5091 1047 5147 faciem
1088 5101 1234 5147 tuam
1276 5093 1413 5162 lava,
1459 5112 1524 5149 ne
1548 5097 1781 5152 videaris
1831 5099 2135 5155 hominibus

553 5181 820 5253 ieiunans,
854 5183 947 5238 sed
972 5183 1114 5240 Patri
1146 5193 1257 5249 tuo,
1289 5186 1377 5256 qui
1400 5196 1481 5242 est
1503 5186 1555 5242 in
1578 5189 1929 5257 abscondito;
1959 5200 2015 5247 et
2039 5191 2139 5247 Pa-

555 5282 637 5329 ter
667 5281 788 5330 tuus
812 5275 905 5346 qui
923 5275 1067 5331 videt
1092 5276 1145 5332 in
1163 5277 1494 5346 abscondito,
1521 5280 1708 5336 reddet
1735 5280 1850 5336 tibi.

626 5411 836 5482 {Forte
866 5412 1171 5482 legendum,
1203 5416 1512 5471 esuriamus.

626 5478 654 5518 δ
684 5478 1053 5558 Βρίξιοιείιιωο
1077 5486 1128 5540 in
1151 5478 1351 5540 Ordine
1375 5486 1615 5542 Romano
1648 5488 1838 5558 legitur
1862 5487 2136 5545 Dominica

555 5551 930 5621 Sesagesimae.

637 5627 656 5698 _‘-
764 5635 865 5698 est,
898 5623 1037 5698 Dixit
1060 5626 1310 5681 Dominus
1330 5626 1482 5698 Iesus
1507 5627 1774 5698 discipulis
1796 5629 1924 5684 suis.

625 5688 651 5729 ιι
679 5694 803 5775 ῌξρο
833 5695 956 5780 item
983 5693 1242 5780 Collectio
1264 5700 1314 5751 in
1338 5697 1567 5780 Gothico
1591 5688 1687 5780 pro
1710 5700 1944 5780 secunda
1974 5703 2139 5760 missa
2232 5716 2238 5723 ‘

557 5764 740 5833 ieiunii
774 5766 908 5846 :‘ubi
928 5781 1033 5846 non
1058 5768 1215 5846 aliter
1241 5783 1402 5846 quam
1428 5769 1514 5846 hic
1538 5764 1718 5824 missae
1746 5772 2136 5846 inscribuntur,

536 5844 683 5903 mnu,
720 5847 777 5891 ut
806 5835 964 5903 Solet,
999 5852 1095 5905 pro
1130 5835 1401 5893 Dominica
1434 5840 1627 5908 prima;
1665 5843 1920 5911 secunda,
1956 5835 2136 5912 tertia,

2248 3325 2391 3380 neris
2436 3339 2606 3383 mater
2653 3328 2987 3384 interdictam
3042 3332 3144 3386 sibi
3190 3333 3437 3390 arborem
3485 3338 3847 3407 custodisset,

2248 3414 2700 3473 immortalitatem
2732 3421 3043 3476 retinuisset
3066 3431 3122 3477 et
3144 3426 3392 3493 patriam.
3418 3426 3525 3484 Sed
3556 3442 3847 3496 peccatum

2247 3507 2432 3562 matris
2460 3510 2709 3580 antiquze,
2734 3511 2875 3580 quod
2906 3513 3106 3568 inlicita
3137 3515 3264 3586 ligni
3294 3520 3445 3576 vetiti
3488 3527 3847 3593 usurpatione

2245 3600 2517 3669 conmisit,
2547 3614 2601 3659 et
2627 3608 2820 3663 nostris
2848 3624 3067 3666 oramus
3096 3610 3314 3669 absolve
3343 3616 3597 3685 ieiuniis;
3649 3629 3705 3674 ut
3747 3622 3844 3691 qui

2245 3693 2313 3750 de
2344 3697 2590 3765 paradiso
2622 3715 2727 3756 non
2756 3702 3076 3759 abstinendo
3104 3707 3417 3775 cecidimus,
3451 3712 3647 3768 eodem
3692 3731 3840 3772 nunc

2241 3787 2536 3859 ieiunando
2583 3794 2883 3862 redeamus,
2938 3813 3033 3867 per
3077 3799 3350 3858 Christum
3400 3803 3689 3863 Dominum
3742 3824 3842 3864 no-

2245 3889 2439 3939 strum.

2753 3974 2879 4014 [TEI
2919 3977 3071 4018 κιεδι
3110 3980 3327 4021 JEJUNII.

2566 4071 2782 4134 Epistula
2806 4073 2943 4124 Pauli
2967 4076 3171 4138 apostoli
3194 4078 3251 4127 ad
3270 4078 3526 4131 Romanos.

2316 4174 2551 4242 Fratres,
2582 4177 2704 4231 vivo
2742 4194 2864 4249 ego,
2904 4178 3033 4235 dicit
3078 4181 3360 4251 Dominus,
3405 4189 3659 4255 quoniam
3706 4193 3843 4250 mihi

2241 4264 2409 4321 ﬂectit
2433 4280 2592 4321 omne
2615 4282 2776 4336 genu,
2807 4278 2861 4324 et
2904 4270 3076 4324 omnis
3107 4272 3283 4342 lingua
3317 4277 3665 4332 cantitebitur
3694 4281 3832 4336 Deo.

2244 4358 2423 4429 Itaque
2448 4361 2811 4429 unusquisque
2840 4370 3087 4418 nostrum
3120 4380 3215 4432 pro
3246 4379 3306 4421 se
3337 4368 3605 4424 rationem
3645 4373 3844 4430 reddet

2243 4450 2373 4507 Deo.
2408 4450 2523 4507 Non
2554 4468 2685 4522 ergo
2713 4456 2945 4525 amplius
2988 4456 3213 4514 invicem
3240 4460 3575 4528 indicemus;
3604 4465 3703 4520 sed
3736 4467 3840 4523 hoc

2236 4543 2475 4614 iudicate
2520 4547 2714 4616 magis,
2759 4563 2827 4603 ne
2877 4552 3092 4619 ponatis
3139 4551 3519 4609 oll‘endicnlum
3562 4555 3716 4612 fratri
3760 4562 3842 4615 vel

2166 4620 2218 4683 Ι)
2245 4637 2580 4694 scandalum.
2618 4639 2744 4695 Seio
2774 4651 2827 4696 et
2854 4643 3068 4698 confido
3097 4645 3149 4699 in
3181 4645 3407 4702 Domino
3430 4646 3580 4703 Jesn.
3610 4649 3666 4704 Si
3698 4652 3841 4706 enim

2244 4738 2465 4799 propter
2522 4730 2698 4786 cibum
2753 4734 2918 4789 frater
2973 4742 3096 4791 tuus
3144 4739 3512 4807 contristatur,
3565 4741 3679 4811 iam
3732 4759 3837 4800 non

2244 4823 2538 4878 secundum
2581 4825 2860 4881 caritatem
2902 4827 3167 4884 ambulas.
3222 4830 3336 4885 Noli
3392 4831 3513 4888 cibo
3553 4840 3646 4888 tuo
3684 4834 3839 4891 illum

2248 4918 2496 4989 perdere,
2547 4935 2643 4989 pro
2672 4935 2780 4991 quo
2807 4920 3052 4977 Christus
3093 4931 3338 4979 mortuus
3378 4933 3481 4982 est.
3529 4925 3646 4982 Non
3686 4929 3835 4984 enim

2247 5010 2651 5081 blasphemetur
2678 5013 2876 5069 bonum
2909 5001 3176 5071 nostrum.
3215 5016 3336 5073 Non
3369 5027 3452 5074 est
3487 5034 3715 5091 regnum
3743 5022 3838 5080 Dei

2244 5119 2368 5161 esca
2400 5115 2455 5161 et
2478 5117 2653 5177 potus,
2685 5106 2781 5162 sed
2800 5106 3029 5177 iustitia,
3061 5113 3116 5164 e‘t
3137 5124 3260 5178 pax,
3285 5120 3339 5166 et
3362 5112 3619 5182 gaudium
3640 5115 3697 5172 in
3716 5115 3838 5187 Spi-

2243 5198 2350 5254 ritu
2379 5209 2587 5255 sancto.
2618 5200 2718 5268 Qui
2750 5199 2894 5256 enim
2936 5203 3104 5259 servit
3147 5202 3293 5274 Deo,‘
3324 5207 3583 5276 probatus
3619 5220 3707 5266 est
3742 5210 3838 5267 bo-

2250 5289 2505 5345 minibus.

2246 5428 2377 5499 ete"
2410 5421 2504 5476 sed
2536 5436 2552 5476 :
2577 5423 2698 5477 item
2725 5425 2832 5479 alia
2859 5426 3014 5499 missa
3036 5426 3257 5499 Jejum’i.
3292 5431 3348 5487 In
3376 5432 3570 5491 eodem
3601 5435 3836 5493 Gothico

2238 5492 2514 5581 habentur
2539 5502 2865 5581 tantum‘s-ex
2898 5498 3077 5581 missa:
3096 5492 3234 5581 ante
3263 5504 3482 5581 missam
3512 5508 3564 5561 in
3595 5492 3836 5581 Symboli

2246 5566 2556 5689 traditlione,
2583 5580 2701 5636 quae
2728 5566 2887 5622 fiebat
2910 5570 2961 5622 in
2988 5568 3260 5628 Dominica
3294 5574 3599 5633 Palmarnm
3623 5566 3835 5652 {neque

2265 5650 2335 5689 ne
2362 5650 2394 5704 p
2418 5651 2561 5692 ures.
3866 5678 3878 5687 η

2320 5676 2671 5788 ξ’ίίέἑξξειιιι·
2706 5708 2759 5764 in
2797 5711 3125 5788 exemplari;
3156 5712 3528 5788 disceptatione
3571 5720 3833 5788 puritate;

2244 5776 2725 5901 geldnmanifestum
2764 5776 3015 5839 mendum
3056 5776 3356 5844 boc~modo
3382 5776 3611 5848 indubie
3633 5776 3828 5851 saan

2321 5866 2335 5900 Ι
2380 5884 2393 5899 ο
