4060 6346
223 341 347 399 διδί
677 344 1316 412 SACRAMENTARIUM
1354 347 1823 405 GALLICANUM.
1853 376 1922 387 —-
1953 346 2327 412 LECTIONES
2366 354 2456 411 DE
2497 354 2822 416 ADVENTU
2866 359 3117 416 DOMINI.

399 461 575 512 Lectio
599 465 752 513 sanctl
778 463 1032 524 Evangelii
1055 465 1324 515 secundum
1347 467 1627 516 Matthaeum
1651 468 1697 514 “.
1870 465 1924 524 Α

3429 362 3537 419 48$

2597 475 2670 526 Ad
2704 490 2874 540 pacem

2021 565 2045 594 ο
2073 556 2301 628 Accepta
2353 559 2448 616 tibt
2490 571 2601 616 stnt
2625 604 2640 629 ,
2672 563 2933 631 Domine,
2970 579 3297 634 quaesumus,
3350 565 3522 622 nostri

1945 646 2084 702 dona
2126 649 2336 720 jejunii,
2371 667 2491 721 qua:
2539 656 2810 726 expiando
2835 673 2934 713 nos
2970 666 3074 712 tua:
3123 658 3307 727 gratia:
3339 658 3529 730 dignos

1945 744 2178 800 elftciant
2211 755 2267 801 et
2303 747 2370 802 ad
2407 751 2734 820 sempiterna
2778 752 3041 822 promissa
3094 753 3413 822 perducant.

2579 843 2900 896 Contestatio.

2019 921 2157 979 Vere
2198 923 2417 994 dignum
2473 937 2528 984 et
2582 930 2781 998 justum
2835 941 2939 997 est,
2965 931 3306 999 omnipotens
3360 932 3522 996 Deus,

1951 1017 2264 1085 suppliciter
2313 1035 2560 1089 exorare,
2622 1033 2679 1078 ut
2718 1040 2840 1080 cum
2887 1025 3210 1082 abstinentia
3266 1027 3531 1096 corporali

321 566 520 624 Simile
549 578 632 623 est
661 583 882 639 regnum
912 571 1164 627 crelorum
1199 572 1401 627 homini
1446 573 1843 642 patrifamilias,

225 661 336 732 qui
374 660 504 716 exiit
530 661 704 730 primo
735 676 892 716 mane
923 663 1230 720 conducere
1257 667 1531 734 operarios
1556 667 1607 721 in
1631 667 1842 723 vineam

226 769 435 809 suam.
472 754 840 812 Conrentione
860 764 1038 811 autem
1058 757 1193 812 facta
1224 774 1345 812 cum
1372 761 1634 830 Operariis
1663 775 1727 814 ex
1751 760 1845 813 de-

227 849 408 903 nario
435 849 649 913 diurno,
680 849 826 903 misit
855 865 949 904 eos
978 851 1030 905 in
1062 852 1271 907 vineam
1297 868 1471 906 suam.
1502 853 1565 906 Et
1593 867 1844 925 egressus

224 941 397 996 circa
431 942 619 996 horam
656 942 889 1007 tertiam,
918 942 1051 996 vidit
1075 943 1210 998 alios
1237 953 1441 1000 stantes
1467 945 1518 998 in
1554 944 1669 998 foro
1699 946 1840 999 otio-

222 1048 362 1100 sos,
397 1042 452 1089 et
496 1035 602 1088 illis
659 1034 790 1087 dixit
826 1053 838 1087 :
876 1037 948 1089 Ite
1005 1046 1057 1091 et
1087 1053 1183 1092 vos
1237 1038 1287 1091 itt
1316 1039 1526 1093 vincant
1555 1055 1756 1106 meam,
1790 1050 1844 1096 et

221 1127 392 1194 quod
417 1125 622 1196 justum
666 1127 826 1182 fuerit
871 1130 1011 1184 dabo
1034 1132 1204 1186 vobis.
1241 1134 1319 1189 Illi
1349 1134 1839 1190 autennahierunt.

223 1216 448 1272 lterum
480 1219 610 1283 exiit
665 1222 807 1275 circa
839 1230 1044 1276 sextam
1094 1234 1146 1277 et
1174 1240 1366 1279 nonam
1397 1226 1605 1289 horam,
1631 1235 1685 1280 et
1715 1226 1840 1282 fecit

225 1309 520 1366 similiter.
551 1312 701 1366 Circa
753 1313 1086 1370 undecimam
1145 1333 1273 1373 vero
1325 1320 1475 1384 exiit,
1524 1329 1580 1374 et
1636 1320 1841 1373 invenit

227 1403 386 1457 alios
414 1413 641 1468 stantes,
662 1413 716 1458 et
755 1404 882 1461 dicit
939 1408 1042 1462 illis
1076 1424 1089 1460 :
1118 1409 1254 1476 Quid
1311 1411 1398 1464 hic
1427 1411 1581 1467 statis
1613 1421 1724 1466 tota
1751 1413 1840 1466 die

233 1497 451 1552 otiosi?
482 1497 675 1552 Dicunt
703 1499 748 1553 ei
773 1540 788 1562 ,
822 1499 943 1567 quia
979 1515 1136 1556 nemo
1171 1517 1267 1556 nos
1291 1503 1563 1558 conduxit.
1598 1504 1758 1568 Dicit,
1780 1504 1842 1559 il-

232 1591 359 1649 lis:
407 1593 481 1649 lle
506 1603 559 1648 et
586 1610 681 1650 vos
707 1595 758 1649 in
788 1595 1019 1650 vineam.
1052 1597 1184 1652 Cum
1232 1615 1356 1656 sero
1407 1610 1586 1656 autem
1641 1600 1838 1656 factum

231 1696 417 1752 esset,
441 1688 564 1742 dicit
614 1688 863 1746 dominus
895 1689 1064 1746 vincte
1122 1693 1459 1761 procuratori
1513 1709 1657 1749 suo:
1691 1693 1836 1751 Voca

232 1780 545 1845 Operarios.
577 1789 631 1835 et
661 1781 826 1837 redde
853 1782 957 1836 illis
1012 1785 1340 1851 mercedem,
1377 1786 1638 1853 incipiens
1671 1804 1698 1840 a
1735 1805 1836 1843 no-

235 1873 483 1928 vissimis
511 1889 681 1942 usque
722 1875 788 1928 ad
835 1878 1061 1944 primos.
1084 1877 1220 1932 Cum
1245 1879 1524 1935 venissent
1570 1898 1698 1952 ergo
1744 1885 1838 1952 qui
1870 1865 1922 1930 Β

231 1966 391 2020 circa
423 1965 756 2021 undecimam
807 1968 990 2024 horam
1025 1983 1305 2039 venerant,
1341 1986 1667 2044 acceperunt
1720 1978 1833 2031 sin-

234 2059 402 2128 gulos
426 2057 695 2115 denarios.
731 2060 1018 2118 Venientes
1066 2073 1245 2119 autem
1297 2074 1350 2119 et
1378 2067 1558 2135 primi,
1591 2069 1838 2125 arbitrati

236 2163 375 2207 sunt
403 2155 541 2223 quod
565 2154 682 2224 plus
709 2169 894 2214 essent
931 2161 1201 2227 accepturi
1231 2178 1245 2226 ;
1275 2173 1608 2229 acceperunt
1650 2174 1835 2220 autem

236 2256 299 2299 et
334 2246 433 2316 ipsi
463 2249 702 2320 singulos
726 2251 1000 2308 denarios.
1046 2254 1112 2308 Et
1141 2256 1477 2324 accipientes
1529 2273 1838 2314 murmura-

239 2341 380 2398 bant
407 2344 660 2400 adversus
711 2348 1176 2418 patremfamilias,
1209 2352 1482 2409 dicentes:
1516 2355 1596 2409 Ilii
1655 2357 1836 2413 novis‘

240 2436 372 2490 simi
396 2453 496 2491 una
522 2438 651 2494 hora
681 2439 937 2502 fecerunt.
966 2453 1019 2496 et
1066 2459 1222 2512 pares
1254 2447 1410 2503 nobis
1456 2447 1581 2502 illos
1639 2427 1836 2518 fecisti,

241 2527 336 2594 qui
361 2530 689 2596 portavimus
717 2532 925 2599 pondus
952 2533 1056 2590 diei
1088 2544 1141 2590 et
1169 2546 1353 2593 aestus.
1388 2541 1456 2592 At
1487 2538 1576 2594 ille
1603 2557 1834 2611 respon-

241 2617 380 2674 dens
407 2622 498 2676 uni
540 2637 724 2679 eorum
766 2626 902 2680 dixit
929 2642 944 2682 :
971 2628 1176 2698 Amice,
1210 2646 1311 2684 non
1369 2631 1506 2687 facio
1541 2634 1638 2688 tibi
1696 2635 1840 2704 iniu-

244 2713 621 2770 riatn.Nonne
667 2731 732 2771 ex
778 2717 1002 2774 denario
1049 2722 1352 2776 convenisti
1411 2725 1657 2779 mecum?
1687 2724 1838 2783 Tolle

241 2805 390 2875 quod
425 2816 570 2861 tuum
601 2818 705 2875 est,
735 2817 787 2864 ct
826 2810 978 2865 vade.
1010 2810 1144 2866 Volo
1174 2822 1351 2868 autem
1380 2821 1437 2869 et
1492 2815 1615 2870 huic
1647 2818 1836 2873 novis-

244 2900 386 2953 simo
413 2899 540 2955 dare
564 2901 702 2956 sicut
727 2913 781 2958 et
819 2903 934 2959 tibi.
961 2906 1066 2960 Aut
1090 2922 1195 2961 non
1230 2907 1353 2962 licet
1385 2908 1513 2964 mihi
1542 2912 1681 2980 quod
1714 2913 1837 2968 volo

243 2991 463 3046 facere?
495 2993 575 3047 An
629 2994 817 3050 oculus
863 3007 985 3052 tuus
1016 3013 1244 3067 nequam
1278 3009 1381 3064 est,
1416 3002 1537 3072 quia
1593 3019 1691 3073 ego
1723 3005 1832 3060 bo-

249 3097 355 3137 nus
411 3087 569 3139 sum?
612 3086 703 3142 Sic
732 3097 889 3143 erunt
939 3090 1212 3145 novissimi
1246 3093 1424 3160 primi,
1451 3102 1504 3148 et
1550 3096 1708 3164 primi
1737 3113 1833 3153 no-

247 3177 476 3233 vissimi.
512 3180 660 3235 Multi
711 3183 852 3238 enim
911 3195 1034 3238 sunt
1065 3186 1260 3254 vocati,
1295 3188 1451 3257 pauci
1483 3205 1611 3246 vero
1650 3191 1834 3248 electi.

869 3289 1037 3326 INCIPIT
1069 3291 1218 3328 HISSA.

323 3351 584 3408 Memores
631 3355 924 3413 caelestium
975 3363 1618 3430 prmceptorum,fratres
1671 3375 1839 3425 caris.

250 3441 390 3509 simi,
423 3454 635 3512 peccata
667 3457 849 3503 nostra
889 3466 1077 3505 coram
1134 3453 1360 3510 Domino
1411 3454 1723 3524 defleamus,
1752 3475 1841 3514 se-

245 3543 430 3590 rentes
470 3536 520 3588 in
554 3536 825 3607 lacrymis,
853 3540 994 3608 quod
1017 3553 1279 3598 metamus
1312 3546 1361 3599 in
1381 3547 1611 3615 gaudiis.
1651 3548 1835 3605 Simus

252 3627 307 3683 in
338 3628 574 3684 oratione
601 3631 829 3698 adsidui,
859 3634 908 3689 in
958 3635 1178 3705 jejuniis
1208 3642 1461 3710 prompti,
1496 3642 1548 3696 itt
1601 3644 1841 3700 eleemo-

252 3723 396 3792 synis
420 3722 637 3792 hilares,
671 3735 730 3781 ut
753 3729 1027 3795 promissa:
1060 3733 1427 3790 retributionis
1455 3737 1682 3805 gloriam
1741 3738 1835 3794 de-

254 3824 370 3871 vota
397 3815 499 3872 lide
520 3827 575 3872 et
603 3818 779 3874 futura
811 3823 1124 3889 operatione
1150 3839 1473 3883 mereamur.

920 3913 1172 3966 Collectio.

327 3991 557 4064 Tempus
614 3995 715 4052 hoc
744 4000 1190 4067 sacratissimum,
1225 4001 1418 4059 fratres
1471 4004 1833 4074 dilectissimi,

258 4084 554 4142 vehementi
583 4087 869 4145 devotione
899 4105 962 4144 ac
1020 4092 1375 4151 sollicitudine
1395 4095 1746 4165 celebremus,
1783 4100 1836 4156 in

257 4192 358 4245 quo
388 4177 642 4235 Dominus
670 4189 854 4236 noster
873 4182 1226 4253 quadraginta
1248 4185 1456 4242 dierum
1483 4188 1566 4244 vel
1592 4191 1830 4247 noctium

257 4282 464 4324 cursum
491 4274 691 4340 absque
738 4273 845 4328 ullo
875 4273 990 4344 ejus
1040 4275 1318 4344 juvamine
1373 4280 1472 4334 sub
1524 4281 1838 4341 indumento

259 4362 490 4429 corporis
509 4365 784 4433 jejunavit.
814 4366 942 4420 Nam
991 4368 1127 4422 sicut
1155 4369 1362 4438 reliquo
1407 4373 1532 4427 anni
1589 4382 1838 4445 tempore

257 4455 490 4522 jejunare
514 4458 790 4526 praemium
821 4460 1018 4514 estzita
1046 4461 1097 4514 in
1125 4461 1207 4514 his
1226 4461 1417 4517 diebus
1450 4479 1558 4518 non
1577 4465 1830 4534 jejunare

262 4561 525 4620 peccatum
577 4552 727 4606 estb.
763 4552 853 4606 Illa
902 4553 1046 4607 enim
1075 4555 1374 4611 voluntaria
1434 4569 1560 4612 sunt
1599 4560 1830 4630 jejunia,

263 4643 356 4696 ista
385 4644 715 4710 necessaria;
749 4645 837 4700 illa
863 4645 929 4701 de
956 4647 1200 4712 arbitrio,
1223 4649 1322 4702 ista
1351 4652 1574 4706 veniunt
1596 4653 1664 4710 de
1686 4671 1836 4712 man-

263 4737 506 4799 dato;ad
542 4737 630 4790 illa
671 4736 900 4806 denique
943 4738 1252 4805 invitamur,
1284 4740 1349 4794 ad
1405 4743 1505 4797 ista
1552 4748 1837 4816 compelli-

263 4844 393 4883 mur.
427 4829 710 4884 Precetnnr
749 4844 876 4899 ergo
909 4830 1214 4894 Dominum,
1251 4845 1306 4887 ut
1339 4835 1495 4890 nobis
1518 4837 1715 4893 tribuat
1742 4856 1833 4896 re-

261 4923 560 4980 missionem
587 4924 981 4994 peccaminum.
1008 4926 1130 4981 Per.

863 5015 981 5066 Post
1004 5019 1220 5068 nomina.

331 5095 602 5152 Efficiatur
634 5098 747 5152 haec
777 5097 971 5163 hostia,
1000 5100 1242 5169 Domine,
1263 5117 1593 5173 qutesumns,
1617 5108 1838 5166 sollem-

265 5187 410 5242 nibus
436 5198 581 5256 grata
603 5186 819 5256 jejuuiis
847 5205 860 5254 ;
892 5197 944 5243 et
990 5197 1046 5243 ut
1074 5191 1165 5245 tibi
1191 5193 1282 5247 tiat
1329 5200 1623 5267 acceptior,
1650 5203 1836 5271 purifi-

265 5280 387 5338 catis
418 5281 679 5336 mentibus
709 5282 1033 5336 immoletur.

332 5392 509 5474 “.Iloch
534 5393 882 5474 Evangelium
917 5392 966 5474 in
990 5392 1191 5474 _0rdin_e
1224 5395 1464 5474 Romano
1489 5402 1698 5474 legitur
1727 5408 1839 5464 Do-

266 5464 448 5520 minica
478 5463 918 5534 Septuagesimae.
953 5463 1093 5517 ltlem
1148 5467 1316 5532 ipsum
1350 5468 1400 5522 in
1434 5463 1679 5531 Africana
1735 5463 1837 5535 Ec-

266 5535 412 5590 clcsia
455 5537 645 5589 lectum
675 5545 758 5588 est
785 5548 1024 5618 tempore
1053 5537 1356 5618 vindemias,
1392 5541 1601 5618 vivente
1631 5551 1834 5618 Augus-

269 5612 463 5682 μίμῳ(
487 5620 732 5682 sermone
756 5608 817 5658 ad
838 5608 1088 5682 populum
1112 5606 1201 5682 87_.
1230 5607 1464 5682 Itemque
1492 5615 1605 5682 ipso
1627 5606 1836 5676 die‘Na-

270 5677 377 5732 talis
408 5678 641 5742 Domini,
664 5692 726 5731 ex
759 5692 1007 5731 sermone
1031 5678 1118 5731 4‘).
1152 5678 1255 5732 Sed
1290 5680 1369 5733 ha:
1421 5677 1702 5744 Lectiones
1727 5707 1833 5749 non

270 5759 405 5802 crant
455 5749 719 5802 solemnes
749 5764 844 5816 pro
893 5749 1059 5802 sacris
1092 5752 1376 5820 mysteriis.
1407 5757 1499 5808 sed
1534 5766 1733 5814 tantum
1767 5765 1833 5818 ad

272 5821 517 5874 sermonis
545 5821 819 5872 materiam
851 5837 861 5870 :
896 5820 958 5872 ad
990 5836 1148 5890 quant
1182 5822 1430 5877 continua
1462 5826 1717 5886 librorum
1749 5850 1833 5887 sa-

273 5906 472 5947 crorum
502 5891 660 5947 lectio
683 5891 860 5958 fiebat,
878 5899 935 5943 ttt
957 5901 1184 5959 patet'cx
1211 5897 1547 5956 sermonibus
1569 5901 1828 5974 152,154,

1947 1123 2101 1165 mens
2131 1125 2342 1182 quoque
2369 1123 2550 1168 nostra
2577 1130 2766 1172 sensus
2789 1119 3026 1174 declinet
3047 1120 3306 1185 inlicitos;
3333 1129 3528 1190 etquae

1947 1210 2170 1259 terren:c
2197 1205 2465 1262 felicitatis
2495 1212 2798 1267 carnalibus
2829 1213 3001 1285 epulis
3048 1214 3396 1283 abnegamns,
3424 1213 3521 1269 htt-

1948 1312 2119 1351 tnanze
2168 1298 2455 1354 voluntatis
2507 1303 2684 1369 pravis
2730 1303 3116 1360 intentionibus
3162 1317 3526 1374 amputemus,

1947 1399 2007 1442 ut
2037 1389 2107 1442 ad
2141 1389 2334 1446 Sancta
2365 1402 2671 1448 sanctorum
2696 1393 2721 1430 ά
2747 1394 2879 1469 [pie]
2907 1396 3243 1466 fideliterque
3265 1396 3528 1465 capienda

1945 1483 2251 1550 conpetenti
2291 1483 2492 1554 jejunio
2537 1484 2860 1557 [pervenirel
2919 1489 3210 1545 valeamus.
3240 1488 3345 1546 Per
3376 1488 3534 1546 Chri-

1947 1586 2086 1632 stntn
2111 1578 2401 1634 Dominum
2419 1591 2683 1635 nostrum.

2467 1689 2591 1728 ITEM
2623 1689 2771 1730 MISSA
2799 1691 3014 1731 JEJUNII.

2256 1764 2470 1828 Epistola
2498 1766 2633 1817 Pauli
2658 1768 2865 1830 apostoli
2892 1769 2950 1818 ad
2972 1769 3210 1820 Romanos

2027 1846 2264 1914 Fratres,
2295 1851 2542 1907 odientes
2599 1852 2735 1907 mala
2770 1894 2785 1920 ,
2820 1853 3157 1909 adhaerentes
3210 1855 3372 1922 bono,
3400 1857 3534 1912 cari-

1948 1948 2055 1994 tate
2121 1939 2468 1998 fraternitatis
2521 1942 2746 2000 invicem
2815 1946 3129 2016 diligentes,
3171 1947 3378 2003 honore
3442 1949 3524 2003 in-

1945 2034 2114 2088 vicem
2186 2035 2610 2104 prazvenientes,
2641 2037 3000 2094 sollicitudine
3067 2055 3172 2094 non
3221 2041 3378 2110 pigri,
3418 2042 3532 2110 spi-

1945 2130 2049 2184 ritu
2080 2129 2363 2196 ferventes,
2401 2133 2628 2189 Domino
2673 2136 3005 2202 servientes,
3053 2152 3148 2204 spe
3205 2138 3525 2207 gaudentes,

1946 2222 1998 2275 in
2024 2222 2369 2279 tribulatione
2412 2226 2674 2294 patientes
2698 2268 2714 2293 ,
2743 2227 2973 2282 orationi
3039 2227 3302 2283 instantes
3335 2271 3352 2294 ,
3413 2245 3527 2285 me-

1948 2317 2135 2370 moriis
2197 2327 2508 2372 sanctorum
2556 2320 3036 2386 communicantes,
3099 2321 3520 2391 hospitalitatem

1943 2420 2233 2466 sectantes.
2260 2411 2592 2481 Benedicite,
2611 2421 2667 2469 et
2689 2414 2854 2470 nolite
2893 2413 3218 2470 maledicere
3246 2434 3260 2470 :
3291 2417 3530 2487 gaudere

1943 2521 2064 2562 cum
2120 2507 2496 2578 gaudentibus,
2523 2508 2654 2564 flere
2704 2523 2828 2563 cum
2889 2508 3184 2575 ﬂentibus;
3247 2508 3300 2564 id
3357 2511 3531 2578 ipsum

1944 2600 2171 2656 invicem
2193 2600 2508 2670 sentientes,
2533 2616 2640 2656 non
2662 2601 2772 2656 alta
2792 2605 3086 2671 sapientes,
3104 2600 3199 2656 sed
3241 2600 3536 2658 humilibus

1942 2695 2344 2751 consentientes
2377 2696 2431 2750 in
2459 2693 2702 2751 Christo.

2157 2793 2328 2846 Lectio
2350 2796 2505 2845 sancti
2529 2793 2794 2857 Evangelii
2815 2793 3088 2845 secundum
3109 2793 3307 2844 Lucam.

2016 2878 2214 2936 Diebus
2241 2881 2366 2947 illis,
2401 2880 2613 2936 dicebat
2641 2880 2901 2936 Dominus
2918 2880 3074 2937 Jesus
3107 2880 3413 2951 parabolam
3455 2880 3524 2936 ad

1940 2969 2240 3041 discipulos
2284 2986 2432 3037 suos,
2460 2971 2710 3041 quoniam
2767 2981 2977 3042 oportet
3020 2987 3236 3042 semper
3263 2988 3440 3038 orare,
3474 2982 3530 3028 et

1940 3074 2048 3114 non
2078 3061 2329 3129 deiicere,
2355 3063 2540 3118 dicens
2567 3081 2581 3115 :
2607 3061 2775 3118 Judex
2807 3065 3023 3134 quidam
3070 3075 3186 3120 erat
3215 3066 3268 3120 in
3297 3066 3528 3136 quadam

1941 3153 2176 3220 civitate,
2203 3156 2291 3224 qui
2327 3155 2491 3208 Deum
2525 3169 2630 3210 non
2660 3155 2899 3221 timebat,
2932 3165 2987 3211 et
3011 3157 3281 3212 hominem
3309 3171 3414 3210 non
3448 3173 3532 3212 re-

1869 3253 1917 3321 c
1949 3247 2249 3303 verebatur.
2279 3247 2445 3301 Vidua
2475 3258 2655 3303 autem
2677 3249 2922 3317 quaedam
2946 3259 3062 3303 erat
3086 3249 3137 3303 in
3169 3249 3388 3305 civitate
3410 3249 3528 3315 illa,

1945 3351 1999 3398 et
2020 3341 2266 3398 veniebat
2285 3344 2350 3396 ad
2377 3357 2522 3406 cum,
2553 3342 2776 3397 dicens:
2811 3341 3034 3396 Vindica
3077 3358 3165 3397 me
3185 3342 3253 3398 de
3274 3343 3531 3398 adversa-

1944 3437 2026 3493 rio
2056 3453 2214 3503 meo;
2248 3444 2302 3492 et
2330 3437 2549 3492 nolebat
2588 3452 2682 3506 per
2722 3437 2943 3490 multum
2994 3445 3223 3506 tempus.
3259 3436 3387 3491 Post
3417 3436 3533 3491 haec

1943 3540 2121 3587 autem
2152 3530 2284 3586 dixit
2315 3532 2449 3585 intra
2475 3545 2569 3586 se:
2603 3530 2666 3585 Et
2696 3530 2740 3584 si
2767 3531 2930 3585 Deum
2959 3545 3061 3584 non
3093 3531 3277 3596 timeo,
3308 3545 3406 3585 nec
3434 3531 3533 3586 lto:

1943 3628 2142 3682 minem
2172 3642 2464 3692 revereor;
2494 3636 2670 3682 tamen
2703 3626 2824 3695 quia
2853 3625 3081 3678 molesta
3120 3633 3201 3679 est
3259 3622 3388 3679 mihi
3416 3627 3531 3679 haec

1944 3719 2422 3786 vidua,vindicabo
2450 3720 2611 3781 illam,
2643 3735 2710 3773 ne
2741 3720 2791 3772 in
2825 3718 3117 3774 novissimo
3159 3717 3400 3783 veniens,
3432 3732 3528 3772 sn-

1940 3810 2091 3882 gillet
2114 3828 2217 3866 me.
2249 3813 2334 3866 Ait
2364 3822 2540 3866 autem
2570 3811 2827 3865 Dominus
2855 3809 3404 3880 :Auditequidjudex
3426 3809 3529 3862 ini-

1943 3904 2160 3974 quitatis
2186 3903 2334 3959 dicit.
2367 3904 2505 3960 Dens
2534 3912 2713 3960 autem
2746 3919 2850 3960 non
2885 3902 3041 3958 faciet
3072 3902 3359 3956 vindictam
3387 3900 3531 3956 elec-

1942 4004 2118 4052 torum
2147 4012 2388 4062 suorum,
2413 3997 2759 4052 clamantium
2812 3996 2876 4048 ad
2928 4010 2985 4051 se
3041 3994 3129 4050 die
3159 4010 3220 4049 ac
3253 4003 3406 4049 nocte
3428 4034 3442 4057 ,
3473 4003 3531 4048 et

1943 4090 2250 4159 patientiam
2301 4090 2518 4144 habebit
2567 4091 2622 4144 in
2674 4089 2816 4143 illis?
2847 4088 2974 4143 Dico
2997 4089 3190 4154 vobis,
3241 4086 3361 4156 quia
3417 4087 3526 4140 cito

1942 4185 2099 4240 faciet
2125 4184 2411 4239 vindictam
2440 4183 2673 4238 illorum.
2697 4182 3078 4238 Verumtamen
3103 4183 3267 4236 Filius
3301 4181 3531 4235 hominis

1942 4277 2182 4344 veniens,
2207 4290 2361 4347 putas
2401 4276 2636 4332 inveniet
2659 4277 2816 4332 fidem
2848 4277 2899 4330 in
2933 4286 3075 4331 terra
3102 4278 3124 4328 1’
3157 4274 3297 4329 Dixit
3351 4283 3529 4328 autem

1942 4369 2008 4424 ad
2038 4369 2293 4438 quosdam
2344 4369 2601 4425 Dominus
2644 4368 2802 4425 Jesus
2834 4369 2922 4439 qui
2972 4369 3024 4422 in
3065 4384 3122 4422 se
3164 4368 3530 4431 confidebant,

1945 4469 2214 4530 tamquam
2254 4460 2406 4529 justi,
2439 4471 2493 4516 et
2517 4461 2946 4529 aspernabantur
2971 4468 3182 4514 ceteros
3214 4460 3523 4528 parabolam

1945 4551 2103 4606 istam
2130 4569 2143 4604 :
2172 4551 2284 4606 Duo
2316 4551 2560 4609 homines
2583 4553 2945 4608 ascenderunt
2966 4552 3018 4606 in
3047 4552 3300 4620 templum
3323 4561 3377 4606 ut
3399 4567 3527 4607 oras

1865 4631 1920 4695 Ι)
1949 4652 2088 4710 rent,
2113 4659 2248 4698 unus
2277 4642 2599 4708 Pharisaaus,
2621 4653 2676 4698 et
2700 4644 2835 4698 alter
2854 4643 3195 4697 Publicanns.
3226 4642 3528 4699 Pharismus

1945 4745 2096 4792 stans
2127 4737 2244 4791 haec
2265 4735 2406 4806 apud
2461 4753 2520 4792 se
2540 4736 2753 4791 dicebat
2785 4751 2800 4790 :
2838 4736 2998 4804 Dens,
3020 4736 3220 4804 gratias
3270 4751 3370 4805 ago
3414 4736 3529 4804 tibi,

1943 4831 2065 4898 quia
2091 4844 2194 4883 non
2218 4844 2334 4883 sunt
2363 4827 2499 4882 sicut
2529 4827 2690 4883 ceteri
2720 4828 3020 4892 hominum,
3066 4835 3329 4896 raptores,
3364 4826 3530 4896 injus-

1944 4922 2007 4983 ti,
2033 4918 2285 4986 adulteri,
2321 4918 2466 4973 velut
2494 4915 2654 4973 etiam
2699 4919 2786 4973 hic
2835 4918 3179 4974 Publicanus.
3211 4917 3401 4990 Jejuno
3447 4918 3530 4972 bis

1944 5013 1998 5067 in
2046 5011 2288 5078 sabbato,
2313 5009 2546 5068 decimas
2594 5011 2665 5068 do
2714 5012 2949 5068 omnium
3000 5029 3124 5085 qua:
3165 5015 3427 5081 possideo.
3468 5012 3530 5067 Et

1945 5104 2266 5162 Publicanns
2296 5121 2326 5158 a
2357 5105 2514 5176 longe
2535 5112 2684 5161 stans
2713 5107 2929 5161 nolebat
2958 5121 3056 5163 nec
3079 5106 3266 5162 oculos
3313 5107 3379 5159 ad
3423 5121 3528 5160 Cic-

1944 5197 2055 5254 lum
2095 5197 2294 5264 levare,
2343 5199 2438 5253 sed
2497 5198 2828 5267 percutiehat
2881 5207 3064 5268 pectus
3093 5213 3246 5253 suum
3292 5195 3525 5252 dicens:

1945 5289 2087 5347 Deus
2116 5291 2386 5361 propicins
2413 5299 2533 5346 esto
2563 5291 2692 5346 tnihi
2718 5292 3006 5361 peccatori.
3045 5292 3172 5346 Dico
3199 5288 3372 5357 vobis,
3401 5290 3527 5346 des-

1943 5419 2454 5574 isq’Nloighdﬁghic
2481 5491 2631 5549 locus
2660 5490 2726 5549 de
2753 5497 3020 5563 praceplo
3053 5487 3247 5559 ieiunii
3287 5488 3524 5554 0“""3'

1938 5565 2272 5690 seiugatam
2298 5634 2413 5692 fere
2449 5635 2712 5691 Collectio
2753 5636 2804 5690 in
2837 5633 3078 5691 Romano
3105 5645 3240 5690 torta
3263 5636 3300 5689 ὅ
3329 5633 3530 5690 hebdo-

1941 5706 2112 5760 madm
2139 5707 2428 5762 Passionis.
2469 5723 2472 5727 ·

1940 5847 1953 5902 1
2011 5774 2035 5812 ει
2067 5778 2121 5832 Id
2150 5787 2233 5834 est
2262 5778 2650 5836 Eucltaristiam
2688 5794 2784 5836 seu
2817 5780 3249 5840 communionem
3293 5784 3532 5842 Pascha-

1960 5866 2064 5902 CIII.

1960 5866 2064 5902 CIII.
