4060 6346
532 286 635 346 ιεδ

1336 286 1678 365 ΑΡΡεΝυιχ
1722 288 1810 371 sp
1849 288 2079 355 orans
2120 283 2178 349 s.
2222 284 2532 347 cunmm
2574 287 3010 349 PARISIENSIS.
3736 285 3825 341 tsi

534 407 710 464 cendit
737 406 823 463 hic
857 406 1178 478 justiﬁeatus
1210 408 1263 463 in
1288 406 1505 471 domum
1537 424 1688 463 suam
1732 409 1915 462 abillo
1944 425 1957 462 :
1993 408 2116 477 quia
2149 416 2199 491 Α
2225 416 2394 463 strum
2410 407 2769 477 deprecemur
2798 424 2809 457 :
2839 415 2893 459 ut
2906 403 3177 477 jejuniqu
3200 408 3456 457 nostrum
3475 399 3547 455 sit
3569 400 3828 469 propicia-

533 502 705 558 omnis
726 504 814 571 qni
840 518 898 557 se
918 504 1138 571 exultat,
1160 503 1526 571 huniiliabitur
1544 520 1560 565 ;
1581 513 1635 558 et
1650 504 1740 573 qui
1764 518 1823 560 se
1850 504 2124 571 humiliat,
2186 508 2189 509 '
2234 500 2307 553 tio
2325 508 2531 567 nostra,
2562 509 2616 553 et
2641 498 2781 553 dono
2806 499 2991 567 gratia:
3018 512 3150 557 sum.
3183 494 3605 565 castigationem
3634 507 3822 565 corpo-

534 593 875 651 exaltabitur.

1153 679 1323 715 INCIPIT
1358 679 1507 717 ansas.

608 749 771 814 Deus,
800 750 886 805 cui
914 749 1088 805 omnis
1110 760 1353 806 creatura
1377 767 1474 822 pro
1499 767 1599 806 suo
1623 750 1818 808 ordine
1870 752 2120 807 serviens

538 841 825 896 famulatur
845 842 1106 911 subjecta,
1141 844 1191 896 in
1226 845 1325 899 hac
1354 844 1546 915 ieiunii
1578 844 1955 902 humiliatione
2004 859 2128 917 pre-

538 946 630 987 ees
660 942 872 988 nostras
896 933 1089 988 exaudi
1108 935 1401 1004 propicius.

1210 1042 1444 1095 Collectlo

612 1142 799 1213 Jt-jnnii
828 1148 1193 1203 mcurvatione
1226 1164 1321 1220 pro
1353 1160 1553 1205 nostris
1575 1150 1816 1205 reattbus
1838 1160 1889 1207 et
1920 1150 2130 1231 delictis

537 1230 1151 1315 niisercre,qutesumus,
1173 1242 1416 1309 Domine,
1441 1256 1492 1297 et
1524 1258 1551 1296 a
1579 1245 1849 1319 continuis
1867 1246 2009 1299 vitiis
2038 1230 2130 1300 oc-

535 1338 778 1407 cupatos,
800 1331 864 1386 ad
896 1333 1119 1397 virtutes
1145 1335 1472 1404 propiciatus
1501 1337 1772 1409 reSpicere
1801 1337 2049 1414 dignare.

1160 1424 1278 1475 Post
1295 1427 1507 1476 nomina.

610 1502 809 1559 Pr.rsta
830 1506 1001 1565 nobis.
1038 1507 1345 1562 misericors
1397 1511 1558 1575 Deus,
1612 1518 1668 1565 ut
1697 1527 1915 1567 munera
1948 1500 2126 1569 nostra

536 1610 631 1665 pro
654 1596 841 1667 jejunii
865 1600 1288 1655 sanctificatione
1312 1603 1491 1657 oblata
1521 1603 1756 1673 Spiritus
1785 1614 2007 1661 sanctus
2034 1606 2127 1661 ad-

539 1701 739 1756 sumat,
766 1701 821 1745 et
854 1692 920 1745 ad
954 1702 1005 1747 te
1039 1704 1151 1748 toto
1179 1695 1340 1750 corde
1394 1682 1687 1754 clamantes
1717 1699 2129 1771 propiciationis

537 1790 642 1838 tua:
660 1784 1044 1855 indulgentiam
1067 1801 1477 1855 consequamur.

1190 1875 1262 1926 Ad
1290 1892 1475 1940 pacem.

2231 607 2349 647 rum
2380 590 2652 662 profectus
2675 591 2933 647 mentium
2956 598 3371 659 consequantur.

2873 682 3177 734 Contestatio

2305 770 2443 827 Vere
2471 769 2689 841 dignum
2738 777 2794 825 et
2829 768 3035 839 justum
3076 776 3176 824 est.
3204 766 3306 834 Qui
3353 765 3548 822 ﬁdeles
3571 773 3700 820 tuos
3730 781 3826 820 non

2231 863 2405 917 solum
2426 862 2563 918 cibis
2590 860 2961 931 corporalibus
2986 860 3181 930 pascis,
3195 859 3291 915 sed
3312 859 3477 914 etiam
3496 858 3832 929 spiritalibus

2229 959 2404 1030 epulis
2429 957 2737 1014 misericors
2759 956 2958 1021 reﬁcis,
2981 970 3046 1011 ac
3077 964 3321 1026 praestas,
3354 963 3414 1009 ut
3440 953 3535 1025 qui
3568 953 3645 1008 de
3675 966 3831 1020 para-

2230 1052 2348 1107 diso
2372 1054 2421 1105 in
2454 1052 2625 1119 primo
2655 1057 2879 1119 parente
2909 1062 3005 1118 per
3035 1046 3458 1103 inobedientiaut
3515 1062 3630 1100 non
3663 1043 3834 1098 absti-

2232 1144 2409 1199 nendo
2436 1142 2747 1205 cecidimus,
2777 1155 2872 1210 per
2895 1138 3093 1195 Christi
3137 1138 3354 1195 Domini
3385 1138 3557 1193 nostri
3588 1136 3836 1192 obedien-

2234 1249 2359 1295 tiam
2379 1236 2671 1308 jejunando
2699 1234 3017 1301 redeamus;
3046 1246 3100 1290 et
3133 1236 3326 1306 quibus
3354 1250 3447 1306 per
3476 1235 3671 1290 cibum
3704 1234 3831 1305 ligni

2233 1331 2393 1385 inlata
2426 1345 2573 1385 mors
2609 1328 2808 1396 fuerat,
2844 1344 2938 1400 per
2961 1329 3137 1385 crucis
3185 1329 3387 1401 lignum
3418 1330 3571 1383 salus
3621 1330 3832 1399 perdita

2231 1422 2564 1478 redderetur.
2590 1421 2760 1489 Quem
2800 1422 2994 1477 merito
3024 1432 3345 1475 venerantur
3396 1421 3588 1499 sedes,
3627 1421 3835 1475 miran-

2232 1525 2317 1569 tur
2339 1517 2877 1585 throni,cunctusque
2895 1524 3113 1569 senatus
3161 1512 3459 1569 calestium
3494 1524 3839 1585 potestatum

2230 1622 2352 1663 cum
2384 1609 2534 1663 beata
2561 1607 2832 1677 seraphim
2864 1606 3197 1675 proclamant
3226 1623 3237 1659 :
3266 1605 3538 1661 Sane-rus.

2695 1696 3001 1749 CouteItatio
3022 1696 3089 1747 de
3109 1696 3295 1760 «Ioseph
3317 1699 3362 1747 ε.

2308 1784 2442 1839 Vere
2464 1784 2683 1853 dignum
2712 1793 2766 1839 et
2792 1782 2997 1853 justum
3022 1793 3105 1837 est
3132 1784 3479 1851 omnipotens
3510 1780 3690 1844 Deus,
3747 1795 3841 1851 per

2232 1877 2500 1935 Christum
2531 1879 2811 1933 Dominum
2856 1886 3123 1933 nostrum.
3174 1874 3341 1945 Cujus
3384 1885 3572 1947 typum
3632 1874 3840 1945 Ioseph

611 1959 959 2028 Omnipotens
984 1969 1039 2016 et
1061 1960 1367 2017 misericors
1392 1964 1549 2029 Deus,
1578 1964 1775 2020 exaudi
1801 1980 1985 2035 preces
2002 1965 2133 2037 jeju-
2232 1983 2471 2043 portans,
2499 1971 2763 2026 immenso
2793 1984 2979 2025 amore
3006 1984 3038 2023 a
3060 1978 3213 2041 patre
3232 1968 3497 2041 diligitur,
3524 1972 3579 2024 in
3616 1970 3843 2025 occulta

536 2054 774 2106 nantium
799 2052 1243 2123 Christianorum,
1270 2063 1324 2109 et
1357 2055 1741 2129 misericordiae
1768 2064 1873 2113 tua:
1899 2073 2117 2126 munus,

535 2144 679 2199 omni
717 2154 960 2201 cessante
998 2144 1376 2213 fraudulentia,
1404 2134 1674 2217 propicius
1730 2148 2025 2219 impende;
2066 2156 2125 2204 ut

533 2250 631 2307 per
656 2239 1084 2307 coniunctionem
1118 2238 1263 2307 pacis
1295 2254 1486 2294 omnes
1509 2254 1537 2294 a
1564 2249 1618 2296 te
1644 2241 2127 2311 comprehensam,

533 2331 738 2387 securis
787 2332 880 2386 tibi
911 2331 1181 2387 mentibus
1211 2332 1530 2388 serviamus.

1168 2423 1492 2473 Contestatio.

609 2514 637 2544 ι
662 2504 802 2560 Vere
822 2504 1039 2575 dignum
1068 2514 1123 2561 et
1143 2506 1347 2572 justum
1380 2514 1463 2559 est
1493 2514 1546 2560 te
1572 2513 1852 2561 auctorem
1890 2513 1947 2562 et
1996 2518 2124 2560 san-

532 2598 878 2651 etiiicatorem
897 2595 1083 2665 jejunii
1126 2596 1472 2661 conlaudare,
1502 2611 1599 2666 per
1642 2596 1784 2665 quod
1844 2597 2043 2652 liberas
2086 2611 2118 2653 a

534 2688 1041 2743 nostrorntndebitis
1060 2697 1417 2757 peccatorum.
1438 2689 1576 2759 Ergo
1591 2689 1805 2755 suscipe
1839 2688 2009 2745 libens
2034 2688 2120 2760 je-

529 2780 828 2849 junantium
859 2794 1069 2848 preces,
1091 2780 1266 2851 adque
1296 2797 1393 2837 nos
1421 2796 1451 2835 a
1482 2779 1638 2836 malis
1667 2783 1917 2838 munibus
1943 2783 2126 2853 propi-

534 2874 694 2928 tiatus
746 2872 979 2942 eripias;
1040 2872 1346 2942 iniquitates
1404 2884 1616 2929 nostras
1649 2914 1664 2939 ,
1718 2874 1911 2945 quibus
1967 2875 2117 2944 juste

532 2966 854 3036 adﬂigimur,
898 2979 1147 3035 rogamus
1189 2965 1413 3023 absolve
1470 2981 1566 3034 per
1613 2967 1884 3023 Christum
1931 2966 2121 3023 Domi-

532 3074 683 3128 num,
710 3067 814 3116 etc.

1043 3147 1175 3188 ΙΤΒΙ
1206 3146 1355 3188 εῖδει
1389 3148 1605 3194 suum.

746 3244 958 3308 Epistola
980 3245 1118 3296 Pauli
1138 3247 1343 3310 apostoli
1357 3249 1421 3299 ad
1443 3246 1702 3299 duodecim
1724 3248 1895 3300 tribus.

598 3328 837 3398 Fratres,
865 3330 1005 3385 Deus
1032 3330 1194 3401 elegit
1241 3346 1506 3401 pauperes
1535 3334 1587 3387 in
1632 3335 1736 3388 hoc
1770 3332 1995 3400 mundo,
2021 3335 2109 3389 di-

525 3433 658 3479 v'tes
683 3426 737 3480 in
761 3425 884 3495 fide,
913 3433 967 3482 et
994 3425 1221 3482 heredes
1244 3428 1419 3498 regni,
1452 3428 1597 3497 quod
1624 3429 1946 3487 repromisit
1974 3429 2120 3485 Deus

528 3519 873 3592 diligentibus
906 3534 967 3576 se
988 3521 1040 3577 δ.

698 3633 869 3686 Lectio
889 3634 1044 3684 sancti
1066 3632 1326 3697 Evangelii
1352 3632 1621 3685 secundum
1644 3632 1939 3685 Iohannem.

600 3736 798 3793 Diebus
844 3736 971 3803 illis,
1000 3737 1134 3791 dixit
1175 3737 1426 3791 dominus
1465 3736 1622 3792 Jesus
1650 3737 1927 3808 discipulis
1964 3738 2115 3795 suis:

524 3827 716 3895 Amen,
752 3844 904 3883 amen
950 3827 1071 3883 dico
1104 3829 1278 3897 vobis,
1312 3830 1413 3883 nisi
1473 3844 1696 3898 granum
1734 3830 1991 3887 frumenti
2021 3846 2113 3886 ca-

523 3920 656 3975 dens
682 3922 733 3975 in
763 3930 904 3976 terra
935 3931 1201 3975 mortuum
1249 3920 1425 3990 fuerit,
1460 3922 1632 3991 ipsum
1667 3926 1838 3977 solum
1876 3934 2057 3980 manet
2098 3943 2113 3992 ;

523 4012 777 4069 siautem
835 4023 1101 4068 mortuum
1132 4014 1314 4083 fuerit,
1372 4017 1595 4068 multum
1654 4018 1883 4069 fructum
1914 4016 2112 4071 adfert.

522 4104 625 4173 Qui
675 4114 817 4160 amat
869 4106 1100 4161 animam
1163 4122 1311 4161 suam
1348 4150 1362 4174 ,
1406 4107 1580 4177 perdit
1639 4122 1799 4172 eam;
1856 4111 1942 4179 qui
1997 4108 2113 4181 [au-

526 4195 658 4265 tem]
703 4198 814 4253 odit
862 4197 1091 4253 animam
1141 4214 1291 4254 suam
1350 4202 1402 4273 in
1456 4203 1556 4255 hoc
1610 4201 1832 4270 mundo,
1868 4204 1917 4255 in
1950 4203 2112 4259 vitam

524 4302 781 4347 internum
840 4292 1072 4346 custodit
1099 4292 1319 4349 eam.Si
1352 4295 1472 4361 quis
1523 4294 1650 4348 mihi
1705 4295 2112 4365 ministraverit,

524 4401 609 4439 me
631 4394 916 4455 sequatur;
948 4395 1001 4439 et
1031 4386 1117 4439 ubi
1150 4401 1268 4440 sum
1300 4401 1420 4455 ego,
1458 4386 1566 4441 illic
1596 4397 1648 4440 et
1676 4387 1923 4443 minister
1956 4405 2110 4445 meus

527 4478 648 4533 erit.
675 4478 730 4532 Si
763 4478 882 4548 quis
936 4476 1064 4532 mihi
1123 4478 1545 4545 ministraverit,
1582 4478 1956 4536 honoriﬁcabit
1988 4497 2108 4537 eum

527 4568 686 4626 Pater
714 4584 883 4634 meus,
910 4569 995 4639 qui
1022 4580 1103 4624 est
1127 4570 1177 4623 in
1210 4570 1379 4624 crelis.

1152 4679 1321 4716 INCIPIT
1351 4678 1496 4716 κιεει.

597 4748 877 4802 Dominum
904 4748 1067 4803 Deum
1092 4758 1357 4811 nostrum,
1386 4748 1585 4803 fratres
1614 4750 1905 4815 carissimi,
1931 4749 1985 4802 in
2012 4749 2111 4804 hac

525 4839 692 4894 nostri
744 4841 1113 4896 humiliatione
1163 4831 1349 4911 jejunii
1394 4842 1667 4912 supplices
1716 4841 2109 4911 deprecemur;

524 4942 583 4986 ut
631 4933 1033 4988 observantiam
1064 4974 1079 4997 ,
1123 4947 1281 5003 quam
1350 4936 1706 5003 corporaliter
1764 4922 2108 5011 exhibemus,

533 5028 803 5080 mentibus
832 5026 989 5080 etiam
1021 5026 1288 5079 valeamus
1342 5042 1591 5082 exercere
1622 5028 1872 5093 sinceris,
1907 5039 1961 5084 et
1990 5043 2109 5083 cas-

525 5119 705 5189 tigatio
748 5129 1050 5174 nostrorum
1107 5133 1390 5188 corporum
1436 5121 1697 5188 profectui
1749 5120 1945 5177 militet
1995 5123 2114 5178 ani-

529 5226 755 5269 marum.

1203 5282 1413 5334 Secreta

601 5387 905 5443 Unianimes
936 5389 1111 5459 adque
1132 5388 1427 5446 concordes
1474 5390 1754 5453 Dominum
1786 5392 1951 5451 Deum
2014 5409 2113 5452 nos

593 5553 618 5616 ξ
645 5545 842 5600 Eadem
874 5546 925 5600 in
948 5546 1145 5601 Missali
1179 5544 1427 5612 Gothico,
1467 5562 1585 5616 pag.
1617 5547 1745 5604 2'55.
2108 5570 2115 5609 ι

593 5614 620 5656 ιο
647 5616 771 5669 Haec
802 5618 1032 5689 Epistula
1088 5633 1195 5672 non
1229 5618 1438 5672 videtur
1469 5614 1750 5689 descripta
1783 5620 1946 5677 fuisse
1966 5622 2109 5677 inte-

520 5702 633 5757 gra,
659 5689 829 5757 qmlis
855 5687 919 5741 atl
945 5688 1158 5743 missam
1210 5697 1337 5759 tunc
1361 5687 1705 5745 recitabatur.
1734 5693 1885 5759 Quod
1943 5694 2111 5750 etiam

518 5759 585 5815 de
626 5760 931 5827 tuiausdam
961 5761 1125 5827 aliis,
1148 5773 1269 5831 quae
1296 5758 1385 5816 hic
1427 5760 1709 5819 breviores
1747 5758 1894 5821 sunt.
1926 5764 2114 5837 conji-

520 5846 692 5887 CIJIUS
2106 5878 2107 5883 η

2229 2066 2355 2121 odio
2380 2080 2408 2118 a
2434 2064 2689 2119 fratribus
2730 2072 3057 2132 reportatur.
3090 2062 3244 2116 Illum
3287 2061 3522 2131 denique
3588 2060 3841 2117 oderant

2232 2158 2424 2213 fratres
2451 2156 2534 2211 sui
2570 2164 2789 2227 propter
2828 2155 3086 2227 mysteria
3117 2148 3491 2219 somniorum;
3553 2164 3608 2208 et
3655 2154 3830 2208 Clari-

2229 2261 2370 2307 stum
2392 2250 2678 2306 Dominum
2711 2249 3173 2320 persequebantur
3201 2246 3375 2303 Judaei
3405 2257 3631 2316 propter
3660 2249 3843 2303 ιιιθυί-

2229 2339 2567 2401 festationem
2617 2346 2894 2400 virtutum.
2926 2344 3018 2400 ille
3040 2344 3105 2398 ad
3136 2343 3463 2399 uisitandum
3488 2344 3762 2414 populum
3810 2358 3841 2399 a

2231 2436 2340 2496 Deo
2362 2449 2513 2508 patre
2535 2437 2780 2508 piissimo
2810 2434 3157 2503 destinatur;
3188 2435 3283 2492 ille
3330 2436 3549 2491 errabat
3601 2451 3712 2506 per
3741 2439 3844 2493 beo

2230 2545 2458 2595 remum,
2490 2541 2546 2585 ut
2574 2531 2837 2586 inveniret
2872 2528 3087 2595 fratres,
3114 2528 3206 2598 qui
3232 2529 3602 2584 miscebantur
3635 2540 3839 2599 pasto-

2229 2640 2339 2681 res.
2375 2625 2470 2680 Hic
2497 2626 2745 2681 Christus
2776 2624 3036 2680 Dominus
3083 2621 3411 2692 praedicabat
3432 2623 3485 2677 in
3506 2624 3751 2692 pop-lo,
3783 2631 3844 2680 us

2232 2719 2300 2773 ab
2325 2734 2511 2775 errore
2539 2727 2883 2775 converteret
2909 2724 3248 2787 peccatores.
3284 2716 3435 2770 Illum
3476 2715 3530 2771 in
3575 2714 3842 2773 Dotahim

2231 2809 2583 2866 vendiderunt
2608 2810 2823 2877 fratres,
2856 2819 2913 2864 et
2940 2807 3193 2863 occidere
3227 2816 3639 2874 tractaverunt;
3692 2809 3843 2864 bons

2227 2901 2501 2957 Christum
2527 2901 2807 2956 Dominum
2838 2900 3099 2954 Bethania
3132 2899 3402 2953 Lazarum
3458 2899 3834 2954 suscitantur:

2228 2994 2511 3051 doluerunt
2556 2993 2747 3062 Judmi,
2791 3004 2845 3050 et
2896 2992 3214 3065 crucifigere
3252 3001 3575 3048 statuerunt.
3628 2993 3733 3049 Ille
3790 2995 3842 3052 in

2228 3088 2462 3142 cisterna
2486 3088 2786 3143 servandus
2811 3095 3130 3157 reputatur;
3157 3086 3242 3141 hic
3291 3086 3549 3142 CUSWdiiB
3582 3086 3835 3143 militum

2148 3196 2199 3269 Β
2228 3179 2533 3250 deputatur.
2561 3181 2654 3237 Ille
2678 3196 2711 3235 a
2756 3180 3048 3247 fratribus;
3078 3179 3167 3235 hic
3217 3178 3463 3236 Christus
3513 3180 3792 3239 Dominus
3814 3198 3843 3240 a

2178 3268 2189 3287 ⁵
2226 3273 2426 3329 Juda-is
2457 3273 2702 3329 traditur.
2732 3274 2823 3330 llle
2847 3273 3130 3330 lsmaelitis
3154 3274 3370 3344 triginta
3393 3276 3666 3346 argenteis
3710 3293 3841 3333 ven-

2231 3368 2374 3422 ditor
2410 3368 2463 3423 in
2494 3368 2744 3433 deserto;
2777 3368 2864 3423 hic
2888 3368 3135 3424 Christus
3161 3368 3416 3424 Dominus
3479 3370 3700 3439 triginta
3734 3387 3834 3427 ar-

2224 3461 2437 3529 genteis
2495 3475 2525 3513 a
2582 3460 2806 3515 Judaeis.
2861 3460 3008 3514 Illum
3075 3459 3267 3516 fratres
3335 3462 3699 3518 vendiderunt
3777 3467 3833 3521 in

2230 3548 2497 3621 Egypto;
2523 3549 2663 3605 hunc
2710 3551 2903 3605 milites
2927 3552 3383 3621 exspoliaverunt.
3414 3552 3509 3609 ille
3556 3555 3837 3612 addicitur

2226 3646 2505 3710 servituti;
2538 3645 2622 3699 hic
2648 3645 2893 3700 Christus
2919 3645 3172 3701 Dominus
3194 3646 3629 3716 adtigiturcruci.
3661 3649 3831 3705 lllein

2224 3736 2454 3809 Egypto
2475 3736 2779 3803 descendit;
2800 3736 2885 3792 hic
2914 3735 3164 3792 Christus
3215 3738 3469 3794 Dominus
3488 3741 3540 3795 in
3559 3742 3706 3813 ligno
3730 3759 3828 3814 pe-

2223 3829 2427 3898 pendit.
2440 3828 2575 3882 Cum
2590 3830 2677 3883 illo
2694 3828 2801 3881 duo
2818 3829 3051 3882 damnati
3069 3838 3352 3883 servantur
3372 3830 3423 3884 in
3439 3847 3683 3899 carcere;
3699 3851 3832 3891 cum

2225 3918 2445 3974 Christo
2468 3918 2693 3973 Domino
2714 3916 2819 3973 duo
2844 3916 3081 3971 latrones
3096 3916 3452 3988 adjunguntur
3470 3920 3519 3973 in
3537 3936 3721 3978 cruce.
3738 3923 3833 3979 Jo-

2222 4026 2317 4080 sep
2332 4011 2601 4065 damnatis
2618 4011 2822 4064 somnia
2840 4009 3342 4079 exponit;Christns
3358 4010 3615 4069 Dominus
3632 4016 3832 4073 latroni

2224 4105 2438 4174 praemia
2465 4103 2720 4174 promittit
2742 4110 2961 4155 aeterm.
2983 4099 3180 4169 Ioseph
3210 4103 3275 4156 de
3288 4104 3556 4171 ergastulo
3570 4121 3830 4177 egressus

2220 4197 2557 4266 componitur
2582 4213 2595 4262 ;
2621 4192 2868 4250 Christus
2896 4193 3157 4249 Dominus
3186 4193 3453 4250 infernum
3483 4200 3828 4268 exspoliatu-

2220 4288 2647 4359 maggreditur.
2673 4286 2765 4340 Ille
2791 4296 2910 4355 post
2933 4286 3331 4343 tribulationem
3354 4292 3598 4359 pervenit
3618 4292 3692 4346 ad
3722 4294 3827 4348 ho-

2220 4396 2440 4446 norem;
2463 4378 2710 4433 Christus
2734 4378 2990 4433 Dominus
3013 4388 3132 4447 post
3156 4382 3607 4438 resurrectionem
3630 4385 3827 4441 trium-

2220 4474 2388 4544 phans
2437 4473 2679 4528 ascendit
2726 4472 2791 4526 ad
2824 4472 3057 4526 Patrem.
3089 4472 3182 4527 llle
3215 4472 3479 4531 frumenta
3530 4478 3821 4537 distribuit

2144 4592 2201 4658 υ
2222 4567 2275 4621 in
2297 4564 2567 4637 Egypto;
2602 4566 2687 4621 hic
2714 4563 3103 4619 Eucharistiam
3127 4569 3469 4622 consecravit
3506 4570 3558 4624 in
3592 4575 3817 4629 mundo.

2226 4660 2318 4715 lle
2345 4675 2375 4714 a
2408 4659 2657 4713 fratribus
2686 4668 2770 4713 est
2815 4659 3067 4713 adoratus
3114 4659 3168 4713 in
3202 4660 3388 4727 terris;
3426 4660 3514 4717 hic
3572 4663 3824 4723 Christus

2229 4752 2487 4808 Dominus
2531 4753 2598 4806 ab
2622 4750 2826 4822 angelis
2850 4750 3047 4820 jugiter
3085 4752 3347 4808 adorator
3376 4755 3426 4807 in
3483 4757 3656 4814 caelis.
3696 4759 3818 4815 Cui.

2474 4848 2779 4901 Contcstatio
2801 4847 2995 4911 quando
3019 4851 3083 4901 de
3108 4862 3282 4900 manna
3313 4849 3497 4915 legitur
3521 4849 3568 4903 ιι.

2294 4932 2432 4989 Vere
2453 4934 2669 5003 dignum
2687 4943 2740 4988 et
2762 4931 2967 5002 justum
2994 4944 3099 5000 est,
3124 4934 3467 5005 omnipotens
3502 4939 3645 4991 Deus
3673 4954 3689 4991 :
3724 4953 3821 4993 eu-

2219 5026 2308 5098 jtis
2332 5026 2705 5097 jnssu‘manna
2734 5026 2801 5081 de
2839 5026 2973 5080 caelo
2996 5026 3300 5094 descendit,
3336 5029 3611 5101 similique
3663 5032 3824 5087 modo

2224 5120 2292 5175 de
2316 5121 2465 5190 virga
2496 5131 2751 5188 percusso
2779 5117 2935 5173 silice
2965 5133 3102 5189 aqua
3128 5120 3457 5191 parturiens,
3491 5130 3542 5175 et
3570 5120 3823 5177 obduris~

2224 5213 2417 5270 simum
2448 5227 2642 5267 saxum
2675 5212 2727 5266 in
2750 5220 2997 5282 stagnum
3022 5226 3234 5268 manant
3252 5214 3371 5270 ibus
3398 5214 3527 5269 rivis
3556 5231 3819 5285 spuman-

2225 5307 2366 5363 tibus
2395 5305 2530 5361 unda
2564 5305 2825 5361 sulcabat.
2853 5304 2984 5360 Nam
3012 5315 3153 5363 totus
3175 5308 3274 5364 iste
3302 5310 3558 5375 mundus,
3582 5312 3677 5381 qui
3712 5328 3821 5365 ina-

2227 5402 2567 5462 nifestissime
2620 5409 2717 5464 fuit
2751 5409 3024 5478 heremus,
3052 5411 3199 5467 venit
3244 5409 3312 5466 ad
3370 5420 3602 5483 petram,
3630 5411 3685 5468 id
3740 5421 3821 5468 est

2223 5565 2563 5690 ωῗυξηξιᾚξ
2582 5567 2799 5639 quando
2824 5568 3027 5639 Josepb
3056 5570 3375 5642 patriarcha:
3418 5570 3643 5629 historia
3672 5572 3817 5647 iege-

2293 5638 2846 5788 ἓίιῖἷιίῖῗιῖἷιέίΙἱμεριιιιιιιιι-
2862 5712 3075 5788 videtur
3096 5713 3164 5771 de
3186 5714 3500 5788 Evangelia,
3525 5715 3668 5788 quod
3714 5729 3811 5788 pro

2224 5781 2377 5836 tertia
2401 5781 2674 5838 Dominica
2698 5784 3132 5855 Quadragesima:
3159 5781 3462 5859 assignatur
3479 5781 3642 5844 inira.
