4060 6346
174 344 331 404 485

644 343 1281 413 SACRAMENTARIUM
1319 343 1790 415 GALLICANUM.

1923 340 2304 419 LECTIONES
2343 345 2434 425 DE
2475 344 2803 425 ADVENTU
2838 347 3094 407 DOMINI.

3403 352 3508 410 486

174 464 492 522 Christus.
522 465 707 523 tirucis
735 468 879 537 virga
926 481 1238 536 percussum
1271 466 1456 523 lancea
1504 466 1647 523 latus
1674 462 1792 535 ejus
1821 466 1872 545 ᾼ
1902 463 2076 534 gionts
2101 463 2264 530 illius,
2294 473 2347 523 et
2376 465 2517 520 misit
2554 466 2698 527 illum
2748 482 2798 523 tn
2831 466 3012 529 villam
3041 481 3191 521 suam
3223 474 3281 520 ut
3313 480 3506 537 pasce-

178 562 460 632 aperuit,
490 576 655 631 aquas
679 562 827 617 vivas
853 562 1107 629 evomuit,
1141 561 1283 616 unde
1326 560 1485 619 simul
1528 562 1665 623 bibit
1694 580 1816 623 0m-

180 656 300 709 nis
335 654 631 709 credulitas
650 654 910 725 gentium,
935 655 1023 727 qui
1053 668 1342 724 numquam
1370 654 1517 712 sitiet
1556 654 1612 712 in
1656 666 1819 715 ater-

189 765 379 805 num.
410 749 507 805 Cui
533 751 747 806 merito.

436 862 561 914 item
584 862 888 939 Contestatio
914 867 965 915 in
988 865 1151 916 medio
1171 865 1605 930 Quadraginsbne.

288 966 440 1024 Vere
482 968 700 1040 dignum
744 980 798 1026 et
846 971 1044 1042 justum
1093 984 1215 1038 est,
1247 972 1587 1041 omnipotens
1644 973 1808 1029 Deus.

193 1063 398 1128 Quem
427 1062 607 1117 nullus
635 1064 928 1133 potentiam
960 1063 1250 1133 majestatis
1276 1074 1379 1119 ture
1407 1064 1645 1120 oﬂ'ensus
1676 1065 1813 1120 etfu-

198 1168 354 1224 gere
377 1162 570 1223 potest,
595 1169 695 1213 nec
733 1164 858 1209 ante
915 1154 1101 1209 faciem
1149 1156 1378 1209 nominis
1407 1156 1481 1210 tui
1512 1157 1815 1226 eriperetur

194 1243 423 1317 laesus;
451 1245 540 1316 qui
590 1259 710 1299 aras
759 1244 989 1300 mdiﬁcat
1036 1246 1087 1299 in
1118 1246 1528 1301 consecratione
1560 1247 1817 1301 adversa-

198 1336 305 1401 rii,
346 1344 405 1389 ut
455 1336 739 1391 maledicat
786 1336 950 1391 cuitu
976 1336 1276 1392 benedicis.
1308 1336 1567 1403 Quaenam
1622 1336 1815 1392 Balaac

202 1427 511 1482 insidiator
536 1430 665 1498 petit
696 1430 893 1499 populo
919 1429 1197 1495 maledici;
1232 1429 1326 1484 sed
1373 1431 1527 1500 jnsso
1556 1438 1650 1484 tuo
1681 1444 1810 1498 pro-

204 1520 476 1589 pltetatus
504 1519 719 1575 Balaam
740 1521 1034 1588 benedixit,
1064 1520 1290 1576 laudans
1320 1520 1664 1576 tabernacula
1720 1518 1815 1576 Ia-

203 1615 351 1679 cob,
374 1623 427 1669 et
454 1614 775 1671 benedicens
808 1617 1036 1670 tentoria
1068 1624 1158 1670 tua
1191 1614 1378 1671 Israel.
1412 1614 1564 1670 Unde
1595 1623 1668 1681 te,
1701 1614 1810 1668 Do-

204 1708 373 1761 mine
400 1705 540 1761 Deus
561 1708 921 1777 omnipotens,
956 1708 1328 1779 deprecamur,
1355 1706 1475 1776 quia
1515 1707 1678 1763 caelos
1731 1716 1812 1761 te-

207 1814 347 1865 nes,
379 1811 431 1853 et
458 1802 681 1873 abyssos
730 1802 892 1873 regis,
919 1812 977 1857 ut
1004 1802 1150 1871 virga
1180 1818 1299 1873 quae
1344 1816 1560 1872 egressa
1615 1810 1698 1857 est
1745 1800 1815 1856 de

208 1892 415 1958 Iacob,
443 1903 497 1949 et
518 1896 791 1964 consurgit
817 1895 885 1950 de
914 1884 1098 1961 lsrael,
1132 1893 1438 1951 dominetur
1459 1894 1666 1950 cunctis
1685 1909 1815 1969 gen-

216 1983 394 2053 tibus,
434 1986 711 2041 benedicat
769 1985 1150 2052 hereditatem,
1190 2001 1349 2057 quam
1403 2002 1503 2041 suo
1553 1974 1817 2057 sanguine

204 2064 510 2151 adquisivit
538 2077 794 2134 Dominus
818 2086 999 2133 noster
1030 2077 1185 2135 Iesus
1207 2076 1451 2134 Christus
1480 2077 1648 2133 Filius
1669 2085 1815 2134 tuus.

206 2168 318 2225 Cui
345 2171 557 2231 merito.
1217 2180 1237 2190 '

210 2281 395 2333 Lectio
431 2283 585 2331 sancti
606 2282 861 2348 Evangelii
895 2283 1162 2334 secundum
1186 2284 1463 2348 Matthmum
1487 2297 1600 2347 quas
1634 2282 1819 2348 legitur

690 2346 828 2395 initio
862 2348 1273 2409 Quadraginsimze
1296 2346 1345 2396 ⁸.

289 2427 559 2499 Tempore
587 2428 680 2485 illo
709 2430 900 2485 ductus
929 2439 1011 2485 est
1040 2430 1302 2486 Dominus
1352 2430 1512 2487 Iesus
1541 2429 1594 2485 in
1627 2429 1843 2487 deser-‘

210 2529 332 2575 tntn
361 2536 387 2573 a
419 2516 622 2590 Spiritu
651 2531 706 2575 ut
755 2531 1077 2577 temtaretur
1099 2538 1128 2576 a
1160 2522 1393 2579 diabolo.
1432 2522 1637 2577 Etcum
1667 2522 1807 2593 jeju-

212 2621 402 2666 nasset
426 2612 777 2682 quadraginta
820 2613 1010 2668 diebus
1031 2622 1086 2668 et
1115 2614 1469 2684 quadraginta
1525 2614 1807 2682 noctibus,

210 2714 407 2774 postea
430 2705 635 2759 esuriit.
670 2704 736 2758 Et
762 2704 1023 2760 accedens
1047 2714 1299 2761 temtator
1320 2705 1455 2761 dixit
1481 2706 1556 2760 illi
1585 2723 1597 2759 :
1623 2706 1680 2761 Si
1733 2706 1800 2759 ﬁ-

214 2794 324 2850 lius
356 2795 449 2850 Dei
480 2811 559 2861 es,
583 2796 667 2851 dic
696 2804 755 2850 ut
808 2797 1007 2866 lapides
1041 2798 1123 2851 isti
1153 2813 1316 2867 panes
1354 2798 1505 2852 ﬁant.
1536 2797 1639 2865 Qui
1673 2812 1802 2853 res.

216 2887 462 2955 pnndens
490 2887 624 2942 dixit
657 2888 960 2959 :Scriptum
993 2900 1094 2954 est,
1129 2905 1235 2945 non
1279 2891 1332 2943 in
1364 2904 1502 2959 pane
1528 2890 1644 2945 solo
1675 2890 1807 2944 vivit

218 2976 402 3041 homo,
429 2977 519 3031 sed
544 2978 593 3030 in
624 2979 767 3033 omni
790 2979 976 3040 verbo,
1010 2979 1151 3047 quod
1178 2978 1419 3047 procedit
1447 2979 1517 3034 de
1559 2994 1655 3033 ore
1688 2979 1806 3035 Dei.

220 3068 371 3125 Tune
391 3069 685 3138 adsumpsit
703 3084 825 3124 eum
856 3071 1104 3125 diabolus
1128 3071 1180 3125 in
1206 3080 1449 3125 sanctam
1494 3072 1792 3135 civitatem,

220 3175 272 3219 et
303 3163 490 3217 statuit
516 3178 638 3218 eum
668 3176 830 3230 super
858 3164 1196 3233 pinnaculum
1222 3164 1432 3231 templi.
1457 3172 1512 3218 et
1540 3163 1679 3218 dixit
1704 3163 1753 3217 ei
1791 3178 1806 3217 :

1920 568 2001 613 ret
2034 572 2241 637 porcos,
2270 568 2325 615 et
2351 560 2596 630 cupiebat
2626 562 2850 631 implere
2881 572 3120 616 ventrem
3153 577 3307 619 suum
3332 561 3398 617 de
3427 563 3503 617 si-

1917 649 2073 722 liquis
2094 668 2225 722 quas
2250 654 2397 723 porci
2428 655 2819 731 manducahant
2843 694 2857 720 ,
2891 665 2945 715 et
2986 671 3144 711 nemo
3194 655 3270 709 illi
3312 655 3501 712 dabat.

1920 744 2036 816 Ipse
2061 754 2238 802 autem
2268 762 2516 803 reversus
2544 748 2676 803 dixit
2702 767 2717 805 :
2751 749 2946 817 Quanti
2978 750 3293 806 mercenarii
3325 750 3494 820 patris

1917 839 2023 913 mei
2049 839 2321 907 abundant
2350 841 2599 913 panibus,
2631 840 2741 912 ego
2764 850 2942 905 autem
2971 842 3058 897 hic
3089 842 3228 905 fame
3290 856 3455 913 pereo
3491 843 3505 899 ι

1919 930 2170 1004 Surgam,
2192 944 2245 989 et
2272 934 2360 987 ibo
2388 935 2453 989 ad
2489 935 2653 989 Deum
2696 949 2899 1001 meum,
2931 942 2989 997 et
3042 934 3216 991 dicam
3251 934 3323 1003 illi
3359 952 3371 989 :
3407 936 3509 999 Pae

1920 1032 2021 1091 ter,
2046 1023 2260 1094 peccavi
2280 1025 2333 1087 in
2364 1025 2553 1081 caelum
2578 1034 2635 1080 et
2655 1041 2835 1089 coram
2871 1034 2945 1092 te,
2977 1036 3031 1099 et
3055 1027 3166 1097 jam
3224 1042 3332 1083 non
3387 1041 3509 1095 sum

1918 1116 2109 1188 dignus
2135 1118 2315 1189 vocari
2340 1118 2482 1175 ﬁlius
2512 1128 2651 1195 tuus,
2676 1116 2758 1173 fac
2784 1133 2869 1174 me
2897 1120 3035 1191 sicut
3060 1134 3220 1174 unum
3246 1119 3313 1174 de
3366 1135 3509 1174 nter-

1917 1209 2148 1273 cenariis
2178 1210 2301 1279 tuis.
2336 1210 2403 1264 Et
2431 1225 2654 1289 surgens
2679 1211 2819 1289 venit
2844 1212 2908 1265 ad
2937 1221 3141 1281 patrem
3165 1226 3344 1267 suum.
3376 1212 3512 1273 Cum

1919 1310 2096 1367 autem
2126 1301 2302 1356 adhuc
2326 1302 2481 1372 longe
2509 1288 2675 1369 esset,
2698 1303 3013 1379 viditillum
3044 1313 3195 1374 pater
3236 1306 3420 1375 ipsius,
3454 1313 3511 1361 et

1920 1392 2288 1465 misericordia
2324 1402 2501 1461 motus
2543 1402 2627 1457 est
2654 1410 2668 1449 :
2692 1403 2746 1457 et
2768 1394 3066 1469 adcurrens
3123 1395 3317 1451 cecidit
3347 1409 3511 1465 supra

1917 1483 2114 1540 collum
2145 1484 2279 1554 ejus,
2312 1492 2368 1540 et
2395 1487 2663 1557 oscolatus
2711 1495 2793 1547 est
2845 1486 3018 1543 illum.
3054 1485 3303 1557 Dixitque
3337 1485 3385 1541 ci
3447 1487 3509 1539 ﬁ-

1918 1576 2020 1633 lius
2045 1594 2059 1633 ;
2089 1578 2266 1644 Pater,
2291 1580 2505 1648 peccavi
2536 1579 2587 1633 in
2619 1579 2809 1633 caslum
2838 1590 2894 1636 et
2949 1595 3131 1637 coram
3184 1588 3254 1645 te,
3287 1588 3341 1655 et
3390 1580 3501 1646 jam

1919 1684 2026 1735 non
2053 1684 2171 1731 sum
2202 1668 2396 1741 dignus
2420 1670 2599 1725 vocari
2634 1669 2776 1723 ﬁlius
2804 1680 2943 1726 tuus.
2981 1671 3120 1735 Dixit
3145 1681 3325 1726 autem
3351 1682 3500 1741 pater

1918 1761 1984 1823 ad
2012 1776 2195 1817 Servos
2225 1777 2349 1818 suos
2384 1779 2396 1816 :
2431 1762 2549 1818 Cito
2600 1760 2838 1831 proferte
2890 1764 3087 1818 stolam
3144 1764 3377 1834 primam
3409 1803 3428 1833 ,
3456 1771 3514 1835 et

1846 1860 1895 1933 β
1924 1851 2125 1921 induite
2148 1853 2295 1925 illum
2321 1870 2337 1918 ;
2368 1869 2422 1910 et
2448 1855 2572 1909 date
2602 1854 2819 1921 anolum
2850 1856 2906 1911 in
2938 1871 3096 1911 manu
3136 1856 3273 1926 ejus,
3301 1864 3356 1910 et
3381 1857 3503 1911 ca|-.

1920 1955 2196 1999 ceamenta
2231 1945 2283 1999 in
2308 1946 2502 2014 pedes;
2533 1957 2586 2001 et
2613 1946 2864 2003 adducite
2895 1948 3123 2015 vitulum
3171 1948 3509 2023 saginatum,

1919 2043 1975 2089 et
2000 2037 2253 2103 occidite;
2284 2048 2333 2091 et
2361 2037 2767 2104 manducemus,
2792 2050 2846 2092 et
2892 2020 3207 2108 epnlcmuri
3239 2043 3360 2111 quia
3422 2020 3511 2096 hic

1920 2128 2061 2183 ﬁlius
2090 2144 2240 2183 meus
2269 2139 2510 2184 mortuus
2535 2114 2673 2196 erat,
2704 2138 2761 2184 et
2789 2118 2984 2184 revixit
3010 2146 3026 2196 ;
3062 2132 3312 2202 perierat,
3346 2139 3402 2188 et
3427 2130 3504 2187 in-.

1921 2228 2114 2276 ventus
2151 2228 2255 2276 est.
3304 2218 3311 2225 '
3416 2216 3417 2219 “

1918 2332 2088 2385 Lectio
2107 2333 2263 2385 sancti
2287 2332 2542 2396 Evangelii
2573 2332 2843 2385 secundum
2863 2331 3171 2395 Iohannem,
3191 2346 3305 2397 quae
3325 2334 3512 2398 legitur

2492 2407 2642 2459 tertia
2659 2403 2933 2467 Domintea.

1981 2510 2176 2567 Diebus
2190 2510 2294 2573 illis
2308 2510 2586 2581 loquentes
2600 2511 2850 2567 turbaead
2865 2513 3146 2569 Domtnum
3161 2513 3513 2581 Iesum,dixe-

1915 2613 2040 2659 runt
2057 2621 2070 2659 :
2084 2604 2222 2672 Quid
2237 2603 2494 2658 faciemus
2506 2613 2861 2671 utoperemur
2877 2619 3035 2674 opera
3060 2604 3150 2660 Dei
3168 2605 3189 2658 ?
3214 2605 3513 2677 Respondit

1914 2693 2074 2753 Iesus
2097 2694 2304 2749 etdixit
2327 2694 2435 2749 eis:
2460 2694 2570 2749 Hoc
2590 2702 2675 2750 est
2690 2710 2825 2763 opus
2851 2694 2941 2750 Dei
2968 2705 3025 2755 ut
3045 2695 3279 2750 credatis
3298 2698 3352 2751 in
3391 2713 3513 2755 eum

1913 2800 2075 2855 quem
2091 2786 2239 2841 misit
2258 2784 2372 2842 ille.
2388 2784 2649 2841 Dixerunt
2666 2800 2793 2855 ergo
2810 2784 2859 2841 ei
2876 2802 2889 2839 :
2906 2784 3057 2852 thd
3074 2800 3200 2856 ergo
3220 2794 3275 2841 tu
3301 2787 3430 2843 facis
3449 2789 3514 2844 si»

1913 2892 2097 2948 gnum,
2123 2890 2179 2931 ut
2203 2877 2478 2933 videamus
2517 2886 2573 2932 et
2592 2875 2880 2932 credamus
2902 2875 3037 2931 tibi?
3077 2876 3207 2945 quid
3229 2878 3515 2947 operaria?

1914 2968 2101 3025 Patres
2123 2971 2296 3026 nostri
2355 2982 2549 3024 manna
2581 2969 3041 3024 manducaverunt
3074 2967 3132 3023 in
3156 2968 3395 3037 deserto,
3430 2971 3510 3026 si-

1912 3073 2005 3118 cut
2033 3061 2288 3131 scriptum
2319 3072 2437 3117 est:
2474 3062 2674 3117 Panem
2704 3062 2772 3116 de
2825 3063 2963 3119 casto
2992 3061 3137 3117 dedit
3164 3065 3245 3116 eis
3270 3062 3504 3119 mandu-

1912 3169 2058 3211 care.
2090 3155 2235 3210 Dixit
2262 3168 2395 3224 ergo
2422 3155 2503 3209 eis
2523 3152 2684 3211 Iesus
2717 3168 2733 3208 :
2766 3154 2937 3209 Amen
2960 3169 3118 3209 amen
3165 3155 3288 3210 dico
3324 3155 3499 3220 vobis,

220 3253 275 3311 Si
310 3254 447 3308 ﬁlius
475 3253 564 3307 Dei
582 3268 665 3319 es,
690 3253 844 3307 mitte
871 3262 922 3307 te
942 3253 1216 3309 deorsum.
1236 3253 1508 3322 Scriptum
1528 3261 1615 3307 est
1639 3254 1807 3319 enim,
1837 3239 1885 3317 G
1916 3263 2021 3303 non
2052 3246 2260 3319 Moyses
2302 3247 2447 3301 dedit
2476 3248 2631 3302 vobis
2673 3262 2864 3315 panem
2892 3246 2963 3304 de
3019 3250 3177 3315 calo,
3210 3248 3311 3305 sed
3342 3248 3505 3306 Pater

225 3348 362 3420 quod
392 3347 592 3417 angelis
618 3347 727 3401 suis
756 3345 1025 3400 mandavit
1048 3346 1117 3402 de
1146 3356 1217 3412 te,
1249 3357 1311 3400 ut
1339 3345 1394 3399 in
1426 3344 1675 3400 manibus
1707 3344 1811 3398 tul;

225 3439 333 3495 lant
362 3450 434 3505 te,
467 3453 533 3493 ne
561 3436 696 3493 forte
738 3436 976 3492 offendas
1007 3438 1073 3492 ad
1121 3437 1351 3505 lapidem
1385 3437 1577 3506 pedem
1628 3446 1805 3490 tuum.

227 3533 311 3587 Ait
339 3522 634 3585 illi'iterum
656 3528 812 3583 Iesus
836 3544 851 3584 :
882 3529 1089 3585 Rursus
1118 3530 1373 3599 scriptum
1395 3536 1503 3595 est,
1528 3529 1643 3582 Non
1676 3537 1810 3583 tem-

226 3626 364 3681 tahis
396 3624 674 3679 Dominum
708 3624 875 3679 Deum
911 3633 1079 3677 tuum.
1109 3623 1307 3678 lterum
1336 3623 1640 3691 adsumpsit
1686 3637 1809 3676 eum

227 3717 471 3774 diabolus
500 3720 551 3773 in
576 3729 812 3776 montem
854 3719 1126 3773 excelsum
1173 3716 1361 3782 valde,
1396 3725 1453 3771 et
1477 3714 1712 3769 ostendit
1763 3712 1813 3770 ei

231 3812 405 3867 omnia
433 3828 591 3881 regna
623 3814 809 3869 mundi
832 3822 885 3869 et
911 3811 1136 3882 gloriam
1189 3825 1399 3873 eorum,
1430 3820 1483 3863 et
1512 3807 1651 3862 dixit
1682 3807 1755 3862 illi
1789 3823 1808 3863 :

232 3901 356 3958 Haec
382 3903 473 3959 tibi
517 3904 694 3959 omnia
722 3903 885 3968 dabo,
909 3902 955 3957 si
1018 3898 1305 3969 procidens
1351 3898 1664 3953 adoraveris
1709 3912 1813 3953 me.

232 3993 377 4050 'I‘unc
405 3995 599 4051 dicitei
621 3997 815 4051 Iesus:
852 3993 998 4048 Vade
1049 4002 1216 4058 retro,
1250 3992 1501 4048 Satanas.
1536 3989 1812 4060 Scriptum

236 4098 348 4144 est:
386 4090 661 4144 Dominum
693 4090 855 4146 Deum
889 4096 1035 4143 tuum
1066 4086 1338 4151 adorabis,
1369 4094 1425 4140 et
1454 4086 1529 4139 illi
1557 4085 1658 4140 soli
1690 4099 1816 4140 ser-

237 4182 364 4236 vies.
392 4183 541 4238 Tunc
564 4184 777 4254 reliquit
801 4198 922 4238 eum
953 4180 1199 4241 diabolus
1222 4196 1238 4246 ;
1259 4189 1316 4236 et
1335 4195 1461 4237 ecce
1489 4180 1669 4251 angeli
1722 4194 1817 4235 ac-

237 4285 544 4339 cesserunt,
584 4285 639 4332 et
669 4276 1045 4331 ministrabant
1065 4276 1135 4331 ei.

240 4387 403 4440 Lectio
424 4390 577 4439 sancti
602 4385 1382 4511 Evangﬁgtﬂggtgniieugnitwgubcam,
1399 4386 1593 4451 quando
1612 4385 1821 4435 historia

310 4556 474 4611 Homo
504 4556 719 4626 quidam
753 4556 938 4610 habuit
962 4556 1100 4610 duos
1146 4552 1305 4620 ﬁlios,
1335 4564 1392 4609 et
1436 4553 1572 4609 dixit
1600 4552 1819 4608 adoles-

1917 3354 2069 3396 meus
2109 3340 2200 3403 dat
2224 3339 2376 3395 vobis
2405 3354 2594 3408 panem
2626 3339 2696 3395 de
2744 3339 2878 3395 crelo
2909 3355 3117 3397 verum.
3164 3340 3321 3397 Panis
3361 3341 3507 3398 enim

1919 3433 2010 3489 Dei
2035 3441 2117 3489 est
2135 3432 2226 3504 qui
2255 3431 2532 3488 descendit
2561 3431 2629 3488 de
2657 3432 2812 3501 caelo,
2838 3442 2893 3487 ut
2920 3431 3012 3487 dat
3058 3434 3228 3487 vitam
3282 3433 3505 3488 mundo.

1917 3527 2174 3585 Dixerunt
2217 3542 2345 3597 ergo
2392 3527 2458 3581 ad
2496 3542 2617 3582 eum
2654 3543 2666 3578 :
2706 3527 2948 3591 Domine,
2980 3541 3192 3595 semper
3221 3527 3288 3581 da
3347 3528 3523 3582 nubis-

1919 3634 2110 3690 panem
2138 3620 2299 3674 hunc.
2333 3618 2476 3673 Dixit
2500 3628 2675 3674 autem
2701 3619 2779 3673 eis
2809 3617 2966 3673 Iesus
2993 3636 3005 3672 :
3042 3618 3154 3689 Ego
3200 3633 3320 3674 sum
3353 3621 3505 3688 panis

1918 3711 2062 3767 vitm.
2091 3709 2193 3778 Qui
2225 3710 2369 3773 venit
2399 3711 2465 3764 ad
2493 3725 2599 3775 me,
2623 3727 2730 3766 non
2761 3711 2965 3765 esuriet
2990 3727 3005 3777 ;
3035 3720 3090 3767 et
3139 3713 3228 3781 qui
3257 3711 3431 3766 credit
3452 3712 3507 3766 iu

1920 3819 2027 3869 me,
2053 3819 2158 3859 non
2183 3804 2327 3858 sitiet
2346 3819 2599 3873 unquam.
2629 3802 2734 3860 Sed
2766 3804 2876 3858 dixi
2909 3806 3083 3869 vobis,
3108 3804 3234 3874 quia
3258 3814 3314 3858 et
3343 3803 3508 3859 vidis.

1919 3896 1990 3952 tis
2016 3911 2119 3960 me.
2150 3906 2205 3952 et
2232 3911 2339 3951 non
2368 3898 2603 3953 creditis.
2632 3898 2805 3952 Omne
2826 3897 2970 3967 quod
3010 3899 3097 3952 dat
3148 3898 3279 3952 mihi
3329 3896 3508 3963 Pater,

1922 3994 1991 4050 ad
2005 4010 2093 4051 me
2106 3999 2277 4061 venit;
2297 4006 2353 4051 et
2371 4012 2491 4051 eum
2504 3996 2595 4067 qtti
2611 3996 2834 4052 venitad
2852 4012 2957 4063 me,
2980 4013 3085 4052 non
3109 3996 3322 4067 ejiciatn
3339 3997 3503 4054 foras.

1919 4089 2055 4156 Quia
2072 4090 2679 4154 descendidecatlomon
2695 4090 2952 4145 utfaciam
2969 4093 3295 4148 voluntatem
3312 4108 3509 4162 meam,

1923 4182 2019 4238 sed
2042 4183 2368 4238 voluntatem
2386 4183 2499 4253 ejus
2515 4184 2605 4253 qui
2631 4184 2776 4239 misit
2791 4199 2875 4239 me
2903 4186 3098 4252 Patris;
3121 4195 3176 4241 ut
3190 4202 3347 4243 omne
3367 4189 3509 4259 quod

1925 4274 2075 4330 dedit
2111 4274 2265 4343 mihi,
2281 4290 2387 4329 non
2412 4276 2629 4344 perdam
2647 4280 2813 4346 exeo,
2844 4280 3267 4336 seilresuscitem
3290 4282 3435 4336 illum
3459 4282 3515 4339 in

1927 4366 2221 4423 novissimo
2239 4367 2350 4422 die.
2373 4368 2497 4423 Haec
2515 4376 2599 4423 est
2627 4370 2769 4424 enim
2801 4372 3043 4426 voluntas
3075 4375 3240 4441 patris
3271 4375 3378 4429 mei
3421 4376 3512 4444 qui

1928 4457 2079 4515 misit
2102 4472 2210 4522 me,
2233 4466 2293 4514 ut
2315 4460 2491 4514 omnis
2507 4460 2601 4528 qui
2625 4461 2769 4517 videt
2790 4462 3003 4531 Filium,
3024 4474 3080 4518 et
3100 4466 3269 4520 credit
3294 4467 3347 4531 in
3366 4482 3512 4535 eum,

1932 4551 2123 4606 habeat
2148 4552 2310 4607 vitam
2356 4561 2632 4617 teternam,
2657 4565 2708 4609 et
2732 4555 3065 4611 resuscitaho
3097 4572 3222 4615 eum
3252 4560 3303 4613 in
3331 4563 3517 4615 novis-

242 4652 439 4708 centior
485 4668 551 4706 ex
592 4653 698 4708 illis
748 4652 926 4721 patri:
985 4650 1164 4711 Pater,
1223 4647 1293 4702 da
1322 4647 1451 4703 mihi
1515 4647 1816 4717 portionem
1846 4635 1899 4711 Ι)
1927 4646 2064 4702 simo
2116 4643 2225 4699 die.
2267 4644 2668 4721 Murmurahant
2714 4661 2841 4716 ergo
2886 4646 3055 4702 Iudaei
3099 4649 3165 4703 de
3225 4652 3345 4715 illo,
3386 4653 3510 4721 quia

245 4748 551 4802 substantia:
578 4760 697 4813 qua)
727 4760 813 4799 me
853 4742 1132 4811 contingit.
1171 4742 1234 4795 Et
1280 4738 1462 4796 divisit
1533 4739 1635 4794 illis
1690 4738 1823 4795 sub-

247 4839 511 4893 stantiam.
542 4839 608 4891 Et
636 4853 739 4893 non
769 4845 890 4906 post
921 4834 1117 4889 multos
1140 4833 1273 4897 dies,
1301 4831 1635 4902 congregatis
1652 4832 1828 4886 amtti-

248 4930 361 4999 bus,
391 4930 788 4984 adolescentior
812 4928 950 4983 ﬁlius
978 4941 1200 4997 peregre
1232 4926 1498 4994 profectus
1523 4932 1606 4979 est
1634 4924 1688 4977 in
1740 4937 1823 4979 re-

251 5025 451 5093 gionem
500 5022 839 5090 longinquam
870 5061 883 5083 ,
938 5031 988 5075 et
1045 5018 1115 5073 ibi
1143 5017 1421 5087 dissipavit
1470 5015 1824 5071 substantiam

250 5130 392 5171 suam
413 5156 428 5181 ,
480 5114 708 5169 vivendo
760 5113 1049 5168 luxoriOSe.
1086 5111 1153 5165 Et
1183 5120 1463 5179 postquam
1492 5108 1672 5165 omnia
1700 5121 1834 5163 eon-

249 5215 567 5264 summasset
586 5250 600 5273 ,
629 5208 761 5262 tacta
790 5218 877 5260 est
904 5207 1071 5259 fames
1112 5203 1284 5259 valida
1312 5206 1365 5260 in
1394 5204 1609 5275 regione
1634 5201 1747 5269 illa,
1780 5209 1833 5257 et

218 5300 221 5305 ’
247 5300 352 5370 ipse
372 5301 531 5369 erepit
551 5310 729 5367 egere.
764 5298 831 5353 Et
857 5297 1010 5365 abiit,
1042 5304 1098 5351 et
1124 5296 1354 5352 adhaesit
1373 5296 1468 5353 uni
1496 5294 1692 5351 civium
1738 5308 1830 5350 re-

212 5496 223 5503 .
318 5464 343 5503 θ
371 5453 486 5515 Non
509 5468 636 5522 ergo
654 5468 717 5513 ex
736 5451 924 5506 ordine
951 5449 1233 5522 Lectiones
1262 5459 1513 5522 accurate
1545 5448 1629 5522 hic
1650 5448 1831 5517 dispo.

253 5527 381 5581 sitae.
414 5517 955 5591 ldetithvangeliutn
1010 5520 1169 5574 hodie
1216 5535 1428 5589 quoque
1479 5519 1530 5571 in
1586 5517 1833 5591 Romano

255 5596 517 5652 Dominica
553 5597 721 5663 prima
753 5589 1208 5660 Quadragesimaa,
1233 5606 1350 5658 qute
1378 5591 1551 5663 _im'tt'o
1588 5589 1831 5663 Quadra-

256 5668 448 5739 gest'mre
487 5661 588 5722 hoc
636 5669 753 5720 loco
781 5664 1049 5739 designari
1079 5663 1313 5739 videtur,
1342 5661 1467 5714 olim
1500 5671 1658 5739 caput
1685 5661 1827 5739 Q_u_a-

228 5728 561 5808 ‘Ilragesimze
591 5739 753 5808 etiam
799 5735 852 5789 in
884 5728 1124 5790 Ecclesia
1156 5731 1416 5796 Rnnnina,
1437 5747 1514 5808 ex
1550 5732 1693 5785 notis
1722 5731 1830 5786 Me-

214 5814 217 5817 ’
259 5802 395 5866 nardi
428 5809 592 5863 matri
626 5809 678 5862 in
730 5807 1239 5867 Sacramentarium,
1275 5819 1392 5875 pag.
1417 5802 1506 5857 52.

322 5879 350 5921 1³
375 5881 499 5937 llaec
532 5878 753 5935 historia
778 5892 920 5931 nunc
962 5878 1011 5931 in
1048 5870 1288 5931 Romano
1319 5870 1510 5946 legitur
1562 5872 1627 5927 ad
1658 5870 1830 5927 Matu-

1931 4738 2193 4804 dixisset,
2225 4753 2323 4807 ego
2369 4755 2486 4795 sum
2532 4740 2683 4808 panis
2710 4740 2801 4811 qui
2841 4741 2908 4796 de
2955 4742 3088 4795 caelo
3125 4742 3411 4809 descendi;
3461 4753 3518 4801 et

1934 4833 2184 4888 dicebant
2216 4850 2229 4886 :
2261 4832 2449 4888 Nonne
2484 4832 2567 4886 hic
2596 4841 2677 4887 est
2719 4833 2872 4887 Iesus
2915 4832 3053 4889 ﬁlius
3097 4835 3317 4905 Ioseph,
3364 4838 3515 4909 cujus

1945 4943 2043 4980 nos
2102 4926 2349 4980 novimus
2391 4934 2595 5001 patrem
2658 4934 2711 4981 et
2751 4927 3013 4982 matrem?
3067 4928 3346 4995 Quomodo
3389 4947 3518 5003 ergo

1940 5017 2071 5071 dicit
2136 5016 2271 5081 hic,
2328 5015 2449 5086 quia
2519 5016 2585 5070 de
2649 5017 2779 5072 cmlo
2856 5018 3148 5075 descendi?
3224 5020 3519 5090 Respondit

1940 5126 2067 5179 ergo
2097 5109 2252 5164 Iesus
2291 5118 2347 5164 et
2396 5109 2530 5163 dixit
2555 5110 2666 5164 eis:
2694 5109 2864 5167 Nolite
2910 5130 3244 5171 murmurare
3298 5117 3348 5169 in
3385 5117 3522 5171 invt-

1938 5218 2078 5259 wn.
2103 5202 2274 5257 Nemo
2298 5210 2478 5271 potest
2499 5203 2687 5258 venire
2713 5204 2780 5258 ad
2808 5220 2913 5270 me,
2945 5206 3046 5260 nisi
3076 5208 3231 5262 Pater
3256 5212 3345 5277 qui
3377 5209 3522 5264 misit

1940 5312 2048 5365 me,
2067 5296 2285 5353 traxerit
2302 5312 2449 5363 eum,
2465 5306 2521 5355 et
2546 5312 2647 5369 ego
2662 5299 2996 5356 resuscitabo
3008 5313 3134 5355 eum
3158 5300 3209 5354 in
3231 5300 3524 5355 novissimo

1941 5454 2386 5529 tjnasgpominica
2421 5454 3058 5529 tertiaQuadragesiture.
3086 5465 3146 5512 ut
3176 5456 3521 5529 Evangelium

1941 5524 2164 5597 deﬁlio
2210 5527 2432 5597 prodigo
2478 5524 2712 5580 Sabbato
2760 5524 3267 5597 priecedente:qno
3309 5524 3395 5585 die
3428 5548 3525 5596 pro

1945 5596 2177 5663 Epistula
2205 5596 2378 5651 Missae
2429 5606 2511 5650 est
2536 5597 2989 5664 eadem~Josephi
3025 5596 3242 5655 historia
3302 5598 3525 5657 Videtur

1938 5676 2115 5743 autem
2149 5666 2237 5721 hic
2258 5666 2517 5737 assignari
2548 5683 2644 5743 pro
2698 5668 2966 5723 Dominica
3020 5673 3253 5743 secunda
3284 5673 3524 5743 Quadra-

1939 5739 2185 5817 gesimte,
2211 5744 2334 5793 nam
2382 5737 2696 5808 praecedens
2715 5749 2800 5795 est
2827 5756 2922 5809 pro
2953 5742 3145 5812 prima,
3193 5737 3525 5817 subsequens

1941 5822 2039 5878 pro
2063 5809 2243 5865 tertia.
