4060 6346
605 348 704 406 ιεῖ

601 462 709 518 dic.
745 463 837 519 Est
869 465 1126 536 scriptum
1161 469 1212 524 in
1246 469 1522 541 Prophctis
1549 491 1560 526 :
1592 475 1657 528 Et
1685 483 1843 529 erunt
1869 490 2056 529 omnes
2089 474 2190 528 do-
2216 476 2270 535 Δ

599 556 788 612 cibiles
821 558 934 615 Dei.
967 559 1153 616 Omnis
1180 567 1268 632 qui
1295 565 1442 621 audit
1470 581 1497 620 a
1532 567 1711 633 Patre,
1739 579 1794 623 et
1854 569 2060 634 didicit,
2092 584 2183 624 ve-

600 652 678 706 nit
705 653 770 706 ad
795 669 898 710 me.
925 654 1040 711 Non
1093 658 1217 727 quia
1250 660 1464 717 Patrem
1505 664 1635 718 vidit
1677 667 1981 735 quisquam,
2005 666 2106 720 nisi
2139 667 2183 721 is

602 743 693 812 qui
722 753 804 799 est
839 761 867 798 a
897 745 1028 813 Deo,
1069 747 1152 803 hic
1183 751 1314 805 vidit
1369 753 1601 809 Patrem.
1637 758 1807 812 Amen
1860 773 2015 812 amen
2062 757 2184 812 dico

596 834 768 901 vobis,
795 837 884 907 qui
909 838 1080 893 credit
1109 841 1160 894 in
1200 857 1306 906 me,
1342 842 1502 899 habet
1532 847 1694 900 vitam
1739 856 2024 902 aeternam.
2066 847 2182 914 Ego

594 938 711 979 sum
737 928 886 995 panis
913 929 1054 985 vitae.
1085 930 1270 989 Patres
1300 935 1464 989 vestri
1511 937 1969 993 manducaverunt
2001 938 2054 992 in
2083 939 2180 994 de-

592 1027 740 1074 serto
771 1037 984 1090 manna,
1017 1034 1067 1080 et
1099 1028 1293 1082 mortui
1323 1039 1464 1084 sunt.
1518 1030 1613 1085 llic
1667 1041 1748 1086 est
1775 1033 1925 1101 panis
1952 1033 2018 1088 de
2045 1033 2181 1088 caelo

592 1112 946 1184 descendens,
978 1127 1033 1172 ut
1085 1120 1131 1174 si
1164 1123 1283 1190 quis
1336 1139 1399 1178 ex
1433 1125 1549 1194 ipso
1615 1127 2039 1192 manducaverit,
2073 1142 2178 1182 non

589 1209 866 1262 moriatur.
897 1209 1006 1280 Ego
1037 1226 1153 1266 sum
1178 1214 1329 1284 panis
1355 1215 1506 1270 vivus
1535 1216 1627 1286 qui
1651 1217 1718 1272 de
1736 1219 1870 1273 caelo
1893 1218 2172 1273 descendi.

589 1295 646 1352 Si
672 1299 786 1368 quis
815 1303 1216 1360 manducaverit
1238 1322 1303 1361 ex
1331 1306 1433 1362 hoc
1456 1309 1773 1378 pane,vivet
1796 1311 1846 1364 in
1876 1321 2134 1366 aeternum
2159 1326 2173 1375 ;

586 1398 639 1444 et
687 1393 839 1460 panis
866 1411 1023 1464 quem
1064 1413 1162 1469 ego
1205 1400 1368 1465 dabo,
1397 1416 1525 1456 caro
1571 1417 1688 1457 mea
1740 1412 1822 1457 est
1861 1418 1956 1473 pro
1987 1405 2172 1460 mundi

586 1481 712 1536 vita.
758 1483 1061 1555 Litigabant
1104 1505 1231 1560 ergo
1275 1492 1448 1546 Judaei
1491 1493 1559 1547 ad
1614 1496 1842 1549 invicem
1892 1495 2169 1576 dicentes:

585 1572 865 1640 Quomodo
906 1590 1079 1648 potest
1131 1581 1216 1636 hic
1245 1598 1458 1638 carnem
1515 1600 1666 1640 suam
1715 1587 1869 1642 nobis
1921 1572 2051 1644 dare
2106 1590 2171 1644 ad

582 1667 1057 1723 manducandum?
1085 1651 1228 1724 'Dicit
1266 1688 1393 1741 ergo
1443 1676 1520 1730 eis
1563 1674 1718 1731 Jesus
1751 1695 1762 1729 :
1797 1681 1967 1735 Amen
2014 1697 2169 1736 amen

581 1755 702 1811 dico
731 1758 903 1825 vobis,
927 1763 1015 1828 qui
1069 1764 1355 1820 manducat
1411 1782 1584 1822 meam
1637 1784 1878 1834 carnem,
1922 1781 1979 1826 et
2031 1773 2168 1829 bibit

582 1861 761 1902 meum
793 1852 1132 1920 sanguinem,
1162 1854 1322 1910 habet
1355 1858 1510 1911 vitam
1571 1869 1852 1928 mternam,
1875 1872 1929 1916 et
1957 1878 2056 1933 ego
2083 1878 2168 1919 re-
2200 1875 2246 1936 Β

581 1941 857 1997 suscitabo
877 1959 998 1999 eum
1031 1946 1084 1999 in
1109 1949 1399 2005 novissimo
1421 1951 1524 2006 die.

933 2076 1081 2116 ωεεΑ
1123 2080 1172 2118 ΙΝ
1232 2081 1455 2122 εἰκεοιι
1496 2085 1838 2127 TRADITIONl-j.

649 2169 714 2228 In
742 2173 1045 2246 Symbolum
1066 2180 1134 2232 ad
1162 2181 1367 2236 aurium
1399 2186 1712 2255 apertionem
1733 2190 1800 2242 ad
1824 2190 2006 2246 electos
2032 2199 2058 2228 ⁸
2075 2229 2091 2247 .

642 2290 893 2359 Aperturi
925 2293 1096 2360 vobis,
1118 2299 1404 2363 carissimi,
1437 2299 1751 2372 Evangelia,
1782 2305 1832 2358 id
1881 2314 1985 2370 est,
2033 2321 2163 2377 gau-

569 2383 658 2437 dia
688 2384 901 2451 divina;
950 2389 1099 2457 prius
1147 2390 1336 2445 ordine
1388 2392 1663 2450 insinuare
1728 2397 2005 2465 debemus,
2034 2401 2161 2470 quid

568 2473 918 2546 Evangelium
965 2479 1055 2545 sit,
1081 2490 1135 2536 et
1165 2483 1304 2537 unde
1344 2484 1637 2542 descendat
1666 2506 1679 2552 ;
1709 2498 1763 2543 et
1793 2491 1948 2560 cujus
2005 2493 2057 2547 in
2096 2510 2160 2548 eo

569 2568 732 2622 verba
777 2581 1074 2637 ponantur;
1132 2583 1186 2628 et
1233 2591 1401 2644 quare
1453 2590 1707 2647 quattuor
1755 2583 1863 2637 sint
1918 2584 2009 2653 qui
2045 2585 2160 2642 haec

565 2670 714 2726 gesta
745 2663 1108 2731 scripserunt;
1143 2666 1226 2719 vel
1260 2668 1348 2735 qni
1379 2679 1507 2724 sunt
1535 2672 1634 2738 ipsi
1669 2672 1702 2726 ii
1769 2686 2039 2744 quattuor,
2068 2679 2158 2748 qui

565 2749 746 2806 divino
788 2754 1006 2824 Spiritu,
1035 2757 1383 2816 adnuntiante
1439 2764 1701 2832 propheta
1733 2807 1748 2832 ,
1785 2777 1910 2823 ante
1960 2771 2153 2841 signati

567 2853 698 2896 sunt
734 2859 749 2897 :
787 2859 854 2898 ne
909 2845 1046 2901 forte
1095 2849 1212 2904 sine
1265 2851 1364 2906 hac
1391 2853 1593 2910 ordinis
1624 2859 1831 2915 ratione
1877 2862 1958 2916 vel
1988 2878 2154 2919 causa

563 2942 836 3003 stuporem
869 2939 1255 3009 relinquamus,
1290 2953 1348 2999 ut
1371 2946 1462 3015 qui
1489 2949 1554 3010 ad
1589 2949 1688 3006 hoc
1718 2955 1940 3011 venistis
1973 2967 2028 3011 ut
2056 2973 2154 3012 au-

562 3038 648 3080 res
701 3028 850 3083 vobis
897 3032 1226 3100 aperiantur,
1263 3052 1330 3092 ne
1355 3038 1575 3109 incipiat
1613 3059 1802 3099 sensus
1838 3058 2026 3104 vester
2054 3051 2150 3106 ob-

561 3119 730 3172 tundi.
749 3120 1094 3192 Evangelium
1117 3126 1310 3183 dicitur
1339 3134 1574 3201 proprie,
1621 3137 1756 3190 bona
1786 3138 2146 3198 adnuntiatio.

1390 357 1729 414 APPENDIX
1777 362 1866 414 AD
1931 358 2160 416 OPERA
2201 359 2259 417 S.
2316 361 2626 416 GERMANI
2661 362 3099 420 PARISIENSIS.
3811 363 3902 418 ιεξ

2728 475 2902 540 Incipit
2923 476 3194 527 secundum
3215 476 3447 530 Marum.

2364 557 2508 629 Legit
2532 559 2801 615 diaconus.

2363 649 2574 706 Initium
2622 653 2895 723 Evangelii
2951 654 3077 711 Jesu
3129 655 3329 713 Christi
3380 657 3503 714 Filii
3563 657 3696 715 Dei.
3758 659 3901 714 Sicut

2289 744 2542 813 scriptum
2590 755 2673 800 est
2714 745 2768 800 in
2818 747 2974 802 Esaia
3019 749 3319 819 propheta:
3365 751 3512 806 Ecce
3540 751 3714 806 mitto
3746 767 3898 820 ange-

2289 836 2396 890 lum
2429 851 2606 891 menm
2636 847 2760 892 ante
2787 836 2978 894 faciem
3007 849 3153 895 tuam
3179 881 3195 907 ,
3245 840 3335 910 qui
3391 841 3738 912 praeparabit
3767 843 3897 895 viam

2287 935 2430 982 tuam
2447 938 2571 984 ante
2601 939 2673 984 te.
2720 929 2834 984 Vox
2857 931 3136 986 clamantis
3160 932 3213 986 in
3235 933 3451 988 deserto
3477 952 3490 987 :
3530 933 3748 990 Parate
3767 936 3896 988 vim

2287 1019 2522 1087 Domini,
2550 1031 2720 1076 rectas
2755 1023 2914 1078 facite
2943 1024 3162 1080 semitas
3189 1027 3324 1094 ejus.

2362 1111 2586 1181 Exponit
2614 1115 2891 1184 presbyter.

2353 1202 2564 1258 Marcus
2601 1205 2937 1275 Evangelisla
2971 1207 3143 1264 leonis
3169 1224 3360 1279 gerens
3392 1209 3626 1280 ﬁguram
3647 1252 3666 1278 ,
3710 1227 3744 1265 a
3775 1214 3895 1267 soli-

2284 1285 2466 1350 tudine
2511 1296 2695 1366 incipit
2742 1298 2964 1354 dicere:
3023 1300 3134 1355 Vox
3183 1303 3462 1356 clamantis
3517 1305 3573 1357 in
3622 1303 3891 1359 deserto;

2281 1386 2470 1442 Parate
2498 1389 2637 1444 viam
2675 1389 2905 1446 Domini.
2957 1393 3081 1448 Sive
3109 1395 3228 1463 quia
3258 1406 3444 1464 regnat
3473 1395 3753 1453 invictus.
3793 1397 3890 1451 Hu-

2275 1481 2362 1551 jus
2390 1484 2556 1538 leonis
2602 1487 2888 1541 multifarie
2918 1487 3227 1545 invenimus
3256 1494 3502 1561 exempla
3523 1535 3542 1561 ,
3580 1505 3644 1548 ut
3678 1509 3792 1549 non
3821 1511 3892 1548 va-

2277 1587 2363 1630 cet
2392 1576 2589 1652 dictum
2641 1579 2768 1633 illud
2797 1598 2807 1632 :
2842 1579 2978 1635 Juda
3009 1582 3150 1638 ﬁlius
3176 1599 3325 1639 meus
3350 1626 3366 1651 ,
3418 1586 3640 1641 catulus
3702 1587 3888 1648 leonis.

2275 1667 2344 1723 de
2391 1670 2631 1737 germine
2681 1673 2810 1726 mihi
2843 1675 3110 1729 recubans
3135 1718 3148 1739 ,
3184 1678 3427 1734 dormisti
3457 1688 3518 1734 ut
3549 1679 3643 1735 leo
3674 1688 3736 1736 et
3765 1682 3889 1736 sicut

2275 1761 2485 1818 catulus
2515 1763 2707 1828 leonis,
2737 1767 2856 1834 quis
2879 1767 3130 1824 excitabit
3156 1771 3314 1824 cum?

2730 1855 2906 1919 Incipit
2928 1859 3195 1910 secundum
3222 1859 3415 1911 Lucam.

2340 1935 2489 2007 Legit
2520 1939 2790 1993 diaconus.

2343 2028 2460 2085 Fuit
2503 2032 2554 2084 in
2585 2031 2774 2088 diebus
2809 2033 3035 2090 Herodis
3077 2037 3218 2108 regis
3265 2036 3416 2094 Judae
3455 2041 3736 2097 sacerdos
3773 2045 3884 2112 qui-

2272 2123 2420 2187 dam,
2448 2125 2663 2181 nomine
2696 2125 3018 2197 Zacharias,
3045 2130 3114 2186 de
3143 2133 3260 2187 vice
3291 2133 3446 2200 Abia,
3475 2146 3530 2191 et
3565 2152 3715 2192 uxor
3749 2139 3883 2194 illius

2267 2217 2336 2293 de
2367 2219 2575 2276 ﬁliabus
2601 2222 2802 2289 Aaron,
2833 2232 2886 2280 et
2924 2241 3121 2282 nomen
3152 2227 3268 2296 ejus
3300 2228 3605 2286 Elizabeth.

2329 2309 2572 2387 .Exponit
2595 2315 2875 2386 presbyter.

2346 2404 2518 2460 Lucas
2547 2409 2874 2478 evangelista
2905 2412 3138 2481 speciem
3168 2413 3321 2468 vituli
3360 2425 3534 2484 gestat
3565 2433 3578 2468 :
3609 2417 3680 2470 ad
3718 2419 3873 2486 cujus

2266 2497 2434 2553 instar
2478 2499 2725 2556 Salvator
2771 2512 2953 2558 noster
3009 2513 3091 2558 est
3124 2505 3448 2563 immolatus.
3497 2509 3566 2562 Et
3599 2509 3736 2563 ideo
3773 2509 3874 2564 Ln-

2263 2606 2352 2646 cas
2377 2591 2542 2649 vitulo
2586 2605 2948 2664 comparatur,
2994 2600 3114 2666 quia
3149 2600 3256 2654 duo
3282 2616 3482 2656 cornua
3505 2643 3520 2667 ,
3551 2603 3662 2658 dno
3703 2613 3874 2659 testa-

2264 2695 2476 2750 menta;
2518 2696 2573 2742 et
2621 2698 2872 2758 quattuor
2920 2692 3112 2762 pedum
3146 2695 3367 2765 ungulas
3396 2704 3652 2767 quattuor
3699 2698 3875 2754 Evan-

2257 2778 2396 2844 gelia
2425 2780 2791 2838 continebant.

2649 2876 2847 2940 [Incipit
2871 2879 3140 2929 secundum
3160 2878 3476 2944 Iohannem.)

2331 2956 2499 3032 [Legit
2525 2959 2816 3032 diaconum]

2330 3053 2384 3107 ln
2414 3054 2674 3123 principio
2717 3064 2832 3110 erat
2881 3057 3110 3114 Verbum
3137 3101 3156 3127 ,
3204 3069 3257 3114 et
3302 3060 3536 3115 Verbum
3559 3071 3678 3116 erat
3710 3064 3858 3130 apud

2257 3143 2424 3198 Deum
2445 3185 2459 3208 ,
2502 3153 2555 3199 et
2594 3143 2733 3200 Deus
2760 3155 2877 3201 erat
2910 3147 3163 3204 Verbum.
3215 3151 3324 3204 Iloc
3349 3161 3466 3205 erat
3495 3151 3545 3205 in
3581 3151 3855 3221 principio

559 3211 687 3278 Quae
734 3215 912 3284 utique
940 3219 1268 3277 adnuntiatio
1326 3234 1409 3280 est
1466 3226 1594 3283 Jesu
1673 3231 1870 3288 Christi
1930 3236 2139 3292 Domini
2180 3257 2224 3318 ρ
2255 3236 2393 3305 apud
2440 3237 2624 3292 Deum.
2675 3238 2863 3294 Omnia
2916 3256 3010 3310 per
3061 3243 3235 3313 ipsum
3285 3246 3424 3300 facta
3473 3211 3620 3313 suni,
3656 3256 3713 3301 et
3745 3211 3862 3302 sine

558 3304 746 3362 nostri.
771 3304 1250 3368 Descenditautem
1285 3315 1632 3386 Evangelium
1676 3323 1744 3377 ab
1768 3338 1832 3380 eo
1882 3327 2023 3396 quod
2053 3329 2147 3384 ad-

557 3398 761 3453 nuntiet
808 3410 861 3454 et
890 3403 1153 3471 ostendat,
1175 3410 1314 3476 quod
1363 3411 1408 3465 is
1436 3413 1524 3481 qui
1563 3429 1657 3483 per
1683 3419 1974 3486 prophetas
2004 3436 2136 3479 suos

553 3486 885 3558 loquebatur,
924 3498 1068 3550 venit
1108 3497 1162 3551 in
1192 3514 1376 3566 carne,
1402 3502 1540 3558 sicut
1593 3506 1852 3576 scriptum
1885 3519 1970 3564 est
2000 3528 2014 3565 :
2043 3514 2142 3579 Qui

554 3578 807 3650 loquebar
831 3601 955 3642 ecce
971 3589 1180 3645 adsum.
1204 3591 1547 3662 Explicantes
1576 3613 1704 3668 ergo
1737 3602 1974 3658 breviter
2002 3607 2136 3675 quid

552 3675 621 3729 sit
649 3675 1011 3748 Evangelium,
1043 3683 1125 3736 vel
1152 3685 1241 3753 qui
1274 3696 1396 3740 sunt
1426 3688 1459 3742 ii
1491 3701 1743 3760 quattuor
1771 3695 1861 3764 qui
1888 3711 1982 3765 per
2015 3713 2138 3768 pro—

549 3770 760 3838 phctam
792 3783 916 3828 ante
938 3779 1214 3833 monstrati
1239 3791 1400 3849 sunt,
1427 3799 1566 3840 nunc
1592 3785 1786 3853 ﬁguras
1845 3799 2007 3857 atque
2032 3809 2134 3846 no-

549 3861 690 3914 mina
716 3864 921 3933 singula
949 3867 1289 3937 adsignemus
1322 3873 1550 3930 indiciis.
1577 3878 1662 3932 Ait
1691 3881 1834 3935 enim
1861 3882 2133 3953 Propheta

549 3949 837 4011 Ezechihel
869 3975 883 4011 :
929 3960 991 4012 Et
1018 3962 1312 4020 similitudo
1335 3967 1507 4024 vultus
1537 3986 1725 4027 eorum
1758 3985 1815 4028 ut
1845 3949 2010 4033 facies
2039 3979 2136 4034 ho-

548 4045 728 4110 minis,
758 4056 814 4101 ut
842 4048 1005 4107 facies
1052 4052 1221 4111 leonis
1266 4072 1295 4110 a
1326 4059 1527 4117 dextris
1557 4062 1705 4120 illius
1735 4085 1748 4131 ;
1781 4078 1834 4122 et
1860 4067 2023 4125 facies
2063 4075 2139 4128 vi-

547 4136 660 4201 tuli,
688 4148 742 4192 et
766 4137 923 4197 facies
965 4146 1154 4214 aquilas
1179 4164 1207 4201 a
1237 4149 1467 4209 SittiStriS
1511 4155 1675 4211 illius.
1712 4158 1820 4214 I-los
1869 4173 2127 4232 quattuor

546 4227 641 4280 has
665 4228 860 4299 ﬁguras
889 4233 1145 4293 habentes
1193 4241 1557 4314 Evangelistas
1586 4263 1707 4305 esse
1755 4268 1861 4307 non
1887 4227 2118 4314 vdubium

545 4329 646 4374 est.
677 4323 784 4378 Sed
811 4327 1025 4384 nomina
1081 4347 1266 4389 eorum
1294 4339 1384 4407 qui
1443 4342 1728 4412 Evangelia
1758 4349 2120 4422 scripserunt,

545 4412 659 4469 haec
679 4427 801 4473 sunt
831 4437 843 4474 :
876 4422 1191 4483 Matthaeus:
1221 4429 1448 4505 Marcus,
1470 4435 1659 4498 Lucas.
1689 4412 1985 4502 Iohannes.

616 4530 742 4586 Post
764 4537 870 4591 haec
899 4537 1022 4610 legit
1044 4541 1312 4601 diaconus.

2258 3329 2376 3399 ipso
2409 3329 2603 3386 factum
2632 3344 2716 3388 est
2747 3334 2901 3390 nihil.

2324 3420 2548 3490 Exponit
2576 3426 2856 3496 presbyter.

2321 3513 2556 3571 Joannes
2589 3519 2750 3574 habet
2775 3521 3184 3579 similitudinem
3212 3526 3409 3596 aquila:
3434 3566 3450 3593 ,
3500 3528 3646 3598 quod
3690 3530 3856 3583 nimis

2248 3609 2356 3663 alta
2385 3609 2617 3678 petierit.
2686 3614 2774 3669 Ait
2823 3616 2966 3671 enim
3017 3619 3184 3674 David
3233 3637 3297 3676 ex
3328 3637 3557 3692 persona
3606 3624 3852 3680 Christi:

2246 3699 2609 3759 Renovabitur
2653 3706 2794 3762 sicut
2833 3709 3024 3778 aquila:
3062 3711 3314 3778 juventus
3359 3723 3478 3780 tua,
3527 3717 3579 3770 id
3607 3727 3696 3771 est
3721 3717 3850 3773 ἔθευ

2244 3791 2444 3850 Christi
2476 3797 2681 3852 Domini
2713 3802 2907 3864 nostri,
2937 3803 3025 3872 qui
3053 3819 3340 3875 resurgens
3364 3821 3392 3858 a
3411 3808 3640 3862 mortuis
3661 3823 3847 3864 ascen.

2244 3885 2321 3941 dit
2351 3888 2400 3942 in
2430 3889 2618 3946 caelos.
2665 3891 2818 3948 Unde
2845 3893 2957 3962 jam
2989 3897 3138 3950 vobis
3169 3898 3441 3966 conceptis
3472 3915 3708 3971 regnans
3730 3905 3848 3972 glo-

2242 3977 2411 4034 riatur
2437 3980 2678 4038 Ecclesia
2698 4024 2714 4050 ,
2747 3999 2884 4039 nova
2914 3986 3137 4044 tendere
3167 3987 3483 4045 Christiana:
3514 3991 3651 4062 legis
3681 4009 3843 4051 exor-

2240 4071 2352 4127 dia.

2316 4165 2503 4238 Incipit
2525 4171 2774 4241 expositio
2804 4173 3038 4244 Symboli
3066 4187 3112 4229 ο.

2314 4262 2657 4318 Sacramenta
2721 4266 2940 4338 divina,
2985 4266 3180 4326 fratres
3233 4270 3529 4338 carissimi,
3577 4288 3686 4327 non
3737 4282 3843 4327 tam

2244 4357 2586 4412 discutienda
2615 4369 2775 4428 sunt,
2817 4378 2974 4432 quam
3027 4364 3324 4431 credenda;
3374 4376 3428 4422 et
3470 4381 3571 4421 nec
3618 4367 3842 4422 creden-

2236 4449 2302 4505 da
2355 4454 2762 4520 tantummodo,
2817 4455 2911 4510 sed
2950 4466 3006 4511 et
3066 4458 3338 4513 timenda:
3396 4473 3494 4514 nec
3545 4469 3726 4528 potest
3775 4469 3844 4515 te

2249 4559 2376 4599 nere
2430 4545 2554 4601 ﬁdei
2599 4545 2976 4617 disciplinam,
3021 4550 3111 4619 qui
3172 4565 3278 4605 non
3352 4550 3598 4604 habuerit
3651 4550 3839 4605 funda-

615 4644 774 4702 Liber
822 4656 1185 4716 generationis
1227 4659 1356 4716 Jesu
1403 4661 1599 4721 Christi
1648 4669 1740 4726 lilii
1789 4673 1990 4742 David,
2037 4678 2131 4736 ﬁlii
2160 4648 2214 4710 D
2251 4646 2504 4742 cntum.
2539 4638 2747 4742 ὼῖιοήῗ
2795 4639 3045 4742 DoTinif
3077 4643 3260 4742 .Sifut.
3295 4643 3375 4742 ³ίῖ
3407 4643 3693 4742 salino“:
3744 4644 3842 4742 In.”

544 4736 837 4797 Abraham.
891 4746 1156 4805 Abraham
1205 4755 1389 4823 genuit
1419 4756 1604 4826 Isaac,
1649 4763 1795 4821 Isaac
1833 4736 2010 4824 autem
2037 4787 2130 4842 ge-

542 4833 656 4923 nuit
697 4836 900 4906 Jacob,
958 4841 1124 4898 Jacob
1171 4859 1350 4904 autem
1398 4854 1582 4921 genuit
1637 4856 1828 4916 Judam
1857 4833 2132 4923 etl‘ratres

541 4922 678 4992 ejus.
713 4923 915 4985 Christi
945 4943 1123 4988 autem
1154 4941 1430 5007 generatio
1459 4945 1537 5000 sic
1561 4957 1694 5004 erat.

617 5036 739 5094 Post
769 5040 878 5097 huic
906 5053 1091 5104 tractat
1117 5049 1144 5089 δ
1176 5056 1453 5128 presbyter.

615 5153 733 5210 Filii
764 5159 1058 5231 carissimi,
1090 5180 1420 5237 exponamus
1450 5175 1600 5231 vobis
1636 5187 1690 5233 nt
1717 5196 1878 5251 quam
1907 5186 2130 5256 ﬁguram

543 5252 906 5322 unusquisque
930 5254 980 5310 in
1007 5262 1384 5334 sqcontirieat,
1413 5275 1466 5322 et
1494 5283 1657 5339 quare
1685 5252 1970 5333 Mattheus
1991 5281 2129 5350 ﬁgu-

689 5342 920 5402 huminis
945 5346 1157 5407 habeat.
1191 5355 1324 5422 Quia
1357 5358 1509 5415 initio
1533 5376 1636 5417 suo
1667 5365 1794 5421 nihil
1828 5369 1971 5424 aliud
1999 5342 2129 5442 agit,

542 5431 642 5485 nisi
675 5436 1002 5496 nativitatem
1031 5442 1329 5505 Salvatoris
1355 5491 1370 5516 ,
1419 5451 1562 5522 pleni
1595 5455 1799 5527 ordinis
1811 5431 2128 5533 generatio;

545 5534 641 5577 nes
674 5538 908 5584 enarrat.

615 5690 642 5718 ι
851 5686 1058 5744 aurium
1111 5697 1321 5767 apertio
1385 5701 1806 5766 prtemittebatur
1857 5709 2129 5767 traditioni

539 5751 789 5840 Symboli
819 5773 981 5840 :‘q_u:e
1013 5751 1224 5840 tradi-tio
1279 5751 1794 5840 liebaiﬁDo—minicaﬂ

540 5828 776 5901 sanctis
800 5828 866 5880 ad
894 5829 1283 5890 Lectionarinm
1309 5838 1662 5901 Luxoviense.

613 5892 638 5932 δ
680 5896 732 5950 lit
762 5907 842 5955 cst
886 5905 1110 5969 exponit.
1161 5905 1291 5962 llinc
1326 5892 1826 5973 tractatusvi’atrum
1871 5927 2126 5995 appellati

2242 4732 2370 4784 tium
2393 4731 2671 4798 sapientia:
2701 4732 2859 4787 timor
2881 4732 3111 4788 Domini.
3160 4735 3260 4802 Qui
3293 4734 3433 4790 enim
3467 4734 3622 4791 timet
3647 4735 3831 4791 Domi-

2242 4837 2366 4878 num
2400 4824 2452 4878 in
2482 4825 2751 4891 omnibus,
2777 4841 2894 4896 qua:
2921 4826 3172 4882 dicuntur
3193 4844 3223 4881 a
3255 4829 3385 4896 Deo,
3411 4842 3462 4884 et
3492 4832 3712 4899 sapiens
3729 4840 3830 4894 est,

2242 4924 2296 4971 et
2322 4914 2513 4971 ﬁdelis.
2549 4917 2860 4988 Symbolum
2887 4919 3046 4989 igitur
3074 4920 3231 4976 hodie
3261 4921 3492 4977 audituri
3521 4924 3655 4978 estis
3677 4964 3692 4988 ,
3723 4924 3834 4978 sine

2239 5023 2347 5080 quo
2375 5023 2476 5065 nec
2502 5007 2747 5065 Christus
2775 5010 3077 5066 adnuntiari
3104 5022 3310 5083 potest,
3339 5029 3435 5069 nec
3464 5013 3603 5068 ﬁdes
3631 5015 3826 5080 teneri,

2235 5115 2336 5156 nec
2366 5101 2618 5170 baptismi
2664 5101 2835 5171 gratia
2862 5102 3144 5157 celebrari.
3188 5104 3504 5173 Symbolum
3539 5114 3627 5160 est
3655 5107 3840 5176 signa-

2234 5194 2410 5249 culum
2442 5194 2562 5249 ﬁdei
2585 5194 2904 5261 catholicaa,
2932 5208 3326 5252 sacramentum
3361 5198 3638 5268 religionis
3669 5209 3835 5254 aeter-

2237 5302 2343 5341 nae.
2397 5285 2506 5342 Vos
2552 5302 2702 5357 ergo,
2755 5298 3144 5357 conpetentes,
3193 5306 3313 5345 cum
3356 5291 3500 5345 omni
3533 5293 3835 5348 reverentia

2245 5390 2542 5452 praeparate
2570 5397 2763 5439 sensus
2808 5395 3050 5452 vestros;
3097 5386 3274 5440 audite
3322 5386 3666 5455 Symbolum,
3695 5385 3832 5458 quod

2243 5475 2396 5530 vobis
2427 5473 2590 5533 hodie
2618 5487 2862 5533 materno
2897 5493 2994 5534 ore
3035 5489 3220 5535 sancta
3245 5479 3516 5537 catholica
3547 5480 3713 5537 tradit
3738 5480 3833 5536 Ec-

2239 5565 2428 5623 clesia.

2237 5734 2421 5808 eorum
2449 5709 2822 5808 sermones'de
2852 5722 3164 5808 Scriptura.-
3241 5795 3252 5807 .
3316 5795 3328 5807 ⁸
3438 5797 3450 5808 ⁸
3591 5797 3681 5808 ._
3780 5797 3792 5808 ι

2312 5804 2333 5830 ε
2375 5794 2570 5868 Confer
2609 5796 2880 5868 humilium
2921 5797 3090 5851 sancti
3119 5795 3330 5852 Maximi
3365 5797 3604 5868 episcopi
3639 5797 3821 5855 Tauri-

2238 5864 2418 5919 nensis
2443 5867 2510 5920 de
2538 5867 2873 5931 expositione
2895 5868 3158 5938 Symboli.
