4060 6346
217 343 333 400 ιω

660 336 1298 397 SACRMIENTARIUM
1339 338 2290 405 GALLICANIJM.—LECTIONES
2333 339 2424 397 DE
2464 339 2787 399 ADVENTU
2826 340 3082 400 DOMINI.

3389 344 3496 401 490

295 455 477 515 Credo
504 455 557 512 in
588 456 753 513 Deum
786 456 999 513 Patrem
1029 457 1481 525 omnipotentem,
1518 464 1813 511 creatorem
1842 459 1897 517 Α
1922 455 2180 525 Spiritum
2203 466 2446 513 sanctum
2478 457 2645 514 Deum
2676 468 2728 514 te
2755 472 2974 514 necesse
3002 463 3088 514 est
3112 455 3376 513 conﬁteri.
3401 458 3500 512 Hic

217 554 349 611 cali
381 560 439 610 et
472 561 651 608 terra.
701 552 873 607 Credo
902 552 956 605 in
988 552 1160 605 Iesum
1185 550 1458 605 Christum
1481 550 1669 608 Filium
1695 547 1811 619 ejus

211 644 560 716 unigenitum
582 640 1346 713 sempiternum.‘Conceptum
1365 644 1432 699 de
1458 643 1656 712 Spiritu
1691 656 1816 697 san-

208 746 331 804 cto,
386 745 570 790 natum
616 750 685 789 ex
730 734 894 789 Maria
937 734 1177 804 virgine;
1225 749 1439 804 passum
1482 735 1581 789 sub
1623 734 1816 789 Pontio

208 832 417 897 Pilato,
448 828 801 895 cruciﬁxum,
850 836 1141 893 mortuum,
1172 836 1228 884 et
1256 828 1543 896 sepultum.
1582 828 1814 883 Descen-

206 920 293 975 dit
321 920 388 976 ad
416 920 648 988 interna,
668 918 824 976 tertia
845 920 930 976 die
950 921 1247 976 resurrexit
1269 936 1299 974 a
1328 920 1576 976 mortuis.
1611 919 1815 976 Ascen-

206 1012 300 1069 dit
327 1012 393 1068 ad
421 1013 589 1069 caelos
608 1056 625 1082 ,
656 1011 796 1068 sedit
825 1011 892 1066 ad
922 1012 1200 1068 dexteram
1235 1012 1331 1067 Dei
1367 1012 1539 1067 Patris
1568 1012 1815 1080 omnipo-

210 1104 423 1160 tentis:
475 1104 600 1160 inde
648 1113 906 1159 venturus
950 1103 1194 1172 judicare
1250 1104 1398 1158 vivos
1440 1114 1496 1158 et
1543 1112 1807 1158 mortuos.

206 1197 398 1253 Credo
448 1197 502 1252 in
551 1197 809 1266 Spiritum
864 1207 1149 1263 sanctum,
1208 1205 1450 1252 sanctam
1518 1197 1815 1252 Ecclesiam

210 1288 562 1343 catholicam.
598 1286 916 1343 Sanctorum
948 1288 1405 1355 communionem,
1437 1288 1813 1343 remissionem

211 1389 561 1449 peccatorum
591 1418 606 1445 ,
649 1378 828 1435 carnis
852 1380 1304 1436 resurrectionem
1329 1419 1347 1446 ,
1376 1378 1536 1434 vitam
1562 1388 1817 1435 aeternam

213 1478 419 1533 Amen.

297 1573 638 1658 Repetendus
666 1588 818 1645 vobis
840 1595 954 1654 est,
981 1588 1348 1657 dilectissimi,
1373 1603 1551 1644 sermo
1578 1587 1821 1660 Symboli

217 1678 390 1749 hujus
415 1721 430 1745 ,
477 1679 705 1750 qualiter
749 1694 810 1735 ea
832 1722 846 1744 ,
894 1696 1015 1750 quae
1044 1680 1273 1735 dicimus
1298 1723 1314 1748 ,
1348 1681 1547 1736 vestris
1574 1679 1823 1735 sensibus

219 1774 419 1830 melius
444 1774 769 1829 inserantur.
811 1772 974 1828 Credo
1005 1774 1057 1828 in
1088 1772 1271 1828 Deum.
1303 1773 1484 1828 Tertia
1511 1773 1674 1843 igitur
1703 1774 1825 1827 vice

1915 562 2000 607 est
2027 550 2168 607 enim
2198 551 2431 618 Spiritus
2460 546 2695 617 sanctus,
2726 553 2812 621 qui
2838 551 3153 622 egreditura
3171 550 3328 607 Patre
3352 560 3401 618 ⁸,
3432 553 3502 609 de

1916 658 2022 713 quo
2053 644 2127 699 ait
2156 643 2401 700 Salvator
2426 644 2597 700 beatis
2626 646 2879 714 apostolis
2908 645 3019 701 suis
3045 663 3059 700 :
3090 642 3170 700 Ite
3188 683 3207 711 ,
3235 644 3503 711 baptizate

1916 748 2104 788 omnes
2132 742 2319 804 gentes
2367 735 2417 788 in
2462 734 2681 790 nomine
2734 734 2908 789 Patris
2953 742 3007 789 et
3034 733 3158 789 Filii
3188 741 3242 790 et
3269 733 3503 802 Spiritus

1916 828 2106 883 sancti.
2138 827 2252 882 Non
2284 837 2459 898 potest
2488 829 2656 884 videri
2687 828 2999 895 separabilis
3030 828 3249 895 virtute,
3279 828 3369 898 qui
3398 842 3504 881 non

1916 928 2093 987 potest
2122 922 2173 975 in
2202 922 2419 975 nomine
2449 921 2707 990 separari.
2741 920 2991 975 Sanctam
3020 918 3300 974 Ecclesiam
3327 919 3506 974 catho-

1918 1012 2092 1078 licam,
2125 1012 2473 1067 remissionem
2495 1021 2835 1083 peccatorum,
2862 1013 3033 1066 carnis
3061 1012 3505 1076 resurrectionem,

1917 1103 2071 1156 vitam
2117 1112 2380 1157 retentam.
2443 1101 2554 1158 Nisi
2592 1102 2887 1159 credideris
2927 1103 3218 1158 Ecclesiam
3244 1101 3338 1157 Dei
3388 1117 3508 1157 sau-

1919 1204 2083 1262 ctam,
2109 1212 2215 1251 non
2238 1205 2389 1264 potes
2417 1198 2470 1251 in
2502 1196 2740 1252 Ecclesia
2768 1198 2858 1252 Dei
2882 1196 3019 1251 dona
3044 1197 3338 1265 percipere.
3376 1196 3506 1250 Pro-

1923 1298 2038 1357 pter
2060 1288 2162 1343 hoc
2189 1303 2291 1343 una
2315 1303 2437 1343 cum
2461 1289 2613 1343 Patre
2640 1297 2693 1343 et
2720 1286 2875 1351 Filio,
2905 1295 2960 1343 et
2980 1286 3233 1357 Spiritum
3263 1298 3505 1342 sanctum

1923 1378 2201 1449 professus
2230 1395 2287 1435 es
2317 1380 2516 1446 Deum;
2562 1387 2619 1434 ut
2666 1393 2761 1448 per
2782 1378 3006 1450 gratiam
3039 1376 3290 1447 baptismi
3321 1392 3509 1448 pecca-

1924 1480 2103 1527 torum
2128 1474 2220 1527 tibi
2247 1472 2495 1527 remissio
2525 1471 2871 1539 concedatur,
2911 1480 2965 1527 et
3004 1472 3181 1527 carnis
3203 1480 3307 1525 tua:
3334 1486 3508 1526 resur-

1932 1563 2101 1618 rectio
2151 1572 2431 1632 reparetur
2481 1564 2531 1617 in
2582 1573 2862 1617 aeternum.
2909 1562 3020 1618 Nisi
3045 1563 3186 1619 enim
3215 1562 3513 1619 credideris

1925 1656 2144 1712 dimissa
2174 1657 2265 1713 tibi
2297 1665 2514 1726 peccata
2547 1666 2654 1725 tua,
2689 1657 2970 1713 absolutus
2999 1672 3120 1714 esse
3149 1673 3255 1714 non
3288 1659 3507 1727 poteris.

1926 1749 2038 1805 Nisi
2080 1751 2375 1807 credideris
2422 1751 2602 1808 carnis
2643 1754 3036 1808 resurrectione
3074 1752 3428 1821 reparandum
3458 1759 3512 1807 te

217 1874 283 1920 ut
356 1864 422 1920 ad
488 1866 694 1937 reliqua
742 1865 1000 1935 capienda
1051 1865 1289 1921 ﬁdeliore
1338 1880 1499 1921 cursu
1548 1865 1829 1935 pervenire

1938 1857 2055 1898 esse
2081 1854 2199 1913 post
2233 1851 2482 1913 mortem,
2514 1845 2580 1899 ad
2610 1843 2840 1901 fructum
2869 1845 2992 1901 vitae
3021 1853 3293 1916 perpetuae
3322 1844 3510 1902 venire

219 1959 514 2029 possimus,
544 1957 676 2012 ordo
715 1957 954 2028 Symboli
1003 1956 1367 2013 recensendos
1406 1966 1523 2012 est:
1573 1954 1741 2011 Credo
1767 1956 1821 2009 in

221 2048 415 2104 Deum.
452 2050 589 2105 Ecce
616 2048 867 2105 addidisti
892 2051 1306 2119 omnipotentem,
1340 2058 1394 2105 et
1422 2050 1689 2104 veraciter
1716 2048 1810 2102 ad-

222 2140 432 2196 didisti.
480 2139 622 2195 Nihil
667 2141 737 2195 de
784 2142 1142 2208 promissione
1181 2141 1417 2207 difﬁdas,
1464 2142 1558 2196 sed
1602 2156 1821 2195 securus

222 2243 476 2304 expecta,
508 2236 551 2289 si
576 2233 752 2289 credis
778 2236 899 2304 quia
937 2236 1277 2305 omnipotens
1305 2246 1385 2290 est
1416 2236 1505 2306 qui
1539 2234 1819 2304 promittit.

223 2324 297 2379 Et
330 2326 383 2378 in
414 2323 588 2379 Iesum
618 2325 881 2379 Christum
912 2323 1110 2379 Filium
1139 2328 1249 2395 ejus
1278 2326 1516 2391 unicum,
1548 2324 1825 2378 Dominum

223 2427 488 2473 nostrum.
529 2419 640 2473 [ioc
663 2427 749 2475 est
776 2418 909 2474 illud
933 2429 1324 2475 sacramentum
1348 2418 1492 2474 ﬁdei.
1535 2418 1647 2473 Nisi
1675 2420 1820 2474 enim

224 2510 428 2567 Filium
458 2511 549 2566 Dei
582 2519 694 2567 tota
736 2520 916 2567 mente
948 2511 1260 2567 credideris.
1294 2512 1501 2566 Patrem
1532 2526 1637 2566 non
1666 2520 1822 2582 potes

225 2601 501 2657 conﬁteri.
550 2599 726 2656 Crede
759 2616 889 2672 ergo
928 2600 1119 2657 Filium
1164 2602 1256 2658 Dei
1285 2602 1618 2672 unigenitum
1651 2602 1719 2656 ab
1742 2602 1826 2656 in-

225 2695 436 2765 genito,
468 2694 738 2751 viventem
766 2709 796 2749 a
825 2695 1058 2762 vivente,
1091 2710 1276 2751 verum
1293 2695 1360 2751 de
1381 2710 1526 2750 vero.
1572 2695 1674 2761 Qui
1700 2686 1833 2749 con-V

227 2798 411 2857 ceptus
437 2797 512 2842 est
540 2788 603 2841 de
633 2786 837 2855 Spiritu
865 2796 1039 2841 sancto
1062 2829 1076 2853 ,
1127 2796 1276 2842 natus
1320 2804 1383 2842 ea:
1410 2786 1581 2842 Maria
1609 2788 1823 2857 virgine.

230 2878 495 2947 Spiritum
536 2887 779 2933 sanctum
826 2878 981 2933 audis
1032 2887 1342 2933 auctorem:
1375 2894 1444 2933 ne
1470 2877 1683 2933 dubites
1714 2879 1825 2931 vir-

231 2969 414 3039 ginem
456 2972 694 3051 potuisse
737 2972 1042 3040 concipere.
1091 2971 1201 3027 Hoc
1228 2971 1477 3040 estquod
1508 2972 1584 3025 ait
1607 2970 1829 3041 angelus

235 3061 497 3119 Gabrihel
537 3063 603 3117 ad
650 3063 868 3118 Mariam
907 3063 1139 3119 dicens:
1192 3063 1427 3131 Spiritus
1471 3073 1689 3118 sanctus
1728 3076 1827 3116 ve-

233 3153 351 3209 niet
375 3156 426 3208 in
462 3163 512 3210 te
538 3195 553 3220 ,
601 3163 657 3209 et
685 3153 866 3227 virtus.
891 3153 1149 3210 Altissimi
1176 3154 1520 3211 obumbrabit
1552 3156 1666 3210 tibi.
1722 3154 1832 3210 Cur

1926 1950 2029 1989 non
2063 1936 2284 2004 poteris.

1998 2028 2288 2083 Rercs'wn
2320 2043 2416 2084 esr
2440 2028 2490 2082 ι).

1988 2119 2157 2171 Lectio
2181 2122 2316 2171 Isaia:
2343 2121 2598 2184 propheta
2620 2121 2832 2185 legenda
2855 2124 2905 2171 in
2931 2121 3192 2172 traditione
3215 2120 3449 2184 Symboli.

1997 2205 2121 2266 Haec
2168 2204 2298 2259 dicit
2344 2205 2641 2262 Dominus:
2688 2205 2825 2260 Ecce
2860 2204 3036 2274 justus
3066 2205 3232 2274 perit,
3262 2212 3315 2261 et
3348 2218 3510 2260 nemo

1925 2308 2007 2353 est
2048 2298 2141 2367 qui
2180 2298 2439 2368 recogitet
2470 2300 2526 2353 in
2548 2298 2713 2361 corde
2732 2314 2860 2365 suo;
2898 2307 2952 2354 et
2983 2298 3079 2354 viri
3134 2299 3512 2356 misericordes

1925 2389 2335 2460 excolliguntur,
2386 2390 2507 2459 quia
2557 2404 2663 2444 non
2713 2399 2796 2444 est
2825 2389 2917 2459 qui
2950 2389 3245 2460 intellegat.
3298 2392 3344 2445 A
3373 2388 3508 2446 facie

1926 2482 2069 2537 enim
2093 2482 2308 2536 malitiae
2337 2481 2594 2536 collectus
2620 2489 2705 2536 est
2726 2482 2924 2551 justus.
2966 2481 3149 2537 Veniat
3183 2496 3281 2551 pax
3304 2522 3317 2547 ,
3350 2489 3405 2536 et
3431 2494 3518 2536 re-

1926 2576 2169 2645 quiescat
2200 2575 2252 2630 in
2280 2574 2457 2629 cubile
2487 2590 2607 2630 suo.
2660 2575 2767 2631 Vos
2792 2585 2969 2630 autem
3001 2574 3239 2630 accedite
3264 2573 3391 2639 huc,
3427 2573 3519 2628 lilii

1928 2664 2340 2738 auguriatricis,
2395 2680 2583 2722 semen
2630 2666 2857 2723 adulteri
2905 2675 2960 2722 et
3002 2666 3290 2722 tornicarii.
3344 2666 3522 2736 Super

1930 2775 2092 2831 quem
2125 2759 2363 2814 insistis?
2407 2774 2570 2830 super
2596 2774 2755 2827 quem
2786 2759 3046 2815 dilatastis
3075 2773 3135 2815 os
3157 2799 3171 2825 ,
3204 2768 3259 2814 et
3285 2757 3522 2828 ejecistis

1932 2850 2211 2921 linguam?
2254 2851 2386 2906 Nam
2432 2852 2526 2921 qui
2558 2851 2806 2907 ﬁduciam
2839 2851 3000 2908 habet
3028 2851 3161 2916 mei,
3203 2849 3524 2907 hereditabit

1933 2951 2127 2997 terram
2153 2984 2169 3007 ,
2210 2953 2260 2998 et
2310 2942 2605 3012 possidebit
2657 2950 2893 2998 montem
2926 2952 3172 2999 sanctum
3203 2957 3379 2999 meum
3402 2986 3416 3012 ,
3448 2942 3520 2997 ait

1934 3032 2191 3089 Dominus
2223 3034 2388 3090 Deus.

2272 3146 2490 3209 Epistola
2512 3146 2651 3198 Petri
2676 3149 2877 3211 apostoli
2899 3150 2957 3198 ad
2982 3156 3180 3213 gentes.

235 3259 345 3301 non
375 3244 548 3300 credis
578 3259 700 3299 eum
726 3244 777 3299 in
804 3255 959 3301 utero
987 3244 1208 3315 virginis
1233 3244 1506 3300 hominem
1539 3246 1822 3316 ﬁgurasse,
1858 3246 1905 3310 C
2006 3229 2245 3296 Ρτθίΐεεν
2278 3232 2330 3285 in
2374 3234 2473 3285 hoc
2512 3232 2686 3287 V008“
2718 3234 2868 3298 6508.
2894 3234 3017 3302 (illia
3050 3233 3297 3291 Οιπίθιυε
3325 3249 3515 3305 Passus

236 3351 399 3407 quem
428 3336 603 3391 credis
633 3336 903 3391 hominem
935 3335 1130 3391 fecisse
1166 3334 1235 3391 de
1263 3336 1441 3391 terra?
1472 3336 1581 3392 Nec
1608 3336 1827 3390 Mariam

237 3427 452 3485 dubites
490 3430 753 3500 virginem
797 3431 1057 3484 mansisse
1100 3438 1216 3498 post
1250 3438 1495 3497 partum,
1536 3431 1678 3499 quod
1710 3440 1834 3486 ante

238 3520 408 3576 multa
433 3528 672 3589 tempora
700 3521 959 3591 propheta
984 3520 1170 3577 Esaias
1192 3521 1406 3587 cecinit,
1431 3522 1617 3578 dicens
1642 3540 1655 3575 :
1691 3522 1832 3578 Ecce

240 3616 391 3684 virgo
444 3630 498 3669 in
525 3624 678 3671 utero
706 3616 972 3686 accipiet,
1021 3624 1075 3669 et
1106 3615 1278 3686 pariet
1301 3614 1488 3695 ﬁlium.
1522 3615 1636 3670 lloc
1664 3616 1835 3671 divini

239 3707 441 3777 eloquii
472 3708 790 3763 auctoritate
818 3708 1146 3765 credendum
1177 3718 1278 3763 est.
1326 3706 1548 3761 Passum
1574 3708 1664 3762 sub
1696 3704 1840 3762 Pon-

245 3800 317 3854 tio
346 3798 518 3853 Pilato
541 3842 557 3869 ,
590 3802 895 3870 cruciﬁxum
918 3841 933 3866 ,
966 3812 1254 3867 mortuum,
1290 3811 1336 3855 et
1366 3801 1646 3872 sepultum.
1679 3801 1835 3855 Nulla

246 3902 301 3949 te
331 3893 606 3965 trepidatio
630 3896 695 3950 de
725 3894 936 3950 Domini
978 3896 1055 3949 tui
1090 3894 1335 3965 passione
1378 3892 1669 3948 contundat
1699 3911 1711 3946 :
1748 3895 1829 3947 ni-

247 3989 322 4046 hil
348 3992 413 4046 de
432 4005 611 4057 cruce,
644 3990 773 4045 nihil
798 3990 866 4045 de
896 3992 1171 4061 sepultura
1205 3990 1462 4044 verearis.
1508 3987 1624 4044 Non
1653 3988 1753 4042 fuit
1782 3989 1836 4043 in

249 4080 342 4137 illo
366 4083 454 4152 qui
480 4091 532 4138 te
563 4082 793 4138 redemit
818 4081 1119 4152 lragilitatis
1152 4079 1458 4144 inﬁrmitas,
1499 4078 1594 4134 sed
1621 4078 1838 4147 pietatis

262 4175 515 4233 ofﬁcium.
548 4175 691 4231 Crux
733 4176 873 4229 illius
915 4184 1065 4229 tuum
1097 4188 1326 4244 regnum
1356 4180 1474 4227 est:
1519 4186 1664 4226 mors
1701 4172 1844 4225 illius

256 4276 341 4325 tua
369 4276 450 4323 est
474 4267 601 4321 vita.
638 4266 906 4321 Descendit
930 4267 997 4320 ad
1031 4268 1253 4337 inferna,
1292 4266 1441 4319 tertia
1467 4264 1548 4317 die
1572 4264 1845 4317 resurrexit

264 4376 297 4414 a
329 4360 571 4415 mortuis:
611 4358 840 4413 ascendit
860 4359 914 4413 in
936 4358 1109 4421 certos,
1133 4359 1262 4411 sedit
1283 4357 1355 4409 ad
1382 4356 1644 4410 dexteram
1668 4354 1845 4409 Patris

271 4452 642 4521 omnipotentis.
676 4451 733 4505 Si
750 4462 798 4505 te
821 4450 1063 4505 triduana
1088 4448 1296 4504 Domini
1322 4450 1394 4502 tui
1421 4448 1695 4517 sepultura
1718 4462 1848 4501 con-

258 4543 465 4609 turbat,
519 4545 842 4599 resurrectio
896 4544 1064 4613 tnagis
1104 4548 1305 4597 aeterna
1333 4542 1637 4597 conﬁrmet.
1673 4540 1842 4609 Quid-

1938 3334 2021 3380 est
2051 3337 2147 3393 pro
2176 3322 2349 3391 vobis,
2382 3325 2692 3394 relinquens
2722 3325 2871 3380 vobis
2898 3327 3226 3396 exemplum,
3260 3337 3317 3383 ut
3338 3342 3527 3398 sequa-

1938 3419 2068 3473 mini
2103 3418 2324 3488 vestigia
2354 3417 2491 3487 ejus.
2540 3416 2643 3485 Qui
2688 3425 2963 3486 peccatum
2997 3433 3099 3473 non
3128 3420 3267 3487 fecit,
3318 3434 3414 3473 nec
3444 3421 3525 3474 in-

1940 3520 2133 3566 ventus
2157 3522 2237 3566 est
2267 3510 2424 3566 dolus
2449 3510 2501 3566 in
2529 3525 2624 3566 ore
2645 3510 2783 3580 ejus.
2814 3511 2916 3577 Qui
2941 3527 3061 3567 cum
3088 3511 3522 3578 malediceretur,

1942 3620 2048 3659 non
2078 3604 2524 3669 remaledicebat;
2553 3618 2674 3659 cum
2706 3612 3001 3673 pateretur,
3032 3620 3139 3659 non
3164 3605 3525 3661 comminaba-

1945 3706 2048 3753 tur.
2080 3697 2350 3753 Tradebat
2375 3710 2554 3752 autem
2582 3696 2922 3766 sejudicanti
2953 3705 2977 3733 ο
3010 3695 3228 3766 injuste.
3277 3696 3376 3763 Qui
3400 3710 3528 3765 pec-

1943 3799 2061 3845 cata
2108 3799 2289 3844 nostra
2321 3790 2553 3858 portavit
2592 3789 2646 3843 in
2679 3804 2904 3857 corpore
2954 3803 3053 3843 suo
3095 3804 3256 3858 super
3286 3789 3527 3861 lignum;

1945 3893 2001 3939 ut
2029 3882 2260 3953 peccatis
2292 3884 2486 3937 mortui
2513 3921 2529 3947 ,
2573 3879 2794 3949 justitiae
2817 3880 3141 3935 viveremus.
3166 3878 3331 3950 Cujus
3358 3880 3526 3937 livore

1944 3978 2116 4030 sanati
2146 3988 2351 4028 sumus.
2406 3971 2582 4027 Eratis
2616 3974 2758 4027 enim
2799 3971 2936 4027 sicut
2977 3985 3105 4029 oves
3131 3980 3373 4027 errantes
3396 3988 3411 4030 :
3438 3971 3533 4027 sed

1945 4066 2191 4123 conversi
2242 4065 2373 4120 estis
2416 4080 2560 4121 nunc
2589 4063 2654 4119 ad
2689 4074 2956 4134 pastorem
2984 4073 3041 4120 et
3067 4062 3393 4121 visitatorem
3419 4063 3534 4119 ani-

1946 4175 2151 4215 marum
2185 4167 2481 4213 vestrarum

2103 4261 2275 4311 Lectio
2297 4260 2451 4309 sancti
2470 4258 2725 4323 Evangelii
2750 4260 3018 4311 secundum
3040 4257 3309 4310 Iohannem
3334 4256 3380 4308 ἀ.

2018 4355 2075 4410 In
2104 4355 2193 4408 illo
2222 4363 2461 4422 tempore
2489 4394 2505 4417 ,
2548 4362 2673 4407 ante
2702 4368 2794 4408 sex
2840 4353 2954 4408 dies
2994 4352 3212 4408 Pascha:
3246 4354 3390 4409 venit
3422 4352 3528 4407 Do-

1949 4448 2125 4503 minus
2156 4446 2311 4503 Jesus
2340 4447 2675 4513 Bethaniam,
2700 4446 2789 4501 ubi
2816 4447 2987 4502 fuerat
3015 4447 3245 4503 Lazarus
3271 4459 3535 4518 mortuus,

1950 4556 2109 4610 quem
2159 4540 2436 4595 suscitavit
2483 4539 2663 4595 Jesus.
2718 4540 2979 4594 Fecerunt
3022 4550 3198 4595 autem
3238 4540 3289 4594 ei
3333 4555 3536 4596 caenam

260 4634 381 4703 quid
428 4632 750 4690 inﬁrmitatis
795 4634 943 4690 audis
986 4635 1038 4689 in
1071 4633 1285 4689 Christo
1308 4674 1325 4699 ,
1384 4631 1697 4703 mysterium
1741 4640 1843 4686 est.
1875 4642 1930 4702 Ῑ)
1953 4631 2050 4700 ihi,
2083 4639 2137 4685 et
2166 4631 2371 4685 Martha
2400 4631 2736 4685 miniSIrabat
2764 4648 2777 4684 :
2827 4630 3062 4683 Lazarus
3092 4644 3223 4683 vero
3254 4648 3391 4686 unus
3421 4645 3540 4688 erat

261 4720 390 4778 Illud
420 4730 594 4777 tamen
622 4732 833 4793 oportet
864 4722 1081 4789 mirari,
1109 4722 1250 4792 quod
1277 4722 1323 4777 ei
1347 4762 1361 4787 ,
1393 4722 1476 4776 cui
1506 4722 1695 4777 caelum
1729 4735 1843 4776 me-

262 4814 362 4869 rito
389 4816 699 4883 debebatur,
742 4831 954 4871 crucem
988 4830 1086 4887 pro
1119 4825 1169 4871 te
1199 4820 1524 4886 contempsit
1549 4816 1839 4871 sustinere.

262 4905 317 4961 Si
361 4908 533 4963 credis
578 4924 639 4964 ea
683 4923 802 4977 quae
843 4909 937 4963 tibi
989 4907 1257 4973 videntur,
1310 4908 1473 4963 crede
1519 4917 1574 4962 et
1603 4907 1695 4963 illa
1725 4921 1847 4976 qua:

265 5014 452 5069 negare
497 5017 604 5056 non
652 5010 829 5071 potest
854 5001 929 5055 ‘in
955 5000 1149 5071 gloria.
1182 4998 1319 5055 Inde
1343 5011 1587 5055 venturus
1612 5001 1848 5064 iudicare

266 5092 396 5148 vivos
422 5102 470 5149 et
497 5102 746 5150 mortuos.
801 5092 941 5149 Ecce
968 5093 1056 5148 ille
1085 5092 1176 5162 qui
1204 5092 1272 5148 ab
1303 5092 1496 5163 iniquis
1523 5100 1605 5146 est
1635 5091 1848 5162 judica-

268 5194 350 5241 tus
377 5185 426 5240 in
452 5186 643 5253 terris,
676 5185 743 5241 de
764 5185 892 5242 sede
922 5185 1122 5241 caelesti
1141 5184 1483 5255 judicaturus
1506 5184 1741 5239 advenit.
1794 5184 1849 5239 Si

269 5276 550 5349 iudicatum
571 5278 822 5348 deSpicis,
839 5277 1070 5347 judicem
1096 5278 1432 5346 pertimesce.
1457 5276 1621 5331 Credo
1644 5278 1697 5332 in
1727 5276 1768 5333 S
1776 5278 1827 5345 pi
1836 5308 1853 5316 -

271 5372 420 5426 ritum
446 5381 698 5428 sanctum.
746 5371 805 5429 Si
846 5370 1122 5427 credidisti
1170 5370 1334 5424 Deum
1368 5370 1577 5427 Patrem
1608 5370 1853 5438 omnipo-

275 5472 469 5522 tentem
498 5507 514 5536 ,
551 5474 604 5523 et
638 5466 691 5522 in
737 5465 930 5521 Filium
958 5464 1074 5535 ejus
1104 5462 1434 5533 unigenitum
1468 5478 1561 5532 per
1589 5463 1771 5531 ﬁdem,
1800 5472 1855 5519 et

350 5677 374 5707 ι
412 5667 568 5723 Nulla
598 5669 683 5723 hic
709 5675 909 5724 mentio
936 5664 1005 5719 de
1037 5661 1378 5731 processiene
1418 5676 1481 5715 ex
1516 5658 1679 5729 Filio,
1715 5662 1855 5718 nulla

281 5738 396 5815 item
419 5739 565 5815 i_ntra
593 5740 906 5815 iu_quadam
940 5737 1101 5790 missa
1136 5732 1474 5815 Duniinicali:
1604 5802 1614 5813 .
1662 5812 1670 5815 _
1802 5802 1815 5815 O

280 5809 399 5938 eo}
419 5810 601 5879 Forte,
633 5803 911 5881 Ecpletum
936 5815 1048 5871 est,
1079 5804 1220 5877 quod
1250 5803 1418 5860 minio
1444 5803 1769 5873 descriptum
1800 5803 1856 5860 in

388 5896 485 5938 tce.

553 5978 824 6040 Paeon.
874 5968 1129 6036 LXXII.

1952 4739 2017 4780 ex
2047 4724 2505 4779 discumbentibus
2547 4738 2666 4777 cum
2711 4738 2797 4776 eo.
2852 4723 3015 4775 Maria
3067 4738 3193 4792 ergo
3242 4725 3446 4793 accepit
3477 4725 3540 4779 li-

1952 4820 2102 4875 bram
2136 4821 2388 4890 unguenti
2441 4822 2591 4874 nardi
2646 4818 2825 4889 pistici
2875 4821 3144 4889 preciosi,
3194 4821 3344 4874 unxit
3378 4820 3541 4889 pedes

1956 4911 2165 4965 Domini
2194 4912 2342 4977 Jesu,
2372 4918 2428 4965 et
2457 4913 2681 4965 extersit
2710 4911 2913 4979 capillis
2942 4912 3053 4966 suis
3084 4910 3247 4980 pedes
3277 4911 3393 4981 ejus
3417 4952 3433 4977 ,
3486 4920 3542 4965 et

1956 5003 2148 5060 domus
2170 5004 2386 5072 impleta
2417 5011 2501 5058 est
2520 5018 2587 5058 ex
2609 5004 2778 5059 odore
2791 5005 3064 5075 unguenti.
3093 5005 3232 5059 Dixit
3254 5018 3381 5075 ergo
3405 5018 3543 5058 unus

1959 5111 2025 5152 ex
2056 5095 2331 5162 discipulis
2380 5095 2496 5164 ejus
2522 5095 2704 5150 'ludas
2751 5095 3077 5158 Scariothis,
3123 5096 3212 5166 qui
3260 5104 3374 5150 erat
3418 5108 3542 5149 eum

1961 5187 2283 5242 traditurus:
2312 5186 2486 5253 Quare
2535 5187 2638 5243 hoc
2686 5195 3013 5258 unguentum
3044 5202 3149 5243 non
3172 5186 3411 5243 vendidit
3441 5195 3546 5241 tre~

1963 5279 2133 5336 centis
2161 5278 2474 5343 denariis,et
2498 5279 2679 5334 datum
2704 5289 2787 5335 est
2808 5274 3023 5351 egknis?
3050 5279 3191 5334 Dixit
3211 5286 3389 5333 autem
3421 5278 3547 5344 hoc,

1957 5386 2063 5427 non
2091 5370 2214 5441 quia
2245 5370 2311 5424 de
2358 5372 2539 5441 egenis
2572 5370 2869 5440 pertinebat
2897 5370 2963 5425 ad
2992 5386 3138 5434 eum,
3182 5370 3280 5425 sed
3308 5369 3427 5438 quia
3459 5367 3545 5422 l'nr

1957 5474 2072 5520 erat
2096 5504 2110 5529 ,
2144 5471 2199 5519 et
2229 5464 2431 5519 loculos
2461 5464 2664 5520 habens
2690 5505 2704 5530 ,
2753 5478 2818 5520 ea
2843 5478 2963 5534 qua:
2988 5463 3336 5518 mittebantur
3367 5471 3520 5531 porta

2040 5673 2061 5700 α
2104 5662 2192 5717 Sic
2223 5664 2465 5736 in_veteri
2494 5664 2818 5734 exemplari,
2881 5672 2939 5718 ut
2968 5665 3022 5719 in
3054 5663 3295 5735 Vulgata,
3330 5679 3436 5720 non
3454 5667 3549 5736 ja-

1964 5744 2061 5800 ste,
2093 5745 2149 5788 ut
2174 5750 2240 5789 ex
2270 5734 2477 5789 Graeco.

2036 5805 2071 5885 ξί-
2105 5806 2245 5885 Idem
2272 5806 2617 5885 Evangelium
2646 5808 2701 5865 in
2726 5805 2955 5867 Gothico
2984 5823 3083 5879 pro
3112 5808 3271 5865 missa
3292 5805 3349 5863 in
3379 5805 3541 5877 Sym-

1966 5876 2075 5933 boli
2107 5876 2411 5933 traditione.

3006 5979 3078 6039 16
