4060 6346
525 322 623 381 ιω

529 526 818 596 sepulturae
856 540 993 582 mea:
1026 537 1204 583 servet
1235 528 1389 583 illud.
1431 528 1700 597 Panperes
1728 530 1873 584 enim
1895 543 2111 599 semper

529 623 739 681 habetis
766 624 1062 689 vobiscum,
1093 639 1179 679 me
1199 635 1376 679 autem
1409 641 1512 679 non
1543 640 1753 695 semper
1785 625 2010 680 habetis.
2056 626 2115 680 in

536 720 837 774 crastinum
880 724 1055 773 autem
1087 719 1240 773 turba
1263 719 1427 771 multa
1455 732 1575 787 quae
1602 728 1857 773 veneram
1880 717 1945 771 ad
1976 716 2117 773 diem

529 809 761 879 festum,
798 827 922 868 cuiu
967 812 1241 867 audissent
1283 813 1406 881 quia
1463 812 1615 865 venit
1661 810 1922 866 Dominus
1963 809 2120 865 Jesus

529 902 981 974 Hierosolymam,
1011 913 1331 973 acceperunt
1359 919 1539 959 ramos
1566 904 1885 974 palmarum,
1920 914 1974 959 et
1999 918 2121 971 pro-

535 1006 820 1051 cesserunt
856 996 1065 1051 obviam
1095 996 1143 1049 ei
1171 1036 1186 1061 ,
1234 1006 1288 1050 et
1309 996 1653 1051 clamabant:
1687 997 1927 1061 Osanna,
1960 995 2122 1051 bene.

537 1086 716 1143 dictus
746 1089 839 1158 qui
880 1089 1027 1143 venit
1064 1086 1175 1142 Rex
1209 1088 1388 1142 Israel.
1425 1087 1490 1142 Et
1518 1088 1721 1143 invenit
1749 1088 2005 1142 Dominus
2033 1086 2124 1142 Je-

539 1193 634 1232 sus
657 1179 906 1243 asellum,
936 1188 988 1233 et
1015 1179 1157 1233 sedit
1180 1194 1343 1246 super
1368 1194 1487 1233 eum
1512 1219 1528 1241 ,
1556 1181 1693 1232 sicut
1720 1179 1977 1247 scriptum
2007 1186 2122 1233 est:

536 1270 657 1325 Noli
682 1272 873 1326 timere
899 1316 911 1337 ,
946 1271 1050 1324 ﬁlia
1081 1270 1209 1325 Sion
1238 1311 1253 1334 ,
1299 1285 1426 1325 ecce
1464 1271 1575 1325 Rex
1605 1279 1726 1324 tuus
1758 1271 1904 1324 venit
1933 1270 2126 1324 sedens

532 1375 697 1431 super
719 1362 923 1431 pullum
956 1363 1143 1417 asinm.
1188 1361 1312 1415 Haec
1345 1376 1447 1415 nun
1478 1371 1845 1430 cognoverunt
1868 1359 2120 1429 discipuli

534 1452 653 1522 ejus
676 1454 941 1522 primum;
989 1454 1083 1507 sed
1129 1453 1341 1522 quando
1372 1453 1700 1521 gloriﬁcatus
1746 1455 2127 1509 est.Dominus

534 1543 713 1609 Jesus,
748 1555 873 1600 tunc
906 1546 1170 1600 recordati
1195 1553 1324 1600 sunt
1346 1546 1473 1615 quia
1507 1546 1620 1599 hate
1647 1557 1803 1602 erant
1826 1548 2026 1616 scripta
2057 1547 2126 1601 de

537 1651 627 1704 eo,
656 1646 709 1693 et
731 1636 1071 1693 crediderunt
1105 1638 1178 1691 ei.

1135 1740 1305 1776 metm
1339 1741 1475 1776 uiset
1498 1728 1540 1775 ⁸.

609 1824 665 1864 ιη
691 1811 937 1880 geminas
986 1820 1162 1880 partes
1205 1810 1344 1866 diem
1393 1814 1528 1868 hunc
1571 1813 1925 1868 excolendum
1982 1827 2130 1867 com-

538 1900 812 1969 plectitur,
844 1900 1107 1967 Domine,
1156 1912 1354 1955 nostrm
1394 1903 1666 1957 servitutis
1700 1903 1971 1957 iamuiatin
1996 1944 2010 1966 ,
2044 1902 2130 1956 vel

540 1995 611 2049 de
637 1994 820 2062 jejunii
853 1994 1003 2049 cultu
1028 2004 1272 2061 sacrato,
1328 1995 1411 2049 vel
1437 1996 1503 2050 de
1528 1997 1828 2066 insignibus
1857 1997 1983 2063 tuis,
2011 2010 2131 2063 qua:

549 2085 713 2140 hodie
743 2086 1034 2148 fulserunt,
1067 2086 1421 2152 mirabilibus,
1454 2102 1559 2156 quo
1586 2088 1843 2143 Lazarum
1877 2086 2137 2144 reduxisti

544 2186 667 2245 post
694 2184 890 2231 tartara
920 2196 933 2230 :
966 2191 1086 2231 cu'n
1121 2176 1186 2230 ad
1219 2192 1406 2239 vocem
1435 2188 1610 2244 tuam,
1646 2179 1903 2242 Domine.
1951 2188 2139 2232 tonan-

549 2278 657 2324 tem
685 2268 932 2336 exilivit,
976 2280 1028 2323 et
1057 2269 1404 2339 quatridnani
1424 2272 1535 2340 jam
1565 2271 1804 2326 ftetentis
1827 2271 1985 2325 funus
2009 2270 2141 2324 vivi-

539 2360 706 2418 ﬂcans
729 2362 1012 2427 animasti;
1060 2362 1142 2418 vel
1193 2364 1356 2418 etiam
1407 2379 1571 2419 causa
1615 2365 1856 2419 miraculi
1889 2365 2142 2433 obstupe-

539 2451 677 2507 facm
711 2451 969 2520 plaudens
1000 2454 1154 2506 turba
1204 2452 1483 2508 Bethania
1526 2453 1765 2509 occurrit
1789 2469 1911 2509 eum
1948 2452 2140 2519 palmis

541 2542 634 2598 tibi
657 2543 866 2596 obviam
894 2542 1046 2611 Regi.
1093 2542 1326 2614 [Exaudi
1360 2557 1456 2597 nos
1487 2545 1539 2598 in
1578 2543 1681 2599 hoc
1724 2545 1995 2613 geminato
2019 2559 2138 2601 ser-

542 2636 723 2690 vitutis
747 2645 946 2690 nostra:
975 2634 1267 2707 obsequio]
1306 2647 1360 2691 et
1412 2647 1624 2705 praesta,
1655 2638 1894 2702 Domine,
1929 2652 2141 2707 quaesu-

547 2744 690 2793 mus,
722 2742 779 2783 ut
808 2730 1003 2783 animte
1031 2736 1229 2783 nostra:
1259 2744 1380 2797 quae
1415 2729 1618 2783 tumqu
1643 2739 1765 2784 sunt
1799 2739 2138 2799 peccatorum

543 2820 810 2877 conclusae
837 2858 855 2888 ,
886 2819 1012 2875 tabe
1035 2828 1303 2889 corrupta:
1332 2822 1662 2877 reviviscent
1685 2838 1751 2877 ex
1789 2833 1875 2877 tua
1907 2822 2135 2877 interius

542 2914 849 2968 visitatione
871 2952 888 2979 ,
931 2911 1075 2967 sicut
1126 2911 1312 2968 Lazari
1357 2913 1564 2969 viscera
1591 2928 1620 2967 a
1651 2924 1739 2968 tua
1765 2927 1896 2969 voce
1926 2912 2141 2969 inerunt

545 3008 798 3074 animata,
828 3006 1074 3063 Salvator
1104 3006 1310 3062 mundi.

1224 3098 1476 3150 Collectio.

618 3183 763 3239 Bone
794 3181 1087 3239 Redemtor
1114 3190 1317 3250 noster,
1350 3181 1598 3252 Domine,
1627 3183 1717 3254 qui
1748 3186 2009 3240 mansueti
2029 3184 2143 3238 ani-

546 3275 703 3329 malis
728 3274 878 3330 aselli
912 3282 1059 3345 terga
1090 3274 1380 3342 insedens,
1408 3274 1474 3329 ad
1518 3276 1827 3345 passionem
1860 3275 2147 3330 redemtio-

551 3369 633 3424 nis
680 3377 879 3423 nostra:
947 3377 1279 3438 spontaneus
1350 3369 1821 3441 adpropinquans,
1880 3385 2000 3424 cum
2050 3368 2146 3423 tibi

547 3463 710 3518 ramis
737 3460 987 3517 arborum
1032 3463 1282 3519 certatim
1315 3463 1575 3518 sternitur
1606 3463 1730 3524 viaz,
1760 3472 1814 3518 et
1846 3462 2147 3533 triumpha-

546 3555 764 3612 tricibus
796 3555 984 3623 palmis
1016 3571 1136 3611 cum
1166 3570 1301 3611 voce
1341 3554 1529 3611 laudes
1559 3563 1884 3610 occurrunt:
1927 3562 2144 3625 prmsta,

554 3664 883 3718 quaesumus,
914 3647 1247 3718 Maiestatem
1274 3658 1414 3703 tuam
1436 3689 1451 3716 ,
1484 3657 1540 3703 ut
1561 3649 1695 3701 sicut
1729 3647 1803 3702 illi
1826 3649 1877 3702 in
1911 3657 1997 3701 tua
2030 3647 2145 3702 lue-

547 3747 668 3791 runt
697 3738 907 3793 obviam
937 3752 1058 3792 cum
1090 3738 1332 3795 arboreis
1362 3740 1585 3809 virgulis
1616 3738 1850 3809 egressi,
1875 3739 1945 3793 ita
1977 3753 2073 3793 nos
2095 3748 2149 3795 te

548 3828 807 3883 redeunte
840 3829 892 3882 in
936 3829 1174 3884 secundo
1215 3831 1451 3889 adventu
1508 3847 1629 3886 eum
1660 3832 1853 3901 palmis
1901 3832 2147 3888 vietoria:

551 3935 862 3976 mereamur
889 3936 1175 3977 occurrere
1206 3922 1334 3976 laeti.

1175 4013 1290 4063 Post
1315 4017 1518 4064 nomina,

625 4098 787 4167 Ecce,
816 4100 1059 4166 Domine,
1087 4100 1155 4156 de
1184 4111 1234 4156 te
1263 4102 1478 4172 Caiphae
1504 4102 1771 4171 pontiﬁcis
1802 4103 2141 4173 vaticinium,

552 4195 803 4264 ignarum
849 4192 955 4248 sibi
1000 4192 1130 4262 ipsi,
1162 4194 1214 4248 in
1252 4194 1466 4263 populis
1495 4204 1579 4250 est
1607 4196 1894 4262 prolatum,
1931 4206 1987 4250 ut
2008 4212 2148 4252 unus

552 4284 899 4340 occumberes
926 4299 1023 4355 pro
1052 4293 1213 4355 gente
1236 4326 1252 4353 ,
1303 4302 1368 4340 ne
1400 4288 1578 4340 cuncti
1615 4289 1815 4357 pariter
1846 4288 2145 4345 interirent.

550 4377 619 4434 Et
663 4388 718 4434 tu
768 4379 1035 4449 singulare
1076 4395 1300 4451 granum
1346 4381 1399 4434 in
1435 4390 1575 4434 terra
1610 4383 1867 4448 moreris,
1911 4391 1963 4435 ut
1994 4395 2150 4452 seges

550 4473 783 4544 plurima
815 4482 1157 4529 nasceretur:
1191 4473 1468 4543 supplices
1495 4473 1587 4527 tibi
1617 4473 1716 4542 ipsi
1748 4475 1835 4543 qui
1870 4490 1966 4543 pro
1993 4488 2150 4527 mun-

552 4566 606 4621 di
635 4566 806 4621 salute
834 4579 895 4621 es
922 4565 1098 4621 hostia
1150 4580 1324 4621 caesus
1352 4564 1734 4632 deprecamur,
1779 4574 1837 4619 ut
1880 4564 2035 4620 nobis
2080 4563 2149 4620 de

553 4659 674 4731 ipso
692 4660 908 4716 veniam
934 4659 1104 4715 dones
1132 4658 1182 4713 δ.

1213 4750 1284 4801 Ad
1308 4763 1495 4814 pacem.

630 4838 1015 4895 Universorum
1045 4838 1163 4908 ipse
1184 4835 1497 4891 Dominator
1514 4835 1603 4906 qui
1620 4837 2152 4903 conditor,creatnrae

563 4944 667 4986 tuae
702 4930 1028 5000 praestabilis
1074 4938 1301 4992 amator,
1350 4927 1502 4997 cujus
1550 4928 1712 4984 Maria
1765 4932 1931 5000 pedes
1958 4931 2151 4999 abluit,

557 5034 677 5075 cum
720 5031 828 5089 quo
874 5016 1147 5073 redivivus
1191 5016 1424 5071 Lazarus
1463 5018 1745 5085 accubuit;
1788 5020 2036 5075 ministra
2094 5022 2152 5076 in

558 5128 657 5168 nos
691 5110 810 5166 illas
840 5108 1084 5163 lacrimas
1110 5150 1126 5177 ,
1169 5125 1300 5180 quas
1343 5108 1508 5163 Maria
1550 5108 1618 5165 de
1660 5111 1827 5166 multa
1858 5111 2147 5168 dilectione

552 5204 800 5277 protulit.
847 5202 1107 5274 Fragrare
1152 5201 1313 5256 facito
1348 5212 1587 5259 nostram
1633 5203 1967 5271 orationem,
2008 5203 2151 5259 sicut

568 5306 897 5368 unguentum
944 5297 1194 5367 pisticum
1248 5296 1415 5351 sacris
1454 5296 1654 5367 plantis
1691 5297 1922 5352 infusum
1969 5295 2151 5351 Mariae

564 5388 851 5459 fragravit:
900 5398 956 5443 ut
990 5402 1111 5444 eam
1150 5401 1338 5457 pacem
1381 5402 1780 5459 consequamur
1829 5387 1880 5442 in
1911 5397 2149 5457 pectore,

567 5497 726 5552 quam
774 5494 1016 5540 assecuta
1049 5492 1129 5539 est
1161 5483 1327 5539 Maria
1373 5484 1455 5539 sui
1497 5484 1748 5539 osculans
1780 5482 2155 5554 Redemptoris

568 5573 811 5645 vestigia.

646 5700 671 5729 ι
711 5691 911 5764 Eadem
932 5693 1092 5749 missa
1118 5694 1311 5764 legitur
1338 5694 1389 5748 in
1431 5691 1624 5749 Missali
1651 5690 1909 5759 Gothico,
1955 5708 2005 5761 p.
2044 5689 2154 5746 255

572 5762 926 5835 librornmde
956 5765 1159 5835 Liturg.
1179 5762 1340 5823 'Gall.

645 5838 671 5873 δ
709 5834 972 5893 Prolixior
1018 5833 1133 5890 haec
1169 5835 1415 5892 collectio
1454 5834 1508 5891 in
1538 5833 1733 5894 Missae
1789 5833 2012 5893 Gothico
2035 5873 2051 5903 ,
2086 5847 2145 5905 ι).

1337 322 1678 381 ΑΡΡΕΝΒΙΧ
1714 324 1808 380 AD
1851 321 2081 379 OPERA
2122 321 2180 381 S.
2212 320 2525 381 GERMANI
2562 316 3005 379 PARISIENSIS.

531 435 644 491 bat.
676 434 817 490 Dixit
836 449 965 505 ergo
992 434 1247 491 Dominus
1275 434 1464 491 Jesus:
1494 435 1625 493 Sine
1652 437 1798 491 illam
1819 479 1835 503 ,
1870 445 1928 491 ut
1946 436 2003 491 ia
2031 437 2119 493 die
2144 444 2197 504 Α

2865 429 3188 482 (ἱουιοειιιίο.

2291 519 2431 577 Vere
2456 519 2679 590 dignum
2707 528 2764 574 et
2788 518 2994 589 justum
3020 526 3127 583 est,
3149 513 3497 583 omnipotens
3527 511 3684 570 Dom
3706 552 3725 579 ,
3765 512 3835 566 ab

2220 614 2366 669 omni
2411 628 2540 668 sexu
2566 652 2580 679 ,
2641 619 2824 676 aetate,
2870 619 2926 667 et
2960 624 3125 666 sensu
3171 609 3355 666 dicere
3384 606 3606 664 laudem
3635 606 3693 662 in
3731 604 3835 661 hac

2222 707 2308 762 die
2355 705 2545 775 jejunii
2596 713 2653 759 et
2701 704 2873 759 laudis
2905 714 3009 760 tua
3040 703 3347 773 triumphali
3373 700 3676 770 praeconio,
3727 713 3836 768 quo

2224 800 2291 854 ab
2321 797 2709 869 Hierosolymis
2752 808 2807 854 et
2858 796 3115 853 Bethania
3150 800 3510 855 occurrerunt
3534 793 3639 849 tibi
3665 790 3835 863 pleri.

2225 905 2327 946 tum
2356 890 2671 957 populorum
2722 899 2987 953 caterva,
3038 904 3142 945 una
3188 901 3324 945 voce
3364 894 3820 957 perstrepentis:

2224 983 2438 1039 Osanna
2469 983 2577 1038 tilio
2612 982 2815 1048 David,
2872 981 3191 1039 benedictus
3219 983 3309 1052 qui
3343 981 3492 1037 venit
3520 980 3577 1036 in
3608 978 3834 1035 nomine

2226 1070 2458 1129 Domini.
2492 1074 2608 1129 Tibi
2641 1075 2784 1129 enim
2831 1088 2953 1129 cum
2986 1073 3166 1143 lingua
3194 1088 3347 1129 coma
3390 1070 3625 1127 servivit
3672 1070 3831 1126 arbo-

2227 1182 2342 1230 rea,
2371 1180 2491 1221 cum
2513 1180 2741 1222 arenosa
2770 1164 2969 1221 itinera
2992 1164 3157 1221 rantis
3188 1165 3466 1220 viruerunt
3494 1161 3830 1229 composita.

2228 1256 2407 1314 Plebis
2428 1272 2641 1325 quoque
2670 1255 3040 1314 indumentum
3073 1258 3177 1311 tuis
3210 1254 3410 1325 plantis
3439 1252 3827 1322 prosternitur,

2231 1349 2552 1416 nudatisque
2598 1347 2727 1403 viris
2768 1348 2853 1403 via
2882 1347 3147 1403 vestitur:
3185 1344 3387 1403 Victori
3422 1359 3570 1401 novo
3602 1342 3837 1413 populus

2231 1450 2451 1508 praestat
2501 1439 2851 1510 triumphum.
2915 1439 3099 1508 Surgit
3148 1445 3291 1491 totus
3335 1436 3544 1492 clamor
3566 1436 3623 1489 in
3665 1433 3840 1500 laude,

2231 1548 2395 1589 voces
2424 1532 2773 1589 clamantium
2805 1538 3090 1599 penetrant
3119 1529 3398 1599 templum,
3426 1528 3678 1583 dicentes
3706 1542 3722 1579 :
3757 1526 3842 1579 Be

2233 1628 2479 1683 nedictus
2520 1626 2613 1697 qui
2639 1626 2787 1683 venit
2816 1625 2872 1681 in
2902 1624 3125 1681 nomine
3161 1622 3398 1678 Domini.
3445 1620 3610 1683 Ecce,
3652 1617 3844 1674 Hieru-

2233 1721 2401 1778 salem
2429 1762 2443 1788 ,
2477 1720 2706 1790 qualiter
2756 1719 2852 1776 tibi
2903 1718 3017 1776 Rex
3050 1726 3172 1773 tuus
3202 1716 3398 1773 sedens
3436 1730 3601 1785 super
3631 1714 3841 1766 asinum

2159 1824 2550 1903 Bmansuetus
2598 1812 2838 1870 advenit.
2888 1810 3096 1867 Adveni
3138 1824 3287 1881 ergo,
3346 1822 3640 1878 rogamus,
3701 1817 3757 1862 et
3794 1808 3844 1860 in

2240 1906 2418 1962 medio
2465 1907 2632 1961 nostri
2680 1905 2879 1961 adsiste
2901 1943 2917 1969 ,
2966 1912 3019 1959 et
3045 1902 3135 1974 qui
3164 1917 3261 1958 nos
3290 1911 3416 1957 tunc
3446 1899 3721 1970 reparasti
3752 1913 3842 1969 per

2240 2014 2455 2055 crucem
2501 2014 2596 2069 per
2636 1998 2796 2053 istum
2836 2012 3153 2074 ιιμοιλτωι
3176 2011 3353 2051 ΡΔΝΕΙΙ
3386 2004 3408 2034 ε
3442 2008 3510 2049 E‘l'
3544 2007 3849 2048 SANGUINII

2246 2088 2437 2145 iterum
2465 2090 2645 2160 lapsos
2675 2103 2903 2159 repara;
2948 2099 3005 2144 ut
3033 2097 3086 2143 te
3114 2086 3364 2143 advenire
3403 2087 3459 2141 in
3488 2086 3707 2141 nostris
3739 2100 3851 2139 cor-

2243 2183 2398 2237 dibus
2445 2184 2774 2251 sentientes,
2827 2196 3080 2238 exeamus
3112 2180 3322 2238 obviam
3348 2179 3475 2245 tibi,
3504 2190 3563 2235 et
3592 2192 3732 2235 cum
3765 2193 3851 2232 suo

2245 2275 2423 2346 pernis
2454 2274 2556 2331 illis
2593 2273 2877 2331 virtutibus
2908 2276 3202 2330 clamemus
3232 2272 3511 2329 dicentes:
3565 2272 3841 2329 Saserna.

2728 2381 2878 2423 ιιιεεΑ
2909 2382 2963 2423 IN
2991 2381 3143 2423 CENA
3172 2380 3376 2423 DOIINI.

2321 2456 2538 2523 Epistola
2564 2456 2704 2509 Pauli
2727 2458 2931 2522 apostoli
2956 2459 3013 2507 ad
3038 2458 3312 2509 Corinthios
3338 2458 3389 2507 in
3412 2468 3551 2507 catos
3578 2454 3787 2506 Domini

2931 2529 3161 2592 legenda.

2316 2637 2537 2693 Fratres
2564 2677 2578 2700 ,
2612 2632 3053 2691 convenientibus
3090 2633 3244 2690 vobis
3272 2634 3324 2688 in
3358 2648 3522 2687 unum
3550 2674 3566 2700 ,
3591 2630 3715 2700 jam
3752 2647 3857 2686 non

2245 2738 2330 2785 est
2353 2728 2687 2785 Dominicam
2717 2741 2921 2783 caenam
2950 2726 3293 2787 manducare.
3322 2726 3696 2796 unusquisque
3713 2727 3860 2781 en‘m

2250 2838 2402 2879 suam
2435 2836 2637 2877 caenam
2682 2820 2959 2893 praesumit
3002 2820 3067 2874 ad
3111 2817 3575 2882 manducandum,
3622 2828 3679 2872 et
3724 2818 3859 2874 alius

2248 2916 2464 2986 quidem
2491 2913 2696 2983 esurit,
2728 2913 2864 2968 alios
2893 2920 3070 2967 autem
3100 2911 3278 2967 ebrius
3305 2921 3407 2966 est.
3456 2909 3733 2979 Numquid
3765 2908 3860 2963 do-

2250 3020 2369 3061 mus
2419 3019 2527 3060 non
2575 3003 2785 3060 habetis
2832 3002 2898 3058 ad
2946 3002 3370 3058 manducandum
3404 3013 3456 3057 et
3502 2999 3854 3057 bibendum?

2250 3100 2355 3152 Aut
2416 3096 2700 3151 ecclesiam
2755 3094 2849 3151 Dei
2884 3095 3229 3150 contemnitis
3256 3136 3271 3162 ,
3311 3104 3363 3148 et
3400 3093 3734 3148 confunditis
3766 3109 3862 3150 eos

2202 3239 2221 3267 ,
2251 3187 2341 3257 qui
2373 3202 2478 3241 non
2523 3186 2760 3242 habent?
2811 3186 2947 3255 Quid
2988 3185 3161 3243 dicam
3196 3186 3382 3242 vobis?
3409 3184 3589 3241 Laudo
3619 3186 3761 3238 vos?
3798 3185 3853 3241 In

2260 3276 2365 3333 hoc
2390 3294 2494 3334 non
2526 3278 2703 3335 laudo.
2739 3279 2851 3349 Ego
2877 3280 3022 3335 enim
3058 3279 3237 3350 accepi
3266 3293 3296 3333 a
3320 3277 3545 3333 Domino
3566 3319 3581 3344 ,
3619 3278 3775 3349 quod
3806 3288 3861 3335 et

2258 3372 2455 3428 tradidi
2483 3372 2635 3428 vobis
2665 3391 2678 3426 :
2711 3373 2963 3443 quoniam
2985 3372 3240 3428 Dominus
3267 3372 3444 3438 Jesus,
3476 3372 3527 3427 in
3559 3386 3662 3441 qua
3694 3381 3863 3430 nocte

2259 3463 2590 3528 tradebatur,
2622 3464 2828 3532 accepit
2862 3478 3078 3534 panem,
3111 3475 3165 3520 et
3193 3464 3391 3535 gratias
3419 3478 3581 3533 agens
3616 3464 3779 3534 [regit
3806 3471 3862 3519 et

2256 3558 2432 3613 dixit:
2486 3558 2597 3613 Hoc
2645 3568 2729 3614 est
2769 3573 2964 3628 corpus
2994 3573 3171 3613 meum
3203 3572 3300 3629 pro
3332 3558 3525 3614 vobis:
3559 3556 3657 3611 hoc
3691 3555 3861 3613 facito

2253 3652 2308 3705 in
2352 3666 2525 3707 meam
2572 3651 3163 3707 commemorationem.
3219 3650 3476 3706 Similiter
3504 3659 3556 3706 et
3598 3650 3857 3726 caiicem,

2256 3751 2539 3812 postquam
2580 3743 2842 3809 emnavit,
2887 3741 3112 3797 dicens:
3147 3740 3245 3797 Hie
3281 3742 3414 3795 calix
3447 3756 3640 3793 novum
3685 3750 3860 3795 testa-

2257 3843 2493 3888 mentmn
2537 3841 2620 3888 est
2668 3832 2722 3887 in
2767 3847 2889 3888 meo
2916 3835 3206 3904 sanguine:
3256 3831 3357 3887 hoc
3386 3829 3546 3886 facile
3574 3832 3859 3900 quotiens-

2253 3937 2481 3993 cumque
2512 3922 2710 3977 bibetis
2748 3923 2800 3977 in
2842 3938 3017 3979 meam
3061 3925 3653 3979 commemorationem.
3701 3922 3857 3988 Quo-

2254 4014 2627 4083 tienscumque
2658 4017 2807 4071 enim
2841 4014 3227 4071 manducabitis
3257 4031 3449 4087 panem
3474 4016 3619 4071 hunc
3639 4060 3654 4083 ,
3680 4029 3733 4071 et
3768 4032 3857 4071 ca-

2256 4106 2417 4161 licem
2460 4105 2656 4161 bibetis
2683 4149 2695 4169 ,
2745 4116 2972 4161 mortem
3016 4107 3227 4162 Domini
3255 4106 3655 4162 adnunciabitis
3678 4107 3859 4164 donec

2254 4198 2456 4262 veniat,
2490 4197 2542 4250 in
2574 4194 2813 4252 Christo.

2410 4288 2582 4338 Lectio
2605 4292 2758 4338 sancti
2782 4287 3036 4353 Evangelii
3062 4288 3334 4341 secundum
3356 4289 3637 4341 Mattbasum
3666 4292 3708 4339 τ.

2325 4368 2561 4438 Vespere
2587 4379 2765 4425 autem
2792 4369 2966 4439 facto,
2997 4371 3375 4427 discumbebat
3407 4371 3670 4427 Dominus
3698 4371 3858 4427 Jesus

2254 4460 2677 4529 cumjduodecim
2690 4460 3049 4533 discipulis,et
3067 4464 3352 4519 edentibus
3373 4464 3474 4519 illis
3493 4463 3633 4519 dixit
3654 4464 3859 4521 :Amen

2255 4553 2383 4610 dico
2408 4554 2581 4623 vobis,
2613 4555 2733 4625 quia
2766 4570 2903 4611 unus
2933 4566 3171 4612 vestrum
3197 4573 3284 4612 me
3316 4556 3609 4612 traditurus
3639 4566 3747 4612 est.
3789 4555 3860 4612 Et

2176 4632 2236 4697 Ι)
2258 4645 2558 4702 contristati
2589 4645 2747 4702 valde
2783 4654 3066 4717 coeperunt
3108 4643 3302 4719 sin'guli
3328 4645 3548 4703 dicere:
3580 4645 3859 4716 Numquid

2258 4750 2359 4807 ego
2385 4752 2538 4805 sum,
2586 4738 2846 4794 Domine?
2896 4743 2966 4795 At
2993 4740 3108 4810 ipse
3135 4738 3471 4810 respondens
3494 4740 3613 4794 ait:
3644 4740 3753 4806 Qui
3784 4742 3860 4795 in-

2260 4829 2454 4898 tinguit
2484 4844 2692 4886 mecum
2724 4845 2939 4886 manum
2972 4833 3024 4886 in
3057 4830 3339 4902 parapside
3360 4873 3375 4897 ,
3426 4829 3515 4885 hic
3542 4845 3628 4886 me
3660 4835 3859 4886 tradet.

2260 4922 2427 4980 Filius
2472 4924 2685 4994 quidem
2731 4925 2963 4979 hominis
2993 4925 3138 4980 vadit
3170 4968 3183 4992 ,
3218 4926 3357 4980 sicut
3386 4924 3648 4993 scriptum
3685 4932 3771 4979 est
3793 4922 3856 4979 de

2259 5015 2378 5069 illo:
2412 5029 2492 5068 va:
2520 5024 2698 5069 autem
2729 5014 2935 5070 homini
2966 5015 3040 5070 illi
3060 5056 3074 5082 ,
3105 5030 3200 5083 per
3225 5029 3383 5086 quem
3414 5006 3591 5067 Filius
3622 5014 3855 5069 hominis

2259 5109 2502 5165 traditur.
2573 5107 2778 5163 Bonum
2820 5119 2935 5164 erat
2976 5110 3023 5164 ei
3072 5109 3119 5164 si
3167 5118 3324 5163 natus
3349 5123 3452 5161 non
3484 5105 3672 5161 luisset
3697 5107 3856 5163 bam]

2260 5204 2376 5261 ille.
2417 5202 2766 5272 Bespondens
2809 5212 2986 5259 autem
3030 5202 3196 5259 Judas
3245 5203 3335 5272 qui
3370 5200 3592 5257 tradidit
3619 5214 3750 5255 eum
3783 5196 3857 5250 il;-

2263 5296 2375 5348 xit:
2410 5294 2677 5363 Numquid
2727 5309 2828 5366 ego
2877 5310 2995 5350 sum
3025 5295 3232 5351 Babbi?
3274 5294 3364 5349 Ait
3392 5293 3467 5349 illi
3491 5293 3749 5347 dominus
3773 5292 3859 5346 .ie-

2263 5402 2392 5441 sus:
2438 5385 2518 5441 Tu
2567 5386 2770 5442 dixisti.
2799 5388 2838 5460 -ι-
2877 5388 3217 5445 Οεηοηιίδυε
3267 5398 3444 5445 autem
3493 5389 3605 5453 eis,
3646 5385 3859 5453 accepit

2264 5478 2422 5536 Jesus
2452 5491 2670 5549 panem,
2701 5489 2755 5535 et
2782 5480 3055 5537 benedixit
3088 5496 3153 5537 ac
3182 5481 3367 5550 fregit;
3401 5480 3549 5536 dedit
3576 5477 3856 5550 discipulis

2269 5575 2383 5629 suis
2427 5582 2483 5629 et
2519 5576 2627 5629 ait:
2660 5575 2900 5645 Accipite
2936 5584 2990 5632 et
3027 5575 3294 5632 eomedite
3326 5592 3339 5628 :
3375 5573 3486 5631 Hoc
3529 5584 3616 5631 est
3660 5585 3856 5644 corpus

2261 5690 2385 5746 255.

2336 5772 2357 5798 ο
2399 5763 2635 5821 Observa
2690 5763 2779 5836 hic
2824 5780 3011 5836 panem
3057 5763 3199 5836 sumi
3245 5777 3343 5832 pro
3378 5774 3611 5831 corpore
3645 5756 3851 5818 Christi

2259 5832 2490 5893 Domini.
2523 5852 2642 5891 cum
2676 5832 2984 5906 infra‘legas
3012 5834 3336 5902 sanguinem.
