4060 6346
366 298 477 359 493
804 311 1438 388 SACRAMENTARIUM
1475 334 1858 398 GALLICANE

1964 345 2432 415 —1.ECTIONES
2471 359 2560 418 DE
2601 366 2926 433 ADVENTU
2967 380 3215 440 DOMINI.

361 429 568 478 meum.
629 420 701 480 Et
740 429 1010 498 accipiens
1053 438 1273 497 calicem
1322 450 1523 516 gratias
1564 462 1694 524 egit,
1723 469 1775 514 et
1804 463 1953 520 dedit
1981 461 2034 522 Α
2055 463 2180 520 dum
2211 471 2457 541 moritur,
2487 483 2663 537 omnia
2689 499 3037 552 ευττεχθτυηι

361 506 468 552 illis
497 508 682 552 dit-nn:
710 533 725 547 ο
755 517 923 552 nam...
968 539 1030 552 ..-
1065 544 1121 552 ..-
1156 547 1265 552 ,μη
1287 550 1299 552 _
1416 542 1476 552 ...

1575 506 1694 524 νο-τ,
1726 506 1775 514 ν-
1806 506 1953 520 ..ιη-.-
1981 506 2034 522 ...
2058 506 2179 520 ...-...
2211 506 2425 527 ...uusur
2444 519 2457 541 ,
2487 506 2663 537 villula
2689 506 2836 546 surre

358 506 468 562 illis
497 508 682 570 dicens
710 533 725 570 :
753 517 923 580 Bibite
965 539 1032 582 ex
1060 544 1126 584 eo
1149 547 1356 592 omnes.
1414 542 1512 598 Hic
1539 556 1622 601 est
1647 553 1788 607 enim
1819 570 1941 611 san-
2052 565 2180 625 lem,
2210 577 2369 631 quem
2401 566 2619 628 laudant
2647 583 2836 648 angeli.

358 604 479 648 imis
509 621 658 648 mpm
688 615 812 648 ιιαυῖ
833 617 1157 648 φωνὴ-.-.ηις
1221 647 1227 648 ,
1252 647 1255 648 ,
1287 634 1298 643 -
1544 642 1554 648 .
1586 643 1596 648 -
1699 645 1728 648 _-

353 604 479 673 guis
507 621 659 666 meus
687 615 812 670 novi
833 617 1180 692 Testamenti,
1210 634 1298 700 qui
1327 649 1422 702 pro
1448 642 1627 696 multis
1653 604 1941 708 effunditur

1228 692 1239 700 ν
1329 692 1342 702 _
1512 692 1624 696 _____
1657 692 1931 708 ---..-.....
2456 692 2574 732 Item
2598 692 2894 747 Contestatio
2918 701 3092 752 eodem
3113 705 3214 760 die.

355 692 413 748 Ῑιι
449 699 822 762 ΐθηιίεείοηθω
855 724 1212 776 Ρεωθιοΐυωο
1266 723 1394 782 Dico
1422 740 1598 788 δυιθηι
1626 739 1797 805 "bis,
1831 758 1936 800 non
2111 772 2249 831 Vere
2277 779 2491 849 dignum
2524 797 2576 842 et
2595 789 2798 860 justum
2827 811 2930 868 est,
2958 807 3294 879 oniuipoteus
3318 815 3456 876 Deus
3475 861 3490 885 ,
3533 838 3630 892 per

355 783 532 844 bibam
581 796 776 852 amodo
822 801 890 860 de
927 805 1029 862 hoc
1063 813 1332 877 genimine
1369 821 1492 876 vitis
1517 840 1684 892 usque
1708 831 1758 885 in
1790 833 1932 892 diem
2037 862 2304 892 m...:-...-_
2341 873 2404 892 ιν
2437 891 2440 892 ν
2478 877 2492 889 ο

349 783 532 844 bibam
581 796 776 852 amodo
822 801 890 860 de
927 805 1029 862 hoc
1063 813 1332 877 genimine
1369 783 1684 896 vitisusque
1708 831 1758 885 in
2037 862 2077 915 ε

349 874 499 915 in"...
577 897 697 915 .......
745 890 870 915 mm.
901 893 1008 915 ιιι,
1326 909 1338 915 -

2917 864 2928 868 -
3106 864 3120 879 ι
3207 864 3222 866 ~
3267 864 3290 869 —
3318 864 3490 885 -ν-οιιν
3533 864 3620 892 ννι

1064 864 1124 877 ν-
1381 864 1492 876 --··ε’
1517 864 1683 896 υσιιυσ
1709 864 1758 885 '"
1790 864 1932 892 υιοπι
2037 864 2306 923 Christum
2340 873 2619 935 Dominum
2665 899 2928 946 nostrum.
2963 897 3113 963 Quod
3147 918 3241 969 pro
3268 911 3465 966 nostris
3496 929 3623 982 pec-

349 874 500 934 illum
530 923 544 946 ,
577 897 698 943 cum
744 890 871 946 illud
897 893 1073 953 bibam
1101 917 1294 960 novum
1323 909 1376 964 in
1404 927 1571 982 regno
1601 919 1775 980 Patris
1803 930 1928 982 mei.
2035 957 2163 982 Mn-
2199 961 2318 982 ωε-
2460 979 2468 982 Α
2763 981 2774 982 ί

345 875 500 934 illum
530 923 544 946 ,
577 897 698 943 cum
744 890 871 946 illud
897 875 1086 953 ὺίὺειηί
1101 917 1294 960 novum
1323 909 1376 964 in
1404 927 1571 985 regno
1597 875 1775 980 Patris
1803 941 1858 980 mi

345 965 415 1020 Et
438 969 636 1040 hymno
661 977 807 1036 dicto
832 986 1077 1045 exierunt
1119 993 1172 1048 in
1205 1009 1438 1057 montem
1467 1006 1675 1065 Oliveti.
1709 1013 1753 1073 +
1779 1017 1856 1073 Tn

2037 875 2306 923 Christum
2340 875 2619 935 Dominum
2665 899 2928 946 nostrum.
2963 897 3113 963 Quod
3147 918 3241 969 pro
3268 911 3465 966 nostris
3496 929 3621 982 pec-

2033 957 2165 1012 catis
2199 961 2320 1018 talis
2369 982 2431 1024 ac
2457 979 2633 1029 tantus
2661 981 2886 1040 traditus
2915 1000 3027 1050 est.
3061 995 3150 1062 qui
3196 1010 3315 1052 cum
3344 1003 3463 1058 sine
3496 1023 3621 1073 pec-

341 965 415 1020 Ει
438 969 636 1040 hymno
661 977 807 1036 dicto
832 986 1077 1045 exierunt
1119 993 1172 1048 in
1205 1009 1438 1057 montem
1467 965 1675 1065 Dliveti.
1709 1013 1753 1086 Ἰ·
1779 1017 1856 1074 Tn

341 1058 481 1117 dicit
508 1063 613 1121 illis
641 1067 899 1132 Dominus
921 1077 1076 1136 Jesus
1109 1102 1123 1138 :
1153 1100 1342 1146 omnes
1366 1110 1463 1151 vos
1488 1103 1798 1162 scandalum
1831 1125 1858 1166 ι]

2033 965 2165 1012 catis
2199 965 2320 1018 talis
2369 982 2431 1024 ac
2457 979 2633 1029 tantus
2661 981 2886 1040 traditus
2915 1000 3027 1050 est.
3061 995 3150 1062 qui
3196 1010 3315 1052 cum
3344 1003 3463 1058 sine
3496 1023 3618 1073 pec-

2031 1058 2150 1104 cato
2175 1065 2351 1123 esset,
2396 1076 2425 1115 a
2460 1073 2510 1118 te
2541 1081 2636 1135 pro
2664 1080 3034 1142 peccatoribus
3066 1087 3287 1145 traditus
3316 1103 3418 1161 est,
3441 1096 3618 1166 justus

1480 1058 1498 1061 _
1723 1058 1737 1086 ,
1788 1058 1855 1074 ...

339 1058 481 1117 dicit
508 1063 613 1121 illis
641 1067 899 1132 Dominus
921 1077 1076 1136 Jesus
1109 1102 1123 1138 :
1153 1100 1342 1146 omnes
1366 1110 1463 1151 vos
1488 1103 1798 1162 scandalum
1831 1125 1858 1179 p

340 1152 553 1212 tiemini
581 1159 634 1214 in
659 1177 746 1218 me
769 1165 820 1221 in
853 1167 950 1224 ista
984 1184 1158 1231 nocte.
1191 1178 1459 1253 Scriptum
1489 1201 1572 1247 est
1593 1195 1734 1251 enim
1755 1241 1770 1258 ,
1795 1199 1858 1257 Pe

2031 1058 2150 1104 cato
2175 1065 2351 1123 esset,
2396 1076 2425 1115 a
2460 1073 2510 1118 te
2541 1081 2636 1135 pro
2664 1080 3034 1142 peccatoribus
3066 1087 3287 1145 traditus
3316 1103 3418 1161 est,
3441 1096 3617 1166 justus

2030 1155 2126 1207 pro
2165 1144 2374 1215 injustis
2395 1191 2409 1214 ,
2458 1156 2572 1223 plus
2603 1177 2698 1228 pro
2729 1166 2935 1236 impiis;
2969 1185 3022 1228 et
3050 1191 3169 1234 cum
3211 1186 3389 1240 omnia
3419 1192 3617 1258 sciret,

2027 1237 2134 1258 ﬂ-"
2175 1250 2194 1258 -ν
2356 1247 2368 1258 ⁸
2471 1253 2500 1258 ⁸⁸
2526 1253 2538 1258 ⁸

1695 1158 1797 1162 κ-ή-
1833 1158 1858 1179 τ

340 1158 553 1212 ttemini
581 1159 634 1214 in
659 1177 746 1218 me
769 1165 820 1221 in
853 1167 950 1224 ista
984 1184 1158 1231 nocte.
1191 1178 1459 1253 Scriptum
1489 1201 1572 1247 est
1593 1195 1734 1251 enim
1755 1241 1770 1264 ,
1795 1199 1858 1257 Pe

340 1244 536 1300 entiam
562 1247 863 1321 Pastorem,
893 1270 946 1317 et
966 1263 1341 1339 dispergentur
1365 1293 1498 1336 oves
1519 1288 1712 1350 gregis.
1771 1291 1858 1349 Po:

2030 1158 2126 1207 pro
2165 1158 2374 1215 injustis
2395 1191 2409 1214 ,
2458 1158 2572 1223 plus
2603 1177 2698 1228 pro
2729 1166 2935 1236 impiis;
2969 1185 3022 1228 et
3050 1191 3169 1234 cum
3211 1186 3389 1240 omnia
3419 1192 3613 1258 sciret,

2027 1237 2585 1308 Deurtr-nescientibits
2610 1258 2686 1313 sic
2715 1276 2774 1316 se
2804 1267 3061 1334 subdidit,
3099 1284 3151 1328 ut
3180 1292 3279 1331 nos
3309 1279 3524 1350 ignaros
3546 1288 3613 1343 ad

334 1247 536 1300 entiam
562 1247 863 1321 Pastorem,
893 1270 946 1317 et
966 1263 1341 1339 dispergentur
1365 1293 1498 1336 oves
1519 1288 1712 1357 gregis.
1771 1291 1858 1349 Po:

334 1349 491 1404 quam
522 1351 698 1399 autem
728 1361 1096 1424 resurresero,
1123 1367 1418 1430 praecedam
1447 1388 1541 1429 vos
1570 1378 1622 1432 in
1676 1379 1858 1440 Galilaa

2027 1247 2585 1308 Deum-nescientibits
2610 1258 2686 1313 sic
2715 1276 2774 1316 se
2804 1267 3061 1334 subdidit,
3099 1284 3151 1328 ut
3180 1292 3279 1331 nos
3309 1279 3524 1350 ignaros
3546 1288 3613 1343 ad

2023 1332 2345 1399 agnitionem
2398 1345 2639 1402 veritatis
2689 1354 2756 1407 de
2780 1353 2896 1412 fere
2929 1360 3110 1418 ultima
3133 1407 3145 1429 ,
3190 1369 3240 1421 iu
3273 1386 3371 1440 qua
3399 1375 3616 1442 jaceba-

329 1349 491 1404 quam
522 1351 698 1399 autem
728 1361 1096 1424 resurresero,
1123 1367 1418 1430 praecedam
1447 1349 1542 1429 vos
1570 1349 1642 1432 inv
1676 1379 1858 1440 Galilaa

329 1425 686 1504 Respondens
734 1450 912 1499 autem
967 1447 1196 1521 Petrus,
1254 1460 1328 1515 ait
1379 1461 1498 1520 illi:
1559 1469 1672 1526 Etsi
1726 1491 1858 1530 0mm

2023 1349 2345 1399 agnitionem
2398 1349 2639 1402 veritatis
2689 1354 2756 1407 de
2780 1353 2896 1412 fere
2929 1360 3145 1429 ultima,
3190 1369 3240 1421 iu
3273 1349 3371 1440 qua
3399 1375 3612 1442 jaceba-

2021 1437 2176 1490 mus,
2227 1431 2480 1502 erigeret.
2535 1440 2578 1494 Ο
2617 1444 2900 1504 infelicitas
2949 1454 3136 1513 Judae!
3188 1467 3410 1532 cupidus
3447 1486 3612 1540 super

327 1425 686 1504 Respondeas
734 1450 912 1499 autem
967 1425 1196 1521 Petrus,
1254 1460 1328 1515 ait
1379 1461 1498 1520 illi:
1559 1469 1672 1526 Etsi
1726 1491 1858 1530 0mm

327 1522 676 1583 scandalizati
717 1531 912 1592 fuerint
940 1540 994 1594 in
1028 1551 1110 1610 te,
1138 1561 1238 1616 ego
1264 1567 1551 1622 numquam
1581 1567 1858 1622 scandaliz:

2021 1437 2176 1490 mus,
2227 1431 2480 1502 erigeret.
2535 1440 2578 1494 Ο
2617 1444 2900 1504 infelicitas
2949 1454 3136 1513 Judae!
3188 1467 3410 1532 cupidus
3447 1486 3606 1540 super

2017 1530 2182 1584 parvo
2213 1538 2432 1584 munere
2466 1534 2682 1591 tradidit
2722 1544 2959 1601 omnium
2991 1549 3264 1612 hominum
3295 1576 3606 1622 remunera-

323 1522 676 1583 scandalizati
717 1531 912 1592 fuerint
940 1540 994 1594 in
1028 1551 1110 1610 te,
1138 1561 1238 1616 ego
1264 1522 1858 1626 ttumqnamgiidaliz:

323 1611 443 1667 bor.
495 1616 584 1671 Ait
619 1619 700 1677 illi
741 1622 998 1688 Dominus
1047 1633 1238 1694 Jesns:
1269 1641 1443 1702 Amen
1473 1649 1595 1706 dico
1624 1655 1754 1720 tibi,
1785 1675 1852 1720 qu

2017 1530 2182 1584 parvo
2213 1538 2432 1584 munere
2466 1534 2682 1591 tradidit
2722 1544 2959 1601 omnium
2991 1549 3264 1612 hominum
3295 1576 3605 1622 remunera-

2012 1614 2184 1664 torem
2215 1630 2226 1664 :
2261 1615 2384 1672 dum
2422 1622 2638 1690 salutat,
2672 1632 2949 1689 vendidit:
2979 1639 3103 1695 dum
3129 1647 3459 1720 obsequitur,
3498 1669 3605 1714 tra-

2016 1698 2086 1720 .Ιξι
2134 1701 2175 1720 Α
2210 1705 2231 1720 l‘
2263 1707 2273 1720 ι
2367 1711 2377 1720 ·
2419 1713 2431 1720 “
2458 1715 2467 1720 ·
2522 1719 2527 1720 ⁷

320 1611 443 1667 hor.
495 1616 584 1671 an
619 1619 700 1677 illi
741 1622 998 1688 Dominus
1047 1611 1238 1694 result:
1269 1611 1754 1723 Amendico'tibi,
1785 1675 1852 1728 qu

320 1701 378 1756 iu
417 1703 515 1762 hac
545 1719 721 1780 nocte,
750 1726 1034 1790 antequam
1055 1727 1228 1795 gallus
1253 1746 1536 1805 cantet,ter
1560 1761 1646 1800 me
1667 1751 1858 1815 negabi;

2012 1614 2184 1664 torem
2215 1630 2226 1664 :
2261 1615 2384 1672 dum
2422 1622 2638 1690 salutat,
2672 1632 2949 1689 vendidit:
2979 1639 3103 1695 dum
3129 1647 3459 1720 obsequitur,
3498 1669 3601 1714 tra-

2011 1698 2106 1753 dit.
2132 1701 2176 1757 Ο
2207 1705 2333 1763 falsa
2367 1711 2530 1769 labia!
2566 1721 2656 1788 qui
2682 1723 2759 1778 sic
2801 1728 2996 1786 confiat
3023 1733 3299 1805 incendia;
3333 1754 3386 1800 et
3419 1764 3601 1815 pacem

323 1703 335 1711 ,
1539 1703 1588 1706 π
1626 1703 1716 1711 ⁷-⁷·
1740 1703 1754 1723 ν
1786 1703 1909 1763 ·¹“ζ“·
2011 1703 2106 1753 dit.
2132 1703 2176 1757 0
2207 1705 2333 1763 falsa
2367 1711 2530 1769 labia!
2566 1721 2656 1788 qui
2682 1723 2759 1778 sic
2801 1728 2996 1786 confiat
3023 1703 3299 1805 incendia;
3333 1754 3386 1800 et
3419 1703 3598 1815 pacem

319 1717 391 1804 ³⁸,
417 1703 518 1810 h,ac,
545 1719 721 1780 nocm’
750 1726 1034 1822 “malum
1052 1727 1228 1828 53"“
1253 1746 1536 1839 “meum
1560 1761 1646 1800 me
1667 1751 1903 1819 negab's'
2011 1805 2116 1845 non
2150 1795 2413 1856 dubitavit
2444 1805 2617 1864 facere
2647 1811 2784 1868 bella
2803 1857 2818 1883 ,
2852 1820 3140 1881 salutando
3167 1833 3382 1890 tradens
3411 1837 3598 1895 Domi-

321 1795 417 1849 Alt
444 1798 519 1854 illi
546 1799 736 1862 Petrus
761 1825 774 1862 :
817 1809 991 1868 Etiam
1020 1830 1064 1872 ει
1093 1832 1390 1890 oportuerit
1417 1847 1503 1889 me
1531 1839 1668 1892 mori
1699 1848 1897 1895 tecum.
1929 1835 1982 1895 Ι
2463 1893 2478 1895 Α

321 1795 417 1849 Ait
444 1797 519 1854 illi
546 1799 774 1862 Petrus:
817 1809 991 1868 Etiam
1020 1818 1064 1872 si
1093 1828 1390 1890 oportuerit
1417 1795 1503 1889 me
1531 1839 1668 1892 mori
1699 1795 1897 1910 :cum,
1929 1835 1982 1898 Ι

1930 1893 1968 1898 ν
2009 1895 2136 1935 num
2170 1898 2412 1947 nostrum
2452 1893 2635 1954 Jesum
2666 1901 2968 1977 Christum,
3012 1918 3242 1987 complet
3269 1928 3454 1983 osculo
3495 1930 3597 1987 ho-

893 1906 1105 1967 imiliter
1150 1925 1208 1972 et
1231 1934 1419 1981 omnes
1461 1927 1708 1987 discipuli
1757 1935 1902 1987 dim-
2332 1982 2350 1987 —
2422 1984 2432 1987 -

893 1906 902 1915 ,
1007 1909 1017 1920 ο
1937 1897 1943 1898 ν
2009 1897 2136 1935 num
2170 1898 2412 1947 nostrum
2452 1897 2635 1954 Jesum
2666 1901 2968 1977 Christum,
3012 1918 3242 1987 complet
3269 1928 3454 1983 osculo
3495 1930 3597 1987 ho-

310 1900 443 2035 ἓιυιιι
467 1899 521 1948 te
568 1897 796 1969 negabo.
848 1903 1105 1967 Similiter
1150 1925 1208 1972 et
1231 1934 1419 1981 omnes
1461 1927 1708 2001 discipuli
1757 1935 1902 1995 άίιθ·
2006 1973 2299 2034 micidium.
2330 1982 2385 2036 In
2420 1984 2620 2046 honore
2645 1993 2866 2054 Paschae
2905 2018 3026 2060 reus
3067 2014 3256 2070 mortis
3285 2017 3598 2092 dimittitur,

345 1993 415 2034 nn
448 2020 462 2034 .
2005 2072 2056 2092 Δ,
2084 2065 2336 2092 “ML”
2655 2088 2666 2092 -
2797 2090 2805 2092 ξ

3136 2065 3252 2070 πη
3289 2065 3594 2092 η...........,

2004 2072 2058 2118 et
2084 2065 2339 2127 Dominus
2369 2078 2618 2137 caelorum
2651 2088 2995 2153 interimitur.
3033 2100 3292 2164 Barrabas
3319 2111 3456 2168 latro
3495 2116 3594 2173 do—

2004 2101 2058 2118 ι.
2084 2101 2339 2127 u"minus
2369 2101 2618 2137 ωειυτυηι
2651 2101 2995 2153 interimitur.
3033 2101 3292 2164 Barrabas
3319 2111 3456 2168 latro
3495 2116 3593 2173 do—

932 2101 1100 2142 mm"
1129 2110 1279 2149 "ss"
2004 2165 2183 2230 natur,
2215 2171 2268 2216 et
2298 2166 2554 2226 innocens
2592 2174 2836 2237 Christus
2882 2172 3230 2263 cruciﬁgitur.
3262 2199 3358 2256 Cui
3399 2207 3593 2265 merito

932 2200 1078 2251 terne
1109 2197 1272 2265 Deus,
1303 2204 1393 2265 da.
1420 2222 1748 2265 quaesumus-
1778 2223 1897 2265 nni-
2011 2264 2021 2265 κ
2365 2261 2394 2265 --

383 2173 730 2246 Omnipotens
754 2191 1078 2259 sempiterne
1109 2197 1272 2268 Deus,
1303 2204 1393 2273 da,
1420 2222 1750 2284 quaesumus,
1778 2223 1897 2278 uni-

2038 2267 2189 2308 mnes
2220 2267 2421 2317 angeli.

1257 2261 1270 2268 _
1378 2261 1393 2273 ,
1428 2261 1750 2284 imum.-.
1779 2261 1858 2277 ιη..

304 2266 480 2322 versis
509 2269 720 2330 famulis
768 2279 908 2350 tuis,
957 2285 1162 2353 plenius
1191 2302 1352 2366 atque
1398 2303 1688 2369 perfectius
1715 2315 1858 2367 omni

304 2357 428 2414 τεειῑ
475 2362 744 2425 Paschalis
787 2375 1012 2434 introire
1055 2391 1308 2434 mvsteria
1345 2409 1357 2422 ο
1414 2405 1468 2434 m
1521 2397 1858 2434 inm-nmmum

2000 2264 2189 2308 omnes
2220 2261 2421 2330 angeli.

2423 2370 2712 2418 LECTIONES
2741 2381 2794 2421 IN
2830 2385 3158 2434 ranascsvn.

301 2357 428 2414 festi
475 2362 744 2425 Paschalis
787 2375 1012 2436 introire
1055 2391 1309 2456 mysteria
1345 2409 1357 2446 :
1414 2405 1471 2449 ut
1521 2397 1893 2462 incunctanter

297 2450 392 2518 pia
420 2455 578 2511 corda
623 2474 981 2536 cognoscant,
1027 2450 1284 2543 quantum
1327 2450 1658 2550 debeatitde
1687 2499 1887 2554 conﬁr-

3528 389 3638 450 49*

3068 516 3162 569 per
3191 504 3356 573 ipsius
3385 509 3632 582 Majesk.

2454 681 2574 732 [tem
2598 686 2894 747 Contestatio
2918 701 3092 752 eodem
3113 705 3214 760 die.

296 2552 444 2602 mata
474 2548 527 2604 in
557 2546 775 2610 Christo
805 2566 1200 2626 reuascentium
1225 2573 1616 2642 glorificatione
1632 2591 1884 2656 gaudere.

965 2673 1218 2732 Collectio.

289 2853 450 2910 nobis
504 2858 571 2914 de
607 2860 802 2920 Christi
863 2867 1116 2931 Passione
1167 2883 1461 2941 remedium
1494 2907 1506 2942 :
1539 2899 1594 2945 ut
1641 2892 1883 2954 humanae

287 2944 591 3016 fragilitatis
642 2960 930 3024 praeteritae
978 2967 1153 3038 culpae
1178 2972 1398 3046 laqueos
1445 2992 1662 3040 aeternae
1691 2989 1883 3045 suffra-

283 3038 432 3108 gium
462 3044 630 3112 plebis
658 3048 918 3111 absolvat.

906 3172 1023 3226 Post
1042 3183 1252 3232 nomina.

356 3241 705 3313 Omnipotens
752 3258 1082 3327 sempiterna
1129 3265 1306 3338 Deus,
1349 3274 1437 3343 qni
1459 3276 1621 3334 vitam
1656 3280 1874 3341 humani

278 3335 496 3402 generis
521 3353 617 3406 pro
638 3343 793 3399 nobis
821 3347 960 3407 Filio
985 3358 1076 3408 tuo
1103 3335 1623 3436 moriente-salvasti,
1655 3384 1870 3443 prae5ta,

275 3436 630 3498 qumsnmus,
674 3443 731 3487 ut
778 3436 832 3492 in
879 3439 978 3497 hac
1026 3450 1208 3514 populi
1242 3455 1316 3508 tui
1351 3456 1638 3518 devotione
1656 3436 1872 3522 fructus

274 3519 566 3585 proveniat
595 3525 931 3594 gaudiorum.

812 3625 1045 3680 Collectio
1069 3645 1125 3683 aa
1153 3649 1339 3696 pacem.

352 3693 617 3755 Virtutum
665 3711 956 3766 cae.estium
1007 3693 1183 3786 Deus,
1233 3720 1298 3775 de
1341 3719 1494 3796 cujus
1529 3733 1712 3800 gratim
1740 3751 1863 3793 rore

271 3785 594 3854 descendit..
643 3805 700 3851 ut
726 3799 792 3854 ad
817 3809 1065 3874 mysteria
1100 3785 1184 3866 tua
1233 3819 1470 3889 purgatis
1496 3826 1743 3882 sensibus
1773 3845 1861 3884 ac-

267 3877 545 3949 cedamus,
582 3899 796 3958 praesta,
833 3909 1160 3966 quaesumus,
1197 3906 1325 3960 utin
1357 3924 1544 3968 eorum
1578 3916 1861 3977 traditione

266 3971 604 4032 sollemniter
633 3979 914 4055 honorum,
949 3990 1039 4045 tibi
1073 3994 1321 4061 placitum
1349 4001 1657 4064 deferamus
1685 4012 1845 4068 obse-

263 4064 476 4134 quium,
505 4081 556 4126 et
587 4077 733 4142 pacis
761 4089 976 4140 aeternae
1003 4096 1214 4156 pactum
1243 4094 1337 4149 tibi
1367 4099 1674 4160 reddamus.

903 4195 1216 4255 Contestatio.

347 4279 480 4340 Vere
508 4288 724 4359 dignum
758 4306 812 4352 et
849 4301 1050 4367 justum
1081 4317 1165 4364 est
1183 4303 1525 4381 omnipotens
1558 4319 1717 4389 Deus,
1753 4338 1850 4394 per

262 4377 535 4442 Christum
565 4387 845 4450 Dominum
874 4409 1134 4459 nostrum.
1191 4406 1354 4479 Cujus
1388 4415 1635 4482 passione
1657 4432 1848 4477 cuncta

261 4482 530 4530 commota
568 4490 723 4549 sunt,
769 4495 824 4540 et
845 4502 1090 4548 eventum
1143 4497 1404 4557 dominici
1451 4508 1683 4566 vulneris
1727 4514 1841 4572 ele-

259 4573 439 4618 menta
472 4575 819 4631 tremuerunt.
856 4581 1075 4652 Expavit
1106 4589 1220 4648 dies
1246 4609 1350 4650 non
1380 4598 1549 4656 solida
1580 4615 1754 4671 nocte,
1789 4619 1843 4664 et

258 4667 386 4708 snas
435 4662 683 4720 tenebras
725 4673 955 4728 mundus
993 4678 1218 4737 invenit.
1289 4686 1450 4745 Stetit
1492 4696 1590 4751 sub
1636 4699 1839 4754 incerto

258 4747 458 4806 lumine
490 4754 638 4823 dies,
689 4759 941 4821 inclausis
989 4773 1147 4828 etiam
1179 4777 1266 4833 lux
1291 4779 1402 4848 ipsa
1441 4784 1554 4841 visa
1584 4799 1666 4844 est
1702 4794 1840 4848 mori

255 4853 375 4896 eum
407 4841 638 4904 Christo.
704 4853 784 4909 Ad
813 4856 914 4914 hoc
951 4865 1090 4918 enim
1136 4869 1308 4926 omnis
1349 4873 1563 4933 claritas
1592 4881 1839 4951 migravit

1592 4929 1836 4951 ηοω...

255 4929 310 4986 in
345 4940 585 5003 noctem,
622 4957 688 4998 ne
717 4949 1051 5021 sacrilegium
1081 4973 1302 5018 cernere
1334 4965 1622 5024 videretur.
1678 4971 1836 5028 Clau-

253 5038 396 5080 serat
424 5031 564 5086 enim
596 5049 721 5092 suos
771 5044 954 5099 oculos
985 5049 1208 5120 caelum,
1257 5071 1324 5111 ne
1357 5058 1409 5113 in
1439 5076 1599 5120 cruce
1625 5068 1836 5137 aspice-

222 5119 334 5172 ‘ret
386 5119 789 5197 Redemtorem;
843 5144 896 5189 et
941 5142 1166 5197 mundus
1231 5148 1345 5218 ipse
1385 5156 1536 5210 testis
1581 5171 1700 5214 esse
1729 5175 1832 5217 non

252 5213 442 5278 potuit,
476 5225 530 5269 ut
558 5219 702 5275 solus
728 5226 991 5294 aspiceret
1019 5233 1106 5302 qui
1137 5213 1432 5305 percussit:
1464 5248 1617 5318 cujus
1647 5250 1834 5310 dolore

251 5299 403 5370 plaga
454 5321 634 5364 nosrra
679 5325 861 5372 curata
902 5330 1016 5388 est,
1073 5335 1126 5380 et
1171 5329 1346 5400 lapsus
1392 5349 1608 5396 nostros
1654 5343 1830 5402 aliena

250 5395 405 5450 ruina
453 5407 710 5474 suscepit.
773 5410 1131 5473 Tremuerunt
1189 5423 1449 5485 elementa
1503 5434 1684 5491 mundi
1731 5440 1828 5493 sub

247 5501 356 5540 uno
387 5504 672 5564 percusso,
715 5501 870 5572 cujus
907 5509 1124 5568 vulnere
1156 5518 1436 5584 captivitas
1460 5526 1692 5581 resoluta
1719 5539 1823 5586 est.

247 5573 382 5633 Dum
408 5585 550 5641 enim
578 5589 841 5651 occiditur
865 5596 1125 5668 Christus,
1160 5619 1349 5665 cuncta
1381 5623 1560 5670 renata
1589 5631 1738 5686 sunt;
1775 5632 1827 5677 et

316 5743 342 5816 ξι
382 5735 438 5794 ltt
487 5741 820 5837 Lgctiouario
868 5755 1203 5837 Lusoviensi
1231 5767 1496 5825 habentur
1541 5775 1700 5832 etiam
1756 5782 1822 5837 ad

509 5796 819 5808 ,__----._.-.,
868 5796 1186 5818 .....uuuum
1233 5796 1496 5825 uiuucrrtur
1541 5796 1700 5832 etiam
1756 5796 1821 5837 an

244 5796 498 5877 Primam,
528 5813 852 5889 Secundam.
888 5829 961 5884 uti
991 5840 1042 5888 et
1066 5835 1129 5890 ad
1162 5833 1396 5896 Tertiam
1428 5840 1643 5911 horam;
1676 5853 1821 5914 plri-

1995 2427 2166 2482 ιεοιίο
2187 2444 2341 2492 ποθεῖ
2368 2441 3240 2543 “assistere”;aequem.
3263 2487 3374 2536 quae
3398 2479 3582 2543 ιθείιιιτ

2442 2483 2498 2494 ....
2539 2483 2626 2500 ν...
2658 2483 2923 2508 occultum"
2949 2483 3131 2517 donanti

2442 2509 2490 2556 in
2503 2483 2788 2567 tParasceve
2811 2522 2870 2569 ad
2893 2522 3059 2577 Tertia
3085 2529 3131 2579 ⁸.

3460 2921 3572 2978 Rex

1984 2965 2313 3029 Iudaeorum.
2360 2976 2514 3034 Hunc
2559 3000 2687 3056 ergo
2730 2991 2939 3052 titulum
2984 3003 3137 3059 multi
3197 2965 3437 3080 lege-runt
3474 3018 3570 3072 .Iu-

1983 3061 2241 3119 daeorum.
2279 3066 2538 3128 DiCebaut
2595 3092 2726 3150 ergo
2786 3085 2954 3144 Pilato
3013 3061 3570 3167 poritilicve’suiudaeo-

1983 3162 2102 3204 rum
2145 3169 2160 3204 :
2199 3153 2317 3210 Noli
2369 3161 2604 3220 scribere
2643 3169 2756 3228 Rex
2791 3174 3126 3253 Iudaeorum,
3159 3194 3252 3248 sed
3294 3200 3416 3263 quia
3452 3202 3566 3271 ipse

1987 3239 2113 3271 Αςνὲι
2146 3259 2158 3269 .
2189 3243 2296 3271 nm.
2325 3263 2434 3271 ---...
2472 3251 2521 3271 πη
2545 3255 2563 3271 ι
2818 3265 2853 3271 _

1986 3239 2119 3294 dixit
2146 3259 2158 3294 :
2187 3243 2296 3300 Rex
2323 3263 2440 3306 sum
2462 3251 2787 3317 Iudaeorum.
2817 3239 3563 3356 Βεεροηάίῖῥῇξυᾷξῗρῖξδ

2927 3335 2940 3340 _
3228 3335 3342 3342 κη-
3372 3335 3381 3340 -
3413 3335 3559 3356 κω.

1980 3335 2208 3406 scripsi,
2251 3343 2460 3414 scripsi.
2504 3350 2654 3408 Tunc
2684 3357 2880 3418 milites
2919 3369 3165 3436 praesidis
3208 3381 3559 3451 suscipientes

1980 3423 2253 3451 [μηδ-μμ
2292 3433 2360 3451 ιη
2491 3441 2504 3451 ·

2920 3423 2936 3436 _
3090 3423 3162 3428 μ,
3208 3423 3555 3451 "mpm"...

1975 3423 2259 3487 Dominum
2282 3433 2463 3493 Jesum
2491 3441 2542 3496 in
2574 3451 2845 3521 praetorio,
2861 3470 3320 3532 congregaverunt
3347 3476 3412 3528 ad
3435 3491 3555 3533 eum

1973 3518 2276 3578 universam
2325 3528 2633 3602 cohortem,
2673 3549 2726 3594 et
2765 3557 3023 3606 exuentes
3049 3567 3208 3625 eum,
3255 3561 3554 3635 clamydem

3194 3611 3208 3625 ,
3264 3611 3544 3635 -_,.---,--...

1968 3611 2272 3670 coccineam
2295 3619 2756 3688 circumdederunt
2782 3635 2864 3704 ei;
2893 3652 2945 3694 et
2973 3645 3262 3712 plectenteu
3290 3667 3544 3713 coronam

1966 3698 2035 3755 de
2055 3703 2241 3773 spinis,
2274 3723 2567 3778 posuerunt
2594 3735 2754 3793 super
2777 3698 2934 3800 caput
2964 3698 3114 3806 ejus,
3153 3749 3209 3797 et
3231 3744 3549 3804 arundinem

1965 3789 2018 3846 in
2048 3793 2264 3854 dextera
2294 3803 2447 3873 ejus;
2478 3819 2530 3864 et
2559 3789 2695 3882 genu
2723 3789 2863 3876 ﬂexo
2891 3789 3013 3881 ante
3040 3843 3198 3902 eum_,
3231 3831 3550 3894 inludebaut

1961 3884 2034 3952 ei,
2067 3887 2349 3951 dicentes:
2382 3898 2549 3970 Have,
2577 3903 2687 3961 Rex
2715 3911 3042 3974 inda-orum.
3074 3917 3140 3972 Et
3160 3892 3458 3994 expuentes
3490 3931 3543 3985 in

1960 3994 2105 4050 eum,
2136 3999 2456 4056 acceperunt
2490 3999 2837 4069 arundinem,
2870 4016 2924 4061 et
2966 4016 3336 4078 percutiebant
3381 4032 3544 4090 caput

1957 4072 2093 4143 ejus.
2128 4076 2195 4132 Et
2224 4090 2502 4154 postquam
2533 4089 2833 4150 inluserunt
2867 4098 2947 4164 ei,
2988 4117 3253 4164 exuerunt
3282 4126 3403 4166 eum
3432 4114 3542 4169 cla-

1955 4168 2192 4238 mydem,
2226 4181 2280 4228 et
2319 4176 2604 4238 induerunt
2633 4200 2754 4241 eum
2782 4194 3110 4253 vestimentis
3135 4201 3269 4269 suis,
3301 4214 3355 4259 et
3375 4205 3543 4262 duxe-

1954 4269 2078 4314 runt
2110 4278 2231 4318 eum
2263 4276 2320 4322 ut
2356 4272 2752 4346 cruciﬁgerent.
2797 4281 3066 4342 Exeuntes
3115 4301 3292 4350 autem
3321 4296 3540 4354 invene-

1952 4365 2078 4409 runt
2109 4357 2378 4420 hominem
2408 4367 2748 4442 Cyrenaeum,
2781 4380 2998 4438 nomine
3036 4383 3346 4456 Symonem.
3382 4394 3536 4452 Hunc

1949 4451 2355 4517 angariaverunt
2403 4469 2458 4514 ut
2505 4464 2716 4522 tolleret
2760 4484 2974 4528 crucem
3008 4476 3144 4545 ejus.
3194 4481 3531 4551 Sequebatur

1950 4549 2126 4594 autem
2157 4543 2300 4600 illum
2344 4550 2507 4604 multa
2541 4555 2688 4608 turba
2738 4563 2948 4628 populi,
2982 4573 3034 4618 et
3064 4569 3376 4639 mulierum,
3411 4591 3532 4646 qua:

1949 4630 2270 4701 plangebant
2300 4647 2353 4692 et
2381 4640 2804 4704 lamentabantur
2830 4666 2972 4707 eum.
3003 4655 3308 4717 Conversus
3349 4674 3532 4724 autem

1945 4721 2010 4774 ad
2054 4722 2171 4778 illas
2199 4725 2382 4794 Jesus,
2427 4733 2560 4788 dixit
2587 4753 2599 4788 :
2629 4737 2777 4794 Filia:
2805 4742 3169 4816 Hierusalem,
3204 4754 3366 4810 nolite
3395 4758 3530 4815 ﬂere

1943 4822 2106 4879 super
2136 4831 2221 4870 me
2245 4860 2261 4884 ,
2312 4820 2404 4874 sed
2444 4838 2604 4892 super
2634 4842 2725 4882 vos
2757 4829 2899 4898 ipsas
2937 4836 3058 4891 llete
3103 4847 3158 4894 et
3185 4855 3347 4914 super
3388 4849 3528 4906 filios

1945 4912 2184 4971 vestros;
2228 4913 2475 4978 quoniam
2524 4931 2650 4972 ecce
2683 4922 2899 4978 venient
2928 4925 3043 4983 dies
3069 4973 3082 4995 ,
3128 4933 3178 4986 in
3211 4935 3404 5002 quibus
3447 4942 3530 4997 di-

1940 5005 2063 5051 cent
2093 5016 2103 5049 :
2142 5001 2316 5059 Beatae
2346 5009 2554 5066 steriles
2582 5021 2634 5066 et
2679 5026 2891 5075 ventres
2918 5025 3007 5092 qui
3057 5043 3161 5082 non
3192 5046 3523 5104 genuerunt,

1940 5097 1993 5143 et
2020 5091 2182 5148 ubera
2214 5110 2331 5164 qua:
2363 5115 2465 5156 non
2497 5103 2842 5166 iactaverunt.
2873 5113 3021 5173 Tunc
3053 5119 3306 5194 incipient
3337 5128 3521 5188 dicere

1939 5185 2248 5242 montibus:
2290 5191 2475 5250 Cadite
2525 5213 2686 5270 super
2724 5218 2858 5273 nos;
2901 5218 2954 5264 et
2997 5213 3224 5271 collibus
3256 5236 3270 5272 :
3303 5220 3522 5290 Operite

1937 5290 2056 5331 nos.
2082 5277 2214 5344 Quia
2242 5283 2286 5338 si
2317 5285 2365 5338 in
2389 5287 2548 5343 viridi
2578 5291 2720 5360 ligno
2748 5295 2862 5353 haec
2884 5297 3104 5366 faciunt,
3137 5305 3191 5360 in
3217 5309 3369 5366 arido
3392 5314 3520 5382 quid

1937 5365 2063 5420 lict?
2091 5370 2222 5425 Cum
2252 5376 2486 5433 venisset
2513 5393 2688 5438 autem
2717 5387 2782 5439 ad
2809 5388 3006 5460 locum,
3040 5396 3131 5463 qui
3161 5397 3360 5455 dicitur
3391 5400 3512 5460 Gol-

1933 5466 2098 5526 gotta,
2134 5464 2271 5532 quod
2301 5478 2380 5520 est
2406 5469 2666 5529 Calvariae
2696 5477 2844 5534 locus
2867 5520 2881 5544 ,
2933 5481 3198 5542 dederunt
3226 5491 3275 5546 ei
3324 5494 3509 5554 viuum

1933 5549 2118 5609 bibere
2159 5571 2280 5614 cum
2314 5562 2431 5619 felle
2460 5567 2717 5636 mixtum;
2753 5579 2808 5626 et
2845 5587 2967 5629 cum
3013 5588 3312 5654 gustasset,
3341 5590 3517 5648 noluit

1931 5643 2137 5702 bibere.

1930 5807 2032 5864 que
2058 5800 2216 5854 modo
2253 5805 2522 5877 scribitur,
2555 5812 2623 5864 ad
2650 5811 2852 5886 Tertia,
2885 5819 2954 5873 ad
2975 5821 3154 5896 Sexta,
3183 5838 3288 5888 etc.
