4060 6346
482 312 589 375 «I95

1274 303 1619 366 APPENDI-X
1654 303 1744 358 AD
1781 298 2015 356 OPERA
2052 297 2114 355 S.
2155 288 2467 351 GERMANI
2505 282 2949 347 PARISIENSIS.

3674 274 3789 336 ωδ

483 435 655 488 Lectio
684 432 839 483 sancti
858 424 1115 493 Evangelii
1138 430 1408 478 secundum
1430 426 1717 484 Jobaunem,
1753 417 2069 482 qualegitnr
2096 413 2604 479 Arevertebantur.
2652 408 2878 465 Stabant
2925 410 3101 460 autem
3154 415 3346 458 omnes
3404 400 3516 456 noti
3568 399 3698 470 ejus
3755 415 3787 455 a

936 502 998 553 ad
1020 504 1172 552 Sexta
1197 502 1247 550 in
1272 499 1546 548 Parasceve
1571 497 1616 544 δ.

557 615 845 686 Postquam
871 609 1251 667 cruciﬁxerunt
1275 605 1558 661 Dominum
1585 602 1790 665 Iesum,
1816 596 1952 653 dixit
1979 594 2073 650 Je-

2173 505 2352 575 longe.
2378 504 2545 559 Erant
2567 501 2710 557 enim
2741 500 2815 553 ibi
2844 509 2898 553 et
2918 497 3171 553 mulieres
3191 495 3394 559 multa,
3422 507 3546 565 qua:
3572 503 3784 547 secuta

2176 609 2331 653 erant
2363 599 2547 652 Jcsum
2576 612 2605 649 a
2635 593 2885 659 Galilaea,
2925 590 3291 645 ministrantes
3326 588 3375 643 ei
3410 603 3427 640 :
3461 585 3607 641 inter
3635 597 3780 654 quas

485 724 581 767 sus
600 721 731 763 voce
753 719 942 775 magna
970 719 984 757 :
1011 702 1189 767 Pater,
1213 698 1423 752 dimitte
1446 694 1574 759 illis,
1604 708 1708 747 non
1734 691 1877 746 enim
1904 688 2079 743 sciunt
2177 699 2293 747 erat
2334 690 2495 745 Maria
2527 685 2866 756 Magdalene,
2917 692 2972 739 et
3000 683 3163 739 Maria
3200 679 3420 747 Jacobi,
3468 689 3524 735 et
3579 678 3787 747 Ioseph

486 801 615 873 quid
647 798 867 854 faciunt.
899 797 1050 852 Tunc
1081 794 1378 849 diviserunt
1422 789 1739 844 vestimenta
1771 783 1920 854 ejus,
1959 795 2080 835 sor-

487 905 599 951 tem
628 900 920 948 mittentes.
954 891 1080 944 Erat
1124 896 1302 941 autem
1337 882 1516 938 tunica
1564 877 1939 939 inconsutilis,
1986 874 2081 929 de-

492 1000 655 1055 super
673 990 921 1037 contexta
945 994 1037 1049 per
1065 980 1254 1032 tntum.
1286 975 1543 1028 Dixerunt
1572 984 1700 1039 ergo
1720 968 1786 1024 ad
1811 968 2036 1020 invicem
2065 980 2076 1016 :

492 1076 610 1132 Non
651 1076 953 1131 seindamns
977 1086 1115 1133 eam,
1150 1069 1241 1124 sed
1275 1068 1562 1122 sortiamur
1588 1064 1655 1118 de
1685 1062 1777 1117 illa
1808 1059 1962 1129 cujus
1990 1058 2079 1111 sit.

496 1169 569 1225 Ut
596 1169 857 1236 scriptura
881 1164 1165 1233 impleatur
1192 1161 1377 1215 dicens
1406 1178 1417 1211 :
1448 1158 1761 1213 Diviserunt
1790 1154 1890 1207 sibi
1887 1151 2085 1239 .vcsti-

498 1269 683 1316 menta
716 1273 855 1321 mea,
886 1266 938 1311 et
968 1255 1019 1309 in
1049 1262 1250 1308 vestem
1284 1264 1456 1305 meam
1486 1248 1745 1303 miserunt
1773 1252 1994 1298 sortem.
2022 1241 2089 1296 Et

499 1352 751 1409 sedentes
776 1348 1065 1406 servabant
1091 1360 1231 1400 eam.
1258 1343 1326 1397 Et
1356 1342 1709 1411 inposuerunt
1741 1351 1904 1404 super
1932 1341 2090 1402 caput

501 1444 621 1514 ejus
647 1456 864 1499 causam
898 1439 1064 1509 ipsius
1107 1435 1401 1505 scriptam:
1438 1431 1536 1513 Hic
1576 1438 1658 1485 est
1686 1427 1840 1482 Jesus
1870 1441 1959 1479 rex
1997 1422 2088 1479 Ju-

501 1540 762 1595 dreorum.
792 1534 943 1590 Tunc
980 1529 1222 1587 cruciﬁxi
1258 1537 1381 1583 sunt
1420 1540 1541 1581 cum
1588 1536 1653 1577 eo
1692 1522 1796 1574 duo
1824 1520 2088 1580 latrones,

501 1646 644 1686 unus
672 1643 701 1681 a
729 1625 953 1688 dextris,
984 1632 1039 1677 et
1069 1635 1204 1675 unus
1227 1634 1256 1672 a
1284 1616 1541 1672 sinistris.
1575 1613 1640 1667 Et
1678 1611 1967 1679 adimpleta
2010 1615 2095 1663 est

506 1721 782 1791 Scriptura
813 1731 934 1788 quas
973 1715 1143 1769 dicit:
1184 1712 1250 1765 Et
1279 1725 1397 1765 cum
1430 1708 1627 1776 iniquis
1672 1712 1949 1772 reputatus
1986 1708 2091 1756 est.

2180 793 2381 848 mater,
2419 789 2474 835 et
2510 788 2681 834 mater
2712 777 2944 832 ﬁliorum
2976 773 3242 831 Zebedazi.
3274 771 3449 829 Judaei
3473 786 3631 840 ergo,
3656 787 3791 837 quo-

2181 877 2325 932 niam
2356 885 2647 941 parasceve
2690 877 2837 935 erat,
2887 877 2947 922 ut
2992 881 3098 921 non
3143 870 3488 921 remanerent
3519 860 3578 916 in
3631 876 3795 915 crint?

2183 982 2406 1038 corpora
2437 965 2695 1031 Sabbato,
2723 971 2839 1019 erat
2858 962 3001 1017 enim
3030 973 3255 1030 magnus
3276 957 3393 1012 dies
3422 956 3515 1012 ille
3539 954 3790 1019 Sabbati,

2185 1069 2508 1132 rogaverunt
2548 1058 2777 1114 Pilatum
2802 1099 2816 1123 ,
2859 1065 2917 1110 ut
2944 1055 3317 1124 frangerentur
3346 1046 3540 1108 eorum
3594 1064 3791 1113 crura,

2186 1164 2241 1210 et
2271 1153 2608 1208 tollerentur.
2642 1149 2920 1204 Venerunt
2948 1160 3079 1215 ergo
3107 1145 3343 1208 milites,
3382 1151 3439 1197 et
3470 1139 3634 1211 primi
3676 1143 3793 1209 qni-

2188 1246 2309 1302 dem
2355 1245 2630 1315 fregerunt
2656 1256 2849 1306 crura,
2902 1249 2957 1294 et
2986 1238 3207 1293 alterius
3252 1236 3345 1306 qui
3387 1234 3687 1290 cruciﬁxus
3717 1242 3794 1288 at

2190 1352 2309 1393 cum
2337 1352 2423 1392 eo.
2454 1335 2534 1391 Ad
2556 1335 2739 1390 Jesum
2762 1341 2940 1387 autem
2971 1345 3091 1386 cum
3117 1329 3414 1392 venissent,
3451 1336 3505 1381 et
3530 1325 3797 1380 vidissent

2192 1446 2313 1487 eum
2340 1431 2451 1500 jam
2484 1436 2787 1495 mortuum,
2840 1440 2945 1479 non
3001 1423 3275 1493 fregerunt
3302 1420 3419 1489 ejus
3450 1432 3622 1474 crura
3657 1432 3672 1470 :
3702 1415 3795 1472 sed

2198 1539 2337 1579 unus
2374 1521 2604 1576 militum
2637 1520 2822 1574 lancea
2852 1518 2990 1571 latus
3018 1515 3132 1585 ejus
3158 1512 3402 1584 aperuit,
3441 1521 3497 1567 et
3535 1509 3801 1566 continuo

2196 1617 2359 1673 exivit
2385 1616 2601 1686 sanguis
2620 1623 2674 1667 et
2699 1625 2856 1682 aqua.
2890 1608 2958 1664 Et
2981 1609 3070 1678 qui
3096 1607 3251 1672 vidit,
3281 1603 3657 1661 testimonium
3686 1617 3800 1673 per-

2201 1712 2400 1776 hibuit,
2441 1718 2495 1764 et
2544 1721 2727 1762 verum
2783 1714 2865 1758 εει
2901 1703 3016 1772 ejus
3046 1699 3431 1756 testimonium.
3481 1696 3552 1751 Et
3585 1696 3682 1752 ille
3708 1697 3803 1751 scit

503 1814 900 1871 Prmtereuntes
934 1818 1112 1863 autem
1142 1802 1587 1874 blaspliemabant
1618 1813 1741 1854 eum
1761 1837 1776 1861 ,
1820 1801 2099 1850 moventes
2128 1798 2131 1857 ς

2218 1805 2327 1875 quia
2360 1817 2485 1858 vera
2515 1799 2678 1866 dicit,
2719 1805 2779 1851 ut
2806 1805 2855 1851 et
2895 1809 2989 1849 vos
3032 1792 3281 1848 credatis.
3312 1788 3472 1845 Facta
3503 1796 3637 1843 sunt
3666 1788 3805 1842 enim

506 1906 682 1972 capita
708 1918 835 1967 sua,
878 1912 931 1955 et
957 1900 1241 1955 dicentes:
1279 1896 1390 1948 \‘ah
1440 1893 1530 1961 qui
1573 1889 1809 1945 destruis
1850 1885 2106 1953 templum

507 1995 628 2061 Dei,
661 2005 717 2050 et
742 1994 796 2061 in
828 1992 1006 2047 triduo
1051 1989 1179 2044 illud
1213 1985 1529 2047 reaediticas,
1563 1982 1708 2035 salva
1737 1977 2105 2047 temetipsum.

508 2089 568 2147 Si
594 2088 761 2144 Filius
789 2085 885 2141 Dei
909 2099 989 2150 es,
1012 2079 1281 2139 descende
1306 2079 1373 2133 de
1397 2089 1578 2131 cruce.
1602 2072 1862 2128 Similiter
1882 2078 1935 2123 et
1964 2068 2111 2136 priu-

508 2181 658 2249 cipes
688 2176 1025 2233 sacerdotum
1077 2171 1380 2228 inludentes
1409 2182 1531 2223 cum
1564 2164 1759 2220 scribis
1788 2171 1843 2216 et
1879 2155 2102 2214 seniori-

507 2271 609 2327 bus
637 2269 886 2325 dicebant
916 2284 930 2321 :
956 2265 1105 2319 Alios
1134 2262 1313 2319 salvos
1341 2259 1491 2326 fecit,
1521 2257 1757 2324 seipsum
1784 2267 1891 2308 non
1938 2257 2113 2318 potest

509 2361 717 2417 salvum
758 2358 955 2413 facere.
996 2355 1055 2412 Si
1084 2370 1177 2410 rex
1222 2352 1387 2408 Israel
1417 2361 1523 2416 est,
1554 2345 1843 2401 descendat
1875 2355 2015 2396 nunc
2046 2339 2114 2394 de

510 2468 701 2521 cruce,
746 2462 801 2506 et
824 2450 1094 2506 credimus
1141 2446 1213 2500 ei.
1243 2441 1483 2499 Conﬁdit
1526 2441 1581 2493 in
1632 2436 1894 2498 Domino;
1924 2432 2116 2486 liberet

511 2558 655 2600 nunc
683 2556 806 2598 eum
853 2542 900 2596 si
944 2539 1076 2593 vult.
1108 2536 1255 2591 Dixit
1282 2533 1426 2589 enim
1465 2531 1591 2602 quia
1622 2527 1793 2583 Filius
1838 2525 1933 2580 Dei
1972 2538 2111 2578 sum.

512 2636 749 2705 ldipsunt
780 2640 959 2687 autem
986 2638 1042 2685 et
1068 2642 1207 2682 unus
1243 2625 1311 2681 de
1337 2625 1419 2678 his
1444 2624 1534 2694 qui
1563 2619 1871 2691 pendebant
1894 2617 2114 2671 latroni-

513 2727 616 2783 bus
661 2721 1068 2793 blaspbemabat
1112 2732 1264 2782 eum,
1299 2716 1527 2770 dicens:
1563 2712 1620 2768 Si
1653 2721 1706 2765 tu
1746 2724 1806 2764 es
1834 2707 2110 2772 Christus,

515 2820 723 2877 salvum
767 2816 849 2871 fac
903 2814 1249 2883 temetipsum
1299 2817 1354 2865 et
1381 2822 1502 2864 nos.
1556 2804 1905 2874 Respondeas
1935 2809 2113 2855 autem

523 2914 662 2969 alter
690 2907 1000 2978 increpabat
1023 2921 1171 2970 eum,
1200 2902 1384 2958 dicens
1410 2917 1425 2955 :
1456 2899 1635 2963 Miser,
1664 2910 1838 2965 neque
1868 2904 1922 2948 tu
1959 2893 2116 2947 times

520 3006 723 3068 Deum,
768 3000 908 3069 quod
944 3000 998 3053 in
1037 2996 1223 3052 eadem
1255 2991 1597 3048 damnatione
1625 2987 1713 3042 es!
1751 2985 1817 3039 Et
1860 2998 1956 3038 nos
1997 2979 2117 3051 qui-

523 3097 644 3152 dem
672 3095 838 3165 juste,
869 3106 990 3146 nam
1012 3088 1170 3156 digna
1195 3083 1353 3140 factis
1380 3080 1690 3151 recipimus,
1723 3075 1806 3131 hic
1826 3090 1952 3129 vero
1982 3072 2112 3127 nihil

2216 1901 2329 1957 h:ec
2377 1906 2435 1951 ut
2471 1895 2743 1962 Scriptura
2792 1890 3077 1958 impleatur
3118 1905 3129 1939 :
3160 1887 3233 1941 Os
3265 1886 3381 1954 ejus
3418 1899 3528 1939 non
3576 1883 3808 1938 commi-

2213 1990 2387 2046 nuetis
2427 2004 2494 2043 ex
2536 2001 2619 2041 eo.
2671 1985 2735 2039 Et
2768 1986 2960 2038 iterum
2992 1979 3093 2034 alia
3124 1979 3389 2047 scriptura
3428 1976 3563 2031 dicit
3602 1993 3617 2028 :
3655 1974 3810 2029 Vide-

2212 2085 2346 2141 bunt
2368 2083 2419 2137 in
2448 2094 2605 2151 quem
2640 2076 3040 2131 translixerunt.
3082 2069 3214 2125 Cum
3238 2084 3359 2126 sero
3389 2079 3571 2124 autem
3608 2067 3811 2122 factum

2212 2187 2379 2241 esset,
2411 2176 2558 2230 venit
2584 2172 2795 2243 quidam
2830 2171 2990 2224 homo
3010 2167 3157 2221 dives
3180 2165 3248 2220 ab
3276 2164 3557 2228 Arimatia,
3588 2162 3813 2217 nemine

2212 2268 2437 2339 Josepb,
2469 2265 2558 2337 qui
2589 2272 2645 2319 et
2670 2263 2783 2333 ipse
2808 2258 3098 2328 discipulus
3124 2268 3239 2312 erat
3269 2256 3419 2312 Jesu.
3453 2254 3551 2309 Hic
3578 2254 3814 2310 accessit

2214 2363 2281 2418 ad
2314 2361 2565 2426 Pilatum,
2592 2368 2646 2411 et
2674 2354 2825 2424 petiit
2853 2365 3047 2421 corpus
3068 2349 3215 2405 Jesu.
3241 2349 3389 2402 'l‘unc
3421 2346 3634 2401 Pilatus
3656 2344 3815 2415 jussit

2216 2452 2364 2510 reddi
2406 2463 2604 2520 corpus
2632 2446 2769 2517 ejus.
2816 2444 2972 2499 Venit
3009 2452 3187 2496 autem
3226 2448 3281 2495 et
3327 2437 3695 2501 Nicodamus,
3729 2439 3817 2507 qui

2216 2556 2437 2605 venerat
2474 2546 2539 2600 ad
2584 2543 2767 2598 Iesum
2809 2548 2965 2594 nocte
2996 2538 3224 2607 primum
3249 2576 3263 2598 .
3311 2534 3486 2589 ferens
3516 2533 3815 2587 mixturam

2217 2657 2413 2698 murra:
2458 2650 2513 2695 et
2559 2637 2739 2699 aloes,
2785 2632 2937 2703 quasi
2975 2630 3137 2686 libras
3187 2638 3427 2684 centum.
3472 2628 3822 2693 Acceperunt

2215 2752 2343 2807 ergo
2373 2748 2567 2804 corpus
2596 2730 2748 2795 Jesu,
2777 2737 2831 2783 et
2860 2727 3162 2798 ligaverunt
3192 2737 3311 2778 eum
3338 2722 3516 2776 linteis
3546 2735 3679 2773 cum
3702 2734 3822 2772 aro.

2216 2826 2468 2890 matibus,
2501 2832 2555 2879 et
2605 2825 2896 2890 posuerunt
2936 2815 3067 2869 illud
3101 2814 3152 2867 in
3183 2821 3531 2867 monumento
3558 2825 3735 2873 novo,
3771 2810 3826 2863 in

2216 2935 2323 2992 quo
2355 2916 2588 2973 nondum
2621 2912 2903 2982 quisquam
2947 2906 3153 2977 positus
3184 2912 3316 2959 erat.
3347 2902 3415 2956 Et
3443 2902 3826 2970 adposuerunt

2219 3026 2411 3069 saxum
2441 3021 2689 3077 magnum
2720 3002 2787 3057 ad
2815 3001 3050 3057 hostium
3081 2996 3433 3061 monumenti,
3466 3005 3520 3050 et
3541 2994 3828 3049 abierunt.

2222 3107 2351 3164 Erat
2374 3114 2555 3159 autem
2587 3098 2659 3155 ibi
2690 3097 2853 3152 Maria
2883 3092 3219 3164 Magdalene,
3243 3100 3299 3145 et
3318 3088 3484 3144 altera
3514 3088 3719 3156 Maria,
3749 3101 3830 3143 se-

522 3188 647 3244 mali
677 3185 863 3257 gessit.
894 3182 963 3237 Et
984 3180 1197 3236 dicebat
1218 3177 1282 3231 ad
1316 3175 1500 3230 Jesum
1527 3188 1541 3226 :
1571 3169 1819 3233 Domine,
1850 3171 2120 3260 memento
2148 3173 2193 3237 ο
2225 3201 2413 3255 demes
2451 3202 2636 3251 contra
2675 3188 3005 3260 sepulcrum.

523 3284 649 3347 mei,
675 3296 795 3336 cum
828 3276 1041 3335 veneris
1092 3274 1147 3329 in
1178 3284 1401 3342 regnum
1455 3276 1623 3321 tuum.
1659 3263 1727 3317 Et
1751 3260 1892 3317 dixit
1916 3258 1987 3311 illi
2024 3255 2116 3311 Je—

522 3390 615 3431 sus
645 3392 657 3427 :
692 3354 886 3438 Amen,
919 3381 1079 3424 amen
1108 3365 1231 3421 dico
1259 3362 1389 3426 tibi,
1421 3359 1544 3430 quia
1583 3354 1744 3412 bodie
1772 3366 1981 3408 mecum
2013 3348 2122 3405 eris

524 3466 574 3522 in
609 3466 895 3533 paradyso.

526 3578 694 3629 L‘ectio
717 3572 871 3626 sancti
906 3565 1164 3631 Evangelii
1196 3561 1468 3685 sscisndugi
1491 3558 1781 3613 Jobannem,
1805 3566 1915 3617 quae
1938 3552 2124 3615 legitur

1185 3650 1211 3685 a
1311 3644 1403 3683 ona
1459 3667 1470 3679 .

1185 3644 1243 3685 ad
1267 3644 1403 3684 Diona
1422 3644 1470 3679 ο.

592 3732 639 3786 Α
671 3736 821 3784 sexta
870 3727 1002 3780 liora
1039 3719 1277 3777 tenebrae
1331 3716 1481 3770 facta:
1526 3718 1651 3765 sunt
1681 3722 1842 3777 super
1873 3704 2124 3759 universa

526 3836 664 3881 terra
697 3834 866 3889 usque
896 3816 962 3872 ad
987 3816 1176 3871 horam
1198 3824 1418 3866 nonam.
1442 3805 1507 3860 Et
1533 3804 1674 3859 circa
1701 3802 1892 3856 horam
1927 3810 2123 3853 nonam

534 3887 791 3973 clamavit
812 3911 971 3967 Jesus
1023 3918 1163 3960 voce
1201 3913 1389 3969 magna
1421 3896 1643 3950 dicens:
1681 3890 1826 3957 Heli,
1880 3888 2019 3953 lleli,
2062 3887 2127 3941 li-

530 4002 916 4063 masabaetani.
967 3998 1082 4053 Hoc
1106 4002 1220 4059 est,
1270 3993 1410 4046 Deus
1438 4002 1621 4056 meus,
1658 3986 1800 4041 Deus
1832 3998 1985 4037 meus
2006 4022 2020 4046 ,
2068 3989 2128 4035 ut

532 4098 662 4170 quid
689 4091 1023 4165 dereliquisti
1055 4087 1176 4145 me?
1205 4084 1427 4152 Quidam
1460 4090 1638 4136 autem
1672 4078 1783 4132 illic
1811 4084 2017 4130 stantes
2045 4073 2127 4128 di-

533 4192 771 4248 cebant:
806 4187 1015 4243 Heliam
1056 4188 1211 4238 vocat
1243 4180 1365 4233 iste.
1410 4173 1679 4230 Continuo
1723 4182 1949 4225 currens
1992 4179 2130 4220 unus

534 4300 599 4340 ex
631 4284 732 4349 eis,
767 4286 1037 4347 acceptam
1066 4273 1345 4344 spongiam
1377 4266 1622 4338 implevit
1653 4273 1837 4331 aceto,
1868 4270 1923 4316 et
1954 4259 2130 4328 posuit

534 4372 638 4449 [in]
666 4372 959 4436 arundine,
1002 4377 1057 4424 et
1083 4366 1243 4423 dabat
1267 4364 1316 4419 ei
1350 4363 1556 4418 bibere.
1603 4357 1781 4415 Ceteri
1824 4368 1952 4410 vero
1987 4351 2131 4407 dice—

535 4447 664 4523 bant
685 4483 701 4524 :
724 4464 872 4528 Sine,
906 4460 1181 4516 videamus
1206 4472 1273 4511 an
1305 4454 1482 4510 veniat
1514 4450 1697 4506 Helias
1723 4447 1960 4502 liberans
1984 4457 2129 4498 eum.

537 4560 691 4618 Iesus
734 4566 911 4613 autem
966 4555 1158 4609 iterum
1203 4551 1443 4604 clamans
1490 4557 1620 4599 voce
1670 4554 1897 4609 magna,
1948 4533 2132 4591 emisit

537 4652 804 4723 spiritum.
850 4648 914 4702 Et
940 4660 1068 4701 ecce
1095 4643 1270 4698 velum
1307 4636 1491 4707 templi
1520 4635 1749 4689 scissum
1780 4639 1864 4686 est
1912 4630 1965 4682 in
1993 4626 2130 4681 duas

537 4755 741 4817 partes,
780 4757 810 4797 a
836 4754 1046 4797 summo
1074 4750 1242 4807 usque
1270 4734 1520 4789 deorsum
1550 4746 1563 4793 ;
1596 4737 1650 4782 et
1677 4735 1817 4781 terra
1849 4732 1994 4778 mota
2020 4728 2125 4788 est,

539 4852 593 4897 et
621 4849 782 4909 petra
822 4837 1004 4891 scissas
1033 4840 1177 4894 sunt,
1208 4837 1262 4883 et
1293 4830 1640 4879 monumenta
1680 4827 1865 4887 aperta
1897 4824 2045 4880 sunt,
2074 4820 2131 4868 et

540 4932 708 4989 multa
747 4941 972 4997 corpora
1017 4931 1325 4978 sanctorum
1373 4915 1466 4985 qui
1508 4913 1845 4981 dormierant
1880 4919 2132 4961 surrexe-

460 5070 463 5071 ν
541 5034 686 5083 runt.
720 5024 784 5077 Et
809 5027 1067 5076 exeuntes
1096 5016 1163 5070 de
1203 5009 1566 5066 monumentis
1612 5014 1734 5075 p'ost
1774 5000 2133 5057 resurrectio-

542 5135 666 5175 nem
693 5115 833 5185 ejus,
871 5114 1134 5164 venerunt
1164 5106 1215 5158 in
1248 5111 1486 5158 sanctam
1519 5098 1792 5153 civitatem
1816 5134 1829 5155 ,
1882 5100 1936 5147 et
1972 5104 2139 5161 appa-

460 5200 474 5233 ³
543 5215 767 5265 ruerunt
795 5201 994 5258 multis.
1022 5196 1278 5253 Centurio
1308 5202 1509 5254 autem,
1541 5198 1596 5245 et
1624 5188 1713 5257 qui
1740 5199 1859 5241 cum
1887 5197 1952 5239 eo
1982 5188 2142 5236 erant

544 5301 902 5360 custodientes
932 5292 1138 5360 Iesum,
1168 5290 1281 5345 viso
1310 5298 1465 5343 terrae
1497 5292 1646 5340 motu
1676 5289 1732 5337 et
1776 5280 1859 5333 bis
1893 5292 2015 5347 quae
2048 5277 2142 5330 lie-

548 5394 708 5458 baut,
738 5392 1032 5446 timuerunt
1078 5382 1264 5446 valde,
1316 5378 1561 5433 dicentes
1599 5389 1612 5426 :
1646 5372 1784 5426 Vere
1831 5369 1923 5423 Dei
1976 5365 2145 5421 Filius

550 5492 668 5540 erat
694 5481 815 5537 iste.
848 5478 917 5535 Et
943 5477 1116 5533 omnis
1155 5474 1307 5529 turba
1338 5483 1548 5528 eorum,
1580 5465 1668 5535 qui
1702 5461 1860 5518 simul
1892 5458 2138 5523 aderant,

552 5581 608 5630 et
643 5570 894 5627 videbant
936 5583 1054 5638 quae
1101 5566 1335 5627 ﬁebant,
1377 5558 1742 5629 percutientes
1789 5560 2001 5622 pectora
2050 5564 2146 5605 sua

628 5698 655 5727 ι
693 5685 895 5743 Eadem
929 5684 1052 5738 item
1082 5679 1240 5735 lectio
1286 5680 1354 5731 ad
1387 5675 1546 5733 Sexta
1577 5672 1672 5742 (ita
1713 5663 2053 5735 scribebant)
2090 5664 2145 5719 in

717 5772 909 5811 VICIISI.

717 5775 748 5811 v
807 5772 909 5811 usu.

560 5760 822 5886 ιιῗῖιιξξο
851 5825 1009 5882 lectio
1038 5824 1222 5877 deerat
1245 5821 1299 5875 in
1329 5818 1524 5874 Codice
1549 5814 1736 5870 mutilo
1764 5806 2107 5868 Luxoviensi.

2161 4565 2211 4625 Ι)

2758 3311 2885 3361 DIE
2922 3308 3280 3361 IABBA'I‘O.

2930 3420 3100 3476 Mane.

2298 3546 2474 3602 Altera
2503 3552 2679 3599 autem
2709 3542 2826 3607 die,
2858 3553 2977 3608 qua:
3005 3544 3088 3590 est
3117 3543 3234 3605 post
3265 3531 3597 3586 Parasceven
3622 3569 3635 3594 ,
3682 3543 3828 3584 con-

2225 3644 2490 3695 venerunt
2518 3635 2788 3704 principes
2828 3628 3169 3687 sacerdotum
3202 3635 3253 3680 et
3296 3621 3547 3679 Pharismi
3581 3621 3649 3675 ad
3683 3620 3831 3675 Pila-

2228 3740 2361 3799 tum,
2395 3730 2633 3784 dicentes
2660 3743 2673 3783 :
2704 3726 2949 3786 Domine,
2989 3717 3253 3776 recordati
3282 3728 3486 3779 sumus,
3521 3713 3644 3782 quia
3665 3715 3829 3767 sedu-

2230 3836 2347 3881 ctor
2371 3823 2458 3877 ille
2487 3821 2619 3876 dixit
2640 3819 2814 3873 adhuc
2848 3817 3034 3870 vivens
3060 3830 3073 3868 :
3098 3812 3223 3867 Post
3249 3820 3355 3864 tres
3377 3809 3489 3863 dies
3520 3821 3830 3875 resurgam.

2230 3921 2365 3977 Jube
2412 3934 2539 3987 ergo
2579 3913 2839 3971 custodiri
2880 3911 3180 3978 sepulcrum
3228 3919 3393 3969 usque
3443 3903 3496 3956 in
3544 3901 3685 3955 diem
3723 3908 3829 3953 ter-

2234 4015 2385 4078 tium,
2416 4025 2482 4068 ne
2510 4012 2645 4065 forte
2668 4010 2879 4063 veniant
2909 4004 3153 4073 discipuli
3186 4002 3322 4070 ejus,
3345 4012 3397 4053 et
3427 3997 3671 4051 furentur
3695 4007 3825 4047 eum

2232 4105 2387 4161 nobis
2416 4100 2824 4167 dormientibus,
2850 4105 2903 4151 et
2928 4096 3107 4149 dicant
3139 4092 3275 4162 plebi
3310 4110 3321 4144 :
3350 4086 3597 4145 Surrexit
3621 4100 3649 4137 a
3675 4098 3826 4138 mor-

2233 4197 2371 4258 tuis;
2403 4202 2458 4249 et
2494 4193 2596 4246 erit
2637 4187 2959 4244 novissimus
2991 4198 3143 4240 error
3178 4181 3325 4251 pejor
3375 4178 3561 4247 priori.
3608 4175 3693 4229 Ait
3722 4173 3828 4228 illis

2236 4291 2436 4347 Pilatus
2463 4304 2476 4340 :
2502 4284 2719 4340 Habetis
2741 4280 3058 4343 custodiam,
3084 4278 3176 4340 ite,
3201 4271 3465 4329 custodite
3486 4269 3627 4323 sicut
3651 4266 3825 4321 scitis.

2236 4382 2317 4438 llli
2346 4389 2527 4435 autem
2571 4377 2829 4431 abeuntes
2861 4370 3171 4425 munierunt
3199 4363 3526 4435 sepulcrum,
3556 4361 3829 4431 signantes

2236 4473 2464 4544 lapidem
2494 4483 2616 4526 cum
2641 4464 2971 4522 custodibus.

2651 4581 2825 4642 Incipit
2850 4578 3010 4641 precis
3030 4576 3095 4624 de
3122 4573 3299 4623 eodem
3319 4570 3420 4619 die.

2304 4693 2546 4752 lnsidiati
2576 4699 2699 4747 sunt
2724 4686 2852 4742 mihi
2884 4681 3179 4738 adversarii
3210 4679 3314 4733 mei
3345 4673 3507 4743 Magis
3539 4671 3729 4743 gratis.
3753 4668 3832 4724 Tu

2235 4791 2395 4847 Pater
2422 4793 2606 4843 sancte
2653 4782 2913 4838 miserere
2933 4820 2947 4844 ,
2982 4785 3037 4831 et
3062 4773 3226 4830 libera
3258 4784 3364 4825 me.
3395 4769 3647 4823 Portatus
3680 4779 3795 4819 sum
3816 4806 3831 4827 ,

2235 4894 2292 4941 ut
2318 4896 2488 4953 agnus
2520 4881 2800 4934 innocens.
2828 4871 2895 4927 ad
2923 4870 3228 4930 victimam;
3259 4871 3449 4934 captus
3484 4859 3554 4915 ab
3584 4856 3831 4921 inimicis,

2235 4985 2293 5032 ut
2322 4976 2435 5029 avis
2466 4974 2519 5027 in
2551 4967 2865 5037 tnuscipola.
2908 4961 3045 5032 Mag.
3081 4969 3128 5012 θ.

2314 5070 2652 5136 Aperuerunt
2695 5072 2886 5115 omnes
2936 5068 3031 5109 ora
3073 5066 3167 5107 sua
3199 5056 3384 5106 contra
3416 5061 3503 5101 me
3542 5062 3555 5097 :
3590 5042 3834 5098 dentibus

2246 5133 2609 5223 fremuerunt,
2647 5158 2951 5221 quaerentes
2980 5143 3248 5214 deglutire
3279 5154 3385 5195 me.
3414 5137 3711 5194 Sibilantes
3736 5133 3834 5187 cla-

2248 5248 2491 5310 mabant,
2523 5255 2577 5298 et
2622 5241 2911 5296 movebant
2940 5234 3112 5305 capita
3135 5273 3150 5299 ,
3180 5240 3470 5287 tractantes
3502 5228 3569 5282 de
3602 5244 3687 5280 me
3718 5240 3833 5294 pro-

2249 5339 2390 5397 ferre
2419 5337 2610 5392 falsum
2650 5331 3037 5389 testimonium.
3069 5326 3202 5396 Mag.

2322 5457 2649 5523 Suspensum
2690 5462 2851 5504 cruce
2896 5445 3152 5500 damnant
3188 5439 3356 5493 ﬁxum
3390 5434 3560 5489 clavis
3615 5430 3834 5493 terreis,

2252 5548 2521 5605 venditum
2561 5560 2590 5598 a
2622 5541 2821 5598 Iudaeis
2848 5547 3068 5609 propter
3097 5533 3311 5605 triginta
3340 5539 3646 5600 argenteus.
3679 5526 3736 5579 In
3768 5526 3834 5578 la-

2328 5669 2350 5697 ο
2383 5653 2652 5725 Repetitio
2674 5662 2756 5709 est
2776 5649 3018 5707 versiculi
3049 5647 3227 5725 primi,
3252 5643 3427 5725 _ngis
3452 5644 3639 5725 aratis,
3666 5652 3718 5695 tu
3750 5636 3831 5691 Po

2254 5739 2327 5785 ter
2352 5714 2555 5855 sutili-le,
2588 5736 2720 5792 etc.,
2752 5739 2871 5794 qua:
2918 5714 3167 5791 repetitio
3213 5717 3411 5787 pluries
3460 5714 3518 5768 ﬁt
3553 5715 3610 5769 in
3650 5725 3806 5767 cense

2255 5813 2436 5855 nuenu
2479 5814 2563 5854 us.

2255 5813 2563 5873 quenuuus.
