4060 6346
349 380 464 435 ιῑ97

789 386 1423 452 SACRAMEN'I‘ARIUM
1466 396 1926 455 GALLICANUM.
1950 401 2414 463 —LECTIONES
2453 410 2540 465 DE
2579 411 2900 472 ADVENTU
2945 417 3198 477 DOMINI.

3523 430 3628 486 498

339 506 475 554 tere
519 503 771 559 confusus
798 506 976 576 gladio
1006 508 1302 568 honoriﬁco
1331 522 1356 550 ι
1376 555 1390 579 ,
1430 514 1538 568 illic
1563 514 1782 568 conﬂuit
1805 531 1940 584 aqua
1969 520 2020 579 Α
2049 518 2102 578 iu
2131 532 2342 578 sanctos
2369 535 2422 578 et
2452 527 2606 594 hujus
2635 532 2812 584 saeculi
2843 547 3101 601 pauperes
3125 535 3293 591 effusa
3327 539 3538 610 largitio
3572 544 3628 601 in

331 604 477 646 cum
505 597 761 666 sanguine
796 598 995 655 inoxio.
1027 602 1161 672 Mag.

427 682 624 740 Onmes
663 689 1056 747 inundaverunt
1084 696 1221 749 sicut
1269 709 1401 764 aqua
1431 709 1590 762 super
1617 712 1703 750 me
1738 694 1936 753 dimer-

334 789 469 828 snm
503 778 553 830 in
585 782 913 851 sepulcrum,
944 785 1310 854 adposuerunt
1337 788 1588 858 lapidein.
1623 788 1754 859 Mag.

425 865 662 936 Intende,
688 874 772 941 pie
795 875 973 940 Pater,
999 887 1054 932 et
1080 893 1334 934 succurre
1364 881 1598 947 miseris,
1625 897 1720 950 pro
1745 881 1937 951 quibus

341 963 458 1008 tam
485 953 512 992 ι’
542 960 750 1014 acerbis
777 963 1002 1034 adlligor
1029 969 1327 1037 suppliciis.
1359 971 1523 1040 Magis
1550 973 1718 1041 gratis
1749 983 1802 1027 tu
1837 973 1937 1028 Pa-

340 1054 431 1101 ter
459 1059 646 1107 sancte
676 1056 769 1123 ηυξ
791 1055 828 1109 I.

823 1146 946 1196 Item
971 1147 1059 1197 alia
1086 1153 1150 1200 de
1176 1155 1348 1203 eadem
1371 1155 1470 1204 die.

419 1221 571 1300 Vide,
607 1224 847 1293 Domine,
878 1228 1229 1289 humilitatem
1263 1251 1433 1292 meam
1465 1239 1587 1308 quia
1616 1247 1829 1294 erectus
1852 1250 1938 1297 est

333 1308 611 1367 inimicus.
662 1316 942 1385 Miserere,
986 1322 1143 1378 Pater
1166 1325 1346 1394 juste,
1383 1337 1436 1383 et
1477 1330 1726 1385 omnibus
1757 1332 1935 1388 indul-

335 1401 576 1467 gentiam
608 1403 744 1460 dona
759 1446 772 1460 .

415 1495 460 1546 A
495 1492 654 1550 Patre
678 1499 879 1556 missus
907 1505 1027 1557 veni
1059 1505 1294 1574 perditos
1338 1511 1646 1578 requirere,
1687 1523 1742 1568 et
1783 1515 1937 1573 hoste

337 1584 637 1651 captivatos
667 1593 925 1661 sanguine
955 1595 1240 1655 redimere.
1271 1600 1429 1659 Plebs
1458 1605 1571 1660 dira
1603 1607 1798 1677 abjecit
1825 1625 1930 1666 me.

338 1673 616 1744 Miserere,
651 1680 809 1738 Pater
828 1686 989 1753 juste.

325 1964 593 2022 ceperunt
639 1972 743 2014 me.

407 2044 532 2100 Mihi
567 2063 662 2116 pro
690 2050 843 2106 bonis
872 2055 1010 2110 mala
1043 2059 1245 2115 reddita
1276 2071 1402 2118 sunt
1431 2066 1656 2132 plurima
1691 2087 1704 2122 :
1735 2070 1928 2128 adver-

324 2149 426 2191 sus
455 2154 542 2193 me
570 2142 749 2210 iniqua
778 2144 1040 2203 dederunt
1067 2152 1310 2221 consilia,
1361 2158 1612 2214 venditus
1645 2163 1888 2228 pecunia.

407 2233 657 2303 Spineam
689 2253 940 2295 coronam
989 2257 1280 2319 posuerunt
1310 2250 1506 2319 capiti,
1537 2254 1708 2321 sputis
1752 2253 1927 2311 sordi-

328 2322 519 2379 datum
562 2327 864 2387 inluserunt
892 2335 1072 2404 impie,
1100 2339 1375 2395 adflictum
1404 2344 1713 2402 crudeliter.

406 2416 536 2472 Cum
567 2423 742 2476 noxiis
773 2425 1074 2484 latronibus
1105 2445 1396 2501 suSpensus
1445 2440 1704 2508 patibulo,
1741 2458 1924 2501 amaro

324 2505 452 2562 cibo
483 2521 660 2577 pastus
691 2523 744 2568 et
773 2519 968 2572 acerbo
995 2524 1204 2587 poculo,
1240 2505 1465 2582 traditus
1496 2505 1788 2600 suppliciis.

403 2600 546 2665 Quos
576 2606 695 2658 veni
728 2606 956 2664 liberare
995 2627 1386 2672 accusaverunt
1418 2636 1522 2686 me,
1551 2622 1780 2693 flagellis
1805 2642 1925 2683 ver-

323 2689 573 2746 beratum
604 2695 752 2750 cruci
803 2697 1105 2757 adfixerunt
1135 2720 1222 2760 me
1261 2723 1274 2761 :
1307 2708 1492 2765 lancea
1543 2689 1924 2781 percusserunt

403 2871 618 2931 Dimitte
646 2878 751 2934 illis
792 2896 1006 2949 noxam,
1041 2885 1198 2942 Pater
1226 2889 1646 2952 clementissime
1680 2913 1694 2950 :
1729 2908 1920 2956 cuncta

321 2963 449 3022 dele
480 2979 726 3037 peccata,
774 2982 829 3028 et
865 2977 1045 3032 relaxa
1074 2979 1334 3048 crimina,
1378 2988 1628 3052 ignorant
1675 2992 1803 3061 quid
1843 2993 1920 3049 fa-

322 3057 499 3114 ciunt.

563 3166 798 3204 INCIPIUNT
831 3169 1091 3210 ORAT30NES
1123 3177 1171 3212 IN
1207 3179 1384 3216 Vtetuts
1413 3183 1608 3219 rasuram
1635 3173 1677 3220 ο.

1101 3247 1138 3295 I.

397 3316 541 3374 Inter
580 3322 745 3386 prima
775 3324 1112 3383 celebrandae
1158 3331 1376 3388 Paschae
1409 3337 1723 3404 sollemnia,
1759 3350 1917 3400 voto-

319 3422 443 3462 rum
497 3414 837 3468 consecratio
861 3430 925 3471 ex
958 3421 1249 3486 gratiarum
1295 3427 1508 3482 actione
1550 3440 1725 3485 sumat
1760 3448 1918 3490 exor-

322 3500 470 3554 dium
499 3520 512 3557 :
539 3512 592 3556 ut
624 3520 838 3573 passum
865 3518 917 3564 et
946 3512 1277 3570 immolatum
1310 3533 1406 3586 pro
1445 3521 1599 3577 nobis
1642 3523 1915 3584 Christum

321 3593 633 3660 credentes,
675 3608 728 3652 et
753 3601 892 3653 sacri
932 3604 1214 3661 ministerii
1247 3611 1540 3681 principem
1573 3619 1912 3688 conlitentes,

321 3693 563 3738 consono
593 3700 688 3741 ore
719 3703 1129 3760 prosequamur.

356 3769 419 3819 II.
457 3772 623 3858 Oratie
643 3791 728 3838 pro
753 3780 930 3858 hisﬁqui
949 3785 1279 3858 custodiarum
1302 3792 1507 3842 vinculis
1528 3800 1579 3845 et
1601 3800 1885 3858 caplivitate

584 3847 798 3909 detenti,
824 3851 1010 3902 Pascha
1047 3858 1295 3907 interesse
1322 3874 1417 3911 non
1444 3875 1647 3925 possunt

395 3946 489 4003 Dei
537 3949 708 4006 Patris
759 3955 1139 4025 omnipotentis
1185 3963 1559 4034 clementiam,
1603 3972 1910 4046 carissimi,

318 4035 688 4107 deprecemur,
720 4053 776 4097 ut
795 4059 888 4099 eos
911 4062 1045 4116 quos
1070 4049 1282 4106 invidus
1309 4054 1555 4112 diabolus
1581 4035 1912 4130 captivitatis

318 4130 539 4186 servitio
579 4136 807 4202 premit,
847 4138 943 4194 Dei
982 4143 1152 4197 nostri
1191 4146 1562 4204 misericordia
1613 4154 1664 4207 in
1713 4164 1913 4213 statum

322 4221 607 4289 pristinum
639 4226 1050 4300 libertatemque
1089 4239 1399 4293 constituat.

511 4337 592 4388 Ill.
628 4340 725 4390 Pro
757 4345 1096 4397 sacerdotibus
1127 4362 1183 4398 ac
1216 4352 1455 4402 ministris
1477 4354 1725 4408 Ecclesiae.

392 4442 558 4498 Deum
586 4460 651 4501 ac
689 4447 969 4504 Dominum
1006 4462 1247 4508 nostrum
1279 4455 1464 4512 Jesum
1507 4459 1777 4518 Christum
1812 4479 1907 4534 pro

313 4538 686 4595 sacerdotibus
715 4557 776 4597 ac
813 4544 1072 4601 ministris
1113 4547 1370 4604 Ecclesiae
1400 4566 1511 4607 suae
1531 4595 1547 4620 ,
1596 4554 1793 4611 fratres
1822 4574 1912 4614 ca-

315 4627 549 4695 rissimi,
599 4631 866 4701 supplices
909 4633 1264 4704 deprecemur
1293 4657 1307 4692 :
1335 4649 1389 4694 ut
1439 4643 1665 4713 ingressi
1713 4646 1914 4706 Sancta
1943 4655 1998 4716 D

315 4728 658 4786 sanctorum,
703 4723 974 4794 totiusque
1020 4728 1306 4798 participes
1333 4731 1548 4799 altaris,
1593 4736 1911 4804 spiritalium

315 4810 607 4878 gratiarum
625 4813 780 4870 donis
794 4817 1224 4889 abundantiaque
1247 4823 1559 4879 multimoda
1576 4829 1908 4899 repleamur.

849 4911 930 4962 IV.
969 4914 1066 4964 Pro
1090 4916 1393 4981 Virginibus.

386 4989 551 5045 Deum
604 4991 815 5048 Patrem
855 4998 1309 5068 omnipotentem,
1359 5003 1552 5059 fratres
1594 5006 1903 5077 carissimi,

311 5083 580 5150 supplices
601 5099 813 5140 oremus
835 5103 849 5141 :
873 5099 930 5142 ut
951 5088 1007 5143 in
1031 5090 1288 5148 fratribus
1307 5108 1370 5149 ac
1389 5095 1665 5152 sororibus
1682 5100 1903 5172 nostris,

308 5168 404 5235 qui
426 5179 664 5225 sanctam
694 5182 747 5226 et
775 5174 1010 5231 maxime
1054 5181 1437 5248 acceptabilem
1471 5185 1582 5238 De‘o
1621 5187 1902 5255 virginita-

313 5268 418 5315 tem
452 5260 723 5331 dicaruut,
766 5265 921 5320 bonae
968 5281 1282 5338 conceptum
1327 5276 1522 5330 mentis
1563 5279 1895 5347 propositum

313 5361 589 5424 tenentes,
621 5358 948 5416 itnmaculati
980 5363 1181 5433 jugiter
1221 5369 1587 5434 perseverent.

624 5449 685 5500 ν.
720 5451 816 5503 Pro
838 5451 914 5504 his
936 5457 1020 5517 qui
1047 5455 1383 5522 eleemosynas
1406 5462 1604 5514 faciunt.

383 5527 548 5586 Deum
574 5531 784 5589 Patrem
809 5536 1193 5595 misericordia:
1220 5544 1534 5612 suppliciter
1555 5562 1776 5603 oremus
1801 5563 1818 5603 :
1840 5558 1900 5606 ut

381 5668 407 5761 ἰ
436 5660 753 5761 gegetum
782 5671 1245 5761 confessusgladio
1273 5673 1538 5761 [torri/ica.
1732 5751 1741 5760 .
1779 5750 1790 5761 .

381 5726 405 5766 δ
436 5726 699 5817 Scribitur
719 5726 1114 5817 iti_exémplari,
1143 5726 1449 5812 acervis—,e't
1477 5763 1668 5817 supra,
1698 5750 1903 5806 sivilan-

308 5809 404 5865 ton,
434 5813 489 5858 et
517 5805 620 5859 alia
651 5807 863 5864 similia.

383 5883 420 5949 ο,
447 5873 765 5945 Huiusmodi
788 5882 1058 5942 orationes
1102 5886 1321 5946 totidem
1347 5888 1447 5947 hac
1468 5889 1557 5948 die
1585 5891 1639 5948 in
1665 5890 1898 5949 GOtbico

2045 614 2334 669 caelestium
2365 617 2667 675 divitiarum
2696 637 2824 691 epes
2855 625 3058 692 reIIuat,
3094 637 3147 681 et
3174 630 3466 684 carnalium
3501 648 3627 700 par.

2046 702 2282 772 ticipatio
2309 710 2616 767 societatem
2646 715 2810 785 possit
2834 731 3111 773 munerum
3137 721 3489 789 Spiritualium
3517 739 3629 792 pro-

2047 809 2265 853 mereri.

2387 873 2468 925 V’l.
2505 876 2714 929 Oremus
2737 895 2825 942 pro
2850 885 3297 944 peregrinantibus.

2114 947 2418 1010 Caelestium
2450 967 2503 1012 et
2543 964 2870 1018 terrestrium
2912 967 3077 1021 Deum
3109 969 3321 1023 Patrem
3355 971 3630 1040 supplices

2043 1038 2395 1111 deprecemur
2423 1063 2434 1100 :
2463 1060 2520 1105 ut
2560 1067 2745 1110 omnes
2772 1056 2964 1113 fratres
2988 1069 3221 1127 nostros,
3250 1062 3342 1130 qui
3387 1065 3630 1132 peregri-

2042 1133 2316 1189 nationum
2366 1144 2775 1201 necessitatibus
2812 1149 3120 1218 subjacent,
3164 1156 3398 1221 potentia
3441 1156 3625 1211 auxilii

2042 1228 2126 1282 sui
2173 1241 2417 1303 protegat
2445 1242 2602 1304 atque
2645 1237 2915 1296 defendat.

2597 1329 2704 1380 VII.
2743 1331 2837 1382 Pro
2859 1337 3073 1396 egrotis.

2120 1403 2394 1461 Universae
2419 1410 2608 1465 salutis
2633 1412 2915 1471 Dominum
2945 1419 3298 1486 deprecemur
3325 1438 3420 1490 pro
3451 1425 3630 1481 fratri-

2041 1493 2142 1549 bus
2171 1505 2224 1550 et
2252 1501 2528 1556 sororibus
2557 1507 2786 1575 nostris,
2818 1511 2908 1575 qui
2948 1513 3241 1567 secundum
3275 1518 3451 1572 carnis
3484 1519 3631 1573 infir-

2042 1585 2280 1642 mitatem
2303 1590 2530 1649 diversis
2549 1599 2922 1666 aegritudinum
2952 1615 3208 1661 vexantur
3233 1607 3627 1667 incommodis:

2040 1687 2098 1732 ut
2119 1680 2163 1734 is
2188 1682 2275 1750 qui
2303 1684 2450 1740 solus
2476 1696 2672 1758 potest,
2697 1705 2793 1760 pro
2831 1707 2929 1748 sua
2953 1695 3148 1763 pietate
3173 1701 3418 1756 omnibus
3441 1702 3631 1760 adesse

2040 1769 2307 1841 dignetur.

2503 1848 2635 1900 VIII.
2673 1854 2768 1904 Pro
2793 1856 3170 1911 Pmnitentibus.

2111 1928 2276 1982 Deum
2305 1933 2420 2002 spei
2452 1945 2669 2003 nostrae,
2700 1939 2892 1997 fratres
2917 1945 3202 2013 carissimi,
3229 1947 3580 2018 deprecemur
3613 1969 3626 2005 :

2037 2026 2096 2072 ut
2120 2026 2398 2078 temeratae
2426 2031 2800 2096 prwceptionis
2827 2048 2950 2089 reos
2968 2075 2985 2101 ,
3014 2051 3263 2093 reversos
3294 2041 3345 2093 in
3373 2041 3514 2096 viam
3544 2057 3630 2098 re-

2034 2117 2197 2176 ctam,
2229 2112 2298 2165 ab
2326 2127 2548 2182 aspectu
2575 2124 2884 2179 serenitatis
2915 2141 3028 2181 sua:
3050 2142 3158 2183 non
3189 2131 3417 2198 rejiciat,
3452 2148 3630 2203 neque

2033 2198 2089 2253 in
2119 2203 2355 2260 adventu
2383 2220 2481 2262 suo
2507 2224 2536 2265 a
2561 2214 2712 2277 regni
2742 2217 2974 2272 ctelestis
3003 2219 3161 2286 ianua
3187 2224 3628 2284 condemnandos

2032 2293 2299 2348 excludat.

2489 2391 2574 2444 IX.
2614 2393 2705 2446 Pro
2729 2400 2912 2450 unitate
2936 2401 3186 2453 Ecclesiae.

2105 2468 2377 2528 Bonorum
2408 2480 2646 2534 omnium
2673 2481 2896 2551 fontem,
2941 2496 3218 2544 auctorem
3259 2489 3508 2548 humanae
3536 2507 3625 2550 sa-

2030 2557 2156 2616 lutis
2197 2563 2480 2622 Dominum
2519 2569 2916 2640 deprecemur:
2961 2588 3018 2632 ut
3061 2581 3319 2636 unitatem
3367 2584 3624 2643 Ecclesia:

2025 2652 2334 2711 inviolatam
2363 2663 2636 2717 custodire
2672 2664 2953 2736 dignetur,
2993 2679 3051 2724 ut
3077 2673 3130 2726 in
3160 2676 3414 2741 praesenti
3442 2686 3622 2744 prote-

2027 2746 2282 2813 ctionem,
2310 2759 2362 2804 et
2393 2751 2445 2806 in
2476 2753 2658 2810 futuro
2687 2761 2938 2826 perennis
2967 2761 3090 2818 vita:
3120 2765 3384 2843 stipendia
3426 2781 3624 2828 conse-

2025 2840 2115 2908 qui
2147 2856 2469 2900 mereamur.

2425 2937 2480 2986 X.
2521 2939 2618 2990 Pro
2641 2954 2765 3004 pace
2789 2944 2952 3007 pepuli
2974 2950 3026 2996 et
3049 2959 3243 3011 regum.

2098 3017 2266 3075 Deum
2308 3036 2370 3077 ac
2410 3022 2611 3094 Regem
2653 3029 2917 3085 universae
2965 3033 3293 3091 conditionis
3332 3035 3619 3095 Dominum

2024 3111 2338 3178 suppliciter
2368 3128 2584 3169 oremus
2610 3134 2625 3170 :
2651 3127 2709 3172 ut
2737 3119 2955 3188 regibus
2986 3137 3050 3178 ac
3074 3127 3432 3192 potestatibus
3461 3128 3622 3200 hujus

2024 3200 2230 3267 mundi,
2259 3216 2553 3274 eorumque
2578 3207 2854 3276 ministris,
2884 3213 3183 3281 supplicem
3214 3218 3353 3271 inter
3375 3232 3436 3273 se
3467 3234 3618 3275 amo-

1949 3278 1995 3342 C
2025 3303 2138 3346 rem
2168 3300 2223 3346 et
2247 3295 2590 3350 concordiam
2622 3298 2898 3367 largiatur.

2402 3383 2482 3434 XI.
2520 3386 2618 3437 Pro
2639 3389 2894 3449 spiritibus
2918 3397 3246 3454 pausantium.

2096 3463 2262 3519 Deum
2291 3465 2502 3523 Patrem
2517 3469 2958 3540 omnipotentem,
2987 3474 3181 3532 fratres
3207 3477 3490 3546 carissimi,
3521 3497 3632 3552 pre,

2022 3561 2534 3616 commemoratione
2563 3561 2936 3620 defunctorum
2967 3568 3239 3637 supplices
3269 3585 3487 3627 oremus
3513 3590 3526 3627 :
3563 3583 3623 3633 ut

2020 3647 2224 3703 eisdem
2259 3651 2538 3719 Dominus,
2568 3655 2870 3712 adtenuatis
2897 3673 3017 3728 quae
3048 3661 3241 3716 merito
3268 3676 3459 3730 aspera
3488 3674 3618 3721 sunt

2021 3741 2194 3808 culpa:
2222 3744 2465 3811 piaculis,
2499 3747 2918 3807 clementissime
2950 3752 3288 3810 remissionis
3315 3769 3428 3811 suae
3459 3758 3619 3816 refri-

2022 3829 2169 3898 geria
2208 3831 2482 3902 largiatur.

2487 3949 2596 4001 XII.
2633 3952 2731 4003 Pro
2752 3956 3165 4017 competentibus.

2094 4047 2188 4104 Dei
2220 4049 2393 4106 Patris
2424 4053 2846 4111 misericordiam
2875 4072 2973 4128 pro
3001 4063 3454 4131 competentibus,
3502 4063 3617 4121 fra-

2022 4148 2132 4197 tres
2176 4144 2461 4212 carissimi,
2496 4149 2765 4217 supplices
2794 4151 3176 4223 deprecemur,
3226 4165 3284 4211 ut
3315 4171 3409 4212 eos
3440 4157 3617 4214 Domi-

2019 4247 2123 4287 nus
2147 4235 2488 4303 omnipotens
2517 4238 2584 4293 ad
2609 4239 2811 4296 fontem
2839 4257 2951 4298 sum
2977 4248 3401 4314 regenerationis
3424 4257 3615 4307 euntes

2019 4323 2167 4377 omni
2205 4323 2440 4380 caelestis
2472 4328 2854 4386 misericordiae
2884 4333 3082 4389 auxilio
3126 4346 3502 4407 prosequatur.

2691 4439 2925 4491 Collectie

2088 4516 2292 4573 Auctor
2335 4521 2703 4578 universitatis
2744 4539 2807 4580 ac
2837 4526 3062 4583 Domine
3088 4536 3141 4584 te
3178 4528 3529 4598 deprecamur
3556 4543 3614 4592 et

2021 4621 2331 4677 quaesumus
2352 4651 2366 4675 ,
2411 4621 2471 4666 ut
2515 4613 2866 4671 mortificatos
2900 4619 3127 4673 terrenis
3155 4620 3296 4675 vitiis
3328 4621 3380 4676 in
3413 4638 3612 4681 novum

2019 4699 2297 4759 hominem
2346 4705 2442 4760 tibi
2491 4709 2699 4762 servire
2740 4711 2962 4778 patiaris
3006 4726 3104 4781 per
3163 4725 3531 4784 resurgentem
3579 4732 3611 4774 a

2018 4797 2247 4851 mortuis
2277 4798 2562 4856 Dominum
2591 4810 2833 4856 nostrum
2862 4802 3048 4858 Jesum
3075 4802 3370 4863 Christum.

2077 4923 2354 4960 BKNEDICTIO
2385 4926 2521 4960 CEREI
2553 4927 2716 4962 SANCTI
2748 4918 2995 4965 Κυοεετικι
3031 4931 3258 4978 EPISCOPI,
3292 4934 3390 4971 ουκ
3422 4935 3577 4972 Δυηῦα

2358 4997 2584 5035 DIACONUS
2619 4999 2772 5048 ESSET,
2807 5003 3010 5052 aecum,
3044 5004 3205 5040 urceus
3227 4989 3270 5041 ἀ.

2088 5084 2306 5143 Exultet
2327 5088 2437 5157 jam
2467 5091 2709 5160 angelica
2741 5095 2894 5149 turba
2928 5095 3181 5151 caelorum
3208 5115 3219 5148 :
3251 5096 3491 5151 exultent
3526 5096 3606 5150 di-

2015 5177 2135 5232 vina
2167 5181 2453 5249 mysteria,
2492 5194 2544 5239 et
2571 5201 2667 5255 pro
2697 5189 2828 5242 tanti
2861 5187 3020 5257 Regis
3061 5189 3282 5245 victoria
3315 5191 3438 5244 tuba
3465 5191 3605 5244 into-.

2014 5277 2108 5325 net
2135 5272 2436 5327 salvatoris.
2467 5274 2709 5332 Gaudeat
2736 5293 2796 5334 se
2836 5280 2999 5335 tantis
3031 5280 3173 5335 illius
3204 5281 3461 5335 inradiata
3501 5283 3604 5337 ful-

2007 5362 2246 5430 goribus,
2277 5366 2463 5420 aeterni
2491 5367 2649 5438 Regis
2676 5370 2962 5437 splendore
2988 5373 3232 5437 lustrata,
3269 5374 3428 5428 totius
3450 5376 3600 5432 orbis

2003 5464 2066 5507 se
2103 5455 2298 5508 sentiat
2325 5458 2570 5513 amisisse
2612 5461 2912 5530 caliginem.
2938 5463 3168 5517 Laetetur
3198 5474 3376 5528 mater,
3400 5465 3594 5522 Eccle-

2003 5543 2081 5599 sia
2107 5547 2238 5600 tanti
2265 5546 2479 5604 luminis
2500 5560 2687 5606 ornata
2710 5551 2938 5622 fulgore,
2961 5563 3015 5609 et
3041 5555 3248 5624 magnis
3270 5558 3591 5626 populorum

2005 5678 2190 5766 itidem
2217 5681 2509 5766 habentur,
2533 5686 2627 5741 sed
2657 5689 2836 5755 paullo
2861 5690 3093 5748 diversas
3120 5692 3188 5750 ab
3227 5693 3312 5750 bis
3336 5711 3454 5766 qua:
3484 5696 3588 5753 hoc

2005 5749 2121 5805 loco
2153 5752 2476 5808 referuntur.

2076 5822 2100 5902 ξι
2126 5821 2504 5904 ,ΙᾱριιιηῐὶιυΙιιε
2526 5826 2578 5904 in
2609 5827 2854 5904 Gothico.
2885 5833 3048 5893 Multa
3069 5833 3158 5893 hic
3182 5837 3459 5904 mendosa,
3489 5838 3585 5903 sed

2001 5891 2168 5949 cuivis
2198 5892 2350 5950 facile
2378 5897 2731 5956 emendanda.
