4060 6346
510 384 617 441 499

510 597 706 651 fratres
733 589 1018 659 carissimi,
1048 588 1111 644 ad
1146 598 1250 642 tam
1274 586 1462 641 miram
1494 581 1659 636 sancti
1690 578 1849 645 hujus
1875 572 2093 630 luminis

509 686 808 743 claritatem
837 697 941 738 una
962 694 1194 745 mecum,
1226 690 1427 746 quteso.
1460 672 1552 727 Dei
1582 666 1963 728 omnipotentis
1994 664 2094 718 mi-

507 776 859 834 sericordiam
891 774 1162 835 invocate;
1196 776 1252 822 ut
1281 767 1370 835 qui
1402 778 1500 818 nos
1529 761 1775 830 dignatus
1804 768 1885 813 est
1910 755 2096 826 adgre-

506 883 669 940 gare,
704 864 916 921 luminis
960 863 1042 919 sui
1090 859 1315 930 gratiam
1348 852 1694 916 infundénte,
1745 848 1890 905 cerei
1938 848 2097 916 hujus

506 959 725 1015 laudem
755 956 977 1026 implere
1002 950 1283 1023 percipiat.
1314 947 1540 1004 Sursum
1571 943 1754 1000 corda.
1789 942 2016 1011 Dignum
2042 949 2099 997 et

504 1052 712 1123 justum
755 1058 841 1105 est
869 1045 1188 1102 invisibiletu
1218 1040 1520 1103 Dominum,
1549 1037 1973 1107 omnipotentem
2007 1035 2096 1091 Pa—

507 1153 673 1210 trem,
710 1140 1010 1208 Filiumque
1052 1134 1379 1204 unigenitum
1412 1131 1696 1186 Dominum
1738 1134 1981 1182 nostrqu
2010 1125 2099 1181 Je—

513 1253 632 1293 sum
661 1234 953 1297 Chrtsmm,
987 1242 1099 1286 tcto
1128 1233 1306 1283 cordis
1335 1240 1398 1281 ac
1424 1222 1620 1278 mentis
1650 1220 1845 1275 affectu
1870 1228 1925 1276 et
1952 1215 2099 1274 vocis

510 1330 814 1390 ministerio
854 1321 1323 1398 personareuQui
1369 1331 1467 1389 pro
1512 1315 1666 1371 nobis
1703 1324 1908 1368 mternn
1952 1310 2097 1366 Patri

510 1425 642 1482 Ada:
668 1423 906 1479 demtum
931 1420 1123 1480 solvit;
1156 1425 1210 1472 et
1230 1413 1431 1470 veteris
1456 1410 1646 1476 piaculi
1679 1408 1979 1463 cautionem
2009 1408 2098 1475 pio

507 1533 706 1575 cruore
733 1514 977 1572 detersit.
1020 1511 1147 1566 Haec
1197 1517 1321 1561 sunt
1352 1505 1494 1560 enim
1538 1503 1672 1556 festa
1695 1499 1999 1561 Paschalia,
2044 1498 2098 1552 in

505 1612 701 1681 quibus
736 1621 899 1664 verus
927 1605 1021 1661 ille
1056 1602 1241 1671 Agnus
1267 1596 1567 1658 occiditur,
1613 1591 1837 1661 ejusque
1882 1588 2100 1656 sanguis

504 1705 751 1775 postibus
777 1704 1146 1761 consecratur,
1175 1695 1228 1746 in
1253 1706 1355 1761 qua
1391 1687 1623 1757 primum
1655 1686 1793 1740 scire
1814 1692 2025 1747 tempus
2043 1690 2099 1736 et

508 1802 716 1866 horam,
742 1797 795 1850 in
818 1808 919 1863 qua
942 1790 1187 1845 Christus
1208 1785 1274 1841 ab
1292 1782 1475 1838 inferis
1495 1778 1806 1836 resurrexit.
1838 1776 1964 1830 nec
1987 1789 2095 1828 nox

1315 371 1658 433 APPENDIX
1700 370 1791 425 AD
1830 366 2061 426 OPERA
2100 362 2161 417 Β.
2205 361 2516 419 ΟΕΒΜΑΝΙ
2559 362 3005 422 ΡΆΒΙΒΙΕΝΒΙΞ.

508 502 734 561 vocibus
784 501 899 557 haec
941 498 1060 555 aula
1109 494 1355 552 resultet.
1395 492 1509 562 Qua
1544 486 1875 544 adstantibus
1922 482 2095 542 vobis,
2123 476 2179 539 Α

3699 358 3804 415 ΒΝ

2614 520 2676 554 Α»
2708 516 3023 553 enata-rum
3054 512 3324 551 rictum
3347 498 3393 546 ⁸.

2216 676 2219 679 _
2279 610 2417 664 Deus
2446 610 2683 665 caritatis
2718 608 2878 665 totius
2905 608 3258 665 conﬁrmatur
3291 616 3350 662 et
3384 605 3679 669 conditor,
3712 608 3803 676 qui

2204 699 2441 757 maculas
2472 702 2656 757 mundi
2683 712 2912 759 mortem
2938 701 3225 772 fugandam
3256 698 3435 755 fecisti
3456 738 3472 762 ,
3506 708 3565 753 te
3589 712 3806 753 «amns

2203 804 2256 850 et
2286 807 2613 863 quaesumus,
2656 800 2717 848 ut
2742 794 3013 849 custodias
3037 793 3275 848 animam
3299 791 3487 846 famuli
3517 790 3604 845 tui
3635 790 3721 845 ill.
3752 800 3807 845 ut

2202 888 2414 942 calcato
2460 888 2677 944 diabolo
2712 888 3047 944 conrobores
3084 901 3240 953 eum;
3274 893 3333 940 ut
3370 885 3533 954 primi
3570 884 3807 952 parentis

2200 979 2432 1037 detersis
2461 980 2715 1046 tenebris,
2744 978 3097 1035 christianum
3152 990 3346 1033 nomen
3376 975 3489 1033 ﬂde
3515 974 3803 1045 percipiat.

2870 1090 2998 1139 Item
3018 1088 3133 1137 alia.

2276 1193 2418 1248 Deus
2446 1193 2536 1264 qui
2582 1189 2786 1260 perdita
2813 1204 3053 1260 reparas,
3080 1197 3138 1245 et
3179 1198 3424 1257 reparata
3463 1200 3804 1251 conservas;

2204 1278 2345 1338 Deus
2374 1282 2463 1354 qui
2490 1280 2839 1353 opprobrium
2869 1276 3186 1351 gentilitatis
3216 1278 3429 1348 signare
3458 1276 3566 1331 sub
3594 1277 3810 1331 titulum

2203 1376 2435 1432 nominis
2466 1376 2540 1431 tui
2572 1373 2899 1445 precepisti,
2926 1380 2987 1428 ut
3012 1371 3080 1426 ad
3104 1370 3306 1426 fontem
3332 1367 3592 1440 baptismi
3618 1382 3811 1438 pene.

2202 1470 2319 1523 nire
2357 1474 2668 1522 mereantur

2865 1578 2994 1629 Item
3022 1575 3133 1627 alia.

2274 1685 2503 1741 Domine
2523 1693 2709 1739 sancte
2738 1684 2896 1740 Pater
2922 1684 3263 1754 omnipotens
3287 1692 3488 1738 mterne
3510 1679 3692 1747 Deus,
3711 1680 3810 1751 qui

2202 1776 2381 1833 fecistl
2405 1777 2597 1833 caelum
2629 1785 2687 1832 et
2727 1784 2964 1839 terram.
2996 1789 3143 1831 mare
3171 1784 3226 1830 et
3267 1776 3447 1831 omnia
3476 1789 3607 1845 qua
3645 1774 3704 1829 in
3730 1775 3814 1829 eis

509 1854 613 1956 est,
643 1854 715 1943 de
733 1854 849 1956 qua-
871 1880 1126 1950 scriptum
1153 1885 1272 1931 est:
1305 1870 1371 1929 Et
1400 1887 1505 1926 nox
1532 1879 1588 1924 ut
1617 1869 1732 1924 dies
1764 1866 2099 1922 inluminahi-
2128 1854 2177 1917 Β
2205 1878 2361 1934 sum;
2393 1870 2667 1940 respicere
2700 1867 2937 1939 dignem
2984 1866 3051 1923 ,α
3094 1880 3280 1936 preces
3312 1865 3638 1922 humilitatis
3668 1879 3810 1921 mea

509 1990 627 2045 tur,
674 1985 727 2031 et
757 1990 860 2030 nox
892 1967 1228 2027 inluminatio
1259 1978 1374 2021 mea
1414 1964 1468 2018 in
1494 1960 1700 2018 deliciis
1741 1959 1892 2014 meis.
1930 1956 2098 2026 Hujus

511 2070 677 2138 igitur
705 2062 1054 2122 sanctificatio
1083 2057 1253 2114 noctis
1287 2056 1431 2127 fugat
1469 2053 1693 2118 scelera,
1726 2050 1909 2119 culpas
1934 2049 2095 2116 lavat,

513 2169 567 2216 et
597 2157 772 2213 reddit
802 2152 1157 2210 innocentiam
1191 2147 1376 2218 lapsis,
1412 2145 1614 2201 maestis
1642 2143 1878 2197 lmtitiam
1907 2159 1919 2194 :
1955 2139 2102 2206 fugat

512 2248 657 2313 odia,
687 2244 1027 2301 concordiam
1069 2248 1252 2311 parat,
1278 2246 1333 2295 et
1355 2246 1545 2294 curvat
1589 2234 1835 2303 imperia.
1858 2230 1913 2287 in
1942 2230 2102 2301 hujus

514 2342 673 2410 igitur
713 2340 886 2394 noctis
925 2338 1147 2407 gratiam
1177 2332 1419 2401 suscipe,
1455 2336 1639 2384 sancte
1671 2328 1857 2391 Pater,
1898 2324 2101 2379 incensi

513 2435 671 2505 hujus
711 2430 1032 2488 sacrificium
1086 2426 1488 2497 veSpertinum,
1540 2422 1681 2491 quod
1723 2422 1773 2475 in
1821 2421 1917 2475 hac
1959 2420 2102 2474 cerei

516 2528 787 2584 oblatione
813 2522 1062 2580 sollemni
1095 2534 1190 2589 per
1215 2516 1584 2574 ministrorum
1616 2525 1803 2568 manus
1825 2510 1894 2568 de
1922 2510 2103 2579 operi-

514 2616 619 2675 bus
647 2632 805 2687 apum
843 2620 1184 2671 sacrosancta
1214 2608 1396 2665 reddit
1429 2606 1695 2661 Ecclesia.
1728 2602 1831 2659 Sed
1862 2602 1970 2675 jam
2016 2618 2107 2658 co-

520 2710 721 2765 lumnae
744 2707 901 2778 hujus
933 2704 1202 2776 praeconia
1227 2703 1488 2765 novimus,
1515 2713 1671 2765 quam
1698 2697 1749 2751 in
1780 2697 1983 2751 honore
2012 2694 2107 2751 Dei

521 2802 751 2861 rutilans
788 2798 927 2869 ignis
975 2795 1237 2852 accendit.
1287 2791 1386 2861 Qui
1426 2791 1549 2845 licet
1579 2790 1778 2844 divisus
1806 2789 1858 2843 in
1890 2799 2105 2858 partes,

522 2891 749 2950 mutuati
774 2888 995 2944 inminis
1020 2887 1338 2940 detrimenta
1368 2898 1473 2936 non
1506 2883 1677 2936 novit.
1708 2879 1880 2934 Alitur
1909 2877 2109 2948 liquan-

522 2982 671 3039 tibus
702 2982 874 3048 ceris,
905 2988 1037 3050 quas
1076 2979 1126 3032 in
1158 2972 1453 3030 substantia
1495 2973 1751 3041 preciosre
1795 2970 1949 3040 hujus
1980 2970 2111 3023 Iam-

523 3072 675 3144 patlis
718 3072 834 3141 apis
864 3077 1034 3124 mater
1071 3064 1273 3121 eduxit.
1314 3062 1445 3133 Apis
1476 3062 1673 3118 ceteris
1715 3076 1835 3132 quae
1869 3059 2109 3130 subjecta

522 3174 649 3224 sunt
679 3163 879 3221 homini
915 3159 1276 3218 animantibus
1305 3156 1597 3221 antecellit,
1626 3170 1747 3209 cum
1780 3154 1849 3208 sit
1887 3154 2107 3208 minima

524 3257 765 3327 corporis
794 3257 1074 3325 parvitate,
1101 3250 1345 3321 ingentes
1373 3249 1581 3303 animas
1602 3254 1825 3317 angusto
1854 3257 2031 3301 versat
2054 3246 2108 3299 in

528 3359 773 3420 pectore,
824 3345 1024 3399 viribus
1052 3340 1343 3407 inbecillis,
1380 3337 1474 3394 sed
1510 3337 1661 3392 fortis
1704 3337 1939 3406 ingenio.
1985 3334 2110 3389 Haec

526 3440 798 3510 explorata
825 3446 1123 3505 temporum
1155 3431 1289 3499 vice,
1320 3446 1441 3486 cutn
1466 3430 1718 3485 canitiem
1750 3430 2006 3499 pruinosa
2029 3426 2111 3482 hi-

529 3531 695 3588 berna
725 3536 1046 3598 posuerunt,
1079 3533 1135 3579 et
1178 3522 1399 3594 glaciale
1433 3520 1640 3575 senium
1674 3519 1821 3575 verni
1856 3518 2107 3587 temporis

528 3620 800 3677 moderata
848 3612 1167 3680 deterserit,
1215 3612 1393 3666 statim
1426 3606 1725 3681 prodeundi
1755 3607 1821 3662 ad
1872 3606 2106 3662 laborem

528 3727 653 3768 cura
685 3709 961 3766 succendit
986 3725 999 3762 :
1031 3706 1391 3773 dispersasque
1416 3716 1512 3773 per
1544 3714 1701 3772 agros
1730 3699 1959 3754 libratim
1984 3713 2110 3769 pau-

528 3800 694 3857 lulum
734 3798 1012 3869 pinnibns,
1057 3795 1302 3850 cruribus
1341 3791 1615 3863 suspensis
1648 3791 1921 3857 insidunt,
1961 3798 2110 3861 parte

529 3911 624 3951 ore
652 3895 830 3962 legere
873 3890 1157 3953 ﬂosculos,
1197 3885 1439 3940 oneratis
1467 3882 1785 3938 victualihus
1831 3883 1896 3937 ad
1935 3896 2109 3937 eaStra

531 3995 805 4050 remeant;
838 3983 1014 4051 ibique
1042 3978 1161 4033 alia:
1189 3976 1544 4033 inaestimabili
1592 3984 1739 4042 arte,
1780 3974 2001 4030 cellulas
2032 3982 2111 4028 te-

532 4079 651 4134 naci
680 4076 883 4145 glutino
917 4074 1205 4127 instruunt.
1243 4070 1374 4125 Alia:
1407 4069 1661 4138 liquentia
1699 4067 1854 4122 mella
1885 4068 2106 4135 stipant,

533 4173 653 4228 alia:
680 4177 890 4225 vertunt
920 4168 1078 4222 ﬂores
1105 4166 1158 4219 in
1193 4176 1394 4227 ceram,
1424 4162 1547 4217 alia:
1573 4174 1668 4216 ore
1698 4169 1851 4217 natos
1882 4160 2107 4230 ﬁngunt,

534 4265 656 4320 alia:
700 4262 938 4319 collectis
962 4274 993 4316 e
1017 4260 1154 4315 foliis
1180 4267 1361 4313 nectar
1391 4256 1685 4312 includunt.
1721 4252 1767 4307 Ο
1802 4266 1931 4308 vere
1956 4253 2111 4307 beata

537 4375 591 4421 et
632 4362 890 4419 mirabilis
916 4361 1064 4427 apis,
1097 4356 1250 4428 cujus
1280 4370 1378 4411 nec
1403 4368 1589 4413 sexum
1618 4350 1845 4409 masculi
1886 4352 2109 4416 violant,

538 4470 637 4511 nec
676 4453 768 4508 filii
798 4453 1077 4507 destruunt
1107 4448 1443 4504 castitatem:
1474 4448 1611 4501 sicut
1646 4456 1829 4499 saneta
1866 4444 2116 4513 concepit

534 4546 731 4613 Maria,
774 4545 922 4613 virgo
968 4541 1203 4611 peperit,
1244 4547 1301 4594 et
1342 4538 1497 4607 virgo
1539 4538 1857 4605 permansit.
1894 4534 1941 4589 0
1987 4533 2151 4613 vere,

2137 4590 2195 4655 D

537 4637 689 4693 beata
712 4636 844 4690 nox!
869 4649 984 4703 qua:
1002 4632 1293 4702 expoliavit
1306 4629 1608 4700 Egyptlos,
1626 4628 1816 4681 ditavit
1837 4626 2109 4681 Hebraeos.

536 4729 675 4793 Nox,
702 4729 754 4783 in
787 4740 889 4796 qua
918 4725 1143 4779 terrenis
1179 4721 1414 4777 caelestia
1436 4720 1749 4789 junguntur.
1781 4718 2013 4773 Oramus
2039 4726 2112 4783 te,

540 4823 783 4887 Domine,
820 4828 877 4874 ut
896 4832 1086 4873 cereus
1117 4816 1218 4870 iste
1242 4815 1295 4868 in
1324 4813 1583 4868 honorem
1616 4808 1848 4865 nominis
1880 4810 1953 4863 tui
1981 4822 2105 4864 cem

539 4921 796 4975 sectatus,
826 4909 895 4964 ad
926 4907 1094 4962 noctis
1122 4904 1280 4975 hujus
1305 4902 1558 4971 caligines
1587 4899 1941 4959 destruendas
1967 4898 2117 4954 inde-

542 5004 729 5059 ticiens
769 5004 819 5054 in
846 4999 1066 5057 odorem
1093 4993 1371 5051 suavitatis
1405 5000 1657 5061 acceptus
1685 4991 1931 5060 supernis
1960 4991 2120 5046 lumi-

541 5096 759 5151 naribus
773 5093 1082 5154 misceatur,
1104 5089 1450 5157 ﬂammasque
1463 5086 1585 5157 ejus
1601 5085 1816 5142 Lucifer
1831 5086 2123 5143 matutinus

543 5188 804 5244 inveniat.
854 5184 951 5239 ille
992 5182 1205 5251 inquam
1236 5180 1473 5247 Lucifer,
1505 5181 1595 5251 qui
1635 5179 1806 5235 nescit
1850 5193 2120 5235 occasum.

543 5280 639 5336 ille
668 5280 758 5351 qui
788 5291 1061 5347 regressus
1089 5275 1156 5330 ab
1182 5273 1386 5339 inferis,
1436 5272 1668 5329 humano
1693 5272 1877 5342 generi
1906 5284 2127 5327 serenus

542 5371 753 5426 inluxit.
779 5369 1068 5424 Precaniur
1086 5381 1240 5436 ergo,
1262 5365 1509 5429 Domine,
1535 5372 1592 5419 ut
1609 5378 1709 5419 nos
1734 5362 1965 5418 famulos
1985 5370 2125 5425 tuos,

544 5478 760 5519 omnem
803 5461 1038 5525 clerum,
1086 5468 1141 5515 et
1184 5457 1590 5513 devotissimum
1634 5455 1919 5524 populum,
1949 5453 2127 5522 quiete

547 5562 849 5623 temporum
877 5566 1170 5617 concessa,
1213 5550 1270 5605 in
1309 5548 1393 5605 his
1421 5546 1760 5619 paschalibus
1806 5557 2127 5601 cortservare

547 5644 807 5716 digneris.

588 5820 837 5950 eagilem
868 5818 1051 5877 titulus
1079 5817 1241 5877 etiam
1272 5819 1327 5875 in
1354 5816 1601 5884 Gothico,
1630 5813 1725 5874 sed
1757 5813 2030 5872 orationes
2047 5813 2133 5871 di-

553 5909 746 5950 versat.

2204 1978 2305 2034 pro
2344 1960 2547 2017 famulo
2592 1970 2685 2017 tuo
2716 1962 2827 2028 ill.,
2874 1975 2967 2030 per
2996 1959 3387 2017 invocationem
3433 1959 3683 2015 nominis
3735 1957 3814 2012 tui

2205 2054 2496 2110 confirmes
2523 2067 2646 2109 eum
2663 2092 2678 2117 ,
2719 2051 3009 2107 inlumiues
3031 2051 3237 2104 vultum
3263 2048 3523 2104 claritatis
3552 2057 3671 2102 tua:
3712 2061 3811 2102 su-

2208 2163 2305 2215 per
2344 2162 2487 2204 cum.
2522 2146 2849 2202 Benediccre
2878 2153 2933 2201 et
2968 2143 3303 2199 sanctificare
3351 2141 3621 2212 digneris;
3672 2140 3817 2195 sicut

2208 2239 2530 2296 benedixiin
2554 2239 2777 2294 domum
2803 2236 3093 2303 Abraham,
3127 2234 3305 2301 Isaac,
3338 2244 3394 2290 et
3418 2233 3608 2289 Iacob.
3645 2232 3815 2287 Adsi-

2209 2348 2310 2402 gna
2332 2334 2380 2386 ei
2405 2331 2654 2401 angelum
2680 2330 2849 2399 pacis,
2868 2329 3115 2399 angelum
3139 2324 3540 2388 misericordiae,
3561 2322 3811 2390 quicum

2208 2423 2469 2496 perducat
2498 2422 2563 2477 ad
2607 2422 2768 2477 vitam
2798 2430 3059 2477 aeternam
3079 2460 3095 2486 ,
3123 2418 3408 2489 adjuvante
3438 2416 3648 2484 Spiritu
3682 2428 3813 2469 san-

2210 2523 2319 2581 cto,
2342 2524 2397 2572 et
2416 2514 2485 2570 de
2508 2513 2748 2570 faucibus
2775 2512 2973 2568 inimici
2998 2511 3194 2567 liberes
3218 2523 3365 2576 eum,
3389 2517 3442 2564 et
3462 2522 3559 2576 per
3580 2506 3810 2576 signum

2210 2608 2337 2667 Jesu
2378 2606 2579 2663 Christi
2621 2615 2832 2676 tempus
2877 2606 3001 2660 vitae
3050 2616 3162 2660 sua:
3202 2601 3458 2672 religiose
3504 2596 3813 2654 consistat.

2210 2699 2315 2757 Per

2286 2812 2426 2866 Deus
2454 2811 2545 2880 qui
2573 2823 2652 2879 es,
2687 2814 2743 2863 et
2761 2806 2852 2878 qui
2891 2821 3031 2873 eras,
3061 2814 3116 2862 et
3146 2818 3427 2875 permanes
3452 2816 3621 2872 usque
3652 2802 3717 2856 in
3752 2802 3817 2855 fl—

2213 2917 2337 2959 Iem
2364 2900 2577 2967 saeculi,
2604 2898 2763 2970 cujus
2785 2898 2937 2969 origo
2971 2898 3226 2962 nescitur,
3269 2910 3367 2952 nec
3394 2893 3518 2949 ﬂuis
3544 2906 3813 2962 eornpre-

2214 2991 2451 3048 hendere
2493 2998 2700 3061 potest;
2735 2999 2788 3044 te
2817 3002 3037 3044 eramus
3064 2995 3116 3042 et
3154 2998 3486 3056 quasumus,
3523 2990 3586 3037 ut
3611 2990 3813 3039 enato.

2216 3083 2334 3138 dias
2371 3082 2602 3138 animam
2648 3079 2830 3135 famuli
2868 3080 2943 3134 tui
2988 3079 3067 3133 ill.
3113 3092 3270 3148 quem
3316 3075 3551 3131 liberasti
3598 3072 3673 3128 de
3706 3086 3815 3127 ore

2214 3174 2513 3244 gentilium,
2535 3181 2593 3229 et
2612 3186 2646 3225 a
2666 3170 3077 3227 conversatione
3101 3166 3353 3237 pessima.
3384 3165 3610 3234 Dignare
3630 3176 3788 3217 exau
3804 3193 3817 3203 -

2213 3268 2330 3323 dire
2355 3281 2496 3331 eum,
2519 3264 2609 3335 qui
2636 3263 2731 3318 tibi
2753 3263 2993 3318 cervices
3019 3273 3145 3314 suas
3173 3258 3418 3312 humiliat
3443 3264 3497 3311 et
3517 3253 3818 3324 perveniat

2212 3356 2279 3412 ad
2310 3356 2631 3425 baptismum
2668 3353 2828 3408 fontis
2853 3351 3259 3421 regeneratioue
3306 3360 3370 3404 ex
3401 3361 3535 3415 aqua
3569 3353 3623 3400 et
3664 3345 3815 3415 Spi-

2210 3448 2319 3503 ritu
2347 3454 2553 3513 sancte,
2586 3443 2677 3515 qui
2704 3456 2825 3499 cum
2856 3443 3018 3497 Patre
3044 3449 3098 3497 et
3128 3441 3266 3496 Filio
3289 3440 3424 3494 vivit
3445 3446 3500 3494 et
3522 3449 3738 3501 regnat.

2286 3554 2441 3613 Facis
2465 3558 2668 3629 signum
2687 3556 2724 3627 ’ἵ
2746 3556 2797 3609 in
2820 3570 2931 3609 eum
2953 3563 2998 3607 et
3027 3553 3163 3607 dices
3190 3552 3508 3624 Symbolum.

2284 3669 2479 3739 Accipe
2500 3671 2713 3739 signum
2735 3666 2911 3723 crucis
2934 3676 3041 3722 tam
3062 3665 3118 3721 in
3139 3664 3333 3733 fronte,
3355 3678 3515 3736 quam
3535 3664 3590 3718 in
3610 3668 3815 3719 corde.

2212 3758 2439 3828 Semper
2463 3766 2582 3812 esto
2628 3754 2821 3811 ﬂdelis.
2854 3754 3131 3825 Templum
3158 3754 3251 3811 Dei
3300 3753 3615 3824 ingredere;
3659 3751 3821 3807 idola

2212 3850 2545 3919 derelinque.
2591 3845 2722 3903 Cole
2767 3844 2934 3902 Deum
2979 3845 3195 3902 Patrem
3238 3844 3693 3913 omnipotentem,
3754 3850 3818 3898 et

2213 3942 2394 4000 Jesum
2422 3940 2695 3996 Christum
2723 3937 2917 3994 Filium
2946 3937 3087 4008 ejus,
3128 3937 3218 4009 qui
3266 3945 3525 3992 venturus
3548 3946 3635 3991 est
3656 3933 3815 4005 judi-

2212 4050 2343 4093 care
2365 4034 2521 4091 vivos
2551 4042 2607 4089 ct
2635 4040 2894 4099 mortuos,
2923 4040 2980 4087 et
3016 4030 3270 4086 saeculum
3298 4044 3394 4101 per
3433 4030 3649 4104 ignem,
3674 4042 3814 4086 cum

2213 4127 2419 4198 Spiritu
2441 4135 2629 4183 sancto
2651 4124 2705 4180 in
2732 4123 2928 4180 saecula
2956 4125 3301 4189 siliculorum.

2285 4240 2413 4296 Post
2439 4238 2548 4295 haec
2574 4237 2850 4309 insufﬂabis
2877 4236 2936 4291 iis
2958 4250 3023 4291 ss
3042 4237 3155 4306 ejus
3184 4244 3283 4301 trr,
3316 4242 3367 4289 et
3395 4233 3541 4289 dices
3556 4248 3580 4289 :
3606 4230 3813 4303 Accipe

2214 4332 2471 4402 Spiritum
2496 4338 2773 4400 sanctum,
2799 4328 2936 4385 etin
2962 4327 3126 4383 corde
3155 4335 3360 4386 teneas.

2719 4476 2892 4515 ιιιοινιτ
2920 4474 3049 4514 σιω
3079 4474 3310 4513 Ml.

2287 4576 2580 4635 Exorcidio
2604 4575 2637 4617 ι’
2663 4583 2738 4644 te,
2768 4582 3013 4632 creatura
3036 4587 3211 4644 aquae,
3242 4574 3295 4629 in
3326 4572 3547 4629 nomine
3575 4569 3675 4628 Dei
3707 4569 3814 4625 Pa—

2222 4672 2318 4727 tris
2346 4671 2744 4737 omnipotentis,
2776 4677 2830 4723 et
2874 4668 2929 4723 in
2960 4665 3181 4721 nomine
3208 4663 3417 4720 Doinini
3463 4662 3637 4718 nostri
3683 4660 3818 4717 Iesu

2222 4762 2424 4821 Christi
2453 4760 2577 4817 Filii
2604 4761 2740 4831 ejus,
2770 4768 2824 4815 et
2853 4757 3086 4830 Spiritus
3115 4758 3321 4825 sancti,
3351 4763 3409 4811 ut
3433 4755 3613 4810 omnis
3642 4754 3817 4809 virtus

2224 4855 2547 4923 adversarii,
2570 4866 2758 4911 omnes
2779 4850 3045 4907 exercitus
3065 4849 3300 4917 diaboli,
3322 4860 3511 4903 omnes
3536 4846 3816 4909 incursus,

2227 4963 2386 5005 omne
2416 4948 2677 5003 fantasma
2700 4944 2975 5001 eradicare
3002 4953 3057 4999 et
3085 4941 3325 5010 effugere
3348 4940 3415 4994 ab
3443 4939 3544 4993 hac
3568 4946 3819 4993 creatura

2228 5054 2401 5110 aquae,
2435 5047 2495 5093 ut
2539 5038 2612 5091 sit
2638 5035 2908 5102 omnibus,
2939 5033 3029 5104 qui
3070 5033 3125 5087 in
3165 5040 3283 5087 eam
3315 5028 3628 5086 descensuri
3656 5038 3817 5093 sunt,

2231 5127 2352 5185 fons
2380 5142 2532 5198 aquae
2574 5126 2821 5182 salutaris
2847 5124 2903 5179 in
2945 5123 3109 5178 vitam
3140 5129 3434 5178 aeternam:
3467 5126 3527 5175 ut
3563 5133 3689 5175 cum
3732 5118 3821 5173 ba-

2233 5222 2463 5291 ptizatus
2490 5221 2543 5276 in
2583 5232 2647 5275 ea
2676 5216 2919 5287 quisquis
2944 5213 3140 5281 fuerit,
3172 5211 3266 5267 ﬂat
3292 5211 3548 5282 templum
3591 5210 3689 5265 Dei
3719 5210 3821 5264 vivi

2233 5312 2288 5367 in
2319 5311 2635 5367 remissione
2664 5314 3003 5379 peccatorum
3032 5307 3083 5360 in
3111 5305 3327 5359 nomine
3354 5303 3447 5358 Dei
3480 5300 3659 5357 Patris
3705 5317 3823 5357 om-

2236 5403 2544 5474 nipotentis,
2577 5409 2630 5456 et
2656 5398 2851 5456 Christi
2883 5398 3011 5455 Jesu
3056 5396 3175 5452 Filii
3206 5396 3322 5466 ejus
3348 5402 3403 5450 et
3427 5392 3665 5471 Spiritus
3692 5406 3820 5447 san-

2234 5494 2338 5562 cti,
2364 5493 2455 5565 qui
2479 5490 2811 5561 judicaturus
2840 5498 2922 5545 est
2951 5485 3204 5543 saeculum
3234 5500 3330 5555 per
3354 5484 3563 5554 ignem,
3595 5498 3695 5554 per
3718 5480 3822 5538 hoc

2166 5660 2169 5663 Α
2235 5581 2565 5653 signaculum
2590 5579 2735 5652 quod
2766 5585 3045 5651 permanet
3069 5576 3124 5633 iu
3147 5572 3343 5634 saecula
3371 5572 3714 5633 saeculorum.

2312 5807 2338 5847 δ
2361 5805 2438 5862 Ita
2466 5803 2627 5876 etiam
2654 5801 2850 5876 legitur
2873 5801 2929 5860 in
2954 5797 3125 5859 veteri
3167 5795 3366 5857 Missali
3392 5792 3673 5857 Gallicam
3700 5801 3814 5866 pas.

2240 5880 2344 5940 sim
2370 5893 2401 5933 a
2426 5891 2484 5953 p.
2510 5874 2637 5930 562.
