4060 6346
807 291 1441 352 SACRAMENTARIUM
1483 291 1944 352 GALLICANUM.
1973 321 2042 332 —
2065 289 2439 348 LECTIONES
2476 289 2565 348 DE
2603 287 2929 352 ADVENTU
2968 292 3224 351 DOMINI.

360 285 467 350 50!

1081 404 1266 457 Oratio.

437 489 790 559 Omnipotens
840 491 1164 559 sempiterne
1214 491 1353 544 Deus
1400 499 1460 556 ι,
1513 491 1700 545 adesto
1753 504 1956 559 magna:

362 584 580 650 pietatis
613 590 716 637 tua:
742 584 1038 653 mysteriis,
1068 583 1254 638 adesto
1285 585 1658 648 sacramentis,
1687 592 1742 637 et
1767 596 1956 637 crean-

361 677 450 731 dis
479 677 633 731 novis
661 677 890 746 populis,
918 690 1050 745 quos
1078 677 1169 731 tibi
1195 678 1311 731 fons
1341 677 1675 746 baptismatis
1703 679 1951 744 parturit,

361 768 610 835 spiritum
660 767 960 835 adoptionis
1004 767 1215 832 emitte;
1252 777 1306 821 ut
1335 769 1472 836 quod
1507 767 1823 822 humilitatis
1855 784 1955 822 no-

361 867 491 912 stra:
519 859 812 927 gerendum
845 867 926 912 est
956 858 1279 925 ministerio,
1308 867 1412 913 tute
1441 860 1653 913 virtutis
1681 851 1972 928 compleat?

360 960 454 1005 tur
481 951 688 1006 effectu.
742 951 878 1005 Deus
904 952 992 1020 qui
1030 951 1281 1004 invisibili
1322 953 1556 1021 potentia
1586 959 1955 1007 sacramento-

361 1063 485 1102 rum
519 1058 726 1102 tuorum
773 1046 1091 1102 mirabiliter
1133 1048 1373 1116 operaris
1421 1046 1697 1110 effectum,
1729 1056 1785 1103 et
1833 1047 1958 1104 licet

360 1155 467 1194 nos
508 1139 667 1194 tantis
714 1138 982 1208 mysteriis
1026 1139 1380 1207 exsequendis
1417 1140 1581 1193 simus
1624 1139 1856 1207 indigni,
1899 1147 1955 1192 tu

363 1241 545 1285 tamen
576 1229 762 1300 gratiae
804 1239 908 1282 tum
937 1229 1074 1283 dona
1107 1243 1210 1282 non
1241 1229 1514 1291 deserens,
1556 1231 1720 1283 etiam
1761 1229 1825 1283 ad
1858 1244 1957 1283 no-

361 1333 507 1381 stras
538 1339 722 1394 preces
767 1339 922 1379 aures
952 1333 1056 1378 tuae
1102 1325 1316 1393 pietatis
1347 1323 1564 1378 inclina.
1609 1323 1769 1387 Deus,
1803 1322 1957 1392 cujus

361 1417 590 1487 spiritus
616 1431 782 1486 super
809 1431 974 1486 aquas
1019 1416 1158 1471 inter
1197 1415 1307 1484 ipsa
1345 1415 1631 1485 primordia
1663 1415 1955 1482 ferebatur,
1993 1465 1998 1474 .

361 1518 428 1564 ut
453 1508 611 1563 etiam
643 1516 770 1563 tunc
798 1509 1044 1564 virtutem
1091 1508 1525 1564 sanctificationis
1555 1523 1810 1577 aquarum
1858 1523 1955 1564 na-

365 1609 492 1655 tura
519 1602 841 1671 conciperet.

919 1693 1147 1746 Collectio
1170 1695 1410 1756 sequitur.

3546 293 3652 347 5η

1994 408 2048 466 Α
2072 417 2203 472 quo;
2235 405 2301 461 de
2327 406 2564 460 tenebris
2590 405 2655 460 ad
2684 407 2855 462 lucem
2888 409 3060 462 redire
3080 407 3317 477 jussisti,
3349 403 3526 462 nullus
3550 407 3651 462 de-

2061 495 2296 563 cipiatur
2323 497 2598 553 fraudibus
2621 499 2842 554 inimici.

2176 589 2347 653 Incipit
2373 593 2676 643 exorcismus
2697 593 2925 656 hominis,
2957 600 3220 656 antequam
3243 593 3536 655 baptizetur.

2134 674 2416 729 Exoreidio
2445 684 2515 739 te,
2543 677 2760 745 spiritus
2793 675 3064 743 inmunde,
3110 691 3204 746 per
3236 676 3404 730 Deum
3430 673 3644 730 Patrem

2061 765 2484 834 omnipotentem
2505 807 2519 831 ,
2558 768 2644 836 qui
2678 765 2801 822 fecit
2841 767 3030 821 omium
3059 775 3113 822 et
3142 775 3368 830 terram,
3413 780 3560 820 mare
3591 775 3646 818 et

2061 858 2237 909 omnia
2267 872 2384 926 qua:
2426 856 2477 910 in
2507 857 2584 911 eis
2631 868 2756 911 sunt
2782 876 2793 911 :
2826 866 2884 912 ut
2921 857 3094 912 omnis
3122 857 3290 911 virtus
3319 855 3646 923 adversarii,

2071 960 2258 1002 omnes
2289 947 2555 1004 exercitus
2580 947 2807 1015 diaboli,
2836 963 3026 1006 omnes
3053 949 3318 1015 incursus,
3352 962 3511 1002 omne
3539 947 3654 1001 fan-

2064 1044 2241 1092 tasma
2281 1039 2586 1094 eradicetur
2613 1055 2676 1094 ac
2711 1039 2921 1112 fugetur
2949 1039 3015 1096 ab
3045 1041 3145 1094 hoc
3171 1041 3450 1110 plasmate,
3477 1048 3534 1094 ut
3564 1039 3654 1094 fiat

2065 1131 2322 1199 templum
2359 1133 2450 1188 Dei
2479 1141 2718 1188 sanctum
2741 1178 2756 1200 ,
2801 1134 2853 1189 in
2894 1137 3108 1188 nomine
3151 1133 3242 1188 Dei
3277 1131 3448 1188 Patris
3479 1133 3655 1189 omni-

2062 1226 2295 1294 potentis
2323 1235 2376 1280 et
2415 1225 2539 1282 Jesu
2582 1225 2778 1282 Christi
2830 1226 2949 1281 Filii
2995 1227 3130 1297 ejus,
3177 1228 3264 1296 qui
3316 1227 3651 1296 judicaturus

2063 1326 2146 1372 est
2174 1320 2427 1375 saeculum
2473 1337 2565 1390 per
2608 1323 2779 1391 ignem
2822 1319 2873 1374 in
2909 1321 3107 1391 Spiritu
3147 1329 3333 1376 sancto
3375 1323 3427 1376 in
3461 1321 3655 1378 saecula

2063 1411 2402 1466 saeculorum.

2139 1504 2325 1573 Tangis
2351 1521 2518 1570 nares,
2544 1505 2726 1564 deinde
2750 1506 2877 1559 dicis
2898 1522 2917 1560 :
2946 1504 3135 1574 Eﬂ‘eta,
3158 1507 3348 1564 etfecta
3372 1516 3453 1562 est
3480 1506 3656 1564 hostia

2066 1597 2118 1651 in
2146 1597 2367 1652 odorem
2398 1595 2695 1652 suavitatis.

2141 1691 2300 1762 Ungis
2327 1709 2439 1746 eum
2469 1692 2531 1745 de
2559 1693 2668 1746 oleo
2699 1692 3039 1761 sanctiﬁcato,
3071 1689 3242 1745 dicens
3271 1707 3289 1745 :
3329 1690 3480 1762 Ungo
3513 1701 3565 1748 te
3590 1691 3658 1748 de

440 1778 610 1846 Dens,
659 1781 746 1849 qui
797 1781 1039 1836 nocentis
1097 1779 1280 1834 mundi
1339 1778 1563 1834 crimina
1615 1794 1709 1850 per
1761 1795 1956 1851 aquam
1989 1755 2184 1855 ﬁoleo
2211 1786 2565 1854 sanctiﬁcato,
2589 1787 2726 1842 sicut
2748 1785 2896 1841 unxit
2918 1785 3174 1843 Samuhel
3203 1784 3370 1841 David
3395 1786 3449 1842 in
3475 1801 3658 1858 regem

357 1868 607 1936 abluens,
643 1873 1055 1940 regenerationis
1083 1875 1314 1941 speciem
1355 1873 1407 1926 in
1441 1873 1554 1940 ipsa
1598 1871 1793 1928 diluvii
1821 1873 1954 1930 effu-

357 1964 518 2018 sione
544 1965 789 2032 signasti;
820 1965 986 2019 libera
1016 1965 1081 2019 ab
1107 1966 1250 2019 omni
1285 1967 1672 2035 impugnatoris
1703 1968 1954 2033 incursu,

355 2061 419 2109 et
449 2055 611 2109 totius
654 2056 897 2126 nequitiae
943 2065 1178 2126 purgatae
1219 2057 1478 2112 discessu.
1515 2057 1596 2111 Sit
1632 2057 1770 2112 vivis
1818 2073 1954 2128 aqua

356 2162 709 2217 regenerans,
738 2149 875 2204 unda
904 2149 1220 2217 purificans:
1257 2159 1311 2203 ut
1339 2149 1579 2205 homines
1609 2150 1710 2206 hoc
1739 2151 1957 2205 lavacro

359 2238 590 2293 salutem
623 2240 673 2293 in
703 2241 780 2294 eis
805 2240 1008 2310 Spiritu
1033 2251 1217 2294 sancto
1248 2240 1543 2310 purificati,
1575 2241 1828 2310 perfectae
1861 2257 1958 2310 pu-

359 2331 676 2412 riﬁcationis
714 2333 1092 2403 indulgentiam
1125 2344 1537 2405 consequantur.
1587 2334 1738 2391 Unde
1778 2336 1950 2391 bene-

361 2421 486 2477 dico
533 2431 605 2487 te,
648 2434 887 2480 creatura
935 2441 1105 2495 aqua},
1157 2441 1249 2494 per
1295 2427 1467 2482 Deum
1507 2429 1544 2498 -ξ-
1581 2443 1795 2490 verum,
1855 2443 1955 2497 per

361 2514 533 2569 Deum
563 2517 598 2585 ϊ
628 2525 864 2571 sanctum
888 2560 902 2582 ,
934 2520 1022 2587 qui
1056 2529 1105 2573 te
1143 2518 1197 2574 in
1230 2521 1492 2588 principio
1523 2521 1687 2575 verbo
1739 2534 1956 2590 separa-

361 2606 445 2659 vit
468 2608 535 2661 ab
557 2608 723 2675 arida,
749 2619 801 2663 et
824 2610 877 2664 in
902 2621 1149 2680 quattuor
1173 2611 1406 2667 fluminis
1431 2622 1586 2666 terra:
1611 2612 1786 2680 rigare
1817 2627 1958 2681 prte-

363 2688 542 2766 cepit;
575 2703 662 2770 qui
695 2710 745 2755 te
773 2702 825 2756 in
856 2702 1072 2758 deserto
1101 2718 1341 2758 amarum
1384 2703 1647 2758 suavitate
1678 2704 1842 2760 indita
1875 2705 1956 2759 fe-

362 2791 440 2844 cit
468 2805 585 2846 esse
617 2793 929 2860 potabilein,
959 2807 1013 2848 et
1041 2794 1256 2850 sitiente
1298 2795 1495 2864 popqu
1522 2796 1587 2850 de
1630 2805 1780 2865 petra
1826 2813 1954 2865 pro-

364 2880 543 2945 duxit;
573 2880 612 2950 -ι-
660 2882 916 2936 benedice
958 2892 1008 2938 te
1056 2899 1148 2949 per
1187 2884 1368 2940 Jesum
1410 2884 1708 2951 Christum,
1753 2885 1948 2948 Filium

363 2974 480 3042 ejus
510 2975 722 3032 unicum
752 2976 1033 3030 Dominum
1067 2985 1306 3031 nostrum
1334 2979 1422 3046 qui
1458 2987 1509 3032 te
1540 2980 1590 3032 in
1622 2979 1804 3036 Chana
1841 2979 1952 3034 Ga-

366 3067 525 3130 lileaa,
557 3068 762 3136 signum
790 3069 825 3138 οἳ
852 3068 1182 3133 admirabile,
1214 3083 1307 3123 sua
1339 3070 1574 3138 potentia
1606 3072 1871 3126 convertit
1902 3073 1956 3126 in

2075 1890 2129 1934 et
2154 1880 2489 1948 prophetam.

2139 1971 2326 2043 Tangis
2358 1987 2526 2037 nares,
2556 1979 2605 2024 et
2634 1987 2811 2037 aures,
2840 1979 2887 2025 et
2917 1977 3114 2042 pectus.
3147 1968 3384 2040 Operare
3413 1979 3661 2028 creatura

2063 2065 2196 2135 olei,
2239 2079 2485 2134 operare,
2520 2074 2576 2118 ut
2619 2080 2724 2119 non
2756 2065 2918 2120 lateat
2963 2065 3048 2119 hic
3094 2063 3391 2119 inmundus
3435 2062 3658 2132 spiritus

2065 2172 2162 2212 nec
2191 2156 2243 2210 in
2272 2147 2548 2223 membris,
2580 2170 2678 2210 nec
2708 2157 2763 2210 in
2805 2153 3073 2219 medullis,
3106 2168 3206 2210 nec
3231 2153 3287 2209 in
3321 2167 3428 2209 uno
3457 2168 3662 2224 conpa-

2061 2248 2184 2318 gine
2213 2247 2572 2302 membrorum
2600 2265 2615 2303 :
2641 2245 2735 2304 sed
2765 2254 3017 2317 operetur
3055 2245 3111 2300 in
3158 2252 3213 2300 te
3257 2245 3429 2300 virtus
3455 2243 3661 2304 Christi

2063 2341 2184 2396 Filii
2218 2341 2313 2394 Dei
2349 2340 2595 2395 altissimi
2625 2349 2678 2396 et
2725 2340 2958 2410 Spiritus
2995 2337 3165 2395 sancti
3208 2353 3302 2409 per
3329 2339 3509 2394 omnia
3552 2353 3658 2395 sat-

2063 2434 2207 2487 cuia.

2132 2524 2430 2596 Interrogas
2477 2537 2660 2577 nomen
2705 2523 2815 2592 ejus
2859 2522 3079 2578 dicens:
3124 2519 3257 2589 Quis
3300 2519 3534 2575 dicitur?
3575 2519 3657 2574 ιιι.

2061 2616 2430 2672 Abrenuncias
2463 2622 2687 2681 satanas,
2719 2613 2929 2685 pompis
2959 2614 3097 2683 ejus,
3131 2611 3357 2668 luxuriis
3384 2612 3521 2679 suis,
3552 2625 3656 2667 sae-

2061 2711 2182 2766 culo
2209 2709 2371 2766 huic?

2140 2801 2300 2870 Resp.
2325 2799 2711 2857 Abrenunciat.
2744 2797 2860 2852 Hoc
2891 2808 2968 2852 ter
2993 2797 3154 2852 dices.
3219 2821 3222 2825 “

2135 2892 2430 2963 Interrogas
2454 2906 2636 2945 nomen
2665 2893 2817 2960 ejus:
2847 2889 2978 2956 Quis
3006 2887 3234 2957 dicitur}?
3263 2887 3345 2944 ill.

2131 2984 2312 3044 Credit
2335 2985 2390 3040 in
2419 2983 2586 3040 Deum
2620 2982 2834 3038 Patrem
2864 2982 3287 3055 omnipotentem
3305 3024 3323 3054 ,
3353 2992 3656 3042 creatorem

2061 3077 2174 3134 caeli
2206 3085 2260 3132 et
2290 3075 2482 3131 terrae?
2514 3074 2673 3145 Resp.
2704 3073 2922 3130 Credat.

366 3161 578 3225 vinum;
606 3162 692 3228 qui
739 3159 958 3228 pedibus
1003 3174 1162 3228 super
1208 3169 1261 3214 te
1304 3161 1630 3226 ambulavit,
1665 3172 1720 3216 et
1763 3162 1828 3217 ab
1855 3157 2028 3235 ΙΙο-(ζ
2131 3167 2312 3223 Credit
2335 3175 2391 3222 et
2417 3168 2469 3222 in
2514 3166 2692 3221 Iesum
2720 3163 2994 3221 Christum
3035 3165 3231 3222 Filium
3258 3165 3378 3238 ejus
3406 3169 3659 3237 unicum,

367 3252 543 3307 banne
587 3251 640 3306 in
678 3251 910 3306 Jordane
953 3251 1250 3317 baptizatus
1296 3260 1406 3314 est;
1450 3253 1539 3320 qui
1585 3263 1638 3306 te
1682 3268 1782 3306 una
1827 3266 1949 3308 cum

365 3346 621 3416 satiguine
649 3347 717 3401 de
750 3347 916 3400 latere
955 3361 1053 3400 suo
1101 3345 1380 3413 produxit,
1413 3354 1466 3399 et
1514 3344 1791 3413 discipulis
1837 3349 1952 3403 suis

365 3438 548 3506 jussit,
592 3447 649 3491 ut
692 3437 1092 3494 credentes.....
1125 3437 1457 3503 baptizantes
1501 3449 1595 3490 eos
1641 3437 1694 3491 in
1735 3439 1952 3494 nomine

363 3528 621 3585 Patris‘et
651 3529 770 3585 Filii
798 3539 851 3585 et
881 3530 1113 3599 Spiritus
1141 3533 1344 3594 sancti,
1373 3532 1462 3600 qui
1495 3533 1629 3586 vivit
1657 3541 1710 3586 et
1739 3543 1946 3602 regnat.

440 3622 661 3677 Sursum
691 3623 873 3678 corda.
906 3622 1129 3691 Dignum
1153 3631 1208 3676 et
1231 3623 1432 3692 justo
1458 3633 1567 3688 est,
1601 3625 1947 3693 omnipotens

370 3715 510 3769 Deus
543 3734 556 3771 :
588 3718 677 3785 qui
719 3717 971 3784 aperuisti
1020 3717 1174 3770 nobis
1219 3717 1416 3771 fontem
1447 3718 1572 3770 vitae
1619 3729 1860 3785 aeternae,
1896 3728 1950 3774 et

367 3795 687 3876 regenerans
717 3822 814 3862 nos
861 3823 955 3876 per
993 3806 1250 3874 Spiritum
1295 3817 1440 3862 tuum
1483 3816 1724 3863 sanctum
1747 3854 1762 3878 ,
1794 3825 1952 3879 quem

366 3897 554 3951 ducem
579 3912 699 3953 esse
725 3898 878 3966 hujus
904 3899 1070 3952 sancti
1104 3898 1300 3953 lavacri
1330 3900 1382 3953 in
1411 3900 1732 3955 remissione
1766 3916 1953 3970 pecca—

370 4002 574 4062 torum,
601 4001 653 4048 et
678 3994 793 4048 ﬁeri
825 3994 1096 4048 lavacrum
1129 4007 1279 4061 aquae
1307 3994 1359 4048 in
1385 3994 1583 4064 Spiritu
1613 4005 1829 4049 sancto:
1861 4009 1956 4065 per

368 4099 527 4156 quem
575 4099 787 4141 omnem
833 4086 1090 4140 maculam
1137 4086 1328 4140 tollens
1370 4101 1400 4138 a
1451 4087 1625 4152 nobis,
1658 4088 1814 4142 exuis
1858 4101 1958 4142 nos

367 4186 623 4244 mortem,
654 4186 710 4233 et
740 4178 915 4232 induis
939 4192 1036 4232 nos
1061 4179 1222 4231 vit-am
1249 4195 1260 4230 :
1296 4178 1388 4232 tibi
1417 4179 1726 4235 adsistentis
1756 4181 1809 4233 in
1841 4181 1955 4250 glo-

368 4271 447 4326 ria
479 4269 752 4326 laudamus
783 4270 993 4326 Patrem
1024 4284 1239 4338 semper
1268 4271 1322 4324 in
1354 4270 1526 4334 caelis,
1553 4280 1611 4326 et
1646 4271 1955 4340 recipientis

367 4377 435 4418 ex
459 4362 610 4416 initio
631 4362 878 4418 virtutem
905 4377 998 4430 per
1019 4361 1300 4416 Dominum
1324 4371 1564 4417 nostrum
1592 4361 1776 4417 Jesum
1802 4361 1956 4418 Chri-

367 4465 532 4512 stum.
564 4455 664 4511 Per
692 4470 850 4525 quem
879 4465 928 4510 te
959 4456 1124 4511 Deum
1157 4456 1364 4512 Patrem
1396 4455 1822 4526 omnipotentem
1854 4456 1954 4513 de—

2061 3260 2344 3314 Dominum
2385 3265 2661 3323 nostrum,
2711 3266 3030 3326 conceptum
3077 3257 3146 3314 de
3189 3257 3397 3328 Spiritu
3437 3269 3647 3326 sancto,

2057 3361 2238 3406 natum
2264 3366 2331 3405 ex
2359 3351 2526 3405 Maria
2556 3349 2785 3418 virgine,
2823 3363 3040 3418 passum
3083 3352 3184 3406 sub
3222 3351 3414 3407 Pontio
3449 3352 3648 3422 Pilato,

2056 3442 2374 3499 cruciﬁxum
2413 3450 2465 3498 et
2494 3441 2781 3510 sepultum.
2813 3440 3098 3495 Descendit
3124 3440 3193 3495 ad
3223 3441 3454 3510 inferna,
3489 3443 3650 3498 tertia

2057 3534 2144 3588 die
2174 3533 2467 3588 resurrexit
2488 3547 2517 3586 a
2545 3531 2770 3586 mortuis
2800 3549 2813 3584 :
2844 3531 3086 3586 ascendit
3124 3530 3179 3586 in
3207 3531 3390 3600 caelos,
3422 3533 3561 3588 sedit
3587 3535 3654 3588 ad

2059 3626 2333 3680 dexteram
2370 3624 2464 3680 Dei
2493 3623 2667 3679 Patris
2695 3624 3076 3693 omnipotentis
3115 3623 3240 3679 inde
3269 3633 3526 3681 venturus
3561 3626 3655 3697 ju-

2062 3719 2244 3774 dicare
2268 3717 2418 3772 vivos
2450 3731 2513 3773 ac
2542 3717 2819 3772 mortuos?
2844 3715 3004 3785 Resp.
3032 3715 3248 3780 Credat.

2131 3808 2316 3864 Credit
2353 3810 2407 3863 in
2447 3809 2706 3878 Spiritqu
2751 3817 3024 3875 sanctum,
3067 3796 3309 3865 sanctam
3358 3809 3657 3868 Ecclesiam

2057 3900 2411 3966 catholicam,
2435 3911 2745 3957 sanctorum
2773 3902 3244 3970 communionem,
3276 3903 3651 3962 remissionem

2062 4000 2442 4062 peccatorum,
2493 3992 2671 4046 carnis
2719 3991 3202 4058 resurrectionem,
3248 3993 3414 4048 vitam
3459 3994 3657 4052 habere

2058 4094 2181 4156 post
2221 4093 2450 4140 mortem
2469 4125 2485 4152 ,
2533 4084 2590 4139 in
2632 4083 2860 4155 gloriam
2902 4083 3101 4141 Christi
3141 4086 3460 4156 resurgere!
3500 4085 3659 4157 Resp.

2064 4174 2285 4231 Credat.

2130 4264 2372 4334 Baptizas
2401 4282 2548 4332 eum,
2573 4273 2620 4321 et
2645 4266 2814 4322 dicis:
2843 4266 3058 4337 Baptizo
3105 4275 3157 4322 te
3199 4267 3253 4323 in
3295 4269 3514 4324 nomine
3559 4269 3661 4325 Pa-

2065 4356 2164 4412 tris
2192 4367 2247 4414 et
2279 4357 2398 4412 Filii
2423 4368 2478 4414 et
2516 4356 2748 4428 Spiritus
2776 4357 2978 4424 sancti,
3007 4371 3168 4412 unam
3213 4356 3496 4414 habentem
3539 4359 3661 4414 sub-

2061 4450 2343 4515 stantiam,
2388 4459 2445 4504 ut
2487 4449 2686 4506 habeas
2727 4449 2891 4504 vitam
2943 4457 3229 4514 aaternam,
3281 4458 3488 4517 partem
3537 4465 3659 4507 cum

368 4561 670 4616 precamur,
713 4557 767 4601 ut
812 4546 896 4600 hic
924 4545 1180 4615 Spiritum
1227 4555 1468 4602 sanctum
1500 4550 1553 4600 in
1593 4562 1784 4614 aquam
1818 4547 1955 4602 hanc
1984 4555 2038 4616 Ῑ)
2061 4539 2304 4598 Sanctis.

367 4653 528 4709 super
559 4641 771 4695 mittere
812 4638 1066 4707 digneris,
1114 4647 1169 4692 ut
1198 4652 1564 4707 quoscumque
1596 4639 1952 4707 baptizaveri-

369 4747 489 4786 mus
529 4731 580 4786 in
611 4731 825 4786 nomine
855 4740 945 4786 tuo
971 4742 1024 4786 et
1056 4729 1173 4786 Filii
1206 4732 1278 4785 tui
1311 4730 1405 4786 Dei
1438 4745 1499 4785 ac
1530 4729 1738 4784 Domini
1783 4731 1952 4786 nostri

368 4824 497 4879 Iesu
524 4822 723 4878 Christi
753 4831 808 4877 et
833 4822 1063 4892 Spiritus
1091 4823 1294 4887 sancti,
1325 4821 1613 4891 purificans
1639 4834 1702 4876 ac
1725 4836 1951 4892 regene-

369 4929 495 4970 rans
523 4914 755 4981 accipias
791 4927 884 4969 eos
915 4915 968 4968 in
1001 4929 1225 4968 numero
1271 4913 1590 4968 Sanctorum
1619 4922 1863 4977 tuorum,
1896 4920 1950 4967 et

368 5021 710 5062 consummes
746 5006 798 5060 in
835 5006 1031 5076 Spiritu
1074 5014 1164 5061 tuo
1194 5014 1382 5061 sancto
1409 5007 1464 5061 in
1503 5006 1668 5061 vitam
1696 5014 1953 5062 aeternam

369 5099 424 5153 in
452 5100 643 5154 smcula
671 5099 1008 5155 saeculorum.

441 5191 638 5246 Deinde
665 5193 719 5245 in
756 5196 897 5262 fonte
923 5190 1144 5243 chrisma
1171 5192 1492 5257 decurrente,
1519 5191 1724 5263 signum
1753 5190 1793 5260 ’ί-
1823 5191 1951 5259 facis

368 5291 414 5336 et
439 5284 566 5337 dicis
584 5299 602 5336 :
629 5282 825 5339 lnfusio
847 5282 1094 5337 chrisma;
1114 5283 1359 5337 salutaris
1389 5283 1599 5338 Domini
1625 5273 1795 5338 no'stri
1821 5283 1950 5339 Jesu

369 5373 596 5441 Christi,
626 5384 685 5432 ut
715 5375 804 5430 ﬁat
832 5374 950 5430 fons
980 5389 1129 5444 aqua:
1160 5373 1295 5428 vivae
1327 5375 1568 5430 salientis
1614 5376 1823 5432 cunctis
1854 5390 1948 5430 ve-

370 5466 637 5523 nientibus
663 5468 715 5522 in
739 5467 903 5522 vitam
931 5476 1209 5522 aeternam.

440 5557 567 5613 Post
595 5562 705 5614 hac
737 5559 875 5614 dices
901 5575 922 5614 :
951 5559 1205 5623 Admitte,
1248 5573 1574 5628 quaesumus,
1615 5560 1956 5630 omnipotens

369 5649 532 5718 Deus,
559 5650 810 5707 familiam
844 5657 986 5705 tuam
1026 5650 1093 5706 ad
1121 5651 1320 5706 fontem
1362 5650 1554 5706 salutis
1596 5660 1853 5718 aiternaz;
1899 5660 1956 5708 ut

444 5814 470 5843 ι
500 5807 574 5862 ita
601 5807 654 5862 in
682 5806 955 5863 Gallicana
985 5805 1202 5872 Missali,
1233 5819 1291 5872 ι).
1319 5801 1446 5858 562.

2134 4631 2406 4699 Sit/fundis
2434 4630 2656 4684 chrisma
2686 4631 2739 4683 in
2765 4631 2936 4700 fronte
2969 4632 3102 4703 ejus,
3137 4629 3312 4684 dicens
3335 4647 3355 4686 :
3384 4631 3527 4688 Deus
3557 4632 3660 4688 Pa-

2059 4732 2148 4778 ter
2181 4723 2388 4778 Domini
2434 4722 2604 4777 nostri
2652 4720 2781 4776 Jesu
2829 4718 3066 4786 Christi,
3107 4720 3196 4790 qui
3229 4729 3280 4775 te
3320 4725 3659 4792 regeneravit

2059 4830 2152 4883 per
2177 4829 2368 4884 aquam
2395 4823 2450 4868 et
2476 4812 2732 4883 Spiritum
2755 4820 3029 4877 sanctum,
3059 4813 3312 4883 quicquid
3342 4815 3436 4871 tibi
3466 4814 3613 4871 dedit
3639 4859 3656 4884 ,

2063 4905 2433 4961 remissionem
2459 4912 2799 4974 peccatorum
2823 4917 2918 4973 per
2939 4903 3209 4959 lavacrum
3231 4907 3656 4975 regenerationis

2063 5008 2117 5054 et
2142 4998 2482 5068 sanguinem,
2515 4997 2554 5068 ’ξ-
2585 4998 2698 5068 ipse
2730 5007 2782 5053 te
2817 4997 2969 5053 liniat
3007 4997 3297 5054 chrismate
3337 5013 3436 5055 suo
3460 5011 3651 5056 sancto

2063 5093 2119 5147 in
2148 5093 2312 5147 vitam
2343 5101 2618 5148 aeternam.

2136 5185 2486 5257 Superindues
2506 5201 2622 5238 eum
2651 5187 2827 5238 dicens
2847 5199 2866 5238 :
2889 5184 3085 5253 Accipe
3109 5192 3310 5240 vestem
3333 5182 3617 5238 candidam
3632 5226 3650 5252 ,

2055 5293 2214 5352 quam
2246 5279 2623 5334 inmaculatam
2655 5277 2893 5347 perferas
2912 5284 3038 5332 ante
3058 5277 3291 5331 tribunal
3317 5273 3540 5331 Christi.

2446 5369 2679 5421 Collectio
2702 5368 2760 5419 ad
2787 5369 2942 5432 pedes
2965 5367 3193 5417 lavandos
3220 5366 3270 5415 ιι.

2132 5461 2243 5532 Ego
2275 5460 2366 5516 tibi
2398 5459 2520 5515 laba
2567 5458 2754 5529 pedes,
2797 5456 2934 5512 sicut
2974 5455 3229 5510 Dominus
3275 5464 3457 5510 noster
3497 5452 3652 5508 Jesus

2063 5554 2304 5610 Christus
2334 5553 2458 5608 fecit
2483 5551 2760 5621 discipulis
2782 5549 2914 5615 suis,
2951 5549 3021 5603 ita
3052 5558 3108 5603 tu
3147 5547 3311 5604 facias
3341 5546 3647 5616 hospitibus

2061 5657 2118 5704 et
2148 5645 2466 5717 peregrinis.

2133 5801 2161 5838 ι)
2192 5801 2356 5868 Hujus
2386 5801 2512 5854 item
2545 5795 2776 5855 lotionis.
2803 5794 2898 5850 sed
2930 5806 3046 5862 post
3073 5796 3204 5851 albae
3225 5803 3390 5852 vestis
3418 5793 3646 5866 imposi-
