4060 6346
448 300 555 359 505

1235 289 1583 349 APPENDIX
1624 290 1716 346 AD
1769 286 1997 343 OPERA
2055 286 2115 343 S.
2155 286 2462 344 GERMANI
2507 287 2949 349 PARISIENSIS.

3627 280 3744 338 θυι

518 408 777 467 Dominus
825 418 1007 467 noster
1052 408 1209 465 Jesus
1254 408 1502 463 Christus
1545 405 1612 459 de
1657 402 1820 457 linteo
1853 410 1877 437 ιι
1922 414 2028 469 quo
2054 403 2108 467 Α
2131 401 2358 456 consilio
2383 410 2621 472 accepto,
2657 403 2937 472 pecuniam
2967 402 3238 468 copiosam
3280 398 3555 457 dederunt
3581 396 3741 453 mili-

446 511 564 559 erat
592 502 933 572 praecinctus,
969 501 1121 557 tersit
1159 499 1324 571 pedes
1363 496 1741 567 discipulorum
1772 507 1990 547 suorum
2011 533 2027 559 ,

447 604 500 650 et
529 608 628 664 ego
657 593 793 648 facio
825 595 918 650 tibi
946 612 957 646 :
992 602 1048 648 tu
1078 592 1241 648 facies
1272 590 1585 663 peregrinis,
1617 584 1920 656 hospitibus
1976 593 2032 640 et

447 664 789 737 pauperibus.

1020 753 1137 804 Post
1158 754 1465 817 baptismum.

519 838 732 895 Laudes
778 848 835 895 et
871 838 1068 909 gratias
1112 839 1336 892 Domino
1376 836 1690 901 referamus,
1736 831 1928 889 fratres
1952 830 2037 886 di-

449 932 755 1001 lectissimi,
786 932 926 1002 quod
971 947 1167 1001 augere
1209 932 1457 1003 dignatus
1500 937 1585 985 est
1626 926 1882 983 Ecclesia
1924 938 2037 980 suae

452 1024 920 1094 congregationem
954 1037 1048 1091 per
1087 1036 1242 1079 caros
1284 1030 1516 1086 nostros,
1550 1020 1640 1090 qui
1667 1017 1828 1073 modo
1857 1016 2037 1085 bapti-

452 1113 559 1170 zati
590 1122 729 1169 sunt.
775 1112 1025 1168 Petamus
1049 1126 1176 1181 ergo
1202 1111 1269 1167 de
1299 1110 1510 1165 Domini
1552 1106 1945 1171 misericordia,
1980 1112 2037 1159 ut

451 1207 775 1277 baptismum
802 1215 1042 1261 sanctum
1070 1205 1212 1275 quod
1239 1212 1592 1275 acceperunt,
1627 1202 1925 1262 inlibatum,
1959 1199 2041 1253 in-

453 1300 747 1367 viol‘atum,
779 1308 835 1356 et
879 1299 1260 1356 inmaculatum
1310 1298 1580 1369 perferant
1627 1305 1754 1352 ante
1801 1296 2038 1353 tribunal

453 1390 673 1447 Christi.

1112 1460 1240 1513 Item
1263 1462 1378 1513 alia.

522 1567 752 1623 Domine
799 1567 939 1623 Deus
993 1566 1369 1637 omnipotens,
1420 1565 1651 1621 famulos
1701 1575 1855 1632 tuos,
1907 1577 2043 1634 quos

450 1657 658 1730 jussisti
688 1659 895 1714 renasci
924 1671 991 1713 ex
1021 1672 1155 1727 aqua
1196 1665 1252 1711 et
1295 1656 1500 1726 Spiritu
1541 1666 1745 1723 saneto,
1786 1669 2042 1711 conserva

2133 491 2296 555 tibus,
2324 491 2560 548 dicentes
2585 510 2600 547 :
2633 493 2800 550 Dicite
2829 495 2947 563 quia
2988 492 3236 561 discipuli
3267 495 3386 563 ejus
3428 499 3587 545 nocte
3616 504 3723 546 ve-

2134 598 2360 655 nerunt,
2384 598 2439 643 et
2464 588 2621 644 furati
2654 598 2777 644 sunt
2800 604 2923 646 eum
2956 590 3110 646 nobis
3136 587 3553 644 dormientibus.
3585 586 3654 643 Et
3682 586 3737 642 si

2136 679 2237 735 hoc
2265 680 2501 735 auditum
2529 680 2690 735 fuerit
2712 696 2741 735 a
2774 682 3022 751 praeside,
3055 695 3153 736 nos
3182 679 3528 735 suadebimus
3552 678 3604 734 ei
3624 722 3638 743 ,
3673 689 3735 732 et

2136 786 2353 829 securos
2374 786 2469 827 vos
2492 773 2765 828 faciemus.
2792 774 2859 827 At
2882 773 2957 827 illi
2980 782 3206 843 accepta
3232 775 3462 844 pecunia
3486 774 3744 831 fecerunt

2112 861 2276 920 Sicut
2312 873 2466 921 erant
2507 864 2683 921 edocti
2705 905 2720 931 ,
2750 873 2805 919 et
2834 864 3174 934 devulgatum
3204 876 3289 919 est
3316 868 3536 920 verbum
3584 862 3734 919 istud

2137 955 2276 1025 apud
2322 954 2536 1010 Judmos
2577 969 2745 1023 usque
2792 954 2845 1009 in
2895 954 3213 1009 hodiernum
3254 956 3422 1011 diem.
3468 953 3742 1011 Undecim

2139 1055 2314 1102 autem
2345 1044 2588 1115 discipuli
2616 1045 2864 1101 abierunt
2892 1044 2947 1099 in
2988 1044 3293 1113 Galilaeam,
3328 1046 3382 1101 in
3413 1055 3602 1100 monte
3632 1044 3738 1100 ubi

2140 1138 2494 1193 constituerat
2540 1138 2649 1192 illis
2698 1137 2956 1192 Dominus
3003 1135 3179 1193 Iesus.
3212 1136 3281 1193 Et
3326 1137 3575 1193 videntes
3615 1151 3749 1193 eum

2139 1231 2539 1297 adoraverunt,
2568 1229 2784 1299 quidam
2830 1236 3008 1283 autem
3039 1228 3438 1284 dubitaverunt.
3470 1228 3541 1283 Et
3580 1240 3751 1283 acce-

2142 1324 2275 1382 dens
2301 1325 2553 1381 Dominus
2578 1323 2732 1378 Jesus
2763 1324 2971 1378 locutus
2995 1332 3081 1378 est
3110 1322 3188 1379 eis
3220 1322 3409 1378 dicens
3434 1338 3448 1375 :
3484 1322 3620 1377 Data
3649 1331 3745 1377 est

2140 1415 2273 1493 mihi
2300 1417 2474 1472 omnis
2502 1425 2738 1487 potestas
2768 1416 2822 1470 in
2854 1416 2989 1471 caelo
3017 1424 3071 1470 et
3096 1416 3149 1470 in
3177 1422 3338 1471 terra.
3375 1414 3582 1474 Euntes
3613 1428 3754 1484 ergo

2143 1510 2330 1565 docete
2358 1524 2543 1564 omnes
2570 1518 2780 1580 gentes,
2812 1509 3144 1578 baptizantes
3172 1523 3269 1563 eos
3302 1508 3355 1563 in
3389 1509 3615 1563 nomine
3641 1507 3756 1561 Pa-

2146 1603 2241 1656 tris
2268 1610 2323 1657 et
2370 1600 2487 1655 Filii
2532 1609 2587 1655 et
2616 1600 2847 1670 Spiritus
2876 1601 3041 1656 sancti
3061 1640 3075 1665 ,
3111 1601 3365 1656 docentes
3395 1613 3493 1654 eos
3521 1612 3758 1655 servare

2146 1691 2324 1745 omnia
2353 1704 2702 1762 qumcumque
2744 1690 2990 1745 mandavi
3038 1690 3209 1744 vobis.
3243 1690 3310 1744 Et
3338 1703 3468 1745 ecce
3495 1703 3602 1760 ego
3646 1704 3755 1744 vo-

451 1747 507 1803 in
537 1750 616 1851 ei?
643 1748 1258 1853 ΡθΡιξδωυφωδδῗθωω
1295 1747 1435 1853 quo"?
1484 1755 1836 1853 πθξῖβθωθίν
1882 1755 1942 1853 Ae"
1988 1744 2043 1798 in
2074 1769 2124 1831 B
2151 1744 2506 1837 biscumjsum
2530 1744 2780 1838 omnibus
2805 1781 2997 1838 diebus
3026 1796 3197 1853 usque
3223 1781 3291 1837 ad
3319 1744 3759 1838 consummatio-

453 1840 688 1895 nominis
710 1841 785 1895 tui
806 1840 1281 1895 sanctificationem
1298 1838 1814 1909 perficeredignare;
1843 1847 1897 1891 ut
1919 1853 2047 1906 pro-

454 1930 604 1988 ﬁciat
633 1936 685 1988 in
713 1934 832 1989 illos
871 1934 1039 2004 gratia
1066 1941 1154 1989 tua
1184 1949 1418 2004 semper,
1450 1944 1504 1987 et
1533 1933 1671 2002 quod
1701 1942 1752 1987 te
1787 1941 1909 1986 ante
1953 1931 2048 1985 do-

458 2034 620 2080 nante
648 2035 1027 2094 susceperunt,
1064 2025 1186 2080 vitae
1215 2040 1327 2079 suae
1353 2024 1657 2095 integritate
1683 2023 2005 2077 custodiant.

853 2134 1002 2173 MISSA
1032 2134 1083 2173 IN
1114 2133 1324 2174 VIGILIIS
1353 2134 1585 2173 PASCHE.

728 2213 938 2276 Epistula
965 2214 1099 2264 Pauli
1124 2212 1327 2275 apostoli
1350 2214 1408 2262 ad
1434 2213 1707 2263 Corinthios
1728 2213 1774 2260 b.

524 2296 773 2361 Fratres,
824 2298 962 2354 bona
1012 2297 1260 2366 gloriatio
1299 2305 1476 2353 vestra
1526 2298 1575 2350 in
1631 2296 1847 2350 Christo
1893 2292 2045 2349 Jesu.

454 2386 681 2446 Nescitis
724 2388 851 2457 quia
895 2388 1162 2443 modicum
1214 2389 1532 2443 fermentum
1592 2397 1754 2441 totam
1808 2400 2042 2441 massam

456 2480 798 2549 corrumpit?
852 2480 1156 2549 Expurgate
1202 2488 1358 2534 vetus
1418 2479 1778 2544 fermentum,
1832 2487 1889 2532 ut
1936 2477 2052 2533 sitis

455 2586 597 2628 nova
626 2574 957 2639 consparsio,
998 2572 1134 2627 sicut
1176 2572 1307 2627 estis
1349 2573 1543 2642 azymi.
1588 2573 1798 2627 Etenim
1846 2572 2051 2641 pascha

458 2672 698 2720 nostrum
728 2664 1018 2719 inmolatus
1048 2673 1130 2720 est
1168 2664 1435 2720 Christus.
1484 2666 1663 2731 Itaque
1707 2665 2048 2720 sollemnita-

462 2770 572 2816 tem
612 2760 966 2827 celebremus,
999 2773 1105 2814 non
1147 2759 1201 2814 in
1247 2760 1509 2814 fermento
1549 2760 1750 2827 veteri,
1784 2772 1959 2827 neque
2000 2759 2053 2815 in

459 2849 724 2906 fermento
751 2850 969 2906 malitia:
994 2859 1047 2903 et
1076 2850 1350 2921 nequitiae,
1384 2852 1476 2906 sed
1516 2850 1567 2905 in
1600 2853 1803 2921 azymis
1832 2852 2055 2908 sinceri-

463 2946 592 3003 talis
620 2936 673 3000 et
702 2942 944 2999 veritatis
976 2944 1031 2999 in
1060 2944 1271 3000 Christo
1300 2944 1451 3003 Jesu.
1817 3006 1830 3018 ,

434 3044 440 3049 ’
630 3034 802 3085 Lectio
824 3038 980 3084 sancti
1007 3033 1262 3097 Evangelii
1294 3036 1561 3085 secundum
1584 3033 1881 3085 Matthaenm.

540 3119 772 3189 Vespere
816 3127 990 3173 autem
1038 3118 1279 3183 sabbati,
1331 3131 1451 3183 quae
1501 3118 1722 3172 lucescit
1770 3120 1821 3171 in
1872 3118 2045 3187 prima
2086 3098 2406 3191 cmmem-

464 3210 704 3276 sabbati,
736 3209 882 3265 venit
922 3209 1083 3265 Maria
1118 3209 1447 3280 Magdalene,
1476 3218 1531 3264 et
1558 3210 1724 3265 altera
1757 3209 1921 3264 Maria
1968 3210 2050 3264 vi-

462 3300 595 3356 dere
615 3302 921 3371 sepulcrum
935 3341 948 3355 .
969 3300 1108 3356 Ecce
1130 3310 1287 3355 terra:
1307 3307 1484 3355 motus
1505 3300 1682 3355 factus
1704 3310 1785 3356 est
1809 3316 2051 3371 magnus.

461 3391 699 3461 Angelus
725 3392 869 3447 enim
897 3392 1105 3448 Domini
1131 3392 1413 3448 descendit
1435 3393 1506 3448 de
1533 3394 1687 3455 caelo.
1716 3402 1769 3448 et
1793 3392 2055 3448 accedens

461 3476 687 3541 revo'lvit
725 3484 988 3555 lapidem,
1021 3494 1076 3539 et
1105 3484 1325 3539 sedebat
1353 3498 1516 3552 super
1541 3498 1684 3538 eum.
1720 3484 1845 3537 Erat
1874 3494 2053 3538 autem

462 3581 711 3640 aspectus
736 3572 851 3641 ejus
878 3573 1015 3628 sicut
1046 3574 1249 3644 fulgur,
1278 3580 1334 3627 et
1362 3573 1742 3627 vestimentum
1772 3572 1888 3641 ejus
1919 3573 2057 3627 sicut

465 3665 575 3718 nix.
606 3665 725 3719 Prae
763 3664 958 3720 timore
988 3673 1165 3720 autem
1188 3664 1304 3735 ejus
1331 3665 1575 3720 exterriti
1619 3673 1744 3719 sunt
1782 3664 2052 3732 custodes,

464 3766 519 3810 et
545 3754 669 3812 facti
692 3764 816 3811 sunt
838 3757 985 3812 velut
1009 3759 1226 3812 mortui.
1257 3756 1613 3828 Respondens
1636 3766 1813 3812 autem
1837 3757 2056 3827 angelus

464 3846 598 3901 dixit
624 3848 935 3903 mulieribus
960 3865 974 3905 ε
1005 3848 1178 3904 Nolite
1207 3850 1398 3906 timere
1426 3865 1541 3905 vos.
1571 3849 1699 3906 Scio
1727 3850 1870 3905 enim
1902 3850 2049 3920 quod

469 3936 562 4005 qui
592 3935 773 3991 Jesum
805 3938 1092 3993 crucifixus
1122 3947 1204 3993 est
1231 3941 1488 4008 quaeritis.
1534 3939 1650 3995 Non
1682 3949 1765 3995 est
1806 3942 1909 4003 hic,
1940 3955 2058 3995 sur-

469 4028 607 4081 rexit
634 4027 774 4083 sicut
799 4028 973 4083 dixit:
1007 4030 1198 4085 Venite
1227 4039 1279 4085 et
1309 4032 1488 4087 videte
1526 4032 1703 4086 locum
1734 4032 1821 4086 ubi
1857 4030 2058 4101 positus

465 4128 584 4176 erat
620 4118 906 4184 Dominus;
937 4130 992 4176 et
1019 4120 1129 4176 cito
1171 4130 1362 4178 euntes
1390 4123 1553 4178 dicite
1583 4122 1863 4192 discipulis
1907 4123 2056 4191 ejus,

468 4214 591 4284 quia
616 4214 847 4269 surrexit
870 4223 925 4270 et
954 4215 1205 4283 praecedit
1236 4232 1331 4272 vos
1362 4217 1414 4270 in
1447 4216 1686 4281 Galilaea,
1718 4216 1790 4271 ibi
1828 4231 1951 4272 eum
1982 4216 2060 4270 vi-

470 4304 685 4361 debitis.
714 4304 851 4361 Ecce
879 4307 986 4360 dixi
1034 4307 1210 4363 vobis.
1242 4308 1308 4362 Et
1336 4309 1583 4362 exierunt
1622 4309 1728 4363 cito
1757 4307 1825 4363 de
1868 4324 2058 4363 monu-

470 4407 655 4451 mento
684 4410 805 4452 cum
847 4397 1035 4452 timore
1063 4406 1117 4453 et
1146 4411 1339 4465 magno
1366 4396 1582 4465 gaudio,
1611 4407 1888 4453 currentes
1922 4414 2059 4453 nun-

2156 1888 2275 1929 nem
2306 1874 2511 1930 saecli.

2771 1958 2946 1995 INCIPIT
2977 1959 3129 1995 IISSA.

2221 2051 2573 2121 Omnipotens
2602 2050 2929 2119 sempiterno
2960 2050 3117 2115 Deus,
3148 2048 3238 2119 qui
3266 2047 3403 2102 hanc
3448 2044 3762 2105 sacratissi-

2152 2158 2293 2198 mam
2342 2152 2553 2198 noctem
2602 2157 2699 2212 per
2748 2142 2993 2197 universa
3042 2140 3225 2195 mundi
3277 2139 3446 2209 spatia
3496 2140 3762 2209 gloriosa

2153 2235 2447 2289 Dominicae
2474 2232 2883 2289 resurrectionis
2913 2232 3191 2300 inlustras,
3224 2244 3483 2287 conserva
3523 2231 3575 2284 in
3610 2244 3755 2287 nova

2151 2326 2370 2382 familia:
2415 2336 2519 2381 tua:
2548 2329 2801 2399 progenie
2842 2324 3281 2382 sanctificationis
3311 2324 3557 2393 Spiritum
3587 2339 3755 2395 quem

2153 2420 2380 2484 dedisti,
2416 2430 2472 2475 ut
2515 2433 2742 2488 corpore
2784 2431 2835 2473 et
2879 2426 3057 2472 mente
3104 2416 3375 2500 renovati,
3408 2430 3599 2484 puram
3657 2414 3755 2475 tibi

2154 2514 2384 2568 animam
2408 2520 2463 2567 et
2490 2526 2676 2582 purum
2700 2519 2889 2582 pectus
2917 2523 3131 2577 semper
3159 2508 3468 2563 exhibeant.

2828 2620 3076 2672 Collectio.

2228 2729 2387 2795 Deus,
2416 2726 2505 2800 qui
2532 2726 2670 2782 hanc
2691 2726 3107 2782 sacratissimam
3135 2732 3346 2780 noctem
3370 2724 3619 2794 gloriosa:
3647 2724 3750 2780 do—

2157 2824 2369 2880 minica:
2411 2824 2822 2880 resurrectionis
2870 2822 3151 2891 inlustras,
3196 2835 3457 2877 conserva
3504 2823 3558 2877 in
3609 2837 3751 2879 nova

2153 2914 2371 2971 familias
2401 2925 2506 2970 tuae
2537 2916 2792 2986 progenie
2821 2915 3125 2984 adoptionis
3174 2914 3419 2984 spiritum
3450 2929 3610 2984 quem
3650 2914 3755 2971 de-

2155 3005 2278 3060 disti
2296 3049 2311 3074 ,
2343 3014 2401 3061 ut
2428 3019 2656 3076 corpore
2683 3013 2740 3061 et
2768 3016 2951 3059 mente
2979 3018 3167 3074 puram
3195 3003 3291 3059 tibi
3322 3005 3615 3060 exhibeant
3642 3019 3755 3061 ser-

2781 3167 2897 3218 Post
2919 3170 3129 3218 nomina.

2229 3276 2390 3340 Deus,
2445 3274 2596 3346 cujus
2638 3289 2863 3331 munere
2912 3277 3182 3333 adoranda
3236 3277 3577 3347 baptismatis
3624 3285 3753 3331 sunt

2156 3368 2443 3437 adimpleta
2482 3367 2755 3437 mysteria,
2800 3369 3039 3425 concede
3089 3368 3288 3439 populo
3332 3378 3427 3425 tuo
3474 3369 3754 3440 originalis

2156 3458 2337 3513 delicti
2366 3472 2551 3513 errore
2582 3458 2854 3526 mundato,
2884 3467 3007 3529 post
3052 3461 3481 3516 sacratissimum
3512 3459 3749 3531 fontem,

2160 3559 2356 3604 terram
2388 3560 2491 3604 tum
2517 3551 2889 3620 promissionis
2918 3553 3140 3619 intrare,
3167 3561 3227 3608 ut
3249 3554 3425 3611 dulcia
3448 3568 3752 3611 sacramen-

2159 3651 2335 3696 torum
2364 3650 2577 3696 tuorum
2606 3641 2859 3698 alimenta
2892 3645 3206 3717 percipiant.

2812 3777 2887 3827 Ad
2914 3790 3098 3840 pacem.

2230 3900 2472 3971 Suscipe,
2508 3901 2751 3971 Domine,
2792 3916 2977 3973 preces
3014 3903 3196 3974 populi
3245 3902 3319 3958 tui
3367 3918 3489 3960 cum
3517 3904 3755 3963 oblatio-

2159 3995 2319 4050 nibus
2347 3998 2641 4053 hostiarum
2670 4007 2729 4052 ut
2760 3998 3106 4055 Paschalibus
3135 4000 3337 4055 initiata
3364 4002 3661 4071 mysteriis,
3685 3999 3756 4057 ad

2160 4086 2475 4141 aeternitatis
2506 4087 2661 4143 nobis
2692 4088 2963 4144 medillam
2993 4098 3043 4145 te
3067 4100 3331 4161 Operante
3357 4090 3663 4161 proficiant.

2802 4198 3107 4251 Contestatio
3120 4246 3123 4249 λ

2234 4300 2370 4357 Vere
2396 4301 2613 4372 dignum
2655 4313 2710 4357 et
2736 4302 2938 4372 justum
2969 4312 3077 4371 est,
3119 4302 3461 4372 omnipotens
3494 4303 3656 4373 Deus,
3695 4312 3748 4362 te

2160 4394 2374 4465 quidem
2403 4396 2549 4448 omni
2581 4405 2839 4463 tempore,
2868 4394 2961 4449 sed
2991 4396 3042 4448 in
3074 4394 3173 4448 hac
3199 4394 3539 4463 potissimum
3570 4404 3753 4461 nocte,

473 4486 622 4543 ciare
644 4487 918 4557 discipulis
946 4489 1081 4559 ejus.
1110 4488 1177 4543 Et
1204 4503 1331 4542 ecce
1360 4489 1616 4542 Dominus
1643 4488 1798 4544 .lesus
1826 4490 2060 4545 occurrit
2084 4499 2139 4558 ι)
2162 4486 2445 4558 gloriosius
2469 4487 2780 4555 praedicare,
2806 4501 2925 4541 cum
2950 4486 3151 4540 Pascha
3178 4496 3418 4540 nostrum
3442 4486 3754 4544 immolatus

475 4580 584 4634 illis
600 4580 808 4636 dicens:
835 4582 1022 4636 Avete.
1037 4580 1143 4635 Illac
1156 4592 1331 4635 autem
1347 4587 1690 4634 accesserunt
1705 4591 1758 4634 et
1770 4589 2060 4635 tenuerunt

472 4670 638 4739 pedes
682 4672 816 4741 ejus,
852 4680 904 4726 et
944 4670 1321 4727 adoravernnt.
1354 4671 1505 4725 Tunc
1536 4671 1613 4725 ait
1643 4671 1747 4726 illis
1800 4672 2056 4729 Dominus

474 4761 629 4816 Jesus
657 4778 668 4812 :
699 4761 873 4816 Nolite
902 4761 1110 4826 timere,
1142 4761 1211 4814 ite
1243 4760 1492 4815 nunciatc
1538 4759 1793 4816 fratribus
1834 4763 1967 4817 meis
2001 4772 2058 4818 ut

474 4858 599 4907 eant
621 4851 672 4904 in
694 4850 938 4910 Galilaea;
968 4850 1036 4904 ibi
1061 4866 1148 4905 me
1168 4850 1442 4906 videbunt.
1466 4850 1597 4918 Quae
1620 4866 1740 4906 cum
1765 4852 2053 4922 abiissent,

475 4956 601 4998 ecce
628 4942 844 5010 quidam
870 4940 938 4996 de
967 4941 1278 4996 custodibus
1306 4951 1569 4998 venerunt
1591 4941 1644 4996 in
1676 4944 1977 5010 civitatem,
2004 4954 2060 5002 et

478 5031 868 5088 nunciaverunt
912 5032 1239 5102 principibus
1294 5033 1629 5089 sacerdotum
1681 5036 1857 5090 omnia
1912 5053 2060 5107 qua:-

476 5138 704 5193 cumque
735 5121 872 5177 facta
898 5120 1129 5177 fuerant.
1159 5120 1226 5177 Et
1252 5123 1557 5193 congregati
1583 5139 1700 5178 eum
1732 5127 2057 5194 senioribus,

477 5282 705 5346 tionem,
730 5277 933 5333 mentio
952 5285 1036 5333 est
1058 5277 1107 5332 in
1131 5276 1328 5331 Missali
1356 5277 1580 5333 Gethico
1602 5287 1657 5333 et
1684 5279 1736 5334 in
1758 5280 2061 5347 Gallicano;

482 5366 582 5405 nec
622 5366 727 5404 non
760 5350 810 5403 in
838 5348 1049 5403 duobus
1078 5348 1293 5402 Caesarii
1324 5350 1557 5416 episcopi
1588 5351 1919 5406 Arelatensis
1949 5366 2066 5407 ser-

482 5420 756 5488 monibus,
788 5421 877 5488 qui
908 5419 959 5473 in
990 5418 1283 5488 appendice
1313 5421 1444 5473 tomi
1479 5419 1515 5472 V
1552 5422 1920 5488 Augustiniani
1966 5422 2062 5477 ha-

479 5490 673 5545 bentur
703 5489 891 5543 ordine
922 5489 1023 5542 168
1053 5499 1106 5543 et
1131 5489 1257 5555 257,
1288 5491 1521 5558 atquein
1553 5504 1799 5543 sermone
1828 5493 1894 5545 ad
1926 5491 2063 5547 Neo-

522 5565 698 5641 !iytos,
726 5559 896 5641 relato
922 5559 975 5613 in
997 5560 1343 5641 appendicem
1375 5560 1503 5641 torni
1530 5558 1598 5640 γι
1616 5601 1631 5624 ,
1654 5560 2062 5641 εοιηὲ91-ίῇωο

482 5578 698 5686 Υίιγιυε,
726 5578 896 5639 relatu
922 5578 975 5613 III
997 5578 1343 5629 appenutcem
1375 5578 1503 5640 IUIIII
1540 5578 1598 5640 γι
1616 5601 1631 5624 ,
1654 5578 1770 5641 θοι..
1786 5578 1911 5617 231.
1938 5578 2056 5618 ιιαξε

504 5640 613 5685 otto
642 5628 781 5698 apud
828 5629 1087 5698 Illspalttts
1117 5630 1367 5699 abrogata
1398 5628 1497 5683 fuit
1540 5647 1591 5682 ιιι
1622 5632 1848 5685 concilio
1881 5632 2056 5689 Elibe-

482 5704 682 5767 ritano;
713 5713 812 5755 nec
859 5699 1018 5754 fiebat
1048 5701 1100 5755 in
1132 5700 1355 5756 ecclesia
1404 5699 1678 5767 Romana,
1710 5708 1766 5754 ut
1808 5711 1950 5769 patet
1994 5719 2059 5759 ex

482 5772 618 5830 libro
644 5786 703 5827 ιιι
733 5770 799 5827 de
825 5769 1203 5839 Sacramentis,
1234 5771 1372 5839 quod
1401 5784 1535 5840 opus
1560 5772 1845 5829 Ambrosio
1876 5774 2059 5830 tribui-

2167 4587 2250 4634 est
2276 4576 2558 4632 Christus:
2584 4577 2697 4646 ipse
2720 4578 2862 4631 enim
2887 4591 3050 4631 verus
3069 4586 3151 4630 est
3176 4577 3383 4648 Agnus,
3410 4577 3503 4646 qui
3529 4576 3755 4632 abstulit

2167 4679 2386 4740 peccata
2415 4668 2631 4734 mundi,
2666 4668 2756 4737 qui
2801 4676 3026 4722 mortem
3075 4677 3315 4723 nostram
3358 4667 3636 4723 moriendo
3663 4670 3759 4722 de-

2168 4762 2391 4825 struxit,
2442 4770 2496 4816 et
2556 4762 2715 4815 vitam
2760 4760 3085 4829 resurgendo
3132 4759 3419 4829 reparavit.
3461 4759 3759 4829 Propterea

2165 4853 2396 4923 profusis
2424 4853 2766 4923 paschalibus
2792 4852 2996 4922 gaudiis
3039 4861 3181 4906 totus
3214 4852 3267 4905 in
3307 4853 3438 4907 orbe
3488 4861 3754 4909 terrarum

2166 4946 2395 5000 mundus
2418 4946 2640 5000 exultat.
2669 4943 2775 4999 Sed
2805 4953 2855 4998 et
2883 4957 3128 5009 superna:
3154 4944 3380 4999 virtutes
3405 4935 3567 5012 atque
3592 4958 3759 5014 ange-

2168 5040 2285 5095 licae
2312 5044 2600 5095 concinunt
2627 5047 2937 5108 potestates,
2974 5037 3232 5109 hymnum
3262 5038 3447 5107 gloria:
3493 5037 3613 5093 sine
3642 5053 3762 5093 ces-

2170 5134 2376 5187 satione
2405 5132 2669 5187 dicentes.

2174 5300 2298 5346 tur:
2330 5293 2384 5347 in
2412 5291 2656 5346 Africana
2685 5304 2813 5345 vero
2843 5289 3003 5346 fiebat
3028 5288 3115 5345 die
3147 5288 3342 5352 Cacum.
3372 5302 3438 5343 ex
3470 5287 3756 5357 Augustini

2174 5362 2411 5430 epistolis
2436 5362 2504 5418 54
2524 5375 2577 5417 et
2602 5361 2689 5416 55.
2719 5360 2954 5416 Ecclesia
2985 5359 3257 5415 Gallicana
3282 5360 3384 5413 hoc
3410 5359 3465 5413 iu
3493 5358 3598 5430 ritu
3625 5372 3763 5430 con-

2171 5428 2418 5488 veniebat
2439 5447 2561 5487 cum
2587 5430 2999 5499 Mediolanensi,
3029 5431 3098 5485 de
3124 5445 3229 5499 qua
3260 5431 3384 5485 vide
3407 5428 3760 5484 Ambrosium

2171 5503 2225 5557 in
2256 5504 2349 5558 lib.
2376 5505 2440 5558 de
2471 5503 2735 5573 Mysteriis
2760 5516 2879 5571 cap.
2909 5501 2962 5555 6.

2244 5583 2269 5610 υ
2303 5573 2357 5628 In
2385 5570 2677 5644 exemplari
2705 5570 3010 5629 constanter
3033 5571 3292 5644 scriptum
3317 5570 3504 5644 lentae,

2237 5642 2262 5682 δ
2289 5644 2385 5728 liae
2439 5638 2690 5706 lectiones
2718 5655 2841 5707 sunt
2878 5658 2974 5728 pro
3000 5638 3159 5713 missa
3186 5653 3445 5715 sequente
3468 5640 3537 5698 de
3563 5638 3757 5712 Vigilia

2164 5714 2406 5771 Pasc‘hac.
