4060 6346
252 364 365 430 505

677 498 826 539 IISSA
856 500 1016 541 PRIMA
1049 499 1136 540 DIE
1176 500 1410 542 PASCHﬁ.

419 596 595 650 Lectio
617 597 930 661 Apocalypsis
952 598 1106 648 sancti
1129 598 1365 649 Johannis
1388 597 1604 662 Apostoli
1630 599 1674 646 ⁸.

322 702 598 758 Revelatio
627 702 752 757 Jesu
779 701 977 756 Christi
1008 717 1164 770 quam
1194 702 1343 757 dedit
1371 703 1445 758 illi
1491 703 1632 758 Deus
1659 701 1830 770 palam

245 793 427 851 facere
458 795 630 850 servis
670 794 804 863 suis,
837 809 955 863 quae
984 804 1194 862 Oportet
1235 795 1349 850 ﬁeri
1390 797 1515 862 cito,
1548 805 1601 849 et
1632 793 1832 865 signiﬁ-

239 889 384 939 cavit
413 887 635 940 mittens
660 900 756 954 per
780 889 1025 954 angelum
1057 900 1211 940 suum
1243 902 1400 941 servo
1429 901 1526 939 suo
1567 885 1829 950 Johanni,

180 1024 184 1026 _
239 977 334 1047 qui
363 976 724 1032 testimonium
749 976 1022 1046 perhibuit
1042 978 1206 1031 verbo
1236 978 1360 1044 Dei,
1387 987 1443 1032 et
1468 977 1830 1033 testimonium

237 1067 376 1125 Jesu
417 1067 617 1124 Christi
662 1083 1012 1140 quaecumque
1055 1070 1209 1124 vidit.
1246 1071 1438 1125 Beatus
1465 1070 1557 1139 qui
1589 1069 1746 1138 legit,
1778 1077 1833 1123 et

237 1162 334 1233 qui
360 1162 508 1216 audit
534 1161 694 1217 verba
725 1162 1043 1232 prophetiae,
1074 1170 1129 1216 et
1175 1172 1351 1215 servat
1395 1176 1457 1216 ea
1505 1177 1620 1229 qua:
1668 1161 1719 1214 iu
1766 1175 1828 1215 ea

234 1258 441 1326 scripta
482 1264 626 1313 sunt.
657 1256 888 1327 Tempus
917 1257 1060 1311 enim
1092 1269 1258 1326 prope
1304 1262 1408 1309 est.
1440 1253 1715 1309 Johannes
1745 1267 1832 1308 se-

233 1359 385 1420 ptem
419 1348 673 1404 Ecclesiis
699 1363 818 1418 quae
841 1356 964 1402 sunt
994 1347 1046 1401 in
1081 1345 1204 1400 Asia
1231 1363 1243 1397 :
1280 1344 1449 1416 gratia
1474 1344 1625 1399 vobis
1646 1353 1699 1398 et
1729 1358 1830 1411 pax

231 1455 266 1494 a
291 1440 403 1494 Deo
428 1439 516 1509 qui
541 1448 651 1504 est,
676 1447 729 1494 et
752 1439 839 1508 qui
862 1446 977 1492 erat
1003 1445 1057 1491 et
1078 1438 1165 1506 qui
1193 1446 1449 1490 venturus
1472 1443 1558 1490 est
1575 1477 1589 1499 ,
1614 1446 1667 1491 et
1696 1450 1724 1488 a
1748 1449 1831 1488 se-

228 1544 381 1604 ptem
411 1533 704 1602 spiritibus,
735 1531 821 1602 qui
848 1533 899 1586 in
930 1540 1216 1600 conspectu
1243 1529 1420 1584 throni
1448 1530 1560 1599 ejus
1587 1537 1742 1593 sunt,
1775 1535 1830 1582 et

225 1638 260 1681 a
291 1624 420 1680 Jesu
461 1624 694 1688 Christo,
740 1623 829 1692 qui
871 1631 954 1677 est
1005 1623 1153 1677 testis
1202 1621 1391 1684 ﬁdelis,
1438 1620 1826 1690 prituogenitus

224 1723 592 1780 mortuorum,
642 1723 696 1769 et
744 1713 994 1783 princeps
1041 1727 1225 1783 regam
1274 1722 1451 1775 terrae,
1500 1712 1589 1780 qui
1638 1711 1826 1765 dilexit

225 1823 357 1872 nos,
394 1816 448 1862 et
477 1806 604 1861 lavit
642 1820 742 1860 nos
771 1820 800 1858 a
832 1805 1064 1875 peccatis
1097 1803 1296 1857 nostris
1325 1803 1376 1856 in
1411 1804 1672 1871 sanguine
1699 1819 1818 1865 suo,

688 367 1326 428 SACRAM'ENTARIUM
1366 369 1830 430 GALLICANUM.
1855 392 1925 408 --
1951 367 2331 430 LECTIONES
2370 372 2457 430 DE
2486 374 2809 434 ADVENTU
2850 375 3100 436 DOMINI.

3427 375 3532 434 506

1862 481 1914 541 Α
1943 481 2145 540 hannes
2172 487 2385 556 quidem
2419 489 2703 560 baptizavit
2731 505 2891 561 aqua,
2922 506 3019 548 vos
3038 501 3214 548 autem
3235 494 3534 562 baptizabi-

1936 577 2064 631 mini
2095 579 2294 645 Spiritu
2321 590 2509 635 sancto
2538 598 2644 636 non
2676 595 2796 651 post
2826 585 3022 639 multus
3055 586 3150 640 hos
3188 585 3323 642 dies.
3359 587 3524 656 Igitur

1933 668 2024 736 qui
2053 681 2444 741 convenerant,
2481 674 2881 744 interrogabant
2923 692 3073 741 eum,
3103 678 3388 734 dicentes:
3425 681 3529 733 Do-

1933 757 2098 826 mine,
2130 761 2174 814 si
2222 761 2273 814 in
2320 772 2560 831 tempore
2608 764 2710 819 hoc
2753 767 3002 823 restitues
3050 784 3272 838 regnum
3320 769 3529 826 Israel?

1934 850 2078 907 Dixit
2102 862 2278 908 autem
2304 857 2383 910 eis
2409 873 2424 910 :
2456 856 2569 911 Non
2597 867 2680 913 est
2707 868 2946 916 vestrum
2979 877 3138 917 nosse
3167 873 3407 932 tempora
3437 865 3520 918 vel

1933 955 2203 999 momenta
2227 961 2344 1016 quae
2375 947 2532 1003 Pater
2564 952 2738 1018 posuit
2767 953 2816 1004 in
2845 966 2938 1006 sua
2973 962 3236 1022 potestate
3262 974 3275 1010 :
3307 956 3400 1010 sed
3435 969 3524 1010 ac-

1933 1035 2141 1104 cipietis
2163 1037 2408 1092 virtutem
2431 1044 2896 1109 supervenientem
2923 1043 2976 1097 in
2999 1059 3113 1113 vos,
3141 1055 3194 1098 et
3217 1048 3366 1101 eritis
3391 1047 3521 1101 mihi

1935 1136 2096 1183 testes
2125 1131 2176 1184 in
2207 1130 2537 1188 Hierusalem
2558 1177 2572 1202 ,
2597 1145 2652 1190 et
2679 1138 2824 1191 omni
2854 1136 3058 1203 Judaa,
3092 1147 3147 1194 et
3175 1138 3439 1208 Samaria,
3468 1147 3524 1194 et

1939 1233 2106 1291 usque
2133 1221 2199 1276 ad
2223 1224 2466 1278 ultimum
2494 1234 2671 1280 terrae.

2151 1335 2322 1386 Lectio
2345 1340 2496 1388 sancti
2522 1338 2775 1401 Evangelii
2798 1344 3065 1394 secundum
3089 1344 3266 1395 Lucam
3289 1350 3331 1396 θ.

2010 1427 2276 1499 Tempore
2319 1430 2429 1497 illo,
2462 1447 2566 1485 una
2613 1434 2854 1502 sabbati,
2887 1437 3041 1492 valde
3070 1438 3324 1504 diluculo,
3359 1455 3524 1495 vene-

1939 1530 2063 1575 runt
2109 1522 2175 1576 ad
2223 1507 2658 1590 monumentum,
2709 1539 2982 1595 portantes
3032 1547 3151 1598 quae
3205 1543 3524 1600 paraverant

1935 1625 2212 1671 aromata:
2240 1627 2294 1672 et
2325 1619 2646 1674 invenerunt
2676 1621 2903 1690 lapidem
2937 1625 3235 1680 revolutum
3265 1642 3294 1680 a
3329 1643 3522 1682 monu-

1935 1715 2147 1770 mento;
2179 1716 2233 1762 et
2265 1709 2514 1777 ingressae
2555 1727 2660 1765 non
2710 1711 3032 1769 invenerunt
3075 1731 3269 1784 corpus
3305 1718 3520 1774 Domini

1937 1798 2087 1852 Jesu.
2122 1798 2190 1852 Et
2221 1798 2416 1854 iactum
2447 1810 2530 1856 est
2559 1803 2683 1857 dum
2729 1814 2909 1860 mente
2946 1816 3304 1863 consternata:
3348 1816 3531 1865 essent

223 1909 285 1954 et
315 1898 437 1954 fecit
458 1907 698 1953 nostrum
725 1911 948 1968 regnum
975 1894 1282 1950 sacerdotes
1313 1895 1422 1949 Deo
1445 1903 1498 1948 et
1520 1893 1668 1948 Patri
1691 1908 1826 1947 suo:
1857 1864 1906 1926 Β
1934 1889 2001 1944 de
2040 1889 2164 1953 isto,
2200 1904 2326 1945 ecce
2365 1891 2472 1945 duo
2502 1893 2603 1947 viri
2653 1903 2914 1950 steterunt
2948 1897 3098 1965 juxta
3141 1899 3254 1952 illas
3284 1901 3336 1953 in
3381 1911 3530 1956 veste

223 1990 336 2061 ipsi
364 1990 530 2060 gloria
560 1998 612 2044 et
642 1989 923 2058 imperium
970 1989 1023 2043 in
1075 1989 1267 2042 smcula
1299 1988 1644 2042 saeculorum.
1692 1987 1833 2042 Ecce

223 2081 410 2137 veniet
440 2081 494 2135 in
525 2079 776 2145 nubibus,
807 2089 860 2134 et
908 2079 1110 2134 videbit
1151 2093 1274 2134 eum
1317 2078 1494 2132 omnis
1533 2077 1749 2141 oculus,
1780 2085 1833 2131 et

221 2173 322 2244 qui
351 2187 472 2226 eum
505 2180 840 2242 pupugerunt
867 2187 881 2225 :
912 2178 966 2225 et
1005 2171 1254 2239 plangent
1281 2184 1442 2238 super
1482 2184 1604 2224 eum
1634 2182 1822 2222 omnes

223 2265 403 2320 tribus
433 2273 614 2325 terrae,
645 2263 806 2317 etiam
854 2277 1029 2318 amen.
1062 2261 1173 2331 Ego
1218 2276 1335 2315 sum
1367 2260 1482 2314 Alia
1514 2269 1568 2314 et
1599 2260 1817 2328 Omega,

223 2356 550 2428 principium
590 2362 644 2410 et
687 2355 830 2419 ﬁnis,
879 2353 1009 2408 dicit
1055 2353 1309 2407 Dominus
1360 2353 1448 2422 qui
1491 2360 1600 2415 est,
1635 2359 1689 2404 ct
1738 2349 1827 2419 qui

219 2457 379 2517 erat,
407 2456 460 2502 et
486 2447 574 2517 qui
607 2454 862 2501 venturus
893 2455 973 2500 est
1002 2444 1362 2514 omnipotens.
1397 2443 1506 2512 Ego
1544 2443 1817 2498 Johannes

221 2542 399 2597 frater
431 2554 607 2594 veSter
635 2553 688 2594 et
718 2538 984 2608 particeps
1013 2537 1066 2591 in
1099 2537 1442 2592 tribulatione
1477 2546 1530 2591 et
1567 2551 1733 2605 regno
1764 2543 1820 2589 et

223 2632 491 2706 patientia
519 2632 680 2697 Jesu;
713 2630 784 2684 l'ui
812 2630 864 2685 in
898 2629 1068 2684 insula
1097 2644 1216 2698 qua:
1245 2629 1546 2698 appellatur
1573 2627 1833 2681 Pathmos

226 2733 459 2795 propter
505 2723 727 2777 verbum
758 2721 851 2776 Dei
880 2729 934 2776 et
963 2719 1320 2775 testimonium
1351 2719 1507 2785 Jesu;
1539 2718 1608 2771 fni
1642 2719 1692 2771 in
1722 2717 1833 2785 spi-

223 2817 342 2874 ritu
372 2816 425 2869 in
460 2813 739 2868 Dominico
767 2813 873 2876 die,
904 2821 959 2867 et
987 2810 1166 2866 audivi
1211 2819 1330 2880 post
1356 2825 1443 2865 me
1486 2824 1668 2864 vocem
1697 2808 1835 2879 Agni

223 2917 507 2977 tamquam
537 2905 678 2960 tuba:
704 2904 931 2959 dicentis
956 2921 970 2959 :
1002 2903 1153 2971 Quod
1191 2904 1341 2958 vides
1369 2903 1564 2977 scribe,
1590 2911 1645 2957 et
1674 2902 1824 2957 mitte

223 2997 440 3071 septem
466 2999 728 3063 ecclesiis,
756 2996 810 3052 id
835 3006 918 3053 est
947 2997 1214 3066 Ephesum
1232 3037 1247 3062 ,
1271 2995 1577 3060 Zmirnam,
1609 3004 1664 3049 ct
1697 2994 1826 3048 Per-

223 3108 449 3168 gamum
467 3134 482 3159 ,
508 3101 563 3148 et
587 3091 880 3156 Tiathiriae,
903 3098 957 3146 et
978 3090 1181 3155 Sardis,
1207 3099 1260 3145 et
1287 3089 1582 3154 Fiadelﬁae,
1610 3100 1665 3143 et
1693 3089 1829 3142 Lau-

222 3188 408 3245 diciae.
435 3185 504 3240 Et
529 3184 770 3240 converti
802 3199 887 3239 me
909 3193 966 3239 ut
987 3183 1222 3238 viderem
1245 3196 1431 3237 vocem
1456 3196 1578 3250 qute
1609 3195 1824 3236 mecum

225 3281 568 3353 loquebatur.
595 3279 896 3336 Conversus
923 3277 1030 3330 vidi
1055 3285 1259 3346 septem
1286 3273 1610 3330 candelabra
1641 3286 1828 3340 aurea,

225 3383 294 3432 et
335 3373 390 3428 in
437 3371 610 3427 medio
639 3369 1080 3426 candelabrorum
1126 3367 1352 3423 similem
1398 3365 1534 3420 Filio
1566 3364 1822 3433 hominis,

230 3465 493 3522 vestitum
545 3465 776 3518 tunicam
827 3463 1079 3526 talarem,
1129 3469 1179 3515 et
1233 3459 1552 3529 praecinctus
1603 3465 1720 3512 erat
1763 3457 1832 3512 ad

244 3556 416 3613 ubera
458 3569 646 3611 zonam
689 3568 928 3609 auream.
959 3553 1130 3622 Caput
1172 3561 1348 3606 autem
1398 3549 1516 3619 ejus
1558 3558 1613 3604 et
1656 3548 1840 3616 capilli

232 3652 349 3708 albi
377 3660 646 3719 tamquam
689 3650 808 3713 nix,
841 3656 895 3701 et
939 3647 1078 3701 oculi
1120 3645 1235 3714 ejus
1284 3656 1340 3699 ttt
1385 3645 1600 3699 ﬁamma
1648 3644 1823 3713 ignis:

234 3743 410 3814 pedes
433 3741 549 3811 ejus
577 3742 714 3796 sicut
748 3739 981 3794 uricalco
1011 3738 1208 3805 turino,
1241 3737 1480 3807 projecto
1525 3738 1590 3791 de
1613 3738 1832 3792 camino

236 3835 402 3903 ignis.
435 3833 547 3888 Vox
572 3831 686 3901 ejus
712 3832 850 3886 sicut
871 3845 972 3884 vox
1003 3844 1259 3900 aquarum
1300 3830 1588 3883 multarum
1613 3869 1627 3894 ,
1655 3839 1707 3884 et
1739 3829 1835 3884 ha-

235 3927 401 3983 bebat
425 3927 476 3980 in
507 3925 728 3980 dextera
759 3937 918 3977 manu
945 3921 1114 3978 stillas
1144 3928 1381 3990 septem,
1413 3928 1468 3975 et
1495 3920 1562 3974 de
1588 3935 1682 3974 ore
1711 3920 1828 3989 ejus

235 4020 446 4092 gladius
473 4033 539 4074 ex
567 4028 789 4086 utraque
821 4025 966 4084 parte
994 4024 1178 4069 acutus
1203 4013 1535 4082 procedens;
1569 4023 1623 4067 et
1658 4012 1819 4067 facies

236 4113 361 4182 ejus
386 4112 523 4166 sicut
551 4111 632 4164 sol
662 4109 804 4164 lucet
833 4109 885 4162 in
929 4108 1127 4162 virtute
1165 4123 1282 4162 sua.
1317 4107 1382 4161 Et
1413 4115 1471 4161 ut
1498 4106 1604 4161 vidi
1648 4106 1827 4174 illum,

235 4203 410 4260 cecidi
433 4202 498 4257 ad
527 4200 689 4272 pedes
711 4201 829 4269 ejus
860 4210 1127 4270 tamquam
1157 4208 1416 4264 mortuus,
1446 4207 1501 4252 et
1530 4200 1709 4268 posuit
1737 4213 1827 4254 su-

242 4312 338 4367 per
364 4309 456 4349 me
480 4308 695 4349 manum
721 4306 870 4347 suam
903 4292 1182 4346 dexteram
1211 4290 1392 4344 dicens
1417 4307 1430 4342 :
1464 4289 1578 4344 Noli
1611 4291 1820 4356 timere,

238 4403 341 4460 ego
381 4401 498 4443 sum
540 4386 742 4455 primus
781 4392 836 4439 et
877 4383 1224 4448 novissimus,
1272 4396 1370 4450 ego
1415 4396 1534 4436 sum
1575 4381 1666 4451 qui
1707 4383 1828 4438 vivo

238 4493 476 4548 semper,
504 4477 596 4548 qui
626 4476 698 4530 l‘ui
731 4485 992 4542 mortuus,
1023 4484 1076 4531 et
1103 4488 1229 4530 ecce
1255 4474 1440 4529 vivens
1468 4488 1586 4528 sum
1628 4475 1682 4529 in
1721 4491 1824 4530 ste-

237 4573 357 4628 cula
387 4571 707 4626 saeculorum
724 4611 739 4633 ,
770 4582 948 4623 amen.

623 4658 796 4710 Lectio
819 4658 1026 4709 Actuum
1054 4658 1383 4720 apostolorum
1405 4655 1453 4705 ιι.

307 4743 544 4799 Primum
587 4741 804 4813 quidem
852 4756 1157 4796 sermonem
1206 4741 1308 4796 feci
1357 4741 1426 4796 de
1472 4741 1744 4808 omnibus,
1791 4756 1827 4797 ο

231 4834 495 4901 Theoﬁle,
527 4848 647 4902 quae
676 4833 843 4902 coepit
898 4831 1057 4887 Jesus
1099 4831 1272 4887 facere
1320 4839 1374 4886 et
1415 4834 1610 4888 docere
1663 4847 1831 4901 usque

229 4929 286 4983 in
319 4926 488 4990 diem,
518 4940 619 4994 qua
653 4923 968 4994 praecipiens
996 4924 1253 4993 apostolis
1285 4938 1380 4992 per
1403 4923 1661 4992 Spiritum
1694 4938 1818 4978 san-

229 5029 410 5085 ctmn,
449 5032 582 5089 quos
621 5017 808 5088 elegit,
843 5017 1155 5086 adsumptus
1204 5026 1306 5071 est.
1340 5016 1546 5083 Quibus
1599 5018 1828 5085 praebuit

229 5111 469 5177 seipsum
502 5110 679 5165 vivum
713 5117 828 5178 post
853 5110 1156 5176 passionem
1187 5123 1336 5163 suam
1366 5110 1417 5163 itt
1453 5109 1631 5163 multis
1663 5124 1821 5179 argu-

231 5202 447 5269 tnentis,
475 5215 567 5270 per
591 5201 704 5257 dies
731 5201 1078 5271 quadraginta
1108 5215 1371 5269 apparens
1393 5202 1493 5266 eis,
1517 5209 1570 5256 et
1595 5201 1820 5270 loquens

229 5295 297 5350 de
327 5309 490 5362 regno
523 5293 635 5348 Dei.
667 5293 734 5347 Et
761 5306 1087 5347 convescens
1117 5293 1378 5362 praecepit
1419 5294 1498 5347 eis
1534 5294 1600 5346 ab
1632 5292 1822 5348 Hieru-

231 5385 450 5457 solymis
480 5399 547 5440 ne
575 5384 944 5451 discederent,
985 5382 1080 5438 sed
1109 5392 1458 5452 expectarent
1503 5384 1819 5453 promissio-

233 5489 352 5532 nem
398 5474 590 5542 Patris,
621 5487 780 5545 quam
809 5473 1034 5529 audistis
1066 5487 1160 5544 per
1200 5487 1262 5527 os
1311 5487 1486 5528 meum
1516 5489 1530 5527 :
1565 5474 1688 5542 quia
1730 5473 1822 5529 Jo-

309 5619 337 5648 κ
369 5609 461 5664 Ha;
508 5608 792 5665 Lectiones
839 5610 966 5665 item
1016 5624 1115 5680 pro
1162 5610 1322 5663 missa
1371 5616 1645 5680 sequente.
1695 5609 1826 5665 Nam

236 5679 519 5736 Lectiones
548 5696 613 5734 ex
661 5681 985 5750 Apocalypsi
1019 5678 1076 5736 et
1103 5695 1169 5736 ex
1200 5680 1349 5738 Actis
1390 5678 1763 5748 Apostolorum
1797 5696 1825 5733 a

235 5751 317 5821 die
338 5750 556 5821 Pascha:
571 5752 932 5821 incipiebant.

235 5881 242 5889 ι
305 5819 331 5893 ἢ
361 5818 710 5893 Augustinus,
738 5821 794 5893 in
826 5836 1075 5893 sermone
1104 5823 1138 5876 4
1184 5821 1250 5875 tle
1281 5818 1582 5893 Paschateg:
1617 5837 1635 5871 ι
1666 5819 1822 5875 Modo

232 5889 416 5955 incipit
438 5890 574 5947 liber
603 5891 709 5948 iste
734 5891 868 5962 legi;
899 5891 1063 5948 hodie
1095 5893 1260 5964 cmpit
1287 5891 1443 5960 liber,
1475 5891 1562 5961 qui
1596 5901 1825 5954 vocatur

1934 1979 2182 2050 fulgenti.
2214 1981 2345 2036 Cum
2380 1984 2627 2039 timerent
2648 1995 2856 2056 autem,
2885 1999 2938 2044 et
2964 1989 3297 2047 declinarent
3322 1994 3527 2048 vultum

1934 2069 1988 2124 in
2033 2080 2192 2136 terra,
2223 2072 2474 2128 dixerunt
2515 2077 2580 2129 ad
2612 2077 2729 2134 illas
2761 2095 2776 2132 :
2808 2079 2944 2146 Quid
2985 2083 3222 2150 quaeritis
3263 2086 3528 2142 viventem

1933 2179 2056 2219 cum
2093 2168 2351 2220 mortuis?
2389 2168 2502 2224 Non
2547 2183 2629 2224 est
2673 2171 2781 2242 hic,
2821 2175 2918 2230 sed
2961 2182 3212 2234 surrexit.
3260 2181 3528 2238 Recorda-

1936 2257 2063 2311 mini
2096 2260 2328 2327 qualiter
2357 2261 2564 2317 locutus
2593 2271 2677 2318 est
2721 2265 2895 2334 vobis,
2925 2283 3044 2322 cum
3076 2270 3249 2324 adhuc
3290 2273 3339 2325 in
3384 2271 3530 2328 Gali-

1938 2350 2036 2405 lrea
2078 2362 2252 2416 esset,
2284 2353 2490 2420 dicens,
2521 2358 2644 2423 quia
2685 2366 2899 2426 Oportet
2930 2360 3092 2416 ﬁlium
3125 2361 3356 2420 hominis
3385 2365 3524 2421 tradi

1935 2443 1985 2496 in
2016 2459 2205 2498 manus
2237 2445 2510 2501 hominum
2543 2459 2917 2516 peccatorum,
2944 2462 2999 2507 et
3027 2455 3297 2525 cruciﬁgi,
3327 2465 3381 2512 et
3412 2466 3519 2513 ter-

1938 2535 2009 2588 tia
2039 2535 2126 2591 die
2158 2551 2463 2607 resurgere.
2494 2539 2558 2593 Et
2590 2541 3034 2599 recordatae'sunt
3068 2547 3354 2601 verborum
3385 2547 3523 2618 ejus,

1935 2638 1990 2683 et
2035 2644 2266 2698 egressa:
2315 2641 2440 2685 sunt
2483 2647 2511 2684 a
2557 2644 2939 2700 monumento,
2982 2638 3368 2695 uunciaverunt
3414 2642 3530 2699 haec

1935 2723 2113 2776 omnia
2161 2723 2267 2777 illis
2314 2724 2559 2780 undecim
2602 2734 2654 2780 et
2694 2735 2890 2781 ceteris
2935 2729 3204 2786 omnibus.
3238 2733 3384 2787 Enn
3422 2750 3523 2789 Αυ-

1933 2828 2042 2867 τειί
2080 2813 2241 2867 Maria
2285 2814 2614 2886 Magdaleue,
2646 2826 2700 2871 et
2729 2818 2993 2886 Johanna,
3026 2830 3080 2875 et
3117 2821 3279 2876 Maria
3311 2824 3530 2895 Jacobi,

1937 2914 1990 2961 et
2039 2918 2266 2972 cetera),
2307 2923 2428 2976 quae
2481 2924 2601 2963 cum
2645 2911 2722 2964 eis
2771 2921 2963 2979 erant,
3003 2929 3123 2983 quae
3161 2916 3414 2971 dicebant
3461 2917 3529 2976 ad

1937 3001 2225 3067 Apostolos
2271 3001 2422 3055 hate:
2456 3011 2510 3055 et
2540 3002 2652 3056 visa
2684 3013 2810 3058 sunt
2838 3017 2963 3060 ante
3002 3005 3123 3062 illos
3164 3007 3301 3062 sicut
3339 3009 3531 3065 delira-

1938 3104 2179 3148 mentum
2212 3093 2373 3148 verba
2391 3094 2523 3158 ista;
2553 3106 2606 3149 et
2627 3110 2733 3150 non
2756 3096 3047 3153 credebant
3076 3099 3203 3153 illis.
3229 3100 3412 3155 Petrus
3439 3116 3529 3156 au-

1941 3191 2047 3237 tem
2089 3197 2312 3252 surgens
2349 3185 2587 3239 cucurrit
2615 3187 2682 3239 ad
2730 3197 3165 3257 monumentum,
3202 3200 3256 3245 et
3283 3207 3530 3261 procum-

1943 3272 2076 3328 bens
2107 3273 2234 3328 vidit
2263 3274 2571 3331 linteamina
2616 3276 2806 3345 posita,
2838 3288 2892 3332 et
2916 3280 3078 3345 abiit,
3111 3296 3293 3337 secum
3327 3283 3550 3340 mirans-

1940 3367 2082 3437 quod
2113 3365 2308 3422 factum
2338 3367 2534 3423 fuerat.

2563 3476 2736 3512 INCIPIT
2769 3478 2920 3514 MlSSAo

2011 3544 2180 3600 Deum
2206 3559 2267 3599 ac
2295 3545 2579 3600 Dominum
2611 3555 2851 3602 nostrum
2880 3547 3060 3603 Jesum
3091 3549 3393 3619 Christum,
3429 3552 3534 3609 fra-

1940 3644 2052 3693 tres
2082 3637 2379 3706 carissimi,
2423 3640 2737 3708 suppliciter
2765 3655 3072 3706 exoremus,
3103 3644 3192 3712 qui
3244 3645 3396 3698 tertia
3441 3646 3529 3703 die

1939 3730 2065 3785 dum
2095 3732 2388 3786 resurrexit
2415 3747 2442 3785 a
2472 3733 2722 3799 mortuis,
2753 3734 3043 3788 multorum
3075 3744 3382 3791 sanctorum
3410 3753 3530 3793 cor-

1937 3837 2066 3892 pora
2109 3824 2386 3877 suscitavit
2415 3824 2483 3878 de
2523 3825 2810 3893 sepulcro:
2843 3841 3000 3895 quem
3044 3840 3166 3881 cum
3214 3827 3374 3882 Maria
3421 3830 3531 3898 plo-

1937 3927 2062 3969 rans
2090 3923 2357 3984 quatreret
2384 3915 2450 3968 ad
2483 3925 2887 3972 monumentum
2911 3959 2924 3982 ,
2959 3918 3155 3974 dicitur
3184 3920 3233 3974 ei
3268 3921 3334 3973 ab
3364 3936 3531 3991 ange-

1937 4004 2022 4072 lis,
2052 4005 2194 4073 quod
2219 4005 2328 4075 jam
2361 4008 2681 4062 surrexisset
2710 4023 2738 4060 a
2773 4009 3020 4064 mortuis.
3048 4009 3330 4066 Fundebat
3362 4012 3530 4068 Maria

1939 4108 2034 4162 pro
2061 4094 2249 4150 aliectu
2278 4096 2494 4151 ﬂumina
2543 4097 2917 4165 lacrimarum;
2950 4115 3016 4155 eo
3054 4102 3196 4170 quod
3230 4117 3334 4157 non
3380 4104 3530 4160 inve-

1935 4188 2104 4244 nisset
2132 4191 2185 4242 in
2233 4196 2579 4244 monumento
2611 4191 2914 4246 Dominum.
2948 4191 3240 4262 Plangebat
3272 4195 3324 4248 in
3369 4194 3529 4256 horto

1934 4281 2218 4337 dominicae
2259 4281 2700 4347 resurrectionis;
2745 4282 2943 4338 invenit
2985 4287 3291 4354 sepulcrum
3336 4296 3530 4357 paten-

1934 4383 2075 4438 tem,
2104 4383 2159 4428 et
2184 4374 2418 4442 expavit.
2449 4373 2561 4429 illic
2589 4376 2730 4430 enim
2760 4375 3000 4430 excubiae
3025 4377 3338 4447 angelorum
3368 4393 3531 4446 super

1935 4462 2168 4534 lapidem
2198 4465 2495 4518 revolutum
2525 4466 2813 4519 cantabant
2839 4466 2907 4521 de
2937 4467 3333 4524 resurrectione
3356 4470 3530 4524 domi-

1935 4555 2052 4609 nica
2098 4554 2352 4627 hymnum
2399 4569 2630 4622 novum,
2675 4557 2928 4624 praeclara
2977 4557 3115 4626 legio
3160 4561 3522 4626 angelorum:

1857 4616 1914 4679 D
1937 4646 2028 4702 illa
2071 4616 2326 4701 fundebat
2357 4616 2647 4717 [lacrimas]
2675 4616 2818 4701 'ante
2851 4616 3172 4715 sepulcrum.
3225 4616 3428 4705 Dicitur
3474 4651 3530 4708 ei

1934 4739 2002 4794 ab
2031 4739 2232 4809 angelis
2259 4738 2396 4806 quod
2435 4737 2546 4806 jam
2592 4738 2977 4793 resurrexisset
3019 4753 3048 4792 a
3084 4740 3328 4794 mortuis.
3380 4742 3519 4797 Dum

1934 4834 2035 4886 ista
2065 4831 2241 4896 audit,
2281 4830 2510 4884 efﬁcitur
2547 4843 2705 4898 quem
2749 4833 3019 4898 quaerebat
3059 4846 3252 4902 corpus
3307 4833 3518 4890 Domini

1933 4921 2246 4977 Salvatoris.
2275 4921 2553 4975 Clamabat
2587 4921 2697 4988 jam
2736 4920 3013 4989 gaudens:
3046 4921 3123 4976 Tu
3157 4938 3215 4977 es
3263 4923 3524 4981 Dominus

1935 5026 2108 5077 meus,
2131 5012 2222 5081 qui
2251 5013 2302 5065 in
2332 5012 2473 5081 ligno
2499 5011 2792 5082 pependisti
2813 5053 2829 5079 ,
2855 5021 2909 5066 et
2936 5013 2988 5066 in
3010 5014 3258 5082 sepulcro
3287 5017 3382 5084 pro
3408 5024 3521 5071 toto

1931 5103 2131 5159 mundo
2175 5103 2405 5172 jacuisti.
2455 5103 2572 5158 Noli
2625 5103 2750 5156 mihi
2800 5102 3108 5172 indignari:
3142 5103 3240 5158 etsi
3282 5104 3520 5160 hortula-

1935 5210 2060 5251 num
2094 5195 2304 5264 putavi,
2337 5203 2512 5249 tamen
2547 5195 2638 5250 Dei
2669 5194 2864 5248 Filium
2896 5211 3000 5250 non
3043 5197 3251 5264 negavi.
3299 5197 3521 5252 Plorans

1931 5288 2134 5358 ploravi
2161 5286 2228 5340 ad
2273 5295 2322 5341 te
2353 5295 2476 5341 ante
2519 5286 2851 5357 sepulcrum,
2883 5296 2938 5340 et
2967 5287 3038 5340 ibi
3088 5287 3192 5340 vidi
3242 5287 3516 5345 sudarium

1928 5381 2104 5436 vultus
2137 5380 2210 5434 tui
2238 5378 2336 5452 [in]
2365 5380 2611 5435 salutem.
2643 5379 2926 5448 Sepultum
2953 5381 3096 5435 enim
3126 5394 3231 5433 non
3264 5382 3370 5434 tuis
3403 5397 3516 5436 me-

1929 5473 2068 5538 ritis,
2097 5473 2190 5527 sed
2235 5481 2431 5527 nostris
2473 5472 2703 5542 peccatis
2752 5469 3113 5544 [debebatur,]
3163 5471 3302 5527 unde
3351 5473 3517 5530 Maria

1932 5607 2091 5660 Actus
2120 5606 2490 5677 apostolorum.
2524 5624 2540 5656 ι

2008 5689 2028 5715 ο
2066 5674 2207 5732 Idem
2240 5676 2582 5744 livangelium
2613 5675 2680 5729 ad
2711 5674 2925 5729 missam
2970 5675 3189 5731 Paschae
3217 5677 3271 5732 in
3302 5675 3512 5732 Lectio-

1931 5750 2081 5873 rgario
2109 5748 2454 5814 Luxovieusi,
2485 5749 2551 5799 ita
2583 5745 2842 5814 incipiens
2869 5763 2881 5800 :
2913 5744 3103 5802 Diebus
3130 5749 3231 5802 illis
3255 5765 3357 5803 una
3384 5749 3516 5808 Sub-
3558 5783 3562 5787 -

1969 5829 2070 5873 att.
2100 5829 2202 5872 etc.

2059 5860 2070 5885 ’
2101 5855 2202 5872 υιυο
