  <div class='ocr_page' id='page_1' title='image "/cluster/home/n/w/nwhite01/storage/ocr_20150623/72/hvd.32044015469364/262.png"; bbox 0 0 4060 6346; ppageno 0'>
   <div class='ocr_carea' id='block_1_1' title="bbox 315 360 424 423">
    <p class='ocr_par' dir='ltr' id='par_1_1' title="bbox 315 360 424 423">
     <span class='ocr_line' id='line_1_1' title="bbox 315 360 424 423; baseline 0 -6"><span class='ocrx_word' id='word_1_1' title='bbox 315 360 424 423; x_wconf 70' lang='lat'><strong>509</strong></span> 
     </span>
    </p>
   </div>
   <div class='ocr_carea' id='block_1_2' title="bbox 744 349 3170 431">
    <p class='ocr_par' dir='ltr' id='par_1_2' title="bbox 744 349 3170 431">
     <span class='ocr_line' id='line_1_2' title="bbox 744 349 3170 431; baseline 0.004 -14"><span class='ocrx_word' id='word_1_2' title='bbox 744 349 1377 421; x_wconf 67' lang='lat' dir='ltr'><strong>SACRA&#39;MENTMIIDN</strong></span> <span class='ocrx_word' id='word_1_3' title='bbox 1414 362 1876 425; x_wconf 77' lang='lat' dir='ltr'><strong>GALLICANUM.</strong></span> <span class='ocrx_word' id='word_1_4' title='bbox 1899 365 2380 425; x_wconf 79' lang='lat' dir='ltr'><strong>—LECTIONBS</strong></span> <span class='ocrx_word' id='word_1_5' title='bbox 2422 365 2509 427; x_wconf 81' lang='lat' dir='ltr'><strong>DE</strong></span> <span class='ocrx_word' id='word_1_6' title='bbox 2546 354 3170 431; x_wconf 16' lang='lat' dir='ltr'><strong>ADVENTU’DOMZNL</strong></span> 
     </span>
    </p>
   </div>
   <div class='ocr_carea' id='block_1_3' title="bbox 3482 370 3587 430">
    <p class='ocr_par' dir='ltr' id='par_1_3' title="bbox 3482 370 3587 430">
     <span class='ocr_line' id='line_1_3' title="bbox 3482 370 3587 430; baseline 0.01 -2"><span class='ocrx_word' id='word_1_7' title='bbox 3482 370 3587 430; x_wconf 73' lang='grc'><strong>510</strong></span> 
     </span>
    </p>
   </div>
   <div class='ocr_carea' id='block_1_4' title="bbox 317 476 3584 559">
    <p class='ocr_par' dir='ltr' id='par_1_4' title="bbox 317 476 3584 559">
     <span class='ocr_line' id='line_1_4' title="bbox 317 476 3584 559; baseline 0.004 -25"><span class='ocrx_word' id='word_1_8' title='bbox 317 478 430 534; x_wconf 86' lang='lat' dir='ltr'><strong>tuis</strong></span> <span class='ocrx_word' id='word_1_9' title='bbox 451 476 708 533; x_wconf 81' lang='lat' dir='ltr'><strong>sacrificia</strong></span> <span class='ocrx_word' id='word_1_10' title='bbox 738 479 1074 547; x_wconf 81' lang='lat' dir='ltr'><strong>paschalibus</strong></span> <span class='ocrx_word' id='word_1_11' title='bbox 1086 480 1293 551; x_wconf 85' lang='lat' dir='ltr'><strong>gaudiis</strong></span> <span class='ocrx_word' id='word_1_12' title='bbox 1318 482 1677 554; x_wconf 74' lang='lat' dir='ltr'><strong>immolemus,</strong></span> <span class='ocrx_word' id='word_1_13' title='bbox 1705 487 1897 555; x_wconf 80' lang='lat' dir='ltr'><strong>quibus</strong></span> <span class='ocrx_word' id='word_1_14' title='bbox 1922 485 1979 547; x_wconf 70' lang='grc' dir='ltr'><strong>Δ</strong></span> <span class='ocrx_word' id='word_1_15' title='bbox 1999 484 2216 550; x_wconf 67' lang='lat' dir='ltr'><strong>clausae,</strong></span> <span class='ocrx_word' id='word_1_16' title='bbox 2236 486 2323 539; x_wconf 86' lang='lat' dir='ltr'><strong>uhi</strong></span> <span class='ocrx_word' id='word_1_17' title='bbox 2345 493 2499 541; x_wconf 87' lang='lat' dir='ltr'><strong>erant</strong></span> <span class='ocrx_word' id='word_1_18' title='bbox 2522 485 2766 556; x_wconf 81' lang='lat' dir='ltr'><strong>discipuli</strong></span> <span class='ocrx_word' id='word_1_19' title='bbox 2786 497 3001 557; x_wconf 89' lang='lat' dir='ltr'><strong>propter</strong></span> <span class='ocrx_word' id='word_1_20' title='bbox 3029 496 3228 545; x_wconf 75' lang='lat' dir='ltr'><strong>metum</strong></span> <span class='ocrx_word' id='word_1_21' title='bbox 3250 486 3584 559; x_wconf 60' lang='lat' dir='ltr'><strong>iudicarunt,</strong></span> 
     </span>
    </p>
   </div>
   <div class='ocr_carea' id='block_1_5' title="bbox 317 570 1808 645">
    <p class='ocr_par' dir='ltr' id='par_1_5' title="bbox 317 570 1808 645">
     <span class='ocr_line' id='line_1_5' title="bbox 317 570 1808 645; baseline 0.004 -18"><span class='ocrx_word' id='word_1_22' title='bbox 317 570 557 629; x_wconf 63' lang='lat' dir='ltr'><strong>Eccluia</strong></span> <span class='ocrx_word' id='word_1_23' title='bbox 582 579 673 625; x_wconf 88' lang='lat' dir='ltr'><strong>tua</strong></span> <span class='ocrx_word' id='word_1_24' title='bbox 702 570 1016 629; x_wconf 71' lang='lat' dir='ltr'><strong>mirabiliter</strong></span> <span class='ocrx_word' id='word_1_25' title='bbox 1038 584 1091 630; x_wconf 87' lang='lat' dir='ltr'><strong>et</strong></span> <span class='ocrx_word' id='word_1_26' title='bbox 1113 576 1432 645; x_wconf 86' lang='lat' dir='ltr'><strong>renascitur,</strong></span> <span class='ocrx_word' id='word_1_27' title='bbox 1473 586 1527 633; x_wconf 85' lang='lat' dir='ltr'><strong>et</strong></span> <span class='ocrx_word' id='word_1_28' title='bbox 1558 578 1808 635; x_wconf 88' lang='lat' dir='ltr'><strong>nutritur.</strong></span> 
     </span>
    </p>
   </div>
   <div class='ocr_carea' id='block_1_6' title="bbox 950 665 1267 719">
    <p class='ocr_par' dir='ltr' id='par_1_6' title="bbox 950 665 1267 719">
     <span class='ocr_line' id='line_1_6' title="bbox 950 665 1267 719; baseline 0.009 -3"><span class='ocrx_word' id='word_1_29' title='bbox 950 665 1267 719; x_wconf 80' lang='lat' dir='ltr'><strong>Conteatatie.</strong></span> 
     </span>
    </p>
   </div>
   <div class='ocr_carea' id='block_1_7' title="bbox 394 745 1899 820">
    <p class='ocr_par' dir='ltr' id='par_1_7' title="bbox 394 745 1899 820">
     <span class='ocr_line' id='line_1_7' title="bbox 394 745 1899 820; baseline 0.007 -18"><span class='ocrx_word' id='word_1_30' title='bbox 394 745 533 803; x_wconf 88' lang='lat' dir='ltr'><strong>Vere</strong></span> <span class='ocrx_word' id='word_1_31' title='bbox 555 746 848 816; x_wconf 73' lang='lat' dir='ltr'><strong>dignumst</strong></span> <span class='ocrx_word' id='word_1_32' title='bbox 870 748 1074 819; x_wconf 82' lang='lat' dir='ltr'><strong>justum</strong></span> <span class='ocrx_word' id='word_1_33' title='bbox 1104 760 1187 806; x_wconf 86' lang='lat' dir='ltr'><strong>est</strong></span> <span class='ocrx_word' id='word_1_34' title='bbox 1240 752 1581 820; x_wconf 89' lang='lat' dir='ltr'><strong>omnipotens</strong></span> <span class='ocrx_word' id='word_1_35' title='bbox 1634 754 1796 819; x_wconf 83' lang='lat' dir='ltr'><strong>Deus,</strong></span> <span class='ocrx_word' id='word_1_36' title='bbox 1846 764 1899 813; x_wconf 91' lang='lat' dir='ltr'><strong>te</strong></span> 
     </span>
    </p>
   </div>
   <div class='ocr_carea' id='block_1_8' title="bbox 313 837 1899 915">
    <p class='ocr_par' dir='ltr' id='par_1_8' title="bbox 313 837 1899 915">
     <span class='ocr_line' id='line_1_8' title="bbox 313 837 1899 915; baseline 0.006 -23"><span class='ocrx_word' id='word_1_37' title='bbox 313 837 533 908; x_wconf 86' lang='lat' dir='ltr'><strong>quidem</strong></span> <span class='ocrx_word' id='word_1_38' title='bbox 554 839 699 894; x_wconf 92' lang='lat' dir='ltr'><strong>omni</strong></span> <span class='ocrx_word' id='word_1_39' title='bbox 725 847 963 909; x_wconf 88' lang='lat' dir='ltr'><strong>tempore</strong></span> <span class='ocrx_word' id='word_1_40' title='bbox 993 841 1228 911; x_wconf 85' lang='lat' dir='ltr'><strong>laudare,</strong></span> <span class='ocrx_word' id='word_1_41' title='bbox 1265 840 1601 909; x_wconf 88' lang='lat' dir='ltr'><strong>benedicere,</strong></span> <span class='ocrx_word' id='word_1_42' title='bbox 1628 856 1680 901; x_wconf 93' lang='lat' dir='ltr'><strong>et</strong></span> <span class='ocrx_word' id='word_1_43' title='bbox 1708 847 1899 915; x_wconf 83' lang='lat' dir='ltr'><strong>praedi-</strong></span> 
     </span>
    </p>
   </div>
   <div class='ocr_carea' id='block_1_9' title="bbox 313 928 1896 999">
    <p class='ocr_par' dir='ltr' id='par_1_9' title="bbox 313 928 1896 999">
     <span class='ocr_line' id='line_1_9' title="bbox 313 928 1896 999; baseline 0.009 -16"><span class='ocrx_word' id='word_1_44' title='bbox 313 942 464 995; x_wconf 83' lang='lat' dir='ltr'><strong>care,</strong></span> <span class='ocrx_word' id='word_1_45' title='bbox 494 944 599 999; x_wconf 86' lang='lat' dir='ltr'><strong>quo</strong></span> <span class='ocrx_word' id='word_1_46' title='bbox 625 928 829 987; x_wconf 77' lang='lat' dir='ltr'><strong>Pascha</strong></span> <span class='ocrx_word' id='word_1_47' title='bbox 873 942 1113 989; x_wconf 87' lang='lat' dir='ltr'><strong>nostrum</strong></span> <span class='ocrx_word' id='word_1_48' title='bbox 1160 935 1464 993; x_wconf 57' lang='lat' dir='ltr'><strong>immolatus</strong></span> <span class='ocrx_word' id='word_1_49' title='bbox 1511 948 1595 994; x_wconf 90' lang='lat' dir='ltr'><strong>est</strong></span> <span class='ocrx_word' id='word_1_50' title='bbox 1632 938 1896 998; x_wconf 84' lang='lat' dir='ltr'><strong>Christus.</strong></span> 
     </span>
    </p>
   </div>
   <div class='ocr_carea' id='block_1_10' title="bbox 310 1015 1899 1099">
    <p class='ocr_par' dir='ltr' id='par_1_10' title="bbox 310 1015 1899 1099">
     <span class='ocr_line' id='line_1_10' title="bbox 310 1015 1899 1099; baseline 0.009 -26"><span class='ocrx_word' id='word_1_51' title='bbox 310 1015 419 1075; x_wconf 88' lang='lat' dir='ltr'><strong>Per</strong></span> <span class='ocrx_word' id='word_1_52' title='bbox 448 1033 604 1089; x_wconf 85' lang='lat' dir='ltr'><strong>quem</strong></span> <span class='ocrx_word' id='word_1_53' title='bbox 633 1020 732 1093; x_wconf 80' lang='lat' dir='ltr'><strong>[in]</strong></span> <span class='ocrx_word' id='word_1_54' title='bbox 775 1031 1026 1080; x_wconf 70' lang='lat' dir='ltr'><strong>aeternam</strong></span> <span class='ocrx_word' id='word_1_55' title='bbox 1055 1026 1219 1081; x_wconf 88' lang='lat' dir='ltr'><strong>vitam</strong></span> <span class='ocrx_word' id='word_1_56' title='bbox 1252 1024 1343 1082; x_wconf 87' lang='lat' dir='ltr'><strong>filii</strong></span> <span class='ocrx_word' id='word_1_57' title='bbox 1384 1030 1516 1086; x_wconf 89' lang='lat' dir='ltr'><strong>lucis</strong></span> <span class='ocrx_word' id='word_1_58' title='bbox 1542 1030 1801 1099; x_wconf 86' lang='lat' dir='ltr'><strong>oriuntur,</strong></span> <span class='ocrx_word' id='word_1_59' title='bbox 1838 1036 1899 1088; x_wconf 88' lang='lat' dir='ltr'><strong>fi-</strong></span> 
     </span>
    </p>
   </div>
   <div class='ocr_carea' id='block_1_11' title="bbox 315 1108 1900 1197">
    <p class='ocr_par' dir='ltr' id='par_1_11' title="bbox 315 1108 1900 1197">
     <span class='ocr_line' id='line_1_11' title="bbox 315 1108 1900 1197; baseline 0.009 -31"><span class='ocrx_word' id='word_1_60' title='bbox 315 1108 525 1167; x_wconf 86' lang='lat' dir='ltr'><strong>delibus</strong></span> <span class='ocrx_word' id='word_1_61' title='bbox 553 1115 703 1185; x_wconf 85' lang='lat' dir='ltr'><strong>regni</strong></span> <span class='ocrx_word' id='word_1_62' title='bbox 734 1114 967 1173; x_wconf 78' lang='lat' dir='ltr'><strong>caelestis</strong></span> <span class='ocrx_word' id='word_1_63' title='bbox 996 1120 1126 1172; x_wconf 88' lang='lat' dir='ltr'><strong>atria</strong></span> <span class='ocrx_word' id='word_1_64' title='bbox 1159 1129 1486 1189; x_wconf 82' lang='lat' dir='ltr'><strong>reserantur,</strong></span> <span class='ocrx_word' id='word_1_65' title='bbox 1519 1133 1572 1178; x_wconf 93' lang='lat' dir='ltr'><strong>et</strong></span> <span class='ocrx_word' id='word_1_66' title='bbox 1601 1124 1740 1179; x_wconf 88' lang='lat' dir='ltr'><strong>beati</strong></span> <span class='ocrx_word' id='word_1_67' title='bbox 1784 1126 1900 1197; x_wconf 75' lang='lat' dir='ltr'><strong>iege</strong></span> 
     </span>
    </p>
   </div>
   <div class='ocr_carea' id='block_1_12' title="bbox 310 1204 1896 1281">
    <p class='ocr_par' dir='ltr' id='par_1_12' title="bbox 310 1204 1896 1281">
     <span class='ocr_line' id='line_1_12' title="bbox 310 1204 1896 1281; baseline 0.011 -24"><span class='ocrx_word' id='word_1_68' title='bbox 310 1204 624 1259; x_wconf 88' lang='lat' dir='ltr'><strong>commercii</strong></span> <span class='ocrx_word' id='word_1_69' title='bbox 652 1206 846 1262; x_wconf 82' lang='lat' dir='ltr'><strong>divinis</strong></span> <span class='ocrx_word' id='word_1_70' title='bbox 865 1206 1097 1265; x_wconf 90' lang='lat' dir='ltr'><strong>humana</strong></span> <span class='ocrx_word' id='word_1_71' title='bbox 1115 1219 1405 1268; x_wconf 77' lang='lat' dir='ltr'><strong>mutantur.</strong></span> <span class='ocrx_word' id='word_1_72' title='bbox 1431 1210 1563 1281; x_wconf 85' lang='lat' dir='ltr'><strong>Quia</strong></span> <span class='ocrx_word' id='word_1_73' title='bbox 1593 1226 1896 1274; x_wconf 89' lang='lat' dir='ltr'><strong>nostrorum</strong></span> 
     </span>
    </p>
   </div>
   <div class='ocr_carea' id='block_1_13' title="bbox 238 1294 1899 1376">
    <p class='ocr_par' dir='ltr' id='par_1_13' title="bbox 238 1294 1899 1376">
     <span class='ocr_line' id='line_1_13' title="bbox 238 1294 1899 1376; baseline 0.013 -29"><span class='ocrx_word' id='word_1_74' title='bbox 238 1328 247 1335; x_wconf 88' lang='lat'><strong>-</strong></span> <span class='ocrx_word' id='word_1_75' title='bbox 311 1294 552 1351; x_wconf 87' lang='lat' dir='ltr'><strong>omnium</strong></span> <span class='ocrx_word' id='word_1_76' title='bbox 584 1310 731 1354; x_wconf 91' lang='lat' dir='ltr'><strong>mors</strong></span> <span class='ocrx_word' id='word_1_77' title='bbox 774 1313 933 1356; x_wconf 85' lang='lat' dir='ltr'><strong>cruce</strong></span> <span class='ocrx_word' id='word_1_78' title='bbox 965 1300 1163 1359; x_wconf 86' lang='lat' dir='ltr'><strong>Christi</strong></span> <span class='ocrx_word' id='word_1_79' title='bbox 1194 1306 1463 1376; x_wconf 86' lang='lat' dir='ltr'><strong>redempta</strong></span> <span class='ocrx_word' id='word_1_80' title='bbox 1496 1316 1597 1375; x_wconf 90' lang='lat' dir='ltr'><strong>est,</strong></span> <span class='ocrx_word' id='word_1_81' title='bbox 1632 1318 1686 1365; x_wconf 91' lang='lat' dir='ltr'><strong>et</strong></span> <span class='ocrx_word' id='word_1_82' title='bbox 1716 1313 1772 1366; x_wconf 90' lang='lat' dir='ltr'><strong>in</strong></span> <span class='ocrx_word' id='word_1_83' title='bbox 1814 1327 1899 1367; x_wconf 88' lang='lat' dir='ltr'><strong>re-</strong></span> 
     </span>
    </p>
   </div>
   <div class='ocr_carea' id='block_1_14' title="bbox 309 1388 1896 1469">
    <p class='ocr_par' dir='ltr' id='par_1_14' title="bbox 309 1388 1896 1469">
     <span class='ocr_line' id='line_1_14' title="bbox 309 1388 1896 1469; baseline 0.012 -28"><span class='ocrx_word' id='word_1_84' title='bbox 309 1388 648 1446; x_wconf 87' lang='lat' dir='ltr'><strong>surrectione</strong></span> <span class='ocrx_word' id='word_1_85' title='bbox 674 1390 790 1462; x_wconf 84' lang='lat' dir='ltr'><strong>ejus</strong></span> <span class='ocrx_word' id='word_1_86' title='bbox 818 1395 1057 1450; x_wconf 90' lang='lat' dir='ltr'><strong>omnium</strong></span> <span class='ocrx_word' id='word_1_87' title='bbox 1085 1396 1191 1451; x_wconf 91' lang='lat' dir='ltr'><strong>vita</strong></span> <span class='ocrx_word' id='word_1_88' title='bbox 1223 1401 1476 1456; x_wconf 83' lang='lat' dir='ltr'><strong>surrexit.</strong></span> <span class='ocrx_word' id='word_1_89' title='bbox 1517 1402 1686 1469; x_wconf 86' lang='lat' dir='ltr'><strong>Quem</strong></span> <span class='ocrx_word' id='word_1_90' title='bbox 1724 1405 1777 1460; x_wconf 94' lang='lat' dir='ltr'><strong>in</strong></span> <span class='ocrx_word' id='word_1_91' title='bbox 1804 1420 1896 1461; x_wconf 87' lang='lat' dir='ltr'><strong>su-</strong></span> 
     </span>
    </p>
   </div>
   <div class='ocr_carea' id='block_1_15' title="bbox 307 1479 1888 1565">
    <p class='ocr_par' dir='ltr' id='par_1_15' title="bbox 307 1479 1888 1565">
     <span class='ocr_line' id='line_1_15' title="bbox 307 1479 1888 1565; baseline 0.015 -34"><span class='ocrx_word' id='word_1_92' title='bbox 307 1479 589 1548; x_wconf 79' lang='lat' dir='ltr'><strong>sceptione</strong></span> <span class='ocrx_word' id='word_1_93' title='bbox 610 1485 945 1540; x_wconf 87' lang='lat' dir='ltr'><strong>mortalitatis</strong></span> <span class='ocrx_word' id='word_1_94' title='bbox 993 1484 1157 1543; x_wconf 90' lang='lat' dir='ltr'><strong>Deum</strong></span> <span class='ocrx_word' id='word_1_95' title='bbox 1208 1489 1501 1558; x_wconf 75' lang='lat' dir='ltr'><strong>maiestatis</strong></span> <span class='ocrx_word' id='word_1_96' title='bbox 1530 1498 1888 1565; x_wconf 82' lang='lat' dir='ltr'><strong>agnoscimus,</strong></span> 
     </span>
    </p>
   </div>
   <div class='ocr_carea' id='block_1_16' title="bbox 308 1568 1899 1648">
    <p class='ocr_par' dir='ltr' id='par_1_16' title="bbox 308 1568 1899 1648">
     <span class='ocr_line' id='line_1_16' title="bbox 308 1568 1899 1648; baseline 0.014 -26"><span class='ocrx_word' id='word_1_97' title='bbox 308 1576 369 1622; x_wconf 90' lang='lat' dir='ltr'><strong>et</strong></span> <span class='ocrx_word' id='word_1_98' title='bbox 399 1568 453 1625; x_wconf 92' lang='lat' dir='ltr'><strong>in</strong></span> <span class='ocrx_word' id='word_1_99' title='bbox 481 1571 775 1632; x_wconf 80' lang='lat' dir='ltr'><strong>divinitatis</strong></span> <span class='ocrx_word' id='word_1_100' title='bbox 797 1576 1022 1648; x_wconf 78' lang='lat' dir='ltr'><strong>gloriam</strong></span> <span class='ocrx_word' id='word_1_101' title='bbox 1056 1578 1218 1635; x_wconf 91' lang='lat' dir='ltr'><strong>Deum</strong></span> <span class='ocrx_word' id='word_1_102' title='bbox 1268 1592 1321 1637; x_wconf 92' lang='lat' dir='ltr'><strong>et</strong></span> <span class='ocrx_word' id='word_1_103' title='bbox 1364 1584 1634 1641; x_wconf 87' lang='lat' dir='ltr'><strong>hominem</strong></span> <span class='ocrx_word' id='word_1_104' title='bbox 1676 1591 1899 1644; x_wconf 84' lang='lat' dir='ltr'><strong>confite-</strong></span> 
     </span>
    </p>
   </div>
   <div class='ocr_carea' id='block_1_17' title="bbox 311 1663 1901 1745">
    <p class='ocr_par' dir='ltr' id='par_1_17' title="bbox 311 1663 1901 1745">
     <span class='ocr_line' id='line_1_17' title="bbox 311 1663 1901 1745; baseline 0.015 -32"><span class='ocrx_word' id='word_1_105' title='bbox 311 1672 457 1716; x_wconf 87' lang='lat' dir='ltr'><strong>mur.</strong></span> <span class='ocrx_word' id='word_1_106' title='bbox 485 1663 585 1729; x_wconf 86' lang='lat' dir='ltr'><strong>Qui</strong></span> <span class='ocrx_word' id='word_1_107' title='bbox 624 1674 852 1723; x_wconf 89' lang='lat' dir='ltr'><strong>mortem</strong></span> <span class='ocrx_word' id='word_1_108' title='bbox 882 1679 1118 1745; x_wconf 87' lang='lat' dir='ltr'><strong>nostram</strong></span> <span class='ocrx_word' id='word_1_109' title='bbox 1178 1670 1457 1730; x_wconf 89' lang='lat' dir='ltr'><strong>moriendo</strong></span> <span class='ocrx_word' id='word_1_110' title='bbox 1506 1674 1790 1745; x_wconf 79' lang='lat' dir='ltr'><strong>destruxit,</strong></span> <span class='ocrx_word' id='word_1_111' title='bbox 1845 1690 1901 1737; x_wconf 90' lang='lat' dir='ltr'><strong>et</strong></span> 
     </span>
    </p>
   </div>
   <div class='ocr_carea' id='block_1_18' title="bbox 310 1744 1896 1831">
    <p class='ocr_par' dir='ltr' id='par_1_18' title="bbox 310 1744 1896 1831">
     <span class='ocr_line' id='line_1_18' title="bbox 310 1744 1896 1831; baseline 0.017 -27"><span class='ocrx_word' id='word_1_112' title='bbox 310 1751 479 1809; x_wconf 89' lang='lat' dir='ltr'><strong>vitam</strong></span> <span class='ocrx_word' id='word_1_113' title='bbox 517 1760 847 1829; x_wconf 86' lang='lat' dir='ltr'><strong>resurgendo</strong></span> <span class='ocrx_word' id='word_1_114' title='bbox 890 1744 1121 1818; x_wconf 80' lang='lat' dir='ltr'><strong>restituit</strong></span> <span class='ocrx_word' id='word_1_115' title='bbox 1156 1760 1313 1821; x_wconf 86' lang='lat' dir='ltr'><strong>Jesus</strong></span> <span class='ocrx_word' id='word_1_116' title='bbox 1354 1761 1597 1826; x_wconf 86' lang='lat' dir='ltr'><strong>Christus</strong></span> <span class='ocrx_word' id='word_1_117' title='bbox 1641 1744 1896 1831; x_wconf 86' lang='lat' dir='ltr'><strong>Dominus</strong></span> 
     </span>
    </p>
   </div>
   <div class='ocr_carea' id='block_1_19' title="bbox 310 1849 987 1917">
    <p class='ocr_par' dir='ltr' id='par_1_19' title="bbox 310 1849 987 1917">
     <span class='ocr_line' id='line_1_19' title="bbox 310 1849 987 1917; baseline 0.018 -20"><span class='ocrx_word' id='word_1_118' title='bbox 310 1856 519 1902; x_wconf 86' lang='lat' dir='ltr'><strong>noster.</strong></span> <span class='ocrx_word' id='word_1_119' title='bbox 550 1849 719 1917; x_wconf 84' lang='lat' dir='ltr'><strong>Quem</strong></span> <span class='ocrx_word' id='word_1_120' title='bbox 749 1852 987 1910; x_wconf 91' lang='lat' dir='ltr'><strong>laudant.</strong></span> 
     </span>
    </p>
   </div>
   <div class='ocr_carea' id='block_1_20' title="bbox 783 1958 1447 2007">
    <p class='ocr_par' dir='ltr' id='par_1_20' title="bbox 783 1958 1447 2007">
     <span class='ocr_line' id='line_1_20' title="bbox 783 1958 1447 2007; baseline 0.015 -11"><span class='ocrx_word' id='word_1_121' title='bbox 783 1958 910 1997; x_wconf 71' lang='grc' dir='ltr'><strong>1⁸1⁵8ὶί</strong></span> <span class='ocrx_word' id='word_1_122' title='bbox 952 1960 1099 2001; x_wconf 68' lang='grc' dir='ltr'><strong>Μιεελ</strong></span> <span class='ocrx_word' id='word_1_123' title='bbox 1138 1964 1447 2007; x_wconf 72' lang='lat' dir='ltr'><strong>PASCHALIS.</strong></span> 
     </span>
    </p>
   </div>
   <div class='ocr_carea' id='block_1_21' title="bbox 623 2028 1588 2099">
    <p class='ocr_par' dir='ltr' id='par_1_21' title="bbox 623 2028 1588 2099">
     <span class='ocr_line' id='line_1_21' title="bbox 623 2028 1588 2099; baseline 0.018 -21"><span class='ocrx_word' id='word_1_124' title='bbox 623 2028 794 2080; x_wconf 85' lang='lat' dir='ltr'><strong>Lectio</strong></span> <span class='ocrx_word' id='word_1_125' title='bbox 817 2032 1133 2099; x_wconf 80' lang='lat' dir='ltr'><strong>Apocalypsis</strong></span> <span class='ocrx_word' id='word_1_126' title='bbox 1164 2040 1313 2091; x_wconf 83' lang='lat' dir='ltr'><strong>sancti</strong></span> <span class='ocrx_word' id='word_1_127' title='bbox 1336 2040 1588 2095; x_wconf 85' lang='lat' dir='ltr'><strong>Johannis.</strong></span> 
     </span>
    </p>
   </div>
   <div class='ocr_carea' id='block_1_22' title="bbox 384 2102 1895 2194">
    <p class='ocr_par' dir='ltr' id='par_1_22' title="bbox 384 2102 1895 2194">
     <span class='ocr_line' id='line_1_22' title="bbox 384 2102 1895 2194; baseline 0.015 -35"><span class='ocrx_word' id='word_1_128' title='bbox 384 2102 498 2174; x_wconf 85' lang='lat' dir='ltr'><strong>Ego</strong></span> <span class='ocrx_word' id='word_1_129' title='bbox 528 2105 800 2165; x_wconf 78' lang='lat' dir='ltr'><strong>Iohannes</strong></span> <span class='ocrx_word' id='word_1_130' title='bbox 826 2110 932 2166; x_wconf 88' lang='lat' dir='ltr'><strong>vidi</strong></span> <span class='ocrx_word' id='word_1_131' title='bbox 964 2114 1157 2169; x_wconf 86' lang='lat' dir='ltr'><strong>nubem</strong></span> <span class='ocrx_word' id='word_1_132' title='bbox 1180 2119 1482 2188; x_wconf 77' lang='lat' dir='ltr'><strong>candidam,</strong></span> <span class='ocrx_word' id='word_1_133' title='bbox 1514 2130 1568 2177; x_wconf 87' lang='lat' dir='ltr'><strong>et</strong></span> <span class='ocrx_word' id='word_1_134' title='bbox 1596 2137 1756 2194; x_wconf 85' lang='lat' dir='ltr'><strong>supra</strong></span> <span class='ocrx_word' id='word_1_135' title='bbox 1788 2141 1895 2180; x_wconf 83' lang='lat' dir='ltr'><strong>nu-</strong></span> 
     </span>
    </p>
   </div>
   <div class='ocr_carea' id='block_1_23' title="bbox 311 2192 1896 2279">
    <p class='ocr_par' dir='ltr' id='par_1_23' title="bbox 311 2192 1896 2279">
     <span class='ocr_line' id='line_1_23' title="bbox 311 2192 1896 2279; baseline 0.013 -27"><span class='ocrx_word' id='word_1_136' title='bbox 311 2192 436 2252; x_wconf 88' lang='lat' dir='ltr'><strong>bem</strong></span> <span class='ocrx_word' id='word_1_137' title='bbox 465 2199 737 2255; x_wconf 86' lang='lat' dir='ltr'><strong>sedentem</strong></span> <span class='ocrx_word' id='word_1_138' title='bbox 765 2200 992 2259; x_wconf 89' lang='lat' dir='ltr'><strong>similem</strong></span> <span class='ocrx_word' id='word_1_139' title='bbox 1040 2203 1180 2261; x_wconf 87' lang='lat' dir='ltr'><strong>Filio</strong></span> <span class='ocrx_word' id='word_1_140' title='bbox 1225 2208 1480 2279; x_wconf 87' lang='lat' dir='ltr'><strong>hominis,</strong></span> <span class='ocrx_word' id='word_1_141' title='bbox 1523 2192 1810 2271; x_wconf 83' lang='lat' dir='ltr'><strong>habentem</strong></span> <span class='ocrx_word' id='word_1_142' title='bbox 1843 2217 1896 2273; x_wconf 93' lang='lat' dir='ltr'><strong>in</strong></span> 
     </span>
    </p>
   </div>
   <div class='ocr_carea' id='block_1_24' title="bbox 311 2288 1895 2366">
    <p class='ocr_par' dir='ltr' id='par_1_24' title="bbox 311 2288 1895 2366">
     <span class='ocr_line' id='line_1_24' title="bbox 311 2288 1895 2366; baseline 0.014 -25"><span class='ocrx_word' id='word_1_143' title='bbox 311 2288 490 2355; x_wconf 87' lang='lat' dir='ltr'><strong>capite</strong></span> <span class='ocrx_word' id='word_1_144' title='bbox 512 2303 611 2347; x_wconf 88' lang='lat' dir='ltr'><strong>suo</strong></span> <span class='ocrx_word' id='word_1_145' title='bbox 639 2306 889 2349; x_wconf 86' lang='lat' dir='ltr'><strong>coronam</strong></span> <span class='ocrx_word' id='word_1_146' title='bbox 921 2310 1160 2366; x_wconf 91' lang='lat' dir='ltr'><strong>auream,</strong></span> <span class='ocrx_word' id='word_1_147' title='bbox 1202 2309 1257 2354; x_wconf 91' lang='lat' dir='ltr'><strong>et</strong></span> <span class='ocrx_word' id='word_1_148' title='bbox 1306 2302 1356 2355; x_wconf 91' lang='lat' dir='ltr'><strong>in</strong></span> <span class='ocrx_word' id='word_1_149' title='bbox 1388 2318 1547 2358; x_wconf 90' lang='lat' dir='ltr'><strong>manu</strong></span> <span class='ocrx_word' id='word_1_150' title='bbox 1579 2321 1673 2360; x_wconf 90' lang='lat' dir='ltr'><strong>sua</strong></span> <span class='ocrx_word' id='word_1_151' title='bbox 1708 2307 1895 2363; x_wconf 80' lang='lat' dir='ltr'><strong>falcem</strong></span> 
     </span>
    </p>
   </div>
   <div class='ocr_carea' id='block_1_25' title="bbox 312 2385 1897 2467">
    <p class='ocr_par' dir='ltr' id='par_1_25' title="bbox 312 2385 1897 2467">
     <span class='ocr_line' id='line_1_25' title="bbox 312 2385 1897 2467; baseline 0.015 -32"><span class='ocrx_word' id='word_1_152' title='bbox 312 2391 546 2439; x_wconf 88' lang='lat' dir='ltr'><strong>acutam.</strong></span> <span class='ocrx_word' id='word_1_153' title='bbox 590 2385 655 2441; x_wconf 87' lang='lat' dir='ltr'><strong>Et</strong></span> <span class='ocrx_word' id='word_1_154' title='bbox 680 2386 819 2445; x_wconf 89' lang='lat' dir='ltr'><strong>alter</strong></span> <span class='ocrx_word' id='word_1_155' title='bbox 861 2391 1081 2461; x_wconf 78' lang='lat' dir='ltr'><strong>angelus</strong></span> <span class='ocrx_word' id='word_1_156' title='bbox 1108 2393 1273 2450; x_wconf 85' lang='lat' dir='ltr'><strong>exivit</strong></span> <span class='ocrx_word' id='word_1_157' title='bbox 1302 2397 1369 2452; x_wconf 92' lang='lat' dir='ltr'><strong>de</strong></span> <span class='ocrx_word' id='word_1_158' title='bbox 1402 2399 1622 2467; x_wconf 86' lang='lat' dir='ltr'><strong>templo,</strong></span> <span class='ocrx_word' id='word_1_159' title='bbox 1654 2402 1897 2458; x_wconf 87' lang='lat' dir='ltr'><strong>clamans</strong></span> 
     </span>
    </p>
   </div>
   <div class='ocr_carea' id='block_1_26' title="bbox 311 2479 1897 2556">
    <p class='ocr_par' dir='ltr' id='par_1_26' title="bbox 311 2479 1897 2556">
     <span class='ocr_line' id='line_1_26' title="bbox 311 2479 1897 2556; baseline 0.015 -29"><span class='ocrx_word' id='word_1_160' title='bbox 311 2485 447 2531; x_wconf 75' lang='lat' dir='ltr'><strong>voce</strong></span> <span class='ocrx_word' id='word_1_161' title='bbox 467 2490 655 2547; x_wconf 87' lang='lat' dir='ltr'><strong>magna</strong></span> <span class='ocrx_word' id='word_1_162' title='bbox 677 2479 744 2535; x_wconf 90' lang='lat' dir='ltr'><strong>ad</strong></span> <span class='ocrx_word' id='word_1_163' title='bbox 774 2480 1050 2539; x_wconf 88' lang='lat' dir='ltr'><strong>sedentem</strong></span> <span class='ocrx_word' id='word_1_164' title='bbox 1072 2500 1232 2556; x_wconf 87' lang='lat' dir='ltr'><strong>super</strong></span> <span class='ocrx_word' id='word_1_165' title='bbox 1262 2486 1457 2545; x_wconf 91' lang='lat' dir='ltr'><strong>nubem</strong></span> <span class='ocrx_word' id='word_1_166' title='bbox 1492 2509 1506 2545; x_wconf 85' lang='lat'><strong>:</strong></span> <span class='ocrx_word' id='word_1_167' title='bbox 1531 2490 1677 2547; x_wconf 80' lang='lat' dir='ltr'><strong>Mitte</strong></span> <span class='ocrx_word' id='word_1_168' title='bbox 1708 2492 1897 2551; x_wconf 89' lang='lat' dir='ltr'><strong>falcem</strong></span> 
     </span>
    </p>
   </div>
   <div class='ocr_carea' id='block_1_27' title="bbox 312 2573 1895 2656">
    <p class='ocr_par' dir='ltr' id='par_1_27' title="bbox 312 2573 1895 2656">
     <span class='ocr_line' id='line_1_27' title="bbox 312 2573 1895 2656; baseline 0.015 -35"><span class='ocrx_word' id='word_1_169' title='bbox 312 2573 482 2635; x_wconf 87' lang='lat' dir='ltr'><strong>tuam,</strong></span> <span class='ocrx_word' id='word_1_170' title='bbox 512 2577 566 2625; x_wconf 90' lang='lat' dir='ltr'><strong>et</strong></span> <span class='ocrx_word' id='word_1_171' title='bbox 586 2581 763 2628; x_wconf 86' lang='lat' dir='ltr'><strong>mete:</strong></span> <span class='ocrx_word' id='word_1_172' title='bbox 795 2577 917 2645; x_wconf 92' lang='lat' dir='ltr'><strong>quia</strong></span> <span class='ocrx_word' id='word_1_173' title='bbox 945 2579 1089 2633; x_wconf 85' lang='lat' dir='ltr'><strong>venit</strong></span> <span class='ocrx_word' id='word_1_174' title='bbox 1120 2580 1248 2635; x_wconf 90' lang='lat' dir='ltr'><strong>hora</strong></span> <span class='ocrx_word' id='word_1_175' title='bbox 1276 2591 1334 2635; x_wconf 90' lang='lat' dir='ltr'><strong>ut</strong></span> <span class='ocrx_word' id='word_1_176' title='bbox 1363 2593 1613 2651; x_wconf 88' lang='lat' dir='ltr'><strong>metatur,</strong></span> <span class='ocrx_word' id='word_1_177' title='bbox 1645 2588 1895 2656; x_wconf 90' lang='lat' dir='ltr'><strong>quoniam</strong></span> 
     </span>
    </p>
   </div>
   <div class='ocr_carea' id='block_1_28' title="bbox 311 2666 1897 2749">
    <p class='ocr_par' dir='ltr' id='par_1_28' title="bbox 311 2666 1897 2749">
     <span class='ocr_line' id='line_1_28' title="bbox 311 2666 1897 2749; baseline 0.016 -38"><span class='ocrx_word' id='word_1_178' title='bbox 311 2666 521 2715; x_wconf 86' lang='lat' dir='ltr'><strong>matura</strong></span> <span class='ocrx_word' id='word_1_179' title='bbox 539 2671 621 2718; x_wconf 90' lang='lat' dir='ltr'><strong>est</strong></span> <span class='ocrx_word' id='word_1_180' title='bbox 642 2666 833 2721; x_wconf 88' lang='lat' dir='ltr'><strong>messis</strong></span> <span class='ocrx_word' id='word_1_181' title='bbox 864 2677 1038 2725; x_wconf 72' lang='lat' dir='ltr'><strong>terras.</strong></span> <span class='ocrx_word' id='word_1_182' title='bbox 1068 2668 1133 2726; x_wconf 82' lang='lat' dir='ltr'><strong>Et</strong></span> <span class='ocrx_word' id='word_1_183' title='bbox 1172 2673 1325 2728; x_wconf 89' lang='lat' dir='ltr'><strong>misit</strong></span> <span class='ocrx_word' id='word_1_184' title='bbox 1356 2677 1445 2745; x_wconf 87' lang='lat' dir='ltr'><strong>qui</strong></span> <span class='ocrx_word' id='word_1_185' title='bbox 1477 2678 1698 2733; x_wconf 87' lang='lat' dir='ltr'><strong>sedebat</strong></span> <span class='ocrx_word' id='word_1_186' title='bbox 1740 2694 1897 2749; x_wconf 87' lang='lat' dir='ltr'><strong>supra</strong></span> 
     </span>
    </p>
   </div>
   <div class='ocr_carea' id='block_1_29' title="bbox 315 2750 1895 2833">
    <p class='ocr_par' dir='ltr' id='par_1_29' title="bbox 315 2750 1895 2833">
     <span class='ocr_line' id='line_1_29' title="bbox 315 2750 1895 2833; baseline 0.013 -29"><span class='ocrx_word' id='word_1_187' title='bbox 315 2750 515 2807; x_wconf 89' lang='lat' dir='ltr'><strong>nubem</strong></span> <span class='ocrx_word' id='word_1_188' title='bbox 547 2753 736 2811; x_wconf 78' lang='lat' dir='ltr'><strong>falcem</strong></span> <span class='ocrx_word' id='word_1_189' title='bbox 789 2773 939 2814; x_wconf 87' lang='lat' dir='ltr'><strong>suam</strong></span> <span class='ocrx_word' id='word_1_190' title='bbox 974 2760 1024 2815; x_wconf 91' lang='lat' dir='ltr'><strong>in</strong></span> <span class='ocrx_word' id='word_1_191' title='bbox 1059 2772 1276 2833; x_wconf 89' lang='lat' dir='ltr'><strong>terram,</strong></span> <span class='ocrx_word' id='word_1_192' title='bbox 1326 2774 1380 2821; x_wconf 91' lang='lat' dir='ltr'><strong>et</strong></span> <span class='ocrx_word' id='word_1_193' title='bbox 1409 2783 1581 2823; x_wconf 90' lang='lat' dir='ltr'><strong>messa</strong></span> <span class='ocrx_word' id='word_1_194' title='bbox 1624 2781 1707 2825; x_wconf 88' lang='lat' dir='ltr'><strong>est</strong></span> <span class='ocrx_word' id='word_1_195' title='bbox 1734 2781 1895 2827; x_wconf 89' lang='lat' dir='ltr'><strong>terra.</strong></span> 
     </span>
    </p>
   </div>
   <div class='ocr_carea' id='block_1_30' title="bbox 310 2836 1895 2929">
    <p class='ocr_par' dir='ltr' id='par_1_30' title="bbox 310 2836 1895 2929">
     <span class='ocr_line' id='line_1_30' title="bbox 310 2836 1895 2929; baseline 0.016 -35"><span class='ocrx_word' id='word_1_196' title='bbox 310 2836 376 2929; x_wconf 80' lang='lat' dir='ltr'><strong>Et</strong></span> <span class='ocrx_word' id='word_1_197' title='bbox 401 2841 537 2898; x_wconf 91' lang='lat' dir='ltr'><strong>alius</strong></span> <span class='ocrx_word' id='word_1_198' title='bbox 569 2847 786 2917; x_wconf 80' lang='lat' dir='ltr'><strong>angelus</strong></span> <span class='ocrx_word' id='word_1_199' title='bbox 816 2850 982 2907; x_wconf 83' lang='lat' dir='ltr'><strong>exivit</strong></span> <span class='ocrx_word' id='word_1_200' title='bbox 1017 2851 1085 2909; x_wconf 91' lang='lat' dir='ltr'><strong>de</strong></span> <span class='ocrx_word' id='word_1_201' title='bbox 1114 2856 1332 2925; x_wconf 80' lang='lat' dir='ltr'><strong>templo,</strong></span> <span class='ocrx_word' id='word_1_202' title='bbox 1374 2858 1515 2927; x_wconf 91' lang='lat' dir='ltr'><strong>quod</strong></span> <span class='ocrx_word' id='word_1_203' title='bbox 1544 2870 1627 2916; x_wconf 91' lang='lat' dir='ltr'><strong>est</strong></span> <span class='ocrx_word' id='word_1_204' title='bbox 1653 2862 1707 2917; x_wconf 91' lang='lat' dir='ltr'><strong>in</strong></span> <span class='ocrx_word' id='word_1_205' title='bbox 1735 2862 1895 2929; x_wconf 60' lang='lat' dir='ltr'><strong>caelo,</strong></span> 
     </span>
    </p>
   </div>
   <div class='ocr_carea' id='block_1_31' title="bbox 310 2928 1900 3023">
    <p class='ocr_par' dir='ltr' id='par_1_31' title="bbox 310 2928 1900 3023">
     <span class='ocr_line' id='line_1_31' title="bbox 310 2928 1900 3023; baseline 0.016 -37"><span class='ocrx_word' id='word_1_206' title='bbox 310 2928 516 2989; x_wconf 86' lang='lat' dir='ltr'><strong>habens</strong></span> <span class='ocrx_word' id='word_1_207' title='bbox 544 2946 596 2990; x_wconf 90' lang='lat' dir='ltr'><strong>et</strong></span> <span class='ocrx_word' id='word_1_208' title='bbox 623 2936 738 3006; x_wconf 92' lang='lat' dir='ltr'><strong>ipse</strong></span> <span class='ocrx_word' id='word_1_209' title='bbox 767 2938 953 2997; x_wconf 77' lang='lat' dir='ltr'><strong>falcem</strong></span> <span class='ocrx_word' id='word_1_210' title='bbox 983 2953 1215 2999; x_wconf 86' lang='lat' dir='ltr'><strong>acutam.</strong></span> <span class='ocrx_word' id='word_1_211' title='bbox 1271 2948 1336 3002; x_wconf 86' lang='lat' dir='ltr'><strong>Et</strong></span> <span class='ocrx_word' id='word_1_212' title='bbox 1382 2949 1519 3005; x_wconf 85' lang='lat' dir='ltr'><strong>alius</strong></span> <span class='ocrx_word' id='word_1_213' title='bbox 1578 2955 1802 3023; x_wconf 82' lang='lat' dir='ltr'><strong>angelus</strong></span> <span class='ocrx_word' id='word_1_214' title='bbox 1829 2928 1900 3012; x_wconf 90' lang='lat' dir='ltr'><strong>de</strong></span> 
     </span>
    </p>
   </div>
   <div class='ocr_carea' id='block_1_32' title="bbox 312 3020 1899 3110">
    <p class='ocr_par' dir='ltr' id='par_1_32' title="bbox 312 3020 1899 3110">
     <span class='ocr_line' id='line_1_32' title="bbox 312 3020 1899 3110; baseline 0.016 -35"><span class='ocrx_word' id='word_1_215' title='bbox 312 3020 491 3088; x_wconf 82' lang='lat' dir='ltr'><strong>altari,</strong></span> <span class='ocrx_word' id='word_1_216' title='bbox 523 3025 615 3094; x_wconf 86' lang='lat' dir='ltr'><strong>qui</strong></span> <span class='ocrx_word' id='word_1_217' title='bbox 640 3025 800 3084; x_wconf 91' lang='lat' dir='ltr'><strong>habet</strong></span> <span class='ocrx_word' id='word_1_218' title='bbox 841 3042 1154 3101; x_wconf 89' lang='lat' dir='ltr'><strong>potestatem</strong></span> <span class='ocrx_word' id='word_1_219' title='bbox 1186 3053 1345 3107; x_wconf 86' lang='lat' dir='ltr'><strong>supra</strong></span> <span class='ocrx_word' id='word_1_220' title='bbox 1388 3040 1587 3110; x_wconf 80' lang='lat' dir='ltr'><strong>ignem,</strong></span> <span class='ocrx_word' id='word_1_221' title='bbox 1621 3020 1676 3099; x_wconf 69' lang='lat' dir='ltr'><strong>ei.</strong></span> <span class='ocrx_word' id='word_1_222' title='bbox 1697 3046 1899 3099; x_wconf 84' lang='lat' dir='ltr'><strong>clama-</strong></span> 
     </span>
    </p>
   </div>
   <div class='ocr_carea' id='block_1_33' title="bbox 310 3113 1895 3199">
    <p class='ocr_par' dir='ltr' id='par_1_33' title="bbox 310 3113 1895 3199">
     <span class='ocr_line' id='line_1_33' title="bbox 310 3113 1895 3199; baseline 0.016 -31"><span class='ocrx_word' id='word_1_223' title='bbox 310 3113 390 3169; x_wconf 81' lang='lat' dir='ltr'><strong>vit</strong></span> <span class='ocrx_word' id='word_1_224' title='bbox 415 3130 543 3172; x_wconf 86' lang='lat' dir='ltr'><strong>voce</strong></span> <span class='ocrx_word' id='word_1_225' title='bbox 580 3132 788 3189; x_wconf 85' lang='lat' dir='ltr'><strong>magna,</strong></span> <span class='ocrx_word' id='word_1_226' title='bbox 822 3124 911 3194; x_wconf 90' lang='lat' dir='ltr'><strong>qui</strong></span> <span class='ocrx_word' id='word_1_227' title='bbox 954 3126 1115 3183; x_wconf 89' lang='lat' dir='ltr'><strong>habet</strong></span> <span class='ocrx_word' id='word_1_228' title='bbox 1143 3128 1335 3185; x_wconf 81' lang='lat' dir='ltr'><strong>falcem</strong></span> <span class='ocrx_word' id='word_1_229' title='bbox 1378 3143 1610 3199; x_wconf 88' lang='lat' dir='ltr'><strong>acutam,</strong></span> <span class='ocrx_word' id='word_1_230' title='bbox 1662 3135 1895 3194; x_wconf 89' lang='lat' dir='ltr'><strong>dicens:</strong></span> 
     </span>
    </p>
   </div>
   <div class='ocr_carea' id='block_1_34' title="bbox 310 3206 1895 3297">
    <p class='ocr_par' dir='ltr' id='par_1_34' title="bbox 310 3206 1895 3297">
     <span class='ocr_line' id='line_1_34' title="bbox 310 3206 1895 3297; baseline 0.014 -30"><span class='ocrx_word' id='word_1_231' title='bbox 310 3206 460 3269; x_wconf 73' lang='lat' dir='ltr'><strong>Mitte</strong></span> <span class='ocrx_word' id='word_1_232' title='bbox 488 3214 675 3272; x_wconf 86' lang='lat' dir='ltr'><strong>falcem</strong></span> <span class='ocrx_word' id='word_1_233' title='bbox 708 3227 851 3275; x_wconf 86' lang='lat' dir='ltr'><strong>tuam</strong></span> <span class='ocrx_word' id='word_1_234' title='bbox 878 3233 1106 3290; x_wconf 88' lang='lat' dir='ltr'><strong>acutam,</strong></span> <span class='ocrx_word' id='word_1_235' title='bbox 1130 3234 1182 3280; x_wconf 91' lang='lat' dir='ltr'><strong>et</strong></span> <span class='ocrx_word' id='word_1_236' title='bbox 1212 3226 1475 3283; x_wconf 82' lang='lat' dir='ltr'><strong>vindemia</strong></span> <span class='ocrx_word' id='word_1_237' title='bbox 1508 3229 1690 3287; x_wconf 70' lang='lat' dir='ltr'><strong>borros</strong></span> <span class='ocrx_word' id='word_1_238' title='bbox 1716 3244 1895 3297; x_wconf 68' lang='lat' dir='ltr'><strong>terrae,</strong></span> 
     </span>
    </p>
   </div>
   <div class='ocr_carea' id='block_1_35' title="bbox 311 3306 1897 3393">
    <p class='ocr_par' dir='ltr' id='par_1_35' title="bbox 311 3306 1897 3393">
     <span class='ocr_line' id='line_1_35' title="bbox 311 3306 1897 3393; baseline 0.013 -35"><span class='ocrx_word' id='word_1_239' title='bbox 311 3306 563 3375; x_wconf 88' lang='lat' dir='ltr'><strong>quoniam</strong></span> <span class='ocrx_word' id='word_1_240' title='bbox 593 3317 815 3365; x_wconf 70' lang='lat' dir='ltr'><strong>malum</strong></span> <span class='ocrx_word' id='word_1_241' title='bbox 833 3323 957 3367; x_wconf 89' lang='lat' dir='ltr'><strong>sunt</strong></span> <span class='ocrx_word' id='word_1_242' title='bbox 983 3330 1097 3369; x_wconf 60' lang='lat' dir='ltr'><strong>uvae</strong></span> <span class='ocrx_word' id='word_1_243' title='bbox 1119 3316 1255 3386; x_wconf 87' lang='lat' dir='ltr'><strong>ejus.</strong></span> <span class='ocrx_word' id='word_1_244' title='bbox 1285 3319 1348 3373; x_wconf 83' lang='lat' dir='ltr'><strong>Et</strong></span> <span class='ocrx_word' id='word_1_245' title='bbox 1371 3321 1516 3376; x_wconf 90' lang='lat' dir='ltr'><strong>misit</strong></span> <span class='ocrx_word' id='word_1_246' title='bbox 1544 3323 1764 3393; x_wconf 79' lang='lat' dir='ltr'><strong>angelus</strong></span> <span class='ocrx_word' id='word_1_247' title='bbox 1796 3323 1897 3379; x_wconf 90' lang='lat' dir='ltr'><strong>fal-</strong></span> 
     </span>
    </p>
   </div>
   <div class='ocr_carea' id='block_1_36' title="bbox 309 3401 1895 3481">
    <p class='ocr_par' dir='ltr' id='par_1_36' title="bbox 309 3401 1895 3481">
     <span class='ocr_line' id='line_1_36' title="bbox 309 3401 1895 3481; baseline 0.009 -28"><span class='ocrx_word' id='word_1_248' title='bbox 309 3410 427 3453; x_wconf 81' lang='lat' dir='ltr'><strong>cetr.</strong></span> <span class='ocrx_word' id='word_1_249' title='bbox 456 3414 605 3454; x_wconf 90' lang='lat' dir='ltr'><strong>suam</strong></span> <span class='ocrx_word' id='word_1_250' title='bbox 636 3401 688 3455; x_wconf 93' lang='lat' dir='ltr'><strong>in</strong></span> <span class='ocrx_word' id='word_1_251' title='bbox 722 3412 944 3471; x_wconf 90' lang='lat' dir='ltr'><strong>terram,</strong></span> <span class='ocrx_word' id='word_1_252' title='bbox 979 3414 1032 3459; x_wconf 95' lang='lat' dir='ltr'><strong>et</strong></span> <span class='ocrx_word' id='word_1_253' title='bbox 1055 3407 1401 3463; x_wconf 87' lang='lat' dir='ltr'><strong>vindemiavit</strong></span> <span class='ocrx_word' id='word_1_254' title='bbox 1442 3411 1650 3466; x_wconf 89' lang='lat' dir='ltr'><strong>vineam</strong></span> <span class='ocrx_word' id='word_1_255' title='bbox 1701 3424 1895 3481; x_wconf 73' lang='lat' dir='ltr'><strong>terrm;</strong></span> 
     </span>
    </p>
   </div>
   <div class='ocr_carea' id='block_1_37' title="bbox 309 3491 1895 3573">
    <p class='ocr_par' dir='ltr' id='par_1_37' title="bbox 309 3491 1895 3573">
     <span class='ocr_line' id='line_1_37' title="bbox 309 3491 1895 3573; baseline 0.012 -28"><span class='ocrx_word' id='word_1_256' title='bbox 309 3496 366 3546; x_wconf 84' lang='lat' dir='ltr'><strong>et</strong></span> <span class='ocrx_word' id='word_1_257' title='bbox 390 3491 536 3548; x_wconf 89' lang='lat' dir='ltr'><strong>misit</strong></span> <span class='ocrx_word' id='word_1_258' title='bbox 565 3493 616 3549; x_wconf 92' lang='lat' dir='ltr'><strong>in</strong></span> <span class='ocrx_word' id='word_1_259' title='bbox 648 3495 820 3551; x_wconf 88' lang='lat' dir='ltr'><strong>lacum</strong></span> <span class='ocrx_word' id='word_1_260' title='bbox 849 3497 941 3552; x_wconf 85' lang='lat' dir='ltr'><strong>irae</strong></span> <span class='ocrx_word' id='word_1_261' title='bbox 994 3497 1085 3553; x_wconf 91' lang='lat' dir='ltr'><strong>Dei</strong></span> <span class='ocrx_word' id='word_1_262' title='bbox 1117 3516 1389 3573; x_wconf 90' lang='lat' dir='ltr'><strong>magnum,</strong></span> <span class='ocrx_word' id='word_1_263' title='bbox 1437 3515 1494 3560; x_wconf 92' lang='lat' dir='ltr'><strong>et</strong></span> <span class='ocrx_word' id='word_1_264' title='bbox 1542 3506 1781 3563; x_wconf 87' lang='lat' dir='ltr'><strong>calcatus</strong></span> <span class='ocrx_word' id='word_1_265' title='bbox 1811 3519 1895 3564; x_wconf 88' lang='lat' dir='ltr'><strong>est</strong></span> 
     </span>
    </p>
   </div>
   <div class='ocr_carea' id='block_1_38' title="bbox 310 3579 1899 3672">
    <p class='ocr_par' dir='ltr' id='par_1_38' title="bbox 310 3579 1899 3672">
     <span class='ocr_line' id='line_1_38' title="bbox 310 3579 1899 3672; baseline 0.012 -35"><span class='ocrx_word' id='word_1_266' title='bbox 310 3579 457 3638; x_wconf 83' lang='lat' dir='ltr'><strong>lacus</strong></span> <span class='ocrx_word' id='word_1_267' title='bbox 476 3593 625 3641; x_wconf 81' lang='lat' dir='ltr'><strong>extra</strong></span> <span class='ocrx_word' id='word_1_268' title='bbox 654 3588 945 3657; x_wconf 86' lang='lat' dir='ltr'><strong>civitatem,</strong></span> <span class='ocrx_word' id='word_1_269' title='bbox 977 3600 1029 3646; x_wconf 93' lang='lat' dir='ltr'><strong>et</strong></span> <span class='ocrx_word' id='word_1_270' title='bbox 1050 3592 1217 3647; x_wconf 83' lang='lat' dir='ltr'><strong>exivit</strong></span> <span class='ocrx_word' id='word_1_271' title='bbox 1242 3596 1459 3664; x_wconf 85' lang='lat' dir='ltr'><strong>sanguis</strong></span> <span class='ocrx_word' id='word_1_272' title='bbox 1484 3594 1550 3653; x_wconf 91' lang='lat' dir='ltr'><strong>de</strong></span> <span class='ocrx_word' id='word_1_273' title='bbox 1582 3599 1703 3654; x_wconf 89' lang='lat' dir='ltr'><strong>lacu</strong></span> <span class='ocrx_word' id='word_1_274' title='bbox 1731 3616 1899 3672; x_wconf 89' lang='lat' dir='ltr'><strong>usque</strong></span> 
     </span>
    </p>
   </div>
   <div class='ocr_carea' id='block_1_39' title="bbox 310 3674 1680 3753">
    <p class='ocr_par' dir='ltr' id='par_1_39' title="bbox 310 3674 1680 3753">
     <span class='ocr_line' id='line_1_39' title="bbox 310 3674 1680 3753; baseline 0.011 -19"><span class='ocrx_word' id='word_1_275' title='bbox 310 3674 379 3734; x_wconf 80' lang='lat' dir='ltr'><strong>ad</strong></span> <span class='ocrx_word' id='word_1_276' title='bbox 408 3675 589 3736; x_wconf 88' lang='lat' dir='ltr'><strong>irenos</strong></span> <span class='ocrx_word' id='word_1_277' title='bbox 618 3695 874 3750; x_wconf 86' lang='lat' dir='ltr'><strong>equorum</strong></span> <span class='ocrx_word' id='word_1_278' title='bbox 908 3699 1004 3753; x_wconf 89' lang='lat' dir='ltr'><strong>per</strong></span> <span class='ocrx_word' id='word_1_279' title='bbox 1027 3687 1198 3741; x_wconf 86' lang='lat' dir='ltr'><strong>stadia</strong></span> <span class='ocrx_word' id='word_1_280' title='bbox 1228 3690 1374 3745; x_wconf 91' lang='lat' dir='ltr'><strong>mille</strong></span> <span class='ocrx_word' id='word_1_281' title='bbox 1404 3704 1680 3749; x_wconf 81' lang='lat' dir='ltr'><strong>sexcenta.</strong></span> 
     </span>
    </p>
   </div>
   <div class='ocr_carea' id='block_1_40' title="bbox 294 3773 1493 3840">
    <p class='ocr_par' dir='ltr' id='par_1_40' title="bbox 294 3773 1493 3840">
     <span class='ocr_line' id='line_1_40' title="bbox 294 3773 1493 3840; baseline 0.013 -24"><span class='ocrx_word' id='word_1_282' title='bbox 294 3782 295 3785; x_wconf 44' lang='grc' dir='ltr'><strong>η</strong></span> <span class='ocrx_word' id='word_1_283' title='bbox 725 3773 896 3825; x_wconf 84' lang='lat' dir='ltr'><strong>Lectio</strong></span> <span class='ocrx_word' id='word_1_284' title='bbox 915 3776 1125 3827; x_wconf 84' lang='lat' dir='ltr'><strong>Actuum</strong></span> <span class='ocrx_word' id='word_1_285' title='bbox 1148 3779 1493 3840; x_wconf 86' lang='lat' dir='ltr'><strong>apostolorum.</strong></span> 
     </span>
    </p>
   </div>
   <div class='ocr_carea' id='block_1_41' title="bbox 387 3846 1899 3932">
    <p class='ocr_par' dir='ltr' id='par_1_41' title="bbox 387 3846 1899 3932">
     <span class='ocr_line' id='line_1_41' title="bbox 387 3846 1899 3932; baseline 0.011 -25"><span class='ocrx_word' id='word_1_286' title='bbox 387 3846 649 3925; x_wconf 84' lang='lat' dir='ltr'><strong>Tempore</strong></span> <span class='ocrx_word' id='word_1_287' title='bbox 704 3857 795 3912; x_wconf 93' lang='lat' dir='ltr'><strong>illo</strong></span> <span class='ocrx_word' id='word_1_288' title='bbox 835 3856 1028 3914; x_wconf 88' lang='lat' dir='ltr'><strong>Saulus</strong></span> <span class='ocrx_word' id='word_1_289' title='bbox 1056 3861 1230 3916; x_wconf 92' lang='lat' dir='ltr'><strong>adhuc</strong></span> <span class='ocrx_word' id='word_1_290' title='bbox 1259 3863 1468 3932; x_wconf 83' lang='lat' dir='ltr'><strong>spirans</strong></span> <span class='ocrx_word' id='word_1_291' title='bbox 1518 3866 1783 3922; x_wconf 89' lang='lat' dir='ltr'><strong>minarum</strong></span> <span class='ocrx_word' id='word_1_292' title='bbox 1841 3878 1899 3924; x_wconf 90' lang='lat' dir='ltr'><strong>et</strong></span> 
     </span>
    </p>
   </div>
   <div class='ocr_carea' id='block_1_42' title="bbox 309 3946 1893 4033">
    <p class='ocr_par' dir='ltr' id='par_1_42' title="bbox 309 3946 1893 4033">
     <span class='ocr_line' id='line_1_42' title="bbox 309 3946 1893 4033; baseline 0.011 -34"><span class='ocrx_word' id='word_1_293' title='bbox 309 3946 473 4002; x_wconf 62' lang='lat' dir='ltr'><strong>caedis</strong></span> <span class='ocrx_word' id='word_1_294' title='bbox 503 3947 556 4001; x_wconf 90' lang='lat' dir='ltr'><strong>in</strong></span> <span class='ocrx_word' id='word_1_295' title='bbox 586 3948 880 4020; x_wconf 84' lang='lat' dir='ltr'><strong>discipulos</strong></span> <span class='ocrx_word' id='word_1_296' title='bbox 927 3952 1163 4024; x_wconf 89' lang='lat' dir='ltr'><strong>Domini,</strong></span> <span class='ocrx_word' id='word_1_297' title='bbox 1222 3958 1452 4013; x_wconf 89' lang='lat' dir='ltr'><strong>accessit</strong></span> <span class='ocrx_word' id='word_1_298' title='bbox 1499 3959 1565 4015; x_wconf 88' lang='lat' dir='ltr'><strong>ad</strong></span> <span class='ocrx_word' id='word_1_299' title='bbox 1596 3960 1893 4033; x_wconf 88' lang='lat' dir='ltr'><strong>principem</strong></span> 
     </span>
    </p>
   </div>
   <div class='ocr_carea' id='block_1_43' title="bbox 309 4037 1893 4119">
    <p class='ocr_par' dir='ltr' id='par_1_43' title="bbox 309 4037 1893 4119">
     <span class='ocr_line' id='line_1_43' title="bbox 309 4037 1893 4119; baseline 0.012 -30"><span class='ocrx_word' id='word_1_300' title='bbox 309 4037 670 4107; x_wconf 87' lang='lat' dir='ltr'><strong>sacerdotum,</strong></span> <span class='ocrx_word' id='word_1_301' title='bbox 703 4050 755 4097; x_wconf 93' lang='lat' dir='ltr'><strong>et</strong></span> <span class='ocrx_word' id='word_1_302' title='bbox 794 4043 945 4112; x_wconf 87' lang='lat' dir='ltr'><strong>petiit</strong></span> <span class='ocrx_word' id='word_1_303' title='bbox 984 4044 1051 4101; x_wconf 89' lang='lat' dir='ltr'><strong>ab</strong></span> <span class='ocrx_word' id='word_1_304' title='bbox 1095 4062 1162 4102; x_wconf 86' lang='lat' dir='ltr'><strong>eo</strong></span> <span class='ocrx_word' id='word_1_305' title='bbox 1201 4048 1454 4119; x_wconf 89' lang='lat' dir='ltr'><strong>epistolas</strong></span> <span class='ocrx_word' id='word_1_306' title='bbox 1486 4050 1541 4105; x_wconf 92' lang='lat' dir='ltr'><strong>in</strong></span> <span class='ocrx_word' id='word_1_307' title='bbox 1573 4050 1893 4109; x_wconf 90' lang='lat' dir='ltr'><strong>Damascum</strong></span> 
     </span>
    </p>
   </div>
   <div class='ocr_carea' id='block_1_44' title="bbox 308 4130 1891 4211">
    <p class='ocr_par' dir='ltr' id='par_1_44' title="bbox 308 4130 1891 4211">
     <span class='ocr_line' id='line_1_44' title="bbox 308 4130 1891 4211; baseline 0.011 -28"><span class='ocrx_word' id='word_1_308' title='bbox 308 4130 376 4185; x_wconf 88' lang='lat' dir='ltr'><strong>ad</strong></span> <span class='ocrx_word' id='word_1_309' title='bbox 402 4145 733 4203; x_wconf 86' lang='lat' dir='ltr'><strong>synagogas;</strong></span> <span class='ocrx_word' id='word_1_310' title='bbox 762 4145 818 4189; x_wconf 91' lang='lat' dir='ltr'><strong>ut</strong></span> <span class='ocrx_word' id='word_1_311' title='bbox 842 4150 974 4206; x_wconf 90' lang='lat' dir='ltr'><strong>quos</strong></span> <span class='ocrx_word' id='word_1_312' title='bbox 1002 4135 1295 4197; x_wconf 86' lang='lat' dir='ltr'><strong>invenisset</strong></span> <span class='ocrx_word' id='word_1_313' title='bbox 1322 4141 1479 4211; x_wconf 88' lang='lat' dir='ltr'><strong>hujus</strong></span> <span class='ocrx_word' id='word_1_314' title='bbox 1510 4142 1610 4199; x_wconf 62' lang='lat' dir='ltr'><strong>via;</strong></span> <span class='ocrx_word' id='word_1_315' title='bbox 1654 4142 1796 4199; x_wconf 89' lang='lat' dir='ltr'><strong>viros</strong></span> <span class='ocrx_word' id='word_1_316' title='bbox 1828 4159 1891 4201; x_wconf 89' lang='lat' dir='ltr'><strong>ac</strong></span> 
     </span>
    </p>
   </div>
   <div class='ocr_carea' id='block_1_45' title="bbox 308 4225 1893 4299">
    <p class='ocr_par' dir='ltr' id='par_1_45' title="bbox 308 4225 1893 4299">
     <span class='ocr_line' id='line_1_45' title="bbox 308 4225 1893 4299; baseline 0.008 -20"><span class='ocrx_word' id='word_1_317' title='bbox 308 4225 581 4293; x_wconf 88' lang='lat' dir='ltr'><strong>mulieres,</strong></span> <span class='ocrx_word' id='word_1_318' title='bbox 617 4228 829 4283; x_wconf 67' lang='lat' dir='ltr'><strong>Vinetos</strong></span> <span class='ocrx_word' id='word_1_319' title='bbox 859 4232 1175 4299; x_wconf 88' lang='lat' dir='ltr'><strong>perduceret</strong></span> <span class='ocrx_word' id='word_1_320' title='bbox 1202 4235 1254 4289; x_wconf 90' lang='lat' dir='ltr'><strong>in</strong></span> <span class='ocrx_word' id='word_1_321' title='bbox 1279 4234 1635 4292; x_wconf 87' lang='lat' dir='ltr'><strong>Hierusalem.</strong></span> <span class='ocrx_word' id='word_1_322' title='bbox 1668 4236 1736 4291; x_wconf 87' lang='lat' dir='ltr'><strong>Et</strong></span> <span class='ocrx_word' id='word_1_323' title='bbox 1771 4253 1893 4293; x_wconf 90' lang='lat' dir='ltr'><strong>cum</strong></span> 
     </span>
    </p>
   </div>
   <div class='ocr_carea' id='block_1_46' title="bbox 308 4317 1888 4399">
    <p class='ocr_par' dir='ltr' id='par_1_46' title="bbox 308 4317 1888 4399">
     <span class='ocr_line' id='line_1_46' title="bbox 308 4317 1888 4399; baseline 0.008 -25"><span class='ocrx_word' id='word_1_324' title='bbox 308 4317 409 4375; x_wconf 88' lang='lat' dir='ltr'><strong>iter</strong></span> <span class='ocrx_word' id='word_1_325' title='bbox 438 4318 657 4389; x_wconf 87' lang='lat' dir='ltr'><strong>faceret,</strong></span> <span class='ocrx_word' id='word_1_326' title='bbox 691 4323 912 4393; x_wconf 87' lang='lat' dir='ltr'><strong>contigit</strong></span> <span class='ocrx_word' id='word_1_327' title='bbox 939 4334 996 4379; x_wconf 91' lang='lat' dir='ltr'><strong>ut</strong></span> <span class='ocrx_word' id='word_1_328' title='bbox 1017 4326 1471 4399; x_wconf 81' lang='lat' dir='ltr'><strong>adprOpinquaret</strong></span> <span class='ocrx_word' id='word_1_329' title='bbox 1495 4328 1756 4385; x_wconf 90' lang='lat' dir='ltr'><strong>Damasco</strong></span> <span class='ocrx_word' id='word_1_330' title='bbox 1784 4349 1797 4385; x_wconf 88' lang='lat'><strong>:</strong></span> <span class='ocrx_word' id='word_1_331' title='bbox 1833 4343 1888 4387; x_wconf 90' lang='lat' dir='ltr'><strong>et</strong></span> 
     </span>
    </p>
   </div>
   <div class='ocr_carea' id='block_1_47' title="bbox 305 4409 1893 4488">
    <p class='ocr_par' dir='ltr' id='par_1_47' title="bbox 305 4409 1893 4488">
     <span class='ocr_line' id='line_1_47' title="bbox 305 4409 1893 4488; baseline 0.01 -23"><span class='ocrx_word' id='word_1_332' title='bbox 305 4409 485 4466; x_wconf 90' lang='lat' dir='ltr'><strong>subito</strong></span> <span class='ocrx_word' id='word_1_333' title='bbox 506 4411 854 4471; x_wconf 91' lang='lat' dir='ltr'><strong>circumfulsit</strong></span> <span class='ocrx_word' id='word_1_334' title='bbox 872 4432 994 4473; x_wconf 91' lang='lat' dir='ltr'><strong>eum</strong></span> <span class='ocrx_word' id='word_1_335' title='bbox 1020 4418 1109 4474; x_wconf 88' lang='lat' dir='ltr'><strong>lux</strong></span> <span class='ocrx_word' id='word_1_336' title='bbox 1133 4418 1201 4475; x_wconf 93' lang='lat' dir='ltr'><strong>de</strong></span> <span class='ocrx_word' id='word_1_337' title='bbox 1216 4418 1370 4488; x_wconf 76' lang='lat' dir='ltr'><strong>czelo,</strong></span> <span class='ocrx_word' id='word_1_338' title='bbox 1393 4429 1448 4478; x_wconf 91' lang='lat' dir='ltr'><strong>et</strong></span> <span class='ocrx_word' id='word_1_339' title='bbox 1472 4422 1672 4479; x_wconf 89' lang='lat' dir='ltr'><strong>cadens</strong></span> <span class='ocrx_word' id='word_1_340' title='bbox 1702 4424 1754 4479; x_wconf 90' lang='lat' dir='ltr'><strong>in</strong></span> <span class='ocrx_word' id='word_1_341' title='bbox 1786 4433 1893 4480; x_wconf 90' lang='lat' dir='ltr'><strong>ter-</strong></span> 
     </span>
    </p>
   </div>
   <div class='ocr_carea' id='block_1_48' title="bbox 306 4504 1890 4583">
    <p class='ocr_par' dir='ltr' id='par_1_48' title="bbox 306 4504 1890 4583">
     <span class='ocr_line' id='line_1_48' title="bbox 306 4504 1890 4583; baseline 0.009 -25"><span class='ocrx_word' id='word_1_342' title='bbox 306 4518 444 4571; x_wconf 88' lang='lat' dir='ltr'><strong>ram,</strong></span> <span class='ocrx_word' id='word_1_343' title='bbox 477 4504 676 4560; x_wconf 88' lang='lat' dir='ltr'><strong>audivit</strong></span> <span class='ocrx_word' id='word_1_344' title='bbox 728 4521 911 4564; x_wconf 87' lang='lat' dir='ltr'><strong>vocem</strong></span> <span class='ocrx_word' id='word_1_345' title='bbox 959 4509 1224 4567; x_wconf 85' lang='lat' dir='ltr'><strong>dicentem</strong></span> <span class='ocrx_word' id='word_1_346' title='bbox 1272 4513 1419 4570; x_wconf 91' lang='lat' dir='ltr'><strong>sibi:</strong></span> <span class='ocrx_word' id='word_1_347' title='bbox 1476 4514 1662 4583; x_wconf 87' lang='lat' dir='ltr'><strong>Saule,</strong></span> <span class='ocrx_word' id='word_1_348' title='bbox 1713 4515 1890 4583; x_wconf 90' lang='lat' dir='ltr'><strong>Sauie,</strong></span> 
     </span>
    </p>
   </div>
   <div class='ocr_carea' id='block_1_49' title="bbox 306 4594 1976 4700">
    <p class='ocr_par' dir='ltr' id='par_1_49' title="bbox 306 4594 1976 4700">
     <span class='ocr_line' id='line_1_49' title="bbox 306 4594 1976 4700; baseline 0.01 -53"><span class='ocrx_word' id='word_1_349' title='bbox 306 4594 433 4700; x_wconf 65' lang='lat' dir='ltr'><strong>quid</strong></span> <span class='ocrx_word' id='word_1_350' title='bbox 464 4609 553 4650; x_wconf 89' lang='lat' dir='ltr'><strong>me</strong></span> <span class='ocrx_word' id='word_1_351' title='bbox 572 4599 951 4700; x_wconf 72' lang='lat' dir='ltr'><strong>persequeris?</strong></span> <span class='ocrx_word' id='word_1_352' title='bbox 981 4594 1049 4655; x_wconf 84' lang='lat' dir='ltr'><strong>Et</strong></span> <span class='ocrx_word' id='word_1_353' title='bbox 1091 4600 1223 4657; x_wconf 82' lang='lat' dir='ltr'><strong>dixit</strong></span> <span class='ocrx_word' id='word_1_354' title='bbox 1256 4620 1268 4656; x_wconf 89' lang='lat'><strong>:</strong></span> <span class='ocrx_word' id='word_1_355' title='bbox 1326 4605 1455 4671; x_wconf 90' lang='lat' dir='ltr'><strong>Quis</strong></span> <span class='ocrx_word' id='word_1_356' title='bbox 1498 4620 1580 4673; x_wconf 89' lang='lat' dir='ltr'><strong>es,</strong></span> <span class='ocrx_word' id='word_1_357' title='bbox 1634 4604 1892 4663; x_wconf 74' lang='lat' dir='ltr'><strong>Domine?</strong></span> <span class='ocrx_word' id='word_1_358' title='bbox 1914 4630 1976 4700; x_wconf 59' lang='grc' dir='ltr'><strong><em>Β</em></strong></span> 
     </span>
    </p>
   </div>
   <div class='ocr_carea' id='block_1_50' title="bbox 307 4680 1890 4769">
    <p class='ocr_par' dir='ltr' id='par_1_50' title="bbox 307 4680 1890 4769">
     <span class='ocr_line' id='line_1_50' title="bbox 307 4680 1890 4769; baseline 0.009 -27"><span class='ocrx_word' id='word_1_359' title='bbox 307 4680 375 4743; x_wconf 82' lang='grc' dir='ltr'><strong>Εῑ</strong></span> <span class='ocrx_word' id='word_1_360' title='bbox 404 4687 532 4745; x_wconf 90' lang='lat' dir='ltr'><strong>ille:</strong></span> <span class='ocrx_word' id='word_1_361' title='bbox 583 4687 697 4763; x_wconf 78' lang='lat' dir='ltr'><strong>Ego</strong></span> <span class='ocrx_word' id='word_1_362' title='bbox 723 4705 843 4746; x_wconf 91' lang='lat' dir='ltr'><strong>sum</strong></span> <span class='ocrx_word' id='word_1_363' title='bbox 893 4689 1048 4750; x_wconf 75' lang='lat' dir='ltr'><strong>iesus</strong></span> <span class='ocrx_word' id='word_1_364' title='bbox 1079 4710 1236 4765; x_wconf 90' lang='lat' dir='ltr'><strong>quem</strong></span> <span class='ocrx_word' id='word_1_365' title='bbox 1290 4708 1348 4752; x_wconf 93' lang='lat' dir='ltr'><strong>tu</strong></span> <span class='ocrx_word' id='word_1_366' title='bbox 1378 4700 1739 4769; x_wconf 89' lang='lat' dir='ltr'><strong>persequeris.</strong></span> <span class='ocrx_word' id='word_1_367' title='bbox 1783 4702 1890 4757; x_wconf 77' lang='lat' dir='ltr'><strong>Sed</strong></span> 
     </span>
    </p>
   </div>
   <div class='ocr_carea' id='block_1_51' title="bbox 307 4783 1894 4864">
    <p class='ocr_par' dir='ltr' id='par_1_51' title="bbox 307 4783 1894 4864">
     <span class='ocr_line' id='line_1_51' title="bbox 307 4783 1894 4864; baseline 0.008 -29"><span class='ocrx_word' id='word_1_368' title='bbox 307 4794 486 4851; x_wconf 89' lang='lat' dir='ltr'><strong>surge,</strong></span> <span class='ocrx_word' id='word_1_369' title='bbox 513 4789 569 4836; x_wconf 91' lang='lat' dir='ltr'><strong>et</strong></span> <span class='ocrx_word' id='word_1_370' title='bbox 597 4783 878 4853; x_wconf 87' lang='lat' dir='ltr'><strong>ingredere</strong></span> <span class='ocrx_word' id='word_1_371' title='bbox 918 4786 974 4840; x_wconf 89' lang='lat' dir='ltr'><strong>in</strong></span> <span class='ocrx_word' id='word_1_372' title='bbox 1001 4786 1295 4858; x_wconf 90' lang='lat' dir='ltr'><strong>civitatem,</strong></span> <span class='ocrx_word' id='word_1_373' title='bbox 1322 4800 1375 4845; x_wconf 84' lang='lat' dir='ltr'><strong>et</strong></span> <span class='ocrx_word' id='word_1_374' title='bbox 1409 4789 1623 4846; x_wconf 84' lang='lat' dir='ltr'><strong>dicetur</strong></span> <span class='ocrx_word' id='word_1_375' title='bbox 1653 4792 1748 4848; x_wconf 91' lang='lat' dir='ltr'><strong>tibi</strong></span> <span class='ocrx_word' id='word_1_376' title='bbox 1772 4808 1894 4864; x_wconf 69' lang='lat' dir='ltr'><strong>quae</strong></span> 
     </span>
    </p>
   </div>
   <div class='ocr_carea' id='block_1_52' title="bbox 296 4874 1882 4950">
    <p class='ocr_par' dir='ltr' id='par_1_52' title="bbox 296 4874 1882 4950">
     <span class='ocr_line' id='line_1_52' title="bbox 296 4874 1882 4950; baseline 0.007 -23"><span class='ocrx_word' id='word_1_377' title='bbox 296 4880 361 4929; x_wconf 87' lang='lat' dir='ltr'><strong>te</strong></span> <span class='ocrx_word' id='word_1_378' title='bbox 389 4882 632 4943; x_wconf 91' lang='lat' dir='ltr'><strong>oporteat</strong></span> <span class='ocrx_word' id='word_1_379' title='bbox 653 4874 851 4932; x_wconf 89' lang='lat' dir='ltr'><strong>facere.</strong></span> <span class='ocrx_word' id='word_1_380' title='bbox 877 4876 990 4932; x_wconf 92' lang='lat' dir='ltr'><strong>Viri</strong></span> <span class='ocrx_word' id='word_1_381' title='bbox 1016 4888 1193 4934; x_wconf 90' lang='lat' dir='ltr'><strong>autem</strong></span> <span class='ocrx_word' id='word_1_382' title='bbox 1231 4881 1321 4950; x_wconf 91' lang='lat' dir='ltr'><strong>qui</strong></span> <span class='ocrx_word' id='word_1_383' title='bbox 1344 4880 1740 4939; x_wconf 87' lang='lat' dir='ltr'><strong>comitabantur</strong></span> <span class='ocrx_word' id='word_1_384' title='bbox 1763 4901 1882 4939; x_wconf 88' lang='lat' dir='ltr'><strong>cum</strong></span> 
     </span>
    </p>
   </div>
   <div class='ocr_carea' id='block_1_53' title="bbox 306 4970 1894 5044">
    <p class='ocr_par' dir='ltr' id='par_1_53' title="bbox 306 4970 1894 5044">
     <span class='ocr_line' id='line_1_53' title="bbox 306 4970 1894 5044; baseline 0.006 -20"><span class='ocrx_word' id='word_1_385' title='bbox 306 4984 392 5038; x_wconf 89' lang='lat' dir='ltr'><strong>eo,</strong></span> <span class='ocrx_word' id='word_1_386' title='bbox 412 4970 623 5028; x_wconf 87' lang='lat' dir='ltr'><strong>stabant</strong></span> <span class='ocrx_word' id='word_1_387' title='bbox 645 4972 947 5042; x_wconf 87' lang='lat' dir='ltr'><strong>stupefacti,</strong></span> <span class='ocrx_word' id='word_1_388' title='bbox 974 4974 1251 5031; x_wconf 89' lang='lat' dir='ltr'><strong>audientes</strong></span> <span class='ocrx_word' id='word_1_389' title='bbox 1265 4974 1480 5044; x_wconf 90' lang='lat' dir='ltr'><strong>quidem</strong></span> <span class='ocrx_word' id='word_1_390' title='bbox 1499 4991 1706 5039; x_wconf 85' lang='lat' dir='ltr'><strong>vocem,</strong></span> <span class='ocrx_word' id='word_1_391' title='bbox 1733 4980 1894 5034; x_wconf 90' lang='lat' dir='ltr'><strong>nemi-</strong></span> 
     </span>
    </p>
   </div>
   <div class='ocr_carea' id='block_1_54' title="bbox 307 5063 1889 5137">
    <p class='ocr_par' dir='ltr' id='par_1_54' title="bbox 307 5063 1889 5137">
     <span class='ocr_line' id='line_1_54' title="bbox 307 5063 1889 5137; baseline 0.007 -22"><span class='ocrx_word' id='word_1_392' title='bbox 307 5075 431 5117; x_wconf 88' lang='lat' dir='ltr'><strong>nem</strong></span> <span class='ocrx_word' id='word_1_393' title='bbox 460 5071 635 5118; x_wconf 85' lang='lat' dir='ltr'><strong>autem</strong></span> <span class='ocrx_word' id='word_1_394' title='bbox 662 5063 926 5120; x_wconf 89' lang='lat' dir='ltr'><strong>videntes.</strong></span> <span class='ocrx_word' id='word_1_395' title='bbox 948 5063 1183 5137; x_wconf 88' lang='lat' dir='ltr'><strong>Surgens</strong></span> <span class='ocrx_word' id='word_1_396' title='bbox 1204 5076 1382 5122; x_wconf 89' lang='lat' dir='ltr'><strong>autem</strong></span> <span class='ocrx_word' id='word_1_397' title='bbox 1409 5066 1603 5124; x_wconf 89' lang='lat' dir='ltr'><strong>Saulus</strong></span> <span class='ocrx_word' id='word_1_398' title='bbox 1626 5069 1695 5124; x_wconf 91' lang='lat' dir='ltr'><strong>de</strong></span> <span class='ocrx_word' id='word_1_399' title='bbox 1727 5080 1889 5135; x_wconf 87' lang='lat' dir='ltr'><strong>terra,</strong></span> 
     </span>
    </p>
   </div>
   <div class='ocr_carea' id='block_1_55' title="bbox 303 5153 1893 5226">
    <p class='ocr_par' dir='ltr' id='par_1_55' title="bbox 303 5153 1893 5226">
     <span class='ocr_line' id='line_1_55' title="bbox 303 5153 1893 5226; baseline 0.006 -17"><span class='ocrx_word' id='word_1_400' title='bbox 303 5153 611 5226; x_wconf 84' lang='lat' dir='ltr'><strong>apertisque</strong></span> <span class='ocrx_word' id='word_1_401' title='bbox 640 5156 808 5211; x_wconf 89' lang='lat' dir='ltr'><strong>oculis</strong></span> <span class='ocrx_word' id='word_1_402' title='bbox 829 5157 960 5212; x_wconf 87' lang='lat' dir='ltr'><strong>nihil</strong></span> <span class='ocrx_word' id='word_1_403' title='bbox 982 5156 1215 5213; x_wconf 89' lang='lat' dir='ltr'><strong>videbat.</strong></span> <span class='ocrx_word' id='word_1_404' title='bbox 1250 5158 1331 5213; x_wconf 80' lang='lat' dir='ltr'><strong>Ad</strong></span> <span class='ocrx_word' id='word_1_405' title='bbox 1361 5174 1580 5216; x_wconf 89' lang='lat' dir='ltr'><strong>manum</strong></span> <span class='ocrx_word' id='word_1_406' title='bbox 1613 5173 1791 5217; x_wconf 84' lang='lat' dir='ltr'><strong>autem</strong></span> <span class='ocrx_word' id='word_1_407' title='bbox 1825 5158 1893 5218; x_wconf 82' lang='lat' dir='ltr'><strong>il-</strong></span> 
     </span>
    </p>
   </div>
   <div class='ocr_carea' id='block_1_56' title="bbox 304 5243 1893 5313">
    <p class='ocr_par' dir='ltr' id='par_1_56' title="bbox 304 5243 1893 5313">
     <span class='ocr_line' id='line_1_56' title="bbox 304 5243 1893 5313; baseline 0.007 -13"><span class='ocrx_word' id='word_1_408' title='bbox 304 5243 415 5300; x_wconf 90' lang='lat' dir='ltr'><strong>lum</strong></span> <span class='ocrx_word' id='word_1_409' title='bbox 448 5247 741 5313; x_wconf 88' lang='lat' dir='ltr'><strong>trahentes,</strong></span> <span class='ocrx_word' id='word_1_410' title='bbox 773 5249 1094 5304; x_wconf 90' lang='lat' dir='ltr'><strong>introierunt</strong></span> <span class='ocrx_word' id='word_1_411' title='bbox 1145 5246 1459 5306; x_wconf 89' lang='lat' dir='ltr'><strong>Damascum</strong></span> <span class='ocrx_word' id='word_1_412' title='bbox 1491 5268 1505 5306; x_wconf 88' lang='lat'><strong>:</strong></span> <span class='ocrx_word' id='word_1_413' title='bbox 1533 5265 1587 5307; x_wconf 91' lang='lat' dir='ltr'><strong>et</strong></span> <span class='ocrx_word' id='word_1_414' title='bbox 1630 5264 1749 5309; x_wconf 89' lang='lat' dir='ltr'><strong>erat</strong></span> <span class='ocrx_word' id='word_1_415' title='bbox 1798 5256 1893 5311; x_wconf 84' lang='lat' dir='ltr'><strong>tri-</strong></span> 
     </span>
    </p>
   </div>
   <div class='ocr_carea' id='block_1_57' title="bbox 304 5336 1889 5414">
    <p class='ocr_par' dir='ltr' id='par_1_57' title="bbox 304 5336 1889 5414">
     <span class='ocr_line' id='line_1_57' title="bbox 304 5336 1889 5414; baseline 0.004 -19"><span class='ocrx_word' id='word_1_416' title='bbox 304 5336 409 5395; x_wconf 86' lang='lat' dir='ltr'><strong>bus</strong></span> <span class='ocrx_word' id='word_1_417' title='bbox 431 5338 617 5395; x_wconf 88' lang='lat' dir='ltr'><strong>diebus</strong></span> <span class='ocrx_word' id='word_1_418' title='bbox 667 5339 878 5409; x_wconf 85' lang='lat' dir='ltr'><strong>Saulus,</strong></span> <span class='ocrx_word' id='word_1_419' title='bbox 911 5348 965 5396; x_wconf 92' lang='lat' dir='ltr'><strong>et</strong></span> <span class='ocrx_word' id='word_1_420' title='bbox 998 5355 1102 5395; x_wconf 92' lang='lat' dir='ltr'><strong>non</strong></span> <span class='ocrx_word' id='word_1_421' title='bbox 1134 5340 1495 5409; x_wconf 88' lang='lat' dir='ltr'><strong>manducavit,</strong></span> <span class='ocrx_word' id='word_1_422' title='bbox 1528 5360 1701 5414; x_wconf 88' lang='lat' dir='ltr'><strong>neque</strong></span> <span class='ocrx_word' id='word_1_423' title='bbox 1736 5346 1889 5403; x_wconf 90' lang='lat' dir='ltr'><strong>bibit.</strong></span> 
     </span>
    </p>
   </div>
   <div class='ocr_carea' id='block_1_58' title="bbox 491 5428 1704 5495">
    <p class='ocr_par' dir='ltr' id='par_1_58' title="bbox 491 5428 1704 5495">
     <span class='ocr_line' id='line_1_58' title="bbox 491 5428 1704 5495; baseline 0.005 -15"><span class='ocrx_word' id='word_1_424' title='bbox 491 5428 659 5482; x_wconf 84' lang='lat' dir='ltr'><strong>Lectio</strong></span> <span class='ocrx_word' id='word_1_425' title='bbox 681 5435 832 5484; x_wconf 88' lang='lat' dir='ltr'><strong>sancti</strong></span> <span class='ocrx_word' id='word_1_426' title='bbox 851 5432 913 5485; x_wconf 70' lang='lat' dir='ltr'><strong>Et</strong></span> <span class='ocrx_word' id='word_1_427' title='bbox 922 5432 1104 5495; x_wconf 86' lang='lat' dir='ltr'><strong>angelli</strong></span> <span class='ocrx_word' id='word_1_428' title='bbox 1130 5433 1395 5482; x_wconf 85' lang='lat' dir='ltr'><strong>secundum</strong></span> <span class='ocrx_word' id='word_1_429' title='bbox 1414 5430 1704 5487; x_wconf 75' lang='lat' dir='ltr'><strong>Iohannem.</strong></span> 
     </span>
    </p>
   </div>
   <div class='ocr_carea' id='block_1_59' title="bbox 381 5510 1887 5587">
    <p class='ocr_par' dir='ltr' id='par_1_59' title="bbox 381 5510 1887 5587">
     <span class='ocr_line' id='line_1_59' title="bbox 381 5510 1887 5587; baseline 0.004 -17"><span class='ocrx_word' id='word_1_430' title='bbox 381 5510 576 5571; x_wconf 85' lang='lat' dir='ltr'><strong>Diebus</strong></span> <span class='ocrx_word' id='word_1_431' title='bbox 599 5515 705 5572; x_wconf 89' lang='lat' dir='ltr'><strong>illis</strong></span> <span class='ocrx_word' id='word_1_432' title='bbox 728 5525 847 5587; x_wconf 89' lang='lat' dir='ltr'><strong>post</strong></span> <span class='ocrx_word' id='word_1_433' title='bbox 874 5517 1344 5583; x_wconf 88' lang='lat' dir='ltr'><strong>resurrectionem,</strong></span> <span class='ocrx_word' id='word_1_434' title='bbox 1378 5531 1501 5573; x_wconf 93' lang='lat' dir='ltr'><strong>cum</strong></span> <span class='ocrx_word' id='word_1_435' title='bbox 1528 5517 1673 5574; x_wconf 90' lang='lat' dir='ltr'><strong>fores</strong></span> <span class='ocrx_word' id='word_1_436' title='bbox 1704 5530 1887 5576; x_wconf 88' lang='lat' dir='ltr'><strong>essent</strong></span> 
     </span>
    </p>
   </div>
   <div class='ocr_carea' id='block_1_60' title="bbox 380 5652 1886 5729">
    <p class='ocr_par' dir='ltr' id='par_1_60' title="bbox 380 5652 1886 5729">
     <span class='ocr_line' id='line_1_60' title="bbox 380 5652 1886 5729; baseline 0.004 -20"><span class='ocrx_word' id='word_1_437' title='bbox 380 5661 406 5691; x_wconf 79' lang='grc'><strong><em>⁸</em></strong></span> <span class='ocrx_word' id='word_1_438' title='bbox 444 5652 558 5729; x_wconf 65' lang='lat' dir='ltr'><strong>Hoc</strong></span> <span class='ocrx_word' id='word_1_439' title='bbox 588 5654 942 5729; x_wconf 27' lang='lat' dir='ltr'><strong>Evangelium‘</strong></span> <span class='ocrx_word' id='word_1_440' title='bbox 975 5657 1114 5729; x_wconf 80' lang='lat' dir='ltr'><strong>bene</strong></span> <span class='ocrx_word' id='word_1_441' title='bbox 1134 5657 1381 5729; x_wconf 77' lang='lat' dir='ltr'><strong>convenit</strong></span> <span class='ocrx_word' id='word_1_442' title='bbox 1419 5666 1606 5729; x_wconf 83' lang='lat' dir='ltr'><strong>octavo</strong></span> <span class='ocrx_word' id='word_1_443' title='bbox 1631 5658 1735 5715; x_wconf 90' lang='lat' dir='ltr'><strong>diei</strong></span> <span class='ocrx_word' id='word_1_444' title='bbox 1766 5669 1886 5729; x_wconf 89' lang='lat' dir='ltr'><strong>post</strong></span> 
     </span>
    </p>
   </div>
   <div class='ocr_carea' id='block_1_61' title="bbox 308 5721 1886 5798">
    <p class='ocr_par' dir='ltr' id='par_1_61' title="bbox 308 5721 1886 5798">
     <span class='ocr_line' id='line_1_61' title="bbox 308 5721 1886 5798; baseline 0.004 -20"><span class='ocrx_word' id='word_1_445' title='bbox 308 5721 533 5798; x_wconf 77' lang='lat' dir='ltr'><strong>Pascha,</strong></span> <span class='ocrx_word' id='word_1_446' title='bbox 564 5739 670 5798; x_wconf 88' lang='lat' dir='ltr'><strong>quo</strong></span> <span class='ocrx_word' id='word_1_447' title='bbox 698 5721 788 5782; x_wconf 78' lang='lat' dir='ltr'><strong>die</strong></span> <span class='ocrx_word' id='word_1_448' title='bbox 830 5729 883 5781; x_wconf 87' lang='lat' dir='ltr'><strong>in</strong></span> <span class='ocrx_word' id='word_1_449' title='bbox 910 5726 1107 5783; x_wconf 89' lang='lat' dir='ltr'><strong>Ordine</strong></span> <span class='ocrx_word' id='word_1_450' title='bbox 1141 5725 1382 5783; x_wconf 81' lang='lat' dir='ltr'><strong>Romano</strong></span> <span class='ocrx_word' id='word_1_451' title='bbox 1411 5728 1733 5798; x_wconf 85' lang='lat' dir='ltr'><strong>assignatur.</strong></span> <span class='ocrx_word' id='word_1_452' title='bbox 1766 5721 1886 5785; x_wconf 73' lang='grc' dir='ltr'><strong>’νο-</strong></span> 
     </span>
    </p>
   </div>
   <div class='ocr_carea' id='block_1_62' title="bbox 305 5794 1882 5868">
    <p class='ocr_par' dir='ltr' id='par_1_62' title="bbox 305 5794 1882 5868">
     <span class='ocr_line' id='line_1_62' title="bbox 305 5794 1882 5868; baseline 0.005 -20"><span class='ocrx_word' id='word_1_453' title='bbox 305 5805 459 5868; x_wconf 75' lang='lat' dir='ltr'><strong>catur</strong></span> <span class='ocrx_word' id='word_1_454' title='bbox 489 5794 762 5868; x_wconf 82' lang='lat' dir='ltr'><strong>Dominica</strong></span> <span class='ocrx_word' id='word_1_455' title='bbox 791 5798 846 5852; x_wconf 78' lang='lat' dir='ltr'><strong>in</strong></span> <span class='ocrx_word' id='word_1_456' title='bbox 875 5800 1002 5868; x_wconf 79' lang='lat' dir='ltr'><strong>albis</strong></span> <span class='ocrx_word' id='word_1_457' title='bbox 1034 5814 1128 5854; x_wconf 93' lang='lat' dir='ltr'><strong>seu</strong></span> <span class='ocrx_word' id='word_1_458' title='bbox 1172 5800 1237 5853; x_wconf 85' lang='lat' dir='ltr'><strong>ad</strong></span> <span class='ocrx_word' id='word_1_459' title='bbox 1264 5800 1408 5854; x_wconf 79' lang='lat' dir='ltr'><strong>aibas</strong></span> <span class='ocrx_word' id='word_1_460' title='bbox 1440 5794 1790 5868; x_wconf 64' lang='lat' dir='ltr'><strong>deponendas.</strong></span> <span class='ocrx_word' id='word_1_461' title='bbox 1825 5801 1882 5856; x_wconf 90' lang='lat' dir='ltr'><strong>In</strong></span> 
     </span>
    </p>
   </div>
   <div class='ocr_carea' id='block_1_63' title="bbox 305 5865 1881 5929">
    <p class='ocr_par' dir='ltr' id='par_1_63' title="bbox 305 5865 1881 5929">
     <span class='ocr_line' id='line_1_63' title="bbox 305 5865 1881 5929; baseline 0.004 -10"><span class='ocrx_word' id='word_1_462' title='bbox 305 5865 505 5921; x_wconf 82' lang='lat' dir='ltr'><strong>Codice</strong></span> <span class='ocrx_word' id='word_1_463' title='bbox 539 5866 881 5926; x_wconf 82' lang='lat' dir='ltr'><strong>Vailicellano</strong></span> <span class='ocrx_word' id='word_1_464' title='bbox 912 5867 1132 5926; x_wconf 65' lang='lat' dir='ltr'><strong>adertur</strong></span> <span class='ocrx_word' id='word_1_465' title='bbox 1155 5870 1220 5927; x_wconf 90' lang='lat' dir='ltr'><strong>ad</strong></span> <span class='ocrx_word' id='word_1_466' title='bbox 1252 5871 1388 5929; x_wconf 90' lang='lat' dir='ltr'><strong>hanc</strong></span> <span class='ocrx_word' id='word_1_467' title='bbox 1432 5865 1577 5929; x_wconf 81' lang='lat' dir='ltr'><strong>diem</strong></span> <span class='ocrx_word' id='word_1_468' title='bbox 1614 5872 1680 5929; x_wconf 90' lang='lat' dir='ltr'><strong>ad</strong></span> <span class='ocrx_word' id='word_1_469' title='bbox 1729 5872 1881 5927; x_wconf 88' lang='lat' dir='ltr'><strong>albas</strong></span> 
     </span>
    </p>
   </div>
   <div class='ocr_carea' id='block_1_64' title="bbox 2003 575 3589 648">
    <p class='ocr_par' dir='ltr' id='par_1_64' title="bbox 2003 575 3589 648">
     <span class='ocr_line' id='line_1_64' title="bbox 2003 575 3589 648; baseline 0.005 -17"><span class='ocrx_word' id='word_1_470' title='bbox 2003 576 2151 632; x_wconf 81' lang='lat' dir='ltr'><strong>venit</strong></span> <span class='ocrx_word' id='word_1_471' title='bbox 2180 575 2436 631; x_wconf 87' lang='lat' dir='ltr'><strong>Dominus</strong></span> <span class='ocrx_word' id='word_1_472' title='bbox 2475 577 2650 644; x_wconf 83' lang='lat' dir='ltr'><strong>Jesus,</strong></span> <span class='ocrx_word' id='word_1_473' title='bbox 2683 586 2737 634; x_wconf 92' lang='lat' dir='ltr'><strong>et</strong></span> <span class='ocrx_word' id='word_1_474' title='bbox 2769 579 2915 633; x_wconf 82' lang='lat' dir='ltr'><strong>stetit</strong></span> <span class='ocrx_word' id='word_1_475' title='bbox 2969 578 3023 633; x_wconf 91' lang='lat' dir='ltr'><strong>in</strong></span> <span class='ocrx_word' id='word_1_476' title='bbox 3060 578 3239 634; x_wconf 83' lang='lat' dir='ltr'><strong>medio</strong></span> <span class='ocrx_word' id='word_1_477' title='bbox 3276 593 3483 648; x_wconf 89' lang='lat' dir='ltr'><strong>eorum,</strong></span> <span class='ocrx_word' id='word_1_478' title='bbox 3529 593 3589 640; x_wconf 89' lang='lat' dir='ltr'><strong>et</strong></span> 
     </span>
    </p>
   </div>
   <div class='ocr_carea' id='block_1_65' title="bbox 2000 668 3586 739">
    <p class='ocr_par' dir='ltr' id='par_1_65' title="bbox 2000 668 3586 739">
     <span class='ocr_line' id='line_1_65' title="bbox 2000 668 3586 739; baseline 0.004 -16"><span class='ocrx_word' id='word_1_479' title='bbox 2000 668 2133 724; x_wconf 90' lang='lat' dir='ltr'><strong>dicit</strong></span> <span class='ocrx_word' id='word_1_480' title='bbox 2155 670 2274 723; x_wconf 88' lang='lat' dir='ltr'><strong>eis:</strong></span> <span class='ocrx_word' id='word_1_481' title='bbox 2309 670 2413 723; x_wconf 92' lang='lat' dir='ltr'><strong>Pax</strong></span> <span class='ocrx_word' id='word_1_482' title='bbox 2444 671 2616 726; x_wconf 85' lang='lat' dir='ltr'><strong>vobis.</strong></span> <span class='ocrx_word' id='word_1_483' title='bbox 2652 670 2719 726; x_wconf 86' lang='lat' dir='ltr'><strong>Et</strong></span> <span class='ocrx_word' id='word_1_484' title='bbox 2749 672 2851 726; x_wconf 89' lang='lat' dir='ltr'><strong>hoc</strong></span> <span class='ocrx_word' id='word_1_485' title='bbox 2885 686 3008 727; x_wconf 80' lang='lat' dir='ltr'><strong>cum</strong></span> <span class='ocrx_word' id='word_1_486' title='bbox 3052 671 3295 739; x_wconf 80' lang='lat' dir='ltr'><strong>dixisset,</strong></span> <span class='ocrx_word' id='word_1_487' title='bbox 3346 674 3586 731; x_wconf 87' lang='lat' dir='ltr'><strong>ostendit</strong></span> 
     </span>
    </p>
   </div>
   <div class='ocr_carea' id='block_1_66' title="bbox 2000 762 3586 836">
    <p class='ocr_par' dir='ltr' id='par_1_66' title="bbox 2000 762 3586 836">
     <span class='ocr_line' id='line_1_66' title="bbox 2000 762 3586 836; baseline 0.004 -21"><span class='ocrx_word' id='word_1_488' title='bbox 2000 762 2081 817; x_wconf 88' lang='lat' dir='ltr'><strong>eis</strong></span> <span class='ocrx_word' id='word_1_489' title='bbox 2120 775 2312 815; x_wconf 88' lang='lat' dir='ltr'><strong>manus</strong></span> <span class='ocrx_word' id='word_1_490' title='bbox 2355 769 2413 817; x_wconf 91' lang='lat' dir='ltr'><strong>et</strong></span> <span class='ocrx_word' id='word_1_491' title='bbox 2456 762 2615 819; x_wconf 82' lang='lat' dir='ltr'><strong>latus.</strong></span> <span class='ocrx_word' id='word_1_492' title='bbox 2668 763 2849 819; x_wconf 84' lang='lat' dir='ltr'><strong>Gavisi</strong></span> <span class='ocrx_word' id='word_1_493' title='bbox 2879 772 3007 819; x_wconf 88' lang='lat' dir='ltr'><strong>sunt</strong></span> <span class='ocrx_word' id='word_1_494' title='bbox 3044 779 3173 836; x_wconf 87' lang='lat' dir='ltr'><strong>ergo</strong></span> <span class='ocrx_word' id='word_1_495' title='bbox 3198 765 3443 835; x_wconf 81' lang='lat' dir='ltr'><strong>discipuli</strong></span> <span class='ocrx_word' id='word_1_496' title='bbox 3470 768 3586 823; x_wconf 91' lang='lat' dir='ltr'><strong>viso</strong></span> 
     </span>
    </p>
   </div>
   <div class='ocr_carea' id='block_1_67' title="bbox 2003 852 3588 925">
    <p class='ocr_par' dir='ltr' id='par_1_67' title="bbox 2003 852 3588 925">
     <span class='ocr_line' id='line_1_67' title="bbox 2003 852 3588 925; baseline 0.003 -16"><span class='ocrx_word' id='word_1_497' title='bbox 2003 854 2247 909; x_wconf 85' lang='lat' dir='ltr'><strong>Domino.</strong></span> <span class='ocrx_word' id='word_1_498' title='bbox 2278 852 2418 908; x_wconf 81' lang='lat' dir='ltr'><strong>Dixit</strong></span> <span class='ocrx_word' id='word_1_499' title='bbox 2446 869 2574 925; x_wconf 89' lang='lat' dir='ltr'><strong>ergo</strong></span> <span class='ocrx_word' id='word_1_500' title='bbox 2613 858 2693 910; x_wconf 87' lang='lat' dir='ltr'><strong>eis</strong></span> <span class='ocrx_word' id='word_1_501' title='bbox 2742 857 2933 912; x_wconf 87' lang='lat' dir='ltr'><strong>iterum</strong></span> <span class='ocrx_word' id='word_1_502' title='bbox 2962 875 2975 911; x_wconf 87' lang='lat'><strong>:</strong></span> <span class='ocrx_word' id='word_1_503' title='bbox 3009 856 3120 911; x_wconf 89' lang='lat' dir='ltr'><strong>Pax</strong></span> <span class='ocrx_word' id='word_1_504' title='bbox 3152 857 3445 914; x_wconf 86' lang='lat' dir='ltr'><strong>vobiscum.</strong></span> <span class='ocrx_word' id='word_1_505' title='bbox 3470 859 3588 914; x_wconf 87' lang='lat' dir='ltr'><strong>Sic-</strong></span> 
     </span>
    </p>
   </div>
   <div class='ocr_carea' id='block_1_68' title="bbox 2000 946 3590 1019">
    <p class='ocr_par' dir='ltr' id='par_1_68' title="bbox 2000 946 3590 1019">
     <span class='ocr_line' id='line_1_68' title="bbox 2000 946 3590 1019; baseline 0.003 -17"><span class='ocrx_word' id='word_1_506' title='bbox 2000 955 2061 1002; x_wconf 81' lang='lat' dir='ltr'><strong>ut</strong></span> <span class='ocrx_word' id='word_1_507' title='bbox 2109 946 2254 1001; x_wconf 88' lang='lat' dir='ltr'><strong>misit</strong></span> <span class='ocrx_word' id='word_1_508' title='bbox 2297 960 2383 1001; x_wconf 83' lang='lat' dir='ltr'><strong>me</strong></span> <span class='ocrx_word' id='word_1_509' title='bbox 2419 947 2599 1015; x_wconf 88' lang='lat' dir='ltr'><strong>Pater,</strong></span> <span class='ocrx_word' id='word_1_510' title='bbox 2639 957 2693 1002; x_wconf 86' lang='lat' dir='ltr'><strong>et</strong></span> <span class='ocrx_word' id='word_1_511' title='bbox 2733 964 2832 1019; x_wconf 88' lang='lat' dir='ltr'><strong>ego</strong></span> <span class='ocrx_word' id='word_1_512' title='bbox 2878 951 3031 1004; x_wconf 85' lang='lat' dir='ltr'><strong>mitto</strong></span> <span class='ocrx_word' id='word_1_513' title='bbox 3058 965 3171 1006; x_wconf 79' lang='lat' dir='ltr'><strong>vos.</strong></span> <span class='ocrx_word' id='word_1_514' title='bbox 3204 950 3332 1006; x_wconf 81' lang='lat' dir='ltr'><strong>Hoc</strong></span> <span class='ocrx_word' id='word_1_515' title='bbox 3358 967 3479 1006; x_wconf 91' lang='lat' dir='ltr'><strong>cum</strong></span> <span class='ocrx_word' id='word_1_516' title='bbox 3509 952 3590 1007; x_wconf 90' lang='lat' dir='ltr'><strong>di-</strong></span> 
     </span>
    </p>
   </div>
   <div class='ocr_carea' id='block_1_69' title="bbox 2000 1036 3586 1111">
    <p class='ocr_par' dir='ltr' id='par_1_69' title="bbox 2000 1036 3586 1111">
     <span class='ocr_line' id='line_1_69' title="bbox 2000 1036 3586 1111; baseline 0.005 -18"><span class='ocrx_word' id='word_1_517' title='bbox 2000 1038 2187 1102; x_wconf 86' lang='lat' dir='ltr'><strong>xisset,</strong></span> <span class='ocrx_word' id='word_1_518' title='bbox 2221 1036 2530 1103; x_wconf 85' lang='lat' dir='ltr'><strong>insufiiavit,</strong></span> <span class='ocrx_word' id='word_1_519' title='bbox 2581 1048 2636 1093; x_wconf 92' lang='lat' dir='ltr'><strong>et</strong></span> <span class='ocrx_word' id='word_1_520' title='bbox 2683 1039 2817 1096; x_wconf 90' lang='lat' dir='ltr'><strong>dicit</strong></span> <span class='ocrx_word' id='word_1_521' title='bbox 2862 1041 2979 1096; x_wconf 86' lang='lat' dir='ltr'><strong>eis:</strong></span> <span class='ocrx_word' id='word_1_522' title='bbox 3032 1040 3277 1111; x_wconf 87' lang='lat' dir='ltr'><strong>Accipite</strong></span> <span class='ocrx_word' id='word_1_523' title='bbox 3328 1042 3586 1111; x_wconf 87' lang='lat' dir='ltr'><strong>Spiritum</strong></span> 
     </span>
    </p>
   </div>
   <div class='ocr_carea' id='block_1_70' title="bbox 1999 1132 3588 1201">
    <p class='ocr_par' dir='ltr' id='par_1_70' title="bbox 1999 1132 3588 1201">
     <span class='ocr_line' id='line_1_70' title="bbox 1999 1132 3588 1201; baseline 0.005 -17"><span class='ocrx_word' id='word_1_524' title='bbox 1999 1139 2243 1185; x_wconf 82' lang='lat' dir='ltr'><strong>sanctum</strong></span> <span class='ocrx_word' id='word_1_525' title='bbox 2284 1145 2550 1199; x_wconf 74' lang='lat' dir='ltr'><strong>;quorum</strong></span> <span class='ocrx_word' id='word_1_526' title='bbox 2594 1132 2914 1187; x_wconf 87' lang='lat' dir='ltr'><strong>remiseritis</strong></span> <span class='ocrx_word' id='word_1_527' title='bbox 2968 1142 3189 1201; x_wconf 85' lang='lat' dir='ltr'><strong>peccata</strong></span> <span class='ocrx_word' id='word_1_528' title='bbox 3239 1138 3588 1192; x_wconf 86' lang='lat' dir='ltr'><strong>remittuntur</strong></span> 
     </span>
    </p>
   </div>
   <div class='ocr_carea' id='block_1_71' title="bbox 1998 1221 3582 1291">
    <p class='ocr_par' dir='ltr' id='par_1_71' title="bbox 1998 1221 3582 1291">
     <span class='ocr_line' id='line_1_71' title="bbox 1998 1221 3582 1291; baseline 0.003 -15"><span class='ocrx_word' id='word_1_529' title='bbox 1998 1221 2098 1283; x_wconf 87' lang='lat' dir='ltr'><strong>eis.</strong></span> <span class='ocrx_word' id='word_1_530' title='bbox 2121 1230 2176 1276; x_wconf 91' lang='lat' dir='ltr'><strong>et</strong></span> <span class='ocrx_word' id='word_1_531' title='bbox 2200 1236 2427 1291; x_wconf 83' lang='lat' dir='ltr'><strong>quorum</strong></span> <span class='ocrx_word' id='word_1_532' title='bbox 2448 1223 2779 1278; x_wconf 88' lang='lat' dir='ltr'><strong>retinueritis</strong></span> <span class='ocrx_word' id='word_1_533' title='bbox 2799 1232 3005 1278; x_wconf 89' lang='lat' dir='ltr'><strong>retenta</strong></span> <span class='ocrx_word' id='word_1_534' title='bbox 3033 1234 3179 1281; x_wconf 89' lang='lat' dir='ltr'><strong>sunt.</strong></span> <span class='ocrx_word' id='word_1_535' title='bbox 3213 1223 3453 1282; x_wconf 85' lang='lat' dir='ltr'><strong>Thomas</strong></span> <span class='ocrx_word' id='word_1_536' title='bbox 3484 1240 3582 1281; x_wconf 91' lang='lat' dir='ltr'><strong>au-</strong></span> 
     </span>
    </p>
   </div>
   <div class='ocr_carea' id='block_1_72' title="bbox 2001 1311 3587 1387">
    <p class='ocr_par' dir='ltr' id='par_1_72' title="bbox 2001 1311 3587 1387">
     <span class='ocr_line' id='line_1_72' title="bbox 2001 1311 3587 1387; baseline 0.006 -22"><span class='ocrx_word' id='word_1_537' title='bbox 2001 1320 2107 1366; x_wconf 89' lang='lat' dir='ltr'><strong>tem</strong></span> <span class='ocrx_word' id='word_1_538' title='bbox 2135 1326 2273 1367; x_wconf 90' lang='lat' dir='ltr'><strong>unus</strong></span> <span class='ocrx_word' id='word_1_539' title='bbox 2300 1327 2366 1367; x_wconf 87' lang='lat' dir='ltr'><strong>ex</strong></span> <span class='ocrx_word' id='word_1_540' title='bbox 2421 1311 2724 1379; x_wconf 88' lang='lat' dir='ltr'><strong>duodecim,</strong></span> <span class='ocrx_word' id='word_1_541' title='bbox 2756 1316 2846 1384; x_wconf 87' lang='lat' dir='ltr'><strong>qui</strong></span> <span class='ocrx_word' id='word_1_542' title='bbox 2899 1315 3097 1371; x_wconf 90' lang='lat' dir='ltr'><strong>dicitur</strong></span> <span class='ocrx_word' id='word_1_543' title='bbox 3155 1317 3432 1387; x_wconf 85' lang='lat' dir='ltr'><strong>Dydimus,</strong></span> <span class='ocrx_word' id='word_1_544' title='bbox 3480 1334 3587 1374; x_wconf 83' lang='lat' dir='ltr'><strong>non</strong></span> 
     </span>
    </p>
   </div>
   <div class='ocr_carea' id='block_1_73' title="bbox 1999 1405 3585 1476">
    <p class='ocr_par' dir='ltr' id='par_1_73' title="bbox 1999 1405 3585 1476">
     <span class='ocr_line' id='line_1_73' title="bbox 1999 1405 3585 1476; baseline 0.007 -18"><span class='ocrx_word' id='word_1_545' title='bbox 1999 1412 2256 1459; x_wconf 90' lang='lat' dir='ltr'><strong>eratcum</strong></span> <span class='ocrx_word' id='word_1_546' title='bbox 2288 1405 2368 1460; x_wconf 90' lang='lat' dir='ltr'><strong>eis</strong></span> <span class='ocrx_word' id='word_1_547' title='bbox 2399 1406 2613 1476; x_wconf 77' lang='lat' dir='ltr'><strong>quando</strong></span> <span class='ocrx_word' id='word_1_548' title='bbox 2653 1408 2800 1462; x_wconf 88' lang='lat' dir='ltr'><strong>venit</strong></span> <span class='ocrx_word' id='word_1_549' title='bbox 2831 1407 3091 1464; x_wconf 88' lang='lat' dir='ltr'><strong>Dominus</strong></span> <span class='ocrx_word' id='word_1_550' title='bbox 3111 1408 3289 1465; x_wconf 85' lang='lat' dir='ltr'><strong>Jesus.</strong></span> <span class='ocrx_word' id='word_1_551' title='bbox 3323 1411 3585 1469; x_wconf 85' lang='lat' dir='ltr'><strong>Dixerunt</strong></span> 
     </span>
    </p>
   </div>
   <div class='ocr_carea' id='block_1_74' title="bbox 1999 1498 3585 1569">
    <p class='ocr_par' dir='ltr' id='par_1_74' title="bbox 1999 1498 3585 1569">
     <span class='ocr_line' id='line_1_74' title="bbox 1999 1498 3585 1569; baseline 0.004 -15"><span class='ocrx_word' id='word_1_552' title='bbox 1999 1512 2129 1569; x_wconf 84' lang='lat' dir='ltr'><strong>ergo</strong></span> <span class='ocrx_word' id='word_1_553' title='bbox 2148 1499 2196 1554; x_wconf 89' lang='lat' dir='ltr'><strong>ei</strong></span> <span class='ocrx_word' id='word_1_554' title='bbox 2221 1498 2310 1554; x_wconf 85' lang='lat' dir='ltr'><strong>alii</strong></span> <span class='ocrx_word' id='word_1_555' title='bbox 2336 1499 2583 1569; x_wconf 88' lang='lat' dir='ltr'><strong>discipuli</strong></span> <span class='ocrx_word' id='word_1_556' title='bbox 2616 1515 2631 1554; x_wconf 91' lang='lat'><strong>:</strong></span> <span class='ocrx_word' id='word_1_557' title='bbox 2664 1498 2905 1556; x_wconf 83' lang='lat' dir='ltr'><strong>Vidimus</strong></span> <span class='ocrx_word' id='word_1_558' title='bbox 2936 1501 3244 1557; x_wconf 88' lang='lat' dir='ltr'><strong>Dominum.</strong></span> <span class='ocrx_word' id='word_1_559' title='bbox 3275 1503 3372 1559; x_wconf 86' lang='lat' dir='ltr'><strong>ille</strong></span> <span class='ocrx_word' id='word_1_560' title='bbox 3407 1513 3585 1561; x_wconf 88' lang='lat' dir='ltr'><strong>autem</strong></span> 
     </span>
    </p>
   </div>
   <div class='ocr_carea' id='block_1_75' title="bbox 1999 1591 3585 1669">
    <p class='ocr_par' dir='ltr' id='par_1_75' title="bbox 1999 1591 3585 1669">
     <span class='ocr_line' id='line_1_75' title="bbox 1999 1591 3585 1669; baseline 0.004 -22"><span class='ocrx_word' id='word_1_561' title='bbox 1999 1591 2140 1649; x_wconf 87' lang='lat' dir='ltr'><strong>dixit</strong></span> <span class='ocrx_word' id='word_1_562' title='bbox 2166 1594 2247 1649; x_wconf 88' lang='lat' dir='ltr'><strong>eis</strong></span> <span class='ocrx_word' id='word_1_563' title='bbox 2271 1593 2424 1669; x_wconf 74' lang='lat' dir='ltr'><strong>:Nisi</strong></span> <span class='ocrx_word' id='word_1_564' title='bbox 2455 1594 2635 1649; x_wconf 84' lang='lat' dir='ltr'><strong>videro</strong></span> <span class='ocrx_word' id='word_1_565' title='bbox 2691 1594 2744 1650; x_wconf 89' lang='lat' dir='ltr'><strong>in</strong></span> <span class='ocrx_word' id='word_1_566' title='bbox 2783 1594 3030 1651; x_wconf 86' lang='lat' dir='ltr'><strong>manibus</strong></span> <span class='ocrx_word' id='word_1_567' title='bbox 3067 1596 3181 1662; x_wconf 87' lang='lat' dir='ltr'><strong>ejus</strong></span> <span class='ocrx_word' id='word_1_568' title='bbox 3215 1594 3440 1653; x_wconf 79' lang='lat' dir='ltr'><strong>fixuram</strong></span> <span class='ocrx_word' id='word_1_569' title='bbox 3471 1598 3585 1654; x_wconf 85' lang='lat' dir='ltr'><strong>cla-</strong></span> 
     </span>
    </p>
   </div>
   <div class='ocr_carea' id='block_1_76' title="bbox 1998 1688 3581 1761">
    <p class='ocr_par' dir='ltr' id='par_1_76' title="bbox 1998 1688 3581 1761">
     <span class='ocr_line' id='line_1_76' title="bbox 1998 1688 3581 1761; baseline 0.002 -18"><span class='ocrx_word' id='word_1_570' title='bbox 1998 1690 2208 1757; x_wconf 70' lang='lat' dir='ltr'><strong>vorum&quot;,</strong></span> <span class='ocrx_word' id='word_1_571' title='bbox 2239 1696 2293 1743; x_wconf 88' lang='lat' dir='ltr'><strong>et</strong></span> <span class='ocrx_word' id='word_1_572' title='bbox 2323 1688 2528 1743; x_wconf 90' lang='lat' dir='ltr'><strong>mittam</strong></span> <span class='ocrx_word' id='word_1_573' title='bbox 2554 1700 2770 1743; x_wconf 87' lang='lat' dir='ltr'><strong>manum</strong></span> <span class='ocrx_word' id='word_1_574' title='bbox 2822 1702 2998 1744; x_wconf 84' lang='lat' dir='ltr'><strong>meam</strong></span> <span class='ocrx_word' id='word_1_575' title='bbox 3046 1688 3099 1745; x_wconf 93' lang='lat' dir='ltr'><strong>in</strong></span> <span class='ocrx_word' id='word_1_576' title='bbox 3131 1689 3271 1745; x_wconf 89' lang='lat' dir='ltr'><strong>latus</strong></span> <span class='ocrx_word' id='word_1_577' title='bbox 3301 1692 3440 1761; x_wconf 87' lang='lat' dir='ltr'><strong>ejus,</strong></span> <span class='ocrx_word' id='word_1_578' title='bbox 3474 1705 3581 1746; x_wconf 90' lang='lat' dir='ltr'><strong>non</strong></span> 
     </span>
    </p>
   </div>
   <div class='ocr_carea' id='block_1_77' title="bbox 2001 1780 3584 1854">
    <p class='ocr_par' dir='ltr' id='par_1_77' title="bbox 2001 1780 3584 1854">
     <span class='ocr_line' id='line_1_77' title="bbox 2001 1780 3584 1854; baseline 0.003 -16"><span class='ocrx_word' id='word_1_579' title='bbox 2001 1783 2240 1840; x_wconf 85' lang='lat' dir='ltr'><strong>credam.</strong></span> <span class='ocrx_word' id='word_1_580' title='bbox 2270 1780 2331 1838; x_wconf 80' lang='lat' dir='ltr'><strong>Et</strong></span> <span class='ocrx_word' id='word_1_581' title='bbox 2355 1790 2473 1853; x_wconf 91' lang='lat' dir='ltr'><strong>post</strong></span> <span class='ocrx_word' id='word_1_582' title='bbox 2497 1782 2612 1838; x_wconf 90' lang='lat' dir='ltr'><strong>dies</strong></span> <span class='ocrx_word' id='word_1_583' title='bbox 2651 1789 2774 1839; x_wconf 93' lang='lat' dir='ltr'><strong>octo</strong></span> <span class='ocrx_word' id='word_1_584' title='bbox 2798 1790 2825 1822; x_wconf 76' lang='grc' dir='ltr'>ἰ</span> <span class='ocrx_word' id='word_1_585' title='bbox 2884 1782 3081 1840; x_wconf 89' lang='lat' dir='ltr'><strong>iterum</strong></span> <span class='ocrx_word' id='word_1_586' title='bbox 3137 1791 3291 1840; x_wconf 86' lang='lat' dir='ltr'><strong>erant</strong></span> <span class='ocrx_word' id='word_1_587' title='bbox 3330 1784 3584 1854; x_wconf 88' lang='lat' dir='ltr'><strong>discipuli</strong></span> 
     </span>
    </p>
   </div>
   <div class='ocr_carea' id='block_1_78' title="bbox 1922 1870 3588 1948">
    <p class='ocr_par' dir='ltr' id='par_1_78' title="bbox 1922 1870 3588 1948">
     <span class='ocr_line' id='line_1_78' title="bbox 1922 1870 3588 1948; baseline 0.002 -15"><span class='ocrx_word' id='word_1_588' title='bbox 1922 1870 1979 1933; x_wconf 72' lang='grc' dir='ltr'><strong>’Β</strong></span> <span class='ocrx_word' id='word_1_589' title='bbox 2002 1876 2117 1948; x_wconf 81' lang='lat' dir='ltr'><strong>ejus</strong></span> <span class='ocrx_word' id='word_1_590' title='bbox 2155 1876 2330 1943; x_wconf 86' lang='lat' dir='ltr'><strong>intus;</strong></span> <span class='ocrx_word' id='word_1_591' title='bbox 2355 1886 2407 1932; x_wconf 91' lang='lat' dir='ltr'><strong>et</strong></span> <span class='ocrx_word' id='word_1_592' title='bbox 2436 1874 2671 1931; x_wconf 89' lang='lat' dir='ltr'><strong>Thomas</strong></span> <span class='ocrx_word' id='word_1_593' title='bbox 2720 1886 2841 1931; x_wconf 88' lang='lat' dir='ltr'><strong>cum</strong></span> <span class='ocrx_word' id='word_1_594' title='bbox 2882 1878 2981 1932; x_wconf 91' lang='lat' dir='ltr'><strong>eis.</strong></span> <span class='ocrx_word' id='word_1_595' title='bbox 3017 1875 3178 1934; x_wconf 80' lang='lat' dir='ltr'><strong>Venit</strong></span> <span class='ocrx_word' id='word_1_596' title='bbox 3207 1875 3464 1935; x_wconf 90' lang='lat' dir='ltr'><strong>Dominus</strong></span> <span class='ocrx_word' id='word_1_597' title='bbox 3494 1879 3588 1936; x_wconf 78' lang='lat' dir='ltr'><strong>Je-</strong></span> 
     </span>
    </p>
   </div>
   <div class='ocr_carea' id='block_1_79' title="bbox 2004 1965 3591 2037">
    <p class='ocr_par' dir='ltr' id='par_1_79' title="bbox 2004 1965 3591 2037">
     <span class='ocr_line' id='line_1_79' title="bbox 2004 1965 3591 2037; baseline 0.002 -13"><span class='ocrx_word' id='word_1_598' title='bbox 2004 1982 2091 2024; x_wconf 82' lang='lat' dir='ltr'><strong>sus</strong></span> <span class='ocrx_word' id='word_1_599' title='bbox 2109 1965 2290 2037; x_wconf 85' lang='lat' dir='ltr'><strong>januis</strong></span> <span class='ocrx_word' id='word_1_600' title='bbox 2319 1968 2537 2034; x_wconf 88' lang='lat' dir='ltr'><strong>clausis,</strong></span> <span class='ocrx_word' id='word_1_601' title='bbox 2572 1975 2629 2023; x_wconf 92' lang='lat' dir='ltr'><strong>et</strong></span> <span class='ocrx_word' id='word_1_602' title='bbox 2650 1968 2799 2023; x_wconf 90' lang='lat' dir='ltr'><strong>stetit</strong></span> <span class='ocrx_word' id='word_1_603' title='bbox 2843 1966 2895 2023; x_wconf 91' lang='lat' dir='ltr'><strong>in</strong></span> <span class='ocrx_word' id='word_1_604' title='bbox 2936 1968 3135 2037; x_wconf 87' lang='lat' dir='ltr'><strong>medio,</strong></span> <span class='ocrx_word' id='word_1_605' title='bbox 3167 1976 3220 2024; x_wconf 89' lang='lat' dir='ltr'><strong>et</strong></span> <span class='ocrx_word' id='word_1_606' title='bbox 3260 1969 3441 2026; x_wconf 84' lang='lat' dir='ltr'><strong>dixit:</strong></span> <span class='ocrx_word' id='word_1_607' title='bbox 3477 1970 3591 2027; x_wconf 89' lang='lat' dir='ltr'><strong>Pax</strong></span> 
     </span>
    </p>
   </div>
   <div class='ocr_carea' id='block_1_80' title="bbox 2004 2055 3665 2135">
    <p class='ocr_par' dir='ltr' id='par_1_80' title="bbox 2004 2055 3665 2135">
     <span class='ocr_line' id='line_1_80' title="bbox 2004 2055 3665 2135; baseline 0.003 -20"><span class='ocrx_word' id='word_1_608' title='bbox 2004 2060 2174 2116; x_wconf 89' lang='lat' dir='ltr'><strong>vobis.</strong></span> <span class='ocrx_word' id='word_1_609' title='bbox 2225 2060 2426 2117; x_wconf 90' lang='lat' dir='ltr'><strong>Deinde</strong></span> <span class='ocrx_word' id='word_1_610' title='bbox 2460 2059 2594 2115; x_wconf 85' lang='lat' dir='ltr'><strong>dixit</strong></span> <span class='ocrx_word' id='word_1_611' title='bbox 2648 2058 2909 2117; x_wconf 75' lang='lat' dir='ltr'><strong>Thomae:</strong></span> <span class='ocrx_word' id='word_1_612' title='bbox 2971 2062 3113 2117; x_wconf 78' lang='lat' dir='ltr'><strong>ln&#39;er</strong></span> <span class='ocrx_word' id='word_1_613' title='bbox 3170 2062 3392 2135; x_wconf 82' lang='lat' dir='ltr'><strong>digitum</strong></span> <span class='ocrx_word' id='word_1_614' title='bbox 3441 2074 3589 2120; x_wconf 90' lang='lat' dir='ltr'><strong>tuum</strong></span> <span class='ocrx_word' id='word_1_615' title='bbox 3642 2055 3665 2071; x_wconf 75' lang='grc'><strong><em>⁸</em></strong></span> 
     </span>
    </p>
   </div>
   <div class='ocr_carea' id='block_1_81' title="bbox 2001 2148 3588 2223">
    <p class='ocr_par' dir='ltr' id='par_1_81' title="bbox 2001 2148 3588 2223">
     <span class='ocr_line' id='line_1_81' title="bbox 2001 2148 3588 2223; baseline 0.003 -17"><span class='ocrx_word' id='word_1_616' title='bbox 2001 2148 2127 2221; x_wconf 89' lang='lat' dir='ltr'><strong>huc,</strong></span> <span class='ocrx_word' id='word_1_617' title='bbox 2152 2160 2207 2208; x_wconf 91' lang='lat' dir='ltr'><strong>et</strong></span> <span class='ocrx_word' id='word_1_618' title='bbox 2235 2152 2355 2207; x_wconf 88' lang='lat' dir='ltr'><strong>vide</strong></span> <span class='ocrx_word' id='word_1_619' title='bbox 2376 2162 2565 2207; x_wconf 90' lang='lat' dir='ltr'><strong>manus</strong></span> <span class='ocrx_word' id='word_1_620' title='bbox 2597 2166 2774 2217; x_wconf 89' lang='lat' dir='ltr'><strong>meas;</strong></span> <span class='ocrx_word' id='word_1_621' title='bbox 2806 2160 2860 2207; x_wconf 91' lang='lat' dir='ltr'><strong>et</strong></span> <span class='ocrx_word' id='word_1_622' title='bbox 2908 2151 3039 2207; x_wconf 86' lang='lat' dir='ltr'><strong>affer</strong></span> <span class='ocrx_word' id='word_1_623' title='bbox 3070 2168 3290 2209; x_wconf 90' lang='lat' dir='ltr'><strong>manum</strong></span> <span class='ocrx_word' id='word_1_624' title='bbox 3329 2163 3496 2223; x_wconf 92' lang='lat' dir='ltr'><strong>tuam,</strong></span> <span class='ocrx_word' id='word_1_625' title='bbox 3533 2165 3588 2210; x_wconf 92' lang='lat' dir='ltr'><strong>et</strong></span> 
     </span>
    </p>
   </div>
   <div class='ocr_carea' id='block_1_82' title="bbox 2000 2240 3588 2310">
    <p class='ocr_par' dir='ltr' id='par_1_82' title="bbox 2000 2240 3588 2310">
     <span class='ocr_line' id='line_1_82' title="bbox 2000 2240 3588 2310; baseline 0.001 -10"><span class='ocrx_word' id='word_1_626' title='bbox 2000 2244 2155 2300; x_wconf 90' lang='lat' dir='ltr'><strong>mitte</strong></span> <span class='ocrx_word' id='word_1_627' title='bbox 2184 2243 2236 2299; x_wconf 93' lang='lat' dir='ltr'><strong>in</strong></span> <span class='ocrx_word' id='word_1_628' title='bbox 2267 2243 2404 2298; x_wconf 90' lang='lat' dir='ltr'><strong>latus</strong></span> <span class='ocrx_word' id='word_1_629' title='bbox 2435 2258 2643 2310; x_wconf 92' lang='lat' dir='ltr'><strong>meum;</strong></span> <span class='ocrx_word' id='word_1_630' title='bbox 2681 2254 2735 2300; x_wconf 90' lang='lat' dir='ltr'><strong>et</strong></span> <span class='ocrx_word' id='word_1_631' title='bbox 2764 2244 2874 2299; x_wconf 90' lang='lat' dir='ltr'><strong>noli</strong></span> <span class='ocrx_word' id='word_1_632' title='bbox 2905 2258 3027 2300; x_wconf 82' lang='lat' dir='ltr'><strong>esse</strong></span> <span class='ocrx_word' id='word_1_633' title='bbox 3060 2240 3370 2301; x_wconf 88' lang='lat' dir='ltr'><strong>incredulus</strong></span> <span class='ocrx_word' id='word_1_634' title='bbox 3400 2246 3495 2302; x_wconf 90' lang='lat' dir='ltr'><strong>sed</strong></span> <span class='ocrx_word' id='word_1_635' title='bbox 3528 2247 3588 2302; x_wconf 87' lang='lat' dir='ltr'><strong>fi-</strong></span> 
     </span>
    </p>
   </div>
   <div class='ocr_carea' id='block_1_83' title="bbox 1999 2334 3579 2408">
    <p class='ocr_par' dir='ltr' id='par_1_83' title="bbox 1999 2334 3579 2408">
     <span class='ocr_line' id='line_1_83' title="bbox 1999 2334 3579 2408; baseline 0.001 -15"><span class='ocrx_word' id='word_1_636' title='bbox 1999 2337 2155 2393; x_wconf 89' lang='lat' dir='ltr'><strong>delis.</strong></span> <span class='ocrx_word' id='word_1_637' title='bbox 2189 2337 2485 2408; x_wconf 84' lang='lat' dir='ltr'><strong>Respondit</strong></span> <span class='ocrx_word' id='word_1_638' title='bbox 2512 2337 2746 2393; x_wconf 87' lang='lat' dir='ltr'><strong>Thomas</strong></span> <span class='ocrx_word' id='word_1_639' title='bbox 2776 2344 2831 2391; x_wconf 89' lang='lat' dir='ltr'><strong>et</strong></span> <span class='ocrx_word' id='word_1_640' title='bbox 2852 2335 2984 2392; x_wconf 85' lang='lat' dir='ltr'><strong>dixit</strong></span> <span class='ocrx_word' id='word_1_641' title='bbox 3007 2337 3056 2393; x_wconf 91' lang='lat' dir='ltr'><strong>ei</strong></span> <span class='ocrx_word' id='word_1_642' title='bbox 3083 2358 3095 2390; x_wconf 85' lang='lat'><strong>:</strong></span> <span class='ocrx_word' id='word_1_643' title='bbox 3124 2334 3378 2392; x_wconf 78' lang='lat' dir='ltr'><strong>Dominus</strong></span> <span class='ocrx_word' id='word_1_644' title='bbox 3405 2354 3579 2407; x_wconf 91' lang='lat' dir='ltr'><strong>meus,</strong></span> 
     </span>
    </p>
   </div>
   <div class='ocr_carea' id='block_1_84' title="bbox 1998 2424 3590 2497">
    <p class='ocr_par' dir='ltr' id='par_1_84' title="bbox 1998 2424 3590 2497">
     <span class='ocr_line' id='line_1_84' title="bbox 1998 2424 3590 2497; baseline 0.001 -13"><span class='ocrx_word' id='word_1_645' title='bbox 1998 2437 2053 2485; x_wconf 90' lang='lat' dir='ltr'><strong>et</strong></span> <span class='ocrx_word' id='word_1_646' title='bbox 2082 2430 2221 2484; x_wconf 87' lang='lat' dir='ltr'><strong>Deus</strong></span> <span class='ocrx_word' id='word_1_647' title='bbox 2246 2442 2417 2484; x_wconf 88' lang='lat' dir='ltr'><strong>meus.</strong></span> <span class='ocrx_word' id='word_1_648' title='bbox 2464 2426 2604 2482; x_wconf 87' lang='lat' dir='ltr'><strong>Dixit</strong></span> <span class='ocrx_word' id='word_1_649' title='bbox 2630 2429 2678 2483; x_wconf 90' lang='lat' dir='ltr'><strong>ei</strong></span> <span class='ocrx_word' id='word_1_650' title='bbox 2724 2424 2884 2483; x_wconf 84' lang='lat' dir='ltr'><strong>Jesus</strong></span> <span class='ocrx_word' id='word_1_651' title='bbox 2915 2447 2927 2480; x_wconf 91' lang='lat'><strong>:</strong></span> <span class='ocrx_word' id='word_1_652' title='bbox 2961 2426 3092 2495; x_wconf 87' lang='lat' dir='ltr'><strong>Quia</strong></span> <span class='ocrx_word' id='word_1_653' title='bbox 3146 2426 3324 2482; x_wconf 91' lang='lat' dir='ltr'><strong>vidisti</strong></span> <span class='ocrx_word' id='word_1_654' title='bbox 3374 2444 3480 2497; x_wconf 90' lang='lat' dir='ltr'><strong>me,</strong></span> <span class='ocrx_word' id='word_1_655' title='bbox 3534 2438 3590 2485; x_wconf 89' lang='lat' dir='ltr'><strong>et</strong></span> 
     </span>
    </p>
   </div>
   <div class='ocr_carea' id='block_1_85' title="bbox 2000 2517 3583 2588">
    <p class='ocr_par' dir='ltr' id='par_1_85' title="bbox 2000 2517 3583 2588">
     <span class='ocr_line' id='line_1_85' title="bbox 2000 2517 3583 2588; baseline -0.001 -13"><span class='ocrx_word' id='word_1_656' title='bbox 2000 2519 2315 2576; x_wconf 88' lang='lat' dir='ltr'><strong>credidisti:</strong></span> <span class='ocrx_word' id='word_1_657' title='bbox 2370 2518 2511 2575; x_wconf 88' lang='lat' dir='ltr'><strong>beati</strong></span> <span class='ocrx_word' id='word_1_658' title='bbox 2550 2520 2639 2588; x_wconf 91' lang='lat' dir='ltr'><strong>qui</strong></span> <span class='ocrx_word' id='word_1_659' title='bbox 2684 2533 2791 2572; x_wconf 93' lang='lat' dir='ltr'><strong>non</strong></span> <span class='ocrx_word' id='word_1_660' title='bbox 2826 2517 3097 2583; x_wconf 87' lang='lat' dir='ltr'><strong>viderunt,</strong></span> <span class='ocrx_word' id='word_1_661' title='bbox 3130 2525 3179 2573; x_wconf 89' lang='lat' dir='ltr'><strong>et</strong></span> <span class='ocrx_word' id='word_1_662' title='bbox 3214 2518 3583 2575; x_wconf 79' lang='lat' dir='ltr'><strong>crediderunt.</strong></span> 
     </span>
    </p>
   </div>
   <div class='ocr_carea' id='block_1_86' title="bbox 2002 2608 3591 2681">
    <p class='ocr_par' dir='ltr' id='par_1_86' title="bbox 2002 2608 3591 2681">
     <span class='ocr_line' id='line_1_86' title="bbox 2002 2608 3591 2681; baseline 0.001 -15"><span class='ocrx_word' id='word_1_663' title='bbox 2002 2608 2163 2666; x_wconf 83' lang='lat' dir='ltr'><strong>Multa</strong></span> <span class='ocrx_word' id='word_1_664' title='bbox 2195 2611 2409 2681; x_wconf 89' lang='lat' dir='ltr'><strong>quidem</strong></span> <span class='ocrx_word' id='word_1_665' title='bbox 2438 2620 2491 2665; x_wconf 91' lang='lat' dir='ltr'><strong>et</strong></span> <span class='ocrx_word' id='word_1_666' title='bbox 2538 2611 2643 2665; x_wconf 89' lang='lat' dir='ltr'><strong>alia</strong></span> <span class='ocrx_word' id='word_1_667' title='bbox 2675 2609 2826 2681; x_wconf 89' lang='lat' dir='ltr'><strong>signa</strong></span> <span class='ocrx_word' id='word_1_668' title='bbox 2871 2610 2995 2666; x_wconf 90' lang='lat' dir='ltr'><strong>fecit</strong></span> <span class='ocrx_word' id='word_1_669' title='bbox 3046 2611 3303 2666; x_wconf 85' lang='lat' dir='ltr'><strong>Dominus</strong></span> <span class='ocrx_word' id='word_1_670' title='bbox 3348 2609 3507 2667; x_wconf 78' lang='lat' dir='ltr'><strong>Iesus</strong></span> <span class='ocrx_word' id='word_1_671' title='bbox 3537 2614 3591 2671; x_wconf 87' lang='lat' dir='ltr'><strong>in</strong></span> 
     </span>
    </p>
   </div>
   <div class='ocr_carea' id='block_1_87' title="bbox 2001 2704 3590 2775">
    <p class='ocr_par' dir='ltr' id='par_1_87' title="bbox 2001 2704 3590 2775">
     <span class='ocr_line' id='line_1_87' title="bbox 2001 2704 3590 2775; baseline 0.001 -16"><span class='ocrx_word' id='word_1_672' title='bbox 2001 2716 2287 2775; x_wconf 89' lang='lat' dir='ltr'><strong>conspectu</strong></span> <span class='ocrx_word' id='word_1_673' title='bbox 2316 2704 2699 2773; x_wconf 89' lang='lat' dir='ltr'><strong>discipulorum</strong></span> <span class='ocrx_word' id='word_1_674' title='bbox 2742 2718 2982 2769; x_wconf 89' lang='lat' dir='ltr'><strong>suorum,</strong></span> <span class='ocrx_word' id='word_1_675' title='bbox 3015 2718 3136 2773; x_wconf 72' lang='lat' dir='ltr'><strong>quas</strong></span> <span class='ocrx_word' id='word_1_676' title='bbox 3167 2720 3271 2758; x_wconf 89' lang='lat' dir='ltr'><strong>non</strong></span> <span class='ocrx_word' id='word_1_677' title='bbox 3301 2714 3427 2758; x_wconf 90' lang='lat' dir='ltr'><strong>sunt</strong></span> <span class='ocrx_word' id='word_1_678' title='bbox 3454 2706 3590 2760; x_wconf 89' lang='lat' dir='ltr'><strong>scri-</strong></span> 
     </span>
    </p>
   </div>
   <div class='ocr_carea' id='block_1_88' title="bbox 2000 2794 3590 2867">
    <p class='ocr_par' dir='ltr' id='par_1_88' title="bbox 2000 2794 3590 2867">
     <span class='ocr_line' id='line_1_88' title="bbox 2000 2794 3590 2867; baseline -0.001 -16"><span class='ocrx_word' id='word_1_679' title='bbox 2000 2803 2093 2867; x_wconf 89' lang='lat' dir='ltr'><strong>pta</strong></span> <span class='ocrx_word' id='word_1_680' title='bbox 2135 2796 2188 2850; x_wconf 92' lang='lat' dir='ltr'><strong>in</strong></span> <span class='ocrx_word' id='word_1_681' title='bbox 2231 2795 2365 2849; x_wconf 87' lang='lat' dir='ltr'><strong>libro</strong></span> <span class='ocrx_word' id='word_1_682' title='bbox 2387 2794 2511 2850; x_wconf 89' lang='lat' dir='ltr'><strong>hoc.</strong></span> <span class='ocrx_word' id='word_1_683' title='bbox 2548 2794 2671 2850; x_wconf 73' lang='lat' dir='ltr'><strong>Haec</strong></span> <span class='ocrx_word' id='word_1_684' title='bbox 2713 2803 2891 2849; x_wconf 89' lang='lat' dir='ltr'><strong>autem</strong></span> <span class='ocrx_word' id='word_1_685' title='bbox 2925 2794 3122 2862; x_wconf 90' lang='lat' dir='ltr'><strong>scripta</strong></span> <span class='ocrx_word' id='word_1_686' title='bbox 3154 2804 3278 2849; x_wconf 87' lang='lat' dir='ltr'><strong>sunt</strong></span> <span class='ocrx_word' id='word_1_687' title='bbox 3310 2804 3367 2849; x_wconf 92' lang='lat' dir='ltr'><strong>ut</strong></span> <span class='ocrx_word' id='word_1_688' title='bbox 3395 2794 3590 2851; x_wconf 79' lang='lat' dir='ltr'><strong>creda-</strong></span> 
     </span>
    </p>
   </div>
   <div class='ocr_carea' id='block_1_89' title="bbox 2002 2885 3588 2961">
    <p class='ocr_par' dir='ltr' id='par_1_89' title="bbox 2002 2885 3588 2961">
     <span class='ocr_line' id='line_1_89' title="bbox 2002 2885 3588 2961; baseline -0.001 -16"><span class='ocrx_word' id='word_1_689' title='bbox 2002 2890 2093 2955; x_wconf 89' lang='lat' dir='ltr'><strong>tis,</strong></span> <span class='ocrx_word' id='word_1_690' title='bbox 2113 2889 2235 2961; x_wconf 89' lang='lat' dir='ltr'><strong>quia</strong></span> <span class='ocrx_word' id='word_1_691' title='bbox 2264 2889 2418 2945; x_wconf 88' lang='lat' dir='ltr'><strong>Jesus</strong></span> <span class='ocrx_word' id='word_1_692' title='bbox 2456 2899 2539 2944; x_wconf 90' lang='lat' dir='ltr'><strong>est</strong></span> <span class='ocrx_word' id='word_1_693' title='bbox 2568 2888 2817 2943; x_wconf 89' lang='lat' dir='ltr'><strong>Christus</strong></span> <span class='ocrx_word' id='word_1_694' title='bbox 2846 2885 3014 2942; x_wconf 88' lang='lat' dir='ltr'><strong>Filius</strong></span> <span class='ocrx_word' id='word_1_695' title='bbox 3046 2887 3160 2953; x_wconf 91' lang='lat' dir='ltr'><strong>Dei,</strong></span> <span class='ocrx_word' id='word_1_696' title='bbox 3191 2895 3245 2943; x_wconf 89' lang='lat' dir='ltr'><strong>et</strong></span> <span class='ocrx_word' id='word_1_697' title='bbox 3277 2896 3331 2942; x_wconf 93' lang='lat' dir='ltr'><strong>ut</strong></span> <span class='ocrx_word' id='word_1_698' title='bbox 3358 2886 3588 2945; x_wconf 82' lang='lat' dir='ltr'><strong>creden-</strong></span> 
     </span>
    </p>
   </div>
   <div class='ocr_carea' id='block_1_90' title="bbox 2000 2974 3046 3050">
    <p class='ocr_par' dir='ltr' id='par_1_90' title="bbox 2000 2974 3046 3050">
     <span class='ocr_line' id='line_1_90' title="bbox 2000 2974 3046 3050; baseline -0.006 -11"><span class='ocrx_word' id='word_1_699' title='bbox 2000 2974 2084 3039; x_wconf 75' lang='lat' dir='ltr'><strong>ies</strong></span> <span class='ocrx_word' id='word_1_700' title='bbox 2109 2984 2272 3037; x_wconf 90' lang='lat' dir='ltr'><strong>vitam</strong></span> <span class='ocrx_word' id='word_1_701' title='bbox 2298 2981 2538 3038; x_wconf 88' lang='lat' dir='ltr'><strong>habeatis</strong></span> <span class='ocrx_word' id='word_1_702' title='bbox 2571 2979 2623 3035; x_wconf 91' lang='lat' dir='ltr'><strong>in</strong></span> <span class='ocrx_word' id='word_1_703' title='bbox 2660 2980 2881 3036; x_wconf 91' lang='lat' dir='ltr'><strong>nomine</strong></span> <span class='ocrx_word' id='word_1_704' title='bbox 2911 2979 3046 3050; x_wconf 89' lang='lat' dir='ltr'><strong>ejus.</strong></span> 
     </span>
    </p>
   </div>
   <div class='ocr_carea' id='block_1_91' title="bbox 2621 3085 2979 3122">
    <p class='ocr_par' dir='ltr' id='par_1_91' title="bbox 2621 3085 2979 3122">
     <span class='ocr_line' id='line_1_91' title="bbox 2621 3085 2979 3122; baseline 0.006 -3"><span class='ocrx_word' id='word_1_705' title='bbox 2621 3086 2789 3121; x_wconf 71' lang='lat' dir='ltr'><strong>INCIPIT</strong></span> <span class='ocrx_word' id='word_1_706' title='bbox 2821 3085 2979 3122; x_wconf 68' lang='lat' dir='ltr'><strong>MISSA.</strong></span> 
     </span>
    </p>
   </div>
   <div class='ocr_carea' id='block_1_92' title="bbox 2074 3156 3587 3230">
    <p class='ocr_par' dir='ltr' id='par_1_92' title="bbox 2074 3156 3587 3230">
     <span class='ocr_line' id='line_1_92' title="bbox 2074 3156 3587 3230; baseline -0.001 -15"><span class='ocrx_word' id='word_1_707' title='bbox 2074 3156 2423 3230; x_wconf 88' lang='lat' dir='ltr'><strong>Omnipotens</strong></span> <span class='ocrx_word' id='word_1_708' title='bbox 2450 3158 2778 3226; x_wconf 87' lang='lat' dir='ltr'><strong>sempiterne</strong></span> <span class='ocrx_word' id='word_1_709' title='bbox 2826 3157 2986 3223; x_wconf 91' lang='lat' dir='ltr'><strong>Deus,</strong></span> <span class='ocrx_word' id='word_1_710' title='bbox 3022 3156 3113 3226; x_wconf 88' lang='lat' dir='ltr'><strong>qui</strong></span> <span class='ocrx_word' id='word_1_711' title='bbox 3153 3156 3410 3227; x_wconf 91' lang='lat' dir='ltr'><strong>populum</strong></span> <span class='ocrx_word' id='word_1_712' title='bbox 3439 3164 3587 3213; x_wconf 92' lang='lat' dir='ltr'><strong>tuum</strong></span> 
     </span>
    </p>
   </div>
   <div class='ocr_carea' id='block_1_93' title="bbox 1925 3244 3591 3321">
    <p class='ocr_par' dir='ltr' id='par_1_93' title="bbox 1925 3244 3591 3321">
     <span class='ocr_line' id='line_1_93' title="bbox 1925 3244 3591 3321; baseline -0.002 -14"><span class='ocrx_word' id='word_1_713' title='bbox 1925 3252 1975 3321; x_wconf 69' lang='grc' dir='ltr'>α</span> <span class='ocrx_word' id='word_1_714' title='bbox 2003 3248 2275 3321; x_wconf 87' lang='lat' dir='ltr'><strong>Unigeniti</strong></span> <span class='ocrx_word' id='word_1_715' title='bbox 2304 3251 2379 3303; x_wconf 92' lang='lat' dir='ltr'><strong>tui</strong></span> <span class='ocrx_word' id='word_1_716' title='bbox 2408 3249 2667 3318; x_wconf 88' lang='lat' dir='ltr'><strong>sanguine</strong></span> <span class='ocrx_word' id='word_1_717' title='bbox 2696 3247 2997 3313; x_wconf 89' lang='lat' dir='ltr'><strong>redemisti,</strong></span> <span class='ocrx_word' id='word_1_718' title='bbox 3025 3246 3177 3303; x_wconf 90' lang='lat' dir='ltr'><strong>solve</strong></span> <span class='ocrx_word' id='word_1_719' title='bbox 3221 3244 3431 3304; x_wconf 87' lang='lat' dir='ltr'><strong>vincula</strong></span> <span class='ocrx_word' id='word_1_720' title='bbox 3463 3262 3591 3318; x_wconf 90' lang='lat' dir='ltr'><strong>pec-</strong></span> 
     </span>
    </p>
   </div>
   <div class='ocr_carea' id='block_1_94' title="bbox 2004 3338 3590 3411">
    <p class='ocr_par' dir='ltr' id='par_1_94' title="bbox 2004 3338 3590 3411">
     <span class='ocr_line' id='line_1_94' title="bbox 2004 3338 3590 3411; baseline -0.003 -13"><span class='ocrx_word' id='word_1_721' title='bbox 2004 3352 2243 3400; x_wconf 89' lang='lat' dir='ltr'><strong>catorum</strong></span> <span class='ocrx_word' id='word_1_722' title='bbox 2272 3351 2607 3408; x_wconf 90' lang='lat' dir='ltr'><strong>nostrorum;</strong></span> <span class='ocrx_word' id='word_1_723' title='bbox 2650 3350 2708 3395; x_wconf 87' lang='lat' dir='ltr'><strong>ut</strong></span> <span class='ocrx_word' id='word_1_724' title='bbox 2750 3339 2840 3411; x_wconf 89' lang='lat' dir='ltr'><strong>qui</strong></span> <span class='ocrx_word' id='word_1_725' title='bbox 2871 3349 3125 3395; x_wconf 69' lang='lat' dir='ltr'><strong>aeternam</strong></span> <span class='ocrx_word' id='word_1_726' title='bbox 3159 3338 3321 3395; x_wconf 87' lang='lat' dir='ltr'><strong>vitam</strong></span> <span class='ocrx_word' id='word_1_727' title='bbox 3373 3340 3429 3396; x_wconf 91' lang='lat' dir='ltr'><strong>in</strong></span> <span class='ocrx_word' id='word_1_728' title='bbox 3468 3356 3590 3398; x_wconf 76' lang='lat' dir='ltr'><strong>con.</strong></span> 
     </span>
    </p>
   </div>
   <div class='ocr_carea' id='block_1_95' title="bbox 2002 3429 3563 3502">
    <p class='ocr_par' dir='ltr' id='par_1_95' title="bbox 2002 3429 3563 3502">
     <span class='ocr_line' id='line_1_95' title="bbox 2002 3429 3563 3502; baseline -0.003 -11"><span class='ocrx_word' id='word_1_729' title='bbox 2002 3436 2233 3494; x_wconf 76' lang='lat' dir='ltr'><strong>fossione</strong></span> <span class='ocrx_word' id='word_1_730' title='bbox 2264 3436 2337 3491; x_wconf 90' lang='lat' dir='ltr'><strong>tui</strong></span> <span class='ocrx_word' id='word_1_731' title='bbox 2371 3434 2600 3491; x_wconf 89' lang='lat' dir='ltr'><strong>nominis</strong></span> <span class='ocrx_word' id='word_1_732' title='bbox 2621 3441 2744 3489; x_wconf 92' lang='lat' dir='ltr'><strong>sunt</strong></span> <span class='ocrx_word' id='word_1_733' title='bbox 2772 3432 2970 3502; x_wconf 84' lang='lat' dir='ltr'><strong>adepti,</strong></span> <span class='ocrx_word' id='word_1_734' title='bbox 3000 3430 3133 3489; x_wconf 68' lang='lat' dir='ltr'><strong>nih&#39;l</strong></span> <span class='ocrx_word' id='word_1_735' title='bbox 3156 3429 3389 3487; x_wconf 88' lang='lat' dir='ltr'><strong>debeant</strong></span> <span class='ocrx_word' id='word_1_736' title='bbox 3420 3448 3563 3489; x_wconf 86' lang='lat' dir='ltr'><strong>mor-</strong></span> 
     </span>
    </p>
   </div>
   <div class='ocr_carea' id='block_1_96' title="bbox 2005 3529 2339 3585">
    <p class='ocr_par' dir='ltr' id='par_1_96' title="bbox 2005 3529 2339 3585">
     <span class='ocr_line' id='line_1_96' title="bbox 2005 3529 2339 3585; baseline 0 0"><span class='ocrx_word' id='word_1_737' title='bbox 2005 3530 2073 3585; x_wconf 89' lang='lat' dir='ltr'><strong>tis</strong></span> <span class='ocrx_word' id='word_1_738' title='bbox 2107 3529 2339 3585; x_wconf 87' lang='lat' dir='ltr'><strong>auctori.</strong></span> 
     </span>
    </p>
   </div>
   <div class='ocr_carea' id='block_1_97' title="bbox 2681 3596 2935 3649">
    <p class='ocr_par' dir='ltr' id='par_1_97' title="bbox 2681 3596 2935 3649">
     <span class='ocr_line' id='line_1_97' title="bbox 2681 3596 2935 3649; baseline -0.012 0"><span class='ocrx_word' id='word_1_739' title='bbox 2681 3596 2935 3649; x_wconf 87' lang='lat' dir='ltr'><strong>Collectio.</strong></span> 
     </span>
    </p>
   </div>
   <div class='ocr_carea' id='block_1_98' title="bbox 2073 3675 3591 3752">
    <p class='ocr_par' dir='ltr' id='par_1_98' title="bbox 2073 3675 3591 3752">
     <span class='ocr_line' id='line_1_98' title="bbox 2073 3675 3591 3752; baseline -0.001 -16"><span class='ocrx_word' id='word_1_740' title='bbox 2073 3680 2295 3748; x_wconf 67' lang='lat' dir='ltr'><strong>Praesta,</strong></span> <span class='ocrx_word' id='word_1_741' title='bbox 2338 3692 2670 3752; x_wconf 57' lang='lat' dir='ltr'><strong>quaesumus,</strong></span> <span class='ocrx_word' id='word_1_742' title='bbox 2714 3680 3053 3750; x_wconf 85' lang='lat' dir='ltr'><strong>omnipotens</strong></span> <span class='ocrx_word' id='word_1_743' title='bbox 3103 3675 3269 3747; x_wconf 89' lang='lat' dir='ltr'><strong>Deus,</strong></span> <span class='ocrx_word' id='word_1_744' title='bbox 3327 3688 3385 3734; x_wconf 93' lang='lat' dir='ltr'><strong>ut</strong></span> <span class='ocrx_word' id='word_1_745' title='bbox 3430 3677 3591 3749; x_wconf 88' lang='lat' dir='ltr'><strong>hujus</strong></span> 
     </span>
    </p>
   </div>
   <div class='ocr_carea' id='block_1_99' title="bbox 2002 3770 3591 3844">
    <p class='ocr_par' dir='ltr' id='par_1_99' title="bbox 2002 3770 3591 3844">
     <span class='ocr_line' id='line_1_99' title="bbox 2002 3770 3591 3844; baseline 0 -18"><span class='ocrx_word' id='word_1_746' title='bbox 2002 3772 2267 3844; x_wconf 85' lang='lat' dir='ltr'><strong>paschalis</strong></span> <span class='ocrx_word' id='word_1_747' title='bbox 2298 3771 2606 3828; x_wconf 88' lang='lat' dir='ltr'><strong>festivitatis</strong></span> <span class='ocrx_word' id='word_1_748' title='bbox 2652 3770 2895 3827; x_wconf 89' lang='lat' dir='ltr'><strong>mirabile</strong></span> <span class='ocrx_word' id='word_1_749' title='bbox 2925 3779 3320 3827; x_wconf 90' lang='lat' dir='ltr'><strong>sacramentum</strong></span> <span class='ocrx_word' id='word_1_750' title='bbox 3362 3780 3418 3827; x_wconf 92' lang='lat' dir='ltr'><strong>et</strong></span> <span class='ocrx_word' id='word_1_751' title='bbox 3456 3778 3591 3827; x_wconf 83' lang='lat' dir='ltr'><strong>tem-</strong></span> 
     </span>
    </p>
   </div>
   <div class='ocr_carea' id='block_1_100' title="bbox 2001 3862 3592 3935">
    <p class='ocr_par' dir='ltr' id='par_1_100' title="bbox 2001 3862 3592 3935">
     <span class='ocr_line' id='line_1_100' title="bbox 2001 3862 3592 3935; baseline 0.001 -17"><span class='ocrx_word' id='word_1_752' title='bbox 2001 3863 2237 3932; x_wconf 86' lang='lat' dir='ltr'><strong>poralem</strong></span> <span class='ocrx_word' id='word_1_753' title='bbox 2267 3863 2421 3921; x_wconf 90' lang='lat' dir='ltr'><strong>nobis</strong></span> <span class='ocrx_word' id='word_1_754' title='bbox 2461 3864 2904 3935; x_wconf 89' lang='lat' dir='ltr'><strong>tranquillitatem</strong></span> <span class='ocrx_word' id='word_1_755' title='bbox 2934 3864 3153 3931; x_wconf 89' lang='lat' dir='ltr'><strong>tribuat,</strong></span> <span class='ocrx_word' id='word_1_756' title='bbox 3195 3870 3250 3920; x_wconf 89' lang='lat' dir='ltr'><strong>et</strong></span> <span class='ocrx_word' id='word_1_757' title='bbox 3277 3864 3439 3920; x_wconf 88' lang='lat' dir='ltr'><strong>vitam</strong></span> <span class='ocrx_word' id='word_1_758' title='bbox 3496 3862 3592 3921; x_wconf 84' lang='lat' dir='ltr'><strong>tri-</strong></span> 
     </span>
    </p>
   </div>
   <div class='ocr_carea' id='block_1_101' title="bbox 2002 3952 2566 4027">
    <p class='ocr_par' dir='ltr' id='par_1_101' title="bbox 2002 3952 2566 4027">
     <span class='ocr_line' id='line_1_101' title="bbox 2002 3952 2566 4027; baseline 0.005 -15"><span class='ocrx_word' id='word_1_759' title='bbox 2002 3952 2131 4013; x_wconf 83' lang='lat' dir='ltr'><strong>buat</strong></span> <span class='ocrx_word' id='word_1_760' title='bbox 2157 3956 2566 4027; x_wconf 88' lang='lat' dir='ltr'><strong>sempiternam.</strong></span> 
     </span>
    </p>
   </div>
   <div class='ocr_carea' id='block_1_102' title="bbox 2626 4047 2981 4100">
    <p class='ocr_par' dir='ltr' id='par_1_102' title="bbox 2626 4047 2981 4100">
     <span class='ocr_line' id='line_1_102' title="bbox 2626 4047 2981 4100; baseline -0.003 -1"><span class='ocrx_word' id='word_1_761' title='bbox 2626 4047 2745 4100; x_wconf 89' lang='lat' dir='ltr'><strong>Post</strong></span> <span class='ocrx_word' id='word_1_762' title='bbox 2768 4050 2981 4100; x_wconf 89' lang='lat' dir='ltr'><strong>nomina.</strong></span> 
     </span>
    </p>
   </div>
   <div class='ocr_carea' id='block_1_103' title="bbox 2075 4150 3586 4226">
    <p class='ocr_par' dir='ltr' id='par_1_103' title="bbox 2075 4150 3586 4226">
     <span class='ocr_line' id='line_1_103' title="bbox 2075 4150 3586 4226; baseline 0.001 -16"><span class='ocrx_word' id='word_1_763' title='bbox 2075 4153 2326 4226; x_wconf 81' lang='lat' dir='ltr'><strong>Respice,</strong></span> <span class='ocrx_word' id='word_1_764' title='bbox 2349 4169 2675 4226; x_wconf 85' lang='lat' dir='ltr'><strong>quaesumus,</strong></span> <span class='ocrx_word' id='word_1_765' title='bbox 2721 4150 2967 4221; x_wconf 90' lang='lat' dir='ltr'><strong>Domine,</strong></span> <span class='ocrx_word' id='word_1_766' title='bbox 2998 4162 3052 4209; x_wconf 91' lang='lat' dir='ltr'><strong>et</strong></span> <span class='ocrx_word' id='word_1_767' title='bbox 3092 4164 3433 4225; x_wconf 84' lang='lat' dir='ltr'><strong>peccatorum</strong></span> <span class='ocrx_word' id='word_1_768' title='bbox 3484 4170 3586 4212; x_wconf 86' lang='lat' dir='ltr'><strong>no-</strong></span> 
     </span>
    </p>
   </div>
   <div class='ocr_carea' id='block_1_104' title="bbox 2004 4246 3587 4317">
    <p class='ocr_par' dir='ltr' id='par_1_104' title="bbox 2004 4246 3587 4317">
     <span class='ocr_line' id='line_1_104' title="bbox 2004 4246 3587 4317; baseline -0.001 -14"><span class='ocrx_word' id='word_1_769' title='bbox 2004 4254 2237 4303; x_wconf 89' lang='lat' dir='ltr'><strong>strorum</strong></span> <span class='ocrx_word' id='word_1_770' title='bbox 2285 4247 2534 4303; x_wconf 83' lang='lat' dir='ltr'><strong>tenebras</strong></span> <span class='ocrx_word' id='word_1_771' title='bbox 2582 4254 2806 4301; x_wconf 87' lang='lat' dir='ltr'><strong>averte:</strong></span> <span class='ocrx_word' id='word_1_772' title='bbox 2839 4254 2898 4302; x_wconf 92' lang='lat' dir='ltr'><strong>ut</strong></span> <span class='ocrx_word' id='word_1_773' title='bbox 2939 4260 3074 4317; x_wconf 91' lang='lat' dir='ltr'><strong>quos</strong></span> <span class='ocrx_word' id='word_1_774' title='bbox 3104 4256 3323 4302; x_wconf 87' lang='lat' dir='ltr'><strong>exercet</strong></span> <span class='ocrx_word' id='word_1_775' title='bbox 3369 4246 3587 4302; x_wconf 87' lang='lat' dir='ltr'><strong>devotio</strong></span> 
     </span>
    </p>
   </div>
   <div class='ocr_carea' id='block_1_105' title="bbox 1998 4339 3590 4411">
    <p class='ocr_par' dir='ltr' id='par_1_105' title="bbox 1998 4339 3590 4411">
     <span class='ocr_line' id='line_1_105' title="bbox 1998 4339 3590 4411; baseline -0.001 -14"><span class='ocrx_word' id='word_1_776' title='bbox 1998 4340 2358 4397; x_wconf 86' lang='lat' dir='ltr'><strong>solemnitatis</strong></span> <span class='ocrx_word' id='word_1_777' title='bbox 2388 4339 2679 4411; x_wconf 85' lang='lat' dir='ltr'><strong>paschalis,</strong></span> <span class='ocrx_word' id='word_1_778' title='bbox 2708 4340 2996 4397; x_wconf 91' lang='lat' dir='ltr'><strong>inlustrent</strong></span> <span class='ocrx_word' id='word_1_779' title='bbox 3037 4340 3229 4411; x_wconf 83' lang='lat' dir='ltr'><strong>gaudia</strong></span> <span class='ocrx_word' id='word_1_780' title='bbox 3276 4341 3373 4410; x_wconf 73' lang='lat' dir='ltr'><strong>pice</strong></span> <span class='ocrx_word' id='word_1_781' title='bbox 3405 4340 3590 4411; x_wconf 86' lang='lat' dir='ltr'><strong>cogni-</strong></span> 
     </span>
    </p>
   </div>
   <div class='ocr_carea' id='block_1_106' title="bbox 2003 4431 3589 4504">
    <p class='ocr_par' dir='ltr' id='par_1_106' title="bbox 2003 4431 3589 4504">
     <span class='ocr_line' id='line_1_106' title="bbox 2003 4431 3589 4504; baseline 0.002 -17"><span class='ocrx_word' id='word_1_782' title='bbox 2003 4431 2199 4494; x_wconf 82' lang='lat' dir='ltr'><strong>tionis;</strong></span> <span class='ocrx_word' id='word_1_783' title='bbox 2225 4443 2281 4489; x_wconf 86' lang='lat' dir='ltr'><strong>et</strong></span> <span class='ocrx_word' id='word_1_784' title='bbox 2311 4434 2527 4489; x_wconf 90' lang='lat' dir='ltr'><strong>nomina</strong></span> <span class='ocrx_word' id='word_1_785' title='bbox 2572 4448 2693 4504; x_wconf 62' lang='lat' dir='ltr'><strong>quae</strong></span> <span class='ocrx_word' id='word_1_786' title='bbox 2737 4432 2957 4490; x_wconf 86' lang='lat' dir='ltr'><strong>recitata</strong></span> <span class='ocrx_word' id='word_1_787' title='bbox 2985 4434 3132 4502; x_wconf 81' lang='lat' dir='ltr'><strong>sunt,</strong></span> <span class='ocrx_word' id='word_1_788' title='bbox 3168 4434 3219 4489; x_wconf 91' lang='lat' dir='ltr'><strong>in</strong></span> <span class='ocrx_word' id='word_1_789' title='bbox 3260 4434 3461 4489; x_wconf 69' lang='lat' dir='ltr'><strong>cmlesti</strong></span> <span class='ocrx_word' id='word_1_790' title='bbox 3492 4449 3589 4503; x_wconf 86' lang='lat' dir='ltr'><strong>pa-</strong></span> 
     </span>
    </p>
   </div>
   <div class='ocr_carea' id='block_1_107' title="bbox 1997 4525 2744 4597">
    <p class='ocr_par' dir='ltr' id='par_1_107' title="bbox 1997 4525 2744 4597">
     <span class='ocr_line' id='line_1_107' title="bbox 1997 4525 2744 4597; baseline 0.003 -20"><span class='ocrx_word' id='word_1_791' title='bbox 1997 4530 2122 4597; x_wconf 89' lang='lat' dir='ltr'><strong>gtna</strong></span> <span class='ocrx_word' id='word_1_792' title='bbox 2144 4525 2413 4581; x_wconf 89' lang='lat' dir='ltr'><strong>conscribi</strong></span> <span class='ocrx_word' id='word_1_793' title='bbox 2442 4526 2744 4595; x_wconf 80' lang='lat' dir='ltr'><strong>praecipias.</strong></span> 
     </span>
    </p>
   </div>
   <div class='ocr_carea' id='block_1_108' title="bbox 2649 4613 2939 4679">
    <p class='ocr_par' dir='ltr' id='par_1_108' title="bbox 2649 4613 2939 4679">
     <span class='ocr_line' id='line_1_108' title="bbox 2649 4613 2939 4679; baseline -0.014 -13"><span class='ocrx_word' id='word_1_794' title='bbox 2649 4613 2939 4679; x_wconf 72' lang='lat' dir='ltr'><strong>Ad.pacem.</strong></span> 
     </span>
    </p>
   </div>
   <div class='ocr_carea' id='block_1_109' title="bbox 2069 4696 3587 4769">
    <p class='ocr_par' dir='ltr' id='par_1_109' title="bbox 2069 4696 3587 4769">
     <span class='ocr_line' id='line_1_109' title="bbox 2069 4696 3587 4769; baseline 0.001 -15"><span class='ocrx_word' id='word_1_795' title='bbox 2069 4698 2333 4766; x_wconf 84' lang='lat' dir='ltr'><strong>Concede,</strong></span> <span class='ocrx_word' id='word_1_796' title='bbox 2366 4714 2693 4769; x_wconf 68' lang='lat' dir='ltr'><strong>quaesumus,</strong></span> <span class='ocrx_word' id='word_1_797' title='bbox 2752 4699 3091 4767; x_wconf 90' lang='lat' dir='ltr'><strong>omnipotens</strong></span> <span class='ocrx_word' id='word_1_798' title='bbox 3133 4696 3297 4766; x_wconf 88' lang='lat' dir='ltr'><strong>Deus,</strong></span> <span class='ocrx_word' id='word_1_799' title='bbox 3343 4708 3401 4754; x_wconf 92' lang='lat' dir='ltr'><strong>ut</strong></span> <span class='ocrx_word' id='word_1_800' title='bbox 3453 4698 3587 4756; x_wconf 91' lang='lat' dir='ltr'><strong>festa</strong></span> 
     </span>
    </p>
   </div>
   <div class='ocr_carea' id='block_1_110' title="bbox 2000 4790 3586 4862">
    <p class='ocr_par' dir='ltr' id='par_1_110' title="bbox 2000 4790 3586 4862">
     <span class='ocr_line' id='line_1_110' title="bbox 2000 4790 3586 4862; baseline -0.001 -13"><span class='ocrx_word' id='word_1_801' title='bbox 2000 4793 2298 4858; x_wconf 75' lang='lat' dir='ltr'><strong>Paschalis,</strong></span> <span class='ocrx_word' id='word_1_802' title='bbox 2330 4807 2449 4862; x_wconf 71' lang='lat' dir='ltr'><strong>quas</strong></span> <span class='ocrx_word' id='word_1_803' title='bbox 2469 4790 2760 4847; x_wconf 88' lang='lat' dir='ltr'><strong>devotione</strong></span> <span class='ocrx_word' id='word_1_804' title='bbox 2785 4790 3031 4860; x_wconf 89' lang='lat' dir='ltr'><strong>colimus,</strong></span> <span class='ocrx_word' id='word_1_805' title='bbox 3055 4790 3294 4846; x_wconf 90' lang='lat' dir='ltr'><strong>moribus</strong></span> <span class='ocrx_word' id='word_1_806' title='bbox 3321 4806 3586 4862; x_wconf 85' lang='lat' dir='ltr'><strong>exsequa-</strong></span> 
     </span>
    </p>
   </div>
   <div class='ocr_carea' id='block_1_111' title="bbox 2000 4883 3583 4956">
    <p class='ocr_par' dir='ltr' id='par_1_111' title="bbox 2000 4883 3583 4956">
     <span class='ocr_line' id='line_1_111' title="bbox 2000 4883 3583 4956; baseline 0 -15"><span class='ocrx_word' id='word_1_807' title='bbox 2000 4902 2156 4954; x_wconf 91' lang='lat' dir='ltr'><strong>mur;</strong></span> <span class='ocrx_word' id='word_1_808' title='bbox 2192 4896 2248 4942; x_wconf 92' lang='lat' dir='ltr'><strong>et</strong></span> <span class='ocrx_word' id='word_1_809' title='bbox 2283 4900 2467 4955; x_wconf 90' lang='lat' dir='ltr'><strong>pacem</strong></span> <span class='ocrx_word' id='word_1_810' title='bbox 2512 4900 2673 4955; x_wconf 91' lang='lat' dir='ltr'><strong>quam</strong></span> <span class='ocrx_word' id='word_1_811' title='bbox 2712 4900 2808 4955; x_wconf 89' lang='lat' dir='ltr'><strong>per</strong></span> <span class='ocrx_word' id='word_1_812' title='bbox 2834 4883 3011 4940; x_wconf 91' lang='lat' dir='ltr'><strong>omnia</strong></span> <span class='ocrx_word' id='word_1_813' title='bbox 3042 4884 3316 4942; x_wconf 90' lang='lat' dir='ltr'><strong>custodire</strong></span> <span class='ocrx_word' id='word_1_814' title='bbox 3348 4884 3583 4956; x_wconf 80' lang='lat' dir='ltr'><strong>iussisti,</strong></span> 
     </span>
    </p>
   </div>
   <div class='ocr_carea' id='block_1_112' title="bbox 2002 4974 3584 5054">
    <p class='ocr_par' dir='ltr' id='par_1_112' title="bbox 2002 4974 3584 5054">
     <span class='ocr_line' id='line_1_112' title="bbox 2002 4974 3584 5054; baseline 0 -18"><span class='ocrx_word' id='word_1_815' title='bbox 2002 4995 2107 5036; x_wconf 92' lang='lat' dir='ltr'><strong>non</strong></span> <span class='ocrx_word' id='word_1_816' title='bbox 2151 4988 2365 5039; x_wconf 25' lang='lat' dir='ltr'><strong>tantum,</strong></span> <span class='ocrx_word' id='word_1_817' title='bbox 2397 4980 2619 5046; x_wconf 86' lang='lat' dir='ltr'><strong>osculis,</strong></span> <span class='ocrx_word' id='word_1_818' title='bbox 2652 4976 2745 5034; x_wconf 84' lang='lat' dir='ltr'><strong>sed</strong></span> <span class='ocrx_word' id='word_1_819' title='bbox 2778 4974 2975 5034; x_wconf 88' lang='lat' dir='ltr'><strong>animis</strong></span> <span class='ocrx_word' id='word_1_820' title='bbox 3006 4993 3331 5036; x_wconf 85' lang='lat' dir='ltr'><strong>conservare</strong></span> <span class='ocrx_word' id='word_1_821' title='bbox 3360 4996 3455 5037; x_wconf 88' lang='lat' dir='ltr'><strong>nos</strong></span> <span class='ocrx_word' id='word_1_822' title='bbox 3479 4979 3584 5054; x_wconf 82' lang='lat' dir='ltr'><strong>ju-</strong></span> 
     </span>
    </p>
   </div>
   <div class='ocr_carea' id='block_1_113' title="bbox 1999 5070 3583 5145">
    <p class='ocr_par' dir='ltr' id='par_1_113' title="bbox 1999 5070 3583 5145">
     <span class='ocr_line' id='line_1_113' title="bbox 1999 5070 3583 5145; baseline 0.003 -18"><span class='ocrx_word' id='word_1_823' title='bbox 1999 5070 2128 5127; x_wconf 87' lang='lat' dir='ltr'><strong>beas</strong></span> <span class='ocrx_word' id='word_1_824' title='bbox 2158 5090 2169 5124; x_wconf 89' lang='lat'><strong>:</strong></span> <span class='ocrx_word' id='word_1_825' title='bbox 2204 5081 2263 5126; x_wconf 91' lang='lat' dir='ltr'><strong>ut</strong></span> <span class='ocrx_word' id='word_1_826' title='bbox 2289 5070 2617 5142; x_wconf 87' lang='lat' dir='ltr'><strong>spiritalibus</strong></span> <span class='ocrx_word' id='word_1_827' title='bbox 2649 5072 2804 5128; x_wconf 90' lang='lat' dir='ltr'><strong>donis</strong></span> <span class='ocrx_word' id='word_1_828' title='bbox 2836 5072 3086 5140; x_wconf 90' lang='lat' dir='ltr'><strong>instituti,</strong></span> <span class='ocrx_word' id='word_1_829' title='bbox 3115 5074 3409 5144; x_wconf 89' lang='lat' dir='ltr'><strong>apostolica</strong></span> <span class='ocrx_word' id='word_1_830' title='bbox 3446 5088 3583 5145; x_wconf 64' lang='lat' dir='ltr'><strong>pras-</strong></span> 
     </span>
    </p>
   </div>
   <div class='ocr_carea' id='block_1_114' title="bbox 1997 5171 2474 5234">
    <p class='ocr_par' dir='ltr' id='par_1_114' title="bbox 1997 5171 2474 5234">
     <span class='ocr_line' id='line_1_114' title="bbox 1997 5171 2474 5234; baseline -0.004 -15"><span class='ocrx_word' id='word_1_831' title='bbox 1997 5171 2150 5234; x_wconf 81' lang='lat' dir='ltr'><strong>cepta</strong></span> <span class='ocrx_word' id='word_1_832' title='bbox 2180 5178 2474 5219; x_wconf 86' lang='lat' dir='ltr'><strong>servemus.</strong></span> 
     </span>
    </p>
   </div>
   <div class='ocr_carea' id='block_1_115' title="bbox 2635 5234 2954 5287">
    <p class='ocr_par' dir='ltr' id='par_1_115' title="bbox 2635 5234 2954 5287">
     <span class='ocr_line' id='line_1_115' title="bbox 2635 5234 2954 5287; baseline 0.009 -3"><span class='ocrx_word' id='word_1_833' title='bbox 2635 5234 2954 5287; x_wconf 79' lang='lat' dir='ltr'><strong>Contcstatio.</strong></span> 
     </span>
    </p>
   </div>
   <div class='ocr_carea' id='block_1_116' title="bbox 2072 5338 3581 5417">
    <p class='ocr_par' dir='ltr' id='par_1_116' title="bbox 2072 5338 3581 5417">
     <span class='ocr_line' id='line_1_116' title="bbox 2072 5338 3581 5417; baseline 0.003 -21"><span class='ocrx_word' id='word_1_834' title='bbox 2072 5340 2207 5399; x_wconf 86' lang='lat' dir='ltr'><strong>Vere</strong></span> <span class='ocrx_word' id='word_1_835' title='bbox 2242 5338 2461 5409; x_wconf 86' lang='lat' dir='ltr'><strong>dignum</strong></span> <span class='ocrx_word' id='word_1_836' title='bbox 2488 5342 2757 5412; x_wconf 86' lang='lat' dir='ltr'><strong>etjustum</strong></span> <span class='ocrx_word' id='word_1_837' title='bbox 2784 5342 2886 5411; x_wconf 80' lang='lat' dir='ltr'><strong>est,</strong></span> <span class='ocrx_word' id='word_1_838' title='bbox 2917 5344 3256 5414; x_wconf 91' lang='lat' dir='ltr'><strong>omnipotens</strong></span> <span class='ocrx_word' id='word_1_839' title='bbox 3290 5344 3455 5413; x_wconf 90' lang='lat' dir='ltr'><strong>Deus,</strong></span> <span class='ocrx_word' id='word_1_840' title='bbox 3486 5360 3581 5417; x_wconf 91' lang='lat' dir='ltr'><strong>per</strong></span> 
     </span>
    </p>
   </div>
   <div class='ocr_carea' id='block_1_117' title="bbox 1995 5432 3625 5504">
    <p class='ocr_par' dir='ltr' id='par_1_117' title="bbox 1995 5432 3625 5504">
     <span class='ocr_line' id='line_1_117' title="bbox 1995 5432 3625 5504; baseline 0.004 -16"><span class='ocrx_word' id='word_1_841' title='bbox 1995 5432 2270 5489; x_wconf 88' lang='lat' dir='ltr'><strong>Christum</strong></span> <span class='ocrx_word' id='word_1_842' title='bbox 2296 5432 2603 5488; x_wconf 91' lang='lat' dir='ltr'><strong>Dominum.</strong></span> <span class='ocrx_word' id='word_1_843' title='bbox 2628 5434 2791 5504; x_wconf 86' lang='lat' dir='ltr'><strong>Cujus</strong></span> <span class='ocrx_word' id='word_1_844' title='bbox 2832 5450 2979 5491; x_wconf 90' lang='lat' dir='ltr'><strong>mors</strong></span> <span class='ocrx_word' id='word_1_845' title='bbox 3012 5436 3259 5491; x_wconf 80' lang='lat' dir='ltr'><strong>humanae</strong></span> <span class='ocrx_word' id='word_1_846' title='bbox 3284 5439 3403 5492; x_wconf 78' lang='lat' dir='ltr'><strong>vita:</strong></span> <span class='ocrx_word' id='word_1_847' title='bbox 3431 5436 3576 5494; x_wconf 89' lang='lat' dir='ltr'><strong>facta</strong></span> <span class='ocrx_word' id='word_1_848' title='bbox 3606 5436 3625 5457; x_wconf 73' lang='grc'><strong><em>⁴</em></strong></span> 
     </span>
    </p>
   </div>
   <div class='ocr_carea' id='block_1_118' title="bbox 1994 5520 3576 5601">
    <p class='ocr_par' dir='ltr' id='par_1_118' title="bbox 1994 5520 3576 5601">
     <span class='ocr_line' id='line_1_118' title="bbox 1994 5520 3576 5601; baseline 0.002 -16"><span class='ocrx_word' id='word_1_849' title='bbox 1994 5538 2076 5586; x_wconf 89' lang='lat' dir='ltr'><strong>est</strong></span> <span class='ocrx_word' id='word_1_850' title='bbox 2098 5528 2385 5598; x_wconf 90' lang='lat' dir='ltr'><strong>reparatio,</strong></span> <span class='ocrx_word' id='word_1_851' title='bbox 2414 5520 2706 5583; x_wconf 89' lang='lat' dir='ltr'><strong>destructio</strong></span> <span class='ocrx_word' id='word_1_852' title='bbox 2744 5529 2950 5595; x_wconf 91' lang='lat' dir='ltr'><strong>mortis,</strong></span> <span class='ocrx_word' id='word_1_853' title='bbox 3000 5529 3201 5585; x_wconf 85' lang='lat' dir='ltr'><strong>ablatio</strong></span> <span class='ocrx_word' id='word_1_854' title='bbox 3232 5533 3454 5601; x_wconf 88' lang='lat' dir='ltr'><strong>peccati,</strong></span> <span class='ocrx_word' id='word_1_855' title='bbox 3482 5548 3576 5589; x_wconf 85' lang='lat' dir='ltr'><strong>ve-</strong></span> 
     </span>
    </p>
   </div>
   <div class='ocr_carea' id='block_1_119' title="bbox 1991 5660 3574 5734">
    <p class='ocr_par' dir='ltr' id='par_1_119' title="bbox 1991 5660 3574 5734">
     <span class='ocr_line' id='line_1_119' title="bbox 1991 5660 3574 5734; baseline 0.002 -16"><span class='ocrx_word' id='word_1_856' title='bbox 1991 5662 2333 5733; x_wconf 85' lang='lat' dir='ltr'><strong>deponendas</strong></span> <span class='ocrx_word' id='word_1_857' title='bbox 2366 5660 2547 5734; x_wconf 72' lang='lat' dir='ltr'><strong>Oratio</strong></span> <span class='ocrx_word' id='word_1_858' title='bbox 2566 5677 2731 5734; x_wconf 19' lang='lat' dir='ltr'><strong>Aquam</strong></span> <span class='ocrx_word' id='word_1_859' title='bbox 2762 5662 2906 5716; x_wconf 83' lang='lat' dir='ltr'><strong>debet</strong></span> <span class='ocrx_word' id='word_1_860' title='bbox 2928 5662 3167 5717; x_wconf 80' lang='lat' dir='ltr'><strong>sacerdos</strong></span> <span class='ocrx_word' id='word_1_861' title='bbox 3209 5666 3376 5719; x_wconf 81' lang='lat' dir='ltr'><strong>dicere</strong></span> <span class='ocrx_word' id='word_1_862' title='bbox 3419 5682 3574 5734; x_wconf 75' lang='lat' dir='ltr'><strong>super</strong></span> 
     </span>
    </p>
   </div>
   <div class='ocr_carea' id='block_1_120' title="bbox 1989 5732 3573 5806">
    <p class='ocr_par' dir='ltr' id='par_1_120' title="bbox 1989 5732 3573 5806">
     <span class='ocr_line' id='line_1_120' title="bbox 1989 5732 3573 5806; baseline 0.003 -17"><span class='ocrx_word' id='word_1_863' title='bbox 1989 5734 2232 5806; x_wconf 77' lang='lat' dir='ltr'><strong>infantes,</strong></span> <span class='ocrx_word' id='word_1_864' title='bbox 2272 5733 2478 5806; x_wconf 85' lang='lat' dir='ltr'><strong>quando</strong></span> <span class='ocrx_word' id='word_1_865' title='bbox 2528 5732 2602 5788; x_wconf 78' lang='lat' dir='ltr'><strong>eis</strong></span> <span class='ocrx_word' id='word_1_866' title='bbox 2667 5746 2940 5787; x_wconf 83' lang='lat' dir='ltr'><strong>scucusare</strong></span> <span class='ocrx_word' id='word_1_867' title='bbox 2999 5735 3134 5801; x_wconf 81' lang='lat' dir='ltr'><strong>vult,</strong></span> <span class='ocrx_word' id='word_1_868' title='bbox 3198 5736 3245 5788; x_wconf 85' lang='lat' dir='ltr'><strong>id</strong></span> <span class='ocrx_word' id='word_1_869' title='bbox 3302 5745 3382 5790; x_wconf 87' lang='lat' dir='ltr'><strong>est</strong></span> <span class='ocrx_word' id='word_1_870' title='bbox 3428 5732 3573 5794; x_wconf 84' lang='lat' dir='ltr'><strong>albas</strong></span> 
     </span>
    </p>
   </div>
   <div class='ocr_carea' id='block_1_121' title="bbox 1989 5821 2206 5863">
    <p class='ocr_par' dir='ltr' id='par_1_121' title="bbox 1989 5821 2206 5863">
     <span class='ocr_line' id='line_1_121' title="bbox 1989 5821 2206 5863; baseline -0.009 0"><span class='ocrx_word' id='word_1_871' title='bbox 1989 5821 2206 5863; x_wconf 86' lang='lat' dir='ltr'><strong>exuere.</strong></span> 
     </span>
    </p>
   </div>
  </div>
