4060 6346
569 376 663 434 5H

1387 390 1726 446 APPENDIX
1768 389 1858 445 AD
1895 385 2123 444 OPERA
2163 389 2225 446 S.
2263 388 2569 445 GERMANI
2611 386 3050 443 PARISIENSIS.

3756 385 3868 442 5η

572 495 656 548 nia
677 495 916 559 offensis,
947 497 1208 555 redetntio
1238 502 1534 566 hominum,
1557 501 1920 556 reconciliatio
1934 499 2138 565 mundi,
2175 500 2221 561 A
2251 500 2383 566 Quid
2401 499 2545 556 enim
2561 499 2648 552 illa
2666 513 2816 553 mens
2831 498 3026 567 perﬁda
3042 497 3576 566 poteratexcogitare
3587 494 3655 549 de
3670 510 3862 560 cruce,

571 596 628 642 et
686 595 786 641 tuae
842 587 1000 644 Pater
1057 591 1268 659 pietatis
1327 593 1458 646 mira
1517 593 1761 661 placatio.
1839 593 1912 646 De
1974 602 2147 645 morte

572 679 714 734 enim
747 677 944 733 Christi
988 683 1310 737 resurrectio
1361 693 1539 736 nostra
1567 684 1712 737 venit
1758 683 1809 736 in
1865 681 2140 745 mundum,

567 770 657 837 qui
679 770 815 824 sicut
835 771 948 825 ovis
977 772 1042 824 ad
1073 773 1390 846 occisionem
1424 789 1518 843 pro
1546 775 1697 828 nobis
1729 775 1919 828 ductus
1947 785 2029 828 est
2055 791 2068 837 ;
2096 783 2147 828 et

569 872 626 916 ut
661 877 826 930 agnus
867 879 1045 918 coram
1077 866 1325 922 tondente
1352 869 1468 922 sine
1498 883 1646 934 voce,
1682 869 1756 921 sic
1801 883 1904 921 non
1937 869 2149 935 aperuit

567 967 630 1008 os
655 970 832 1008 suum.
867 955 964 1008 l‘lic
999 956 1140 1010 enim
1170 967 1251 1012 est
1280 974 1446 1027 agnus
1487 962 1577 1015 Dei
1628 963 1932 1032 unigenitus
1984 961 2148 1015 Filius

569 1054 711 1110 tuus,
743 1047 832 1116 qui
864 1047 1005 1100 tollit
1035 1059 1248 1117 peccata
1292 1052 1472 1104 mundi
1511 1054 1638 1121 :qui
1665 1068 1722 1108 se
1753 1068 1847 1122 pro
1881 1052 2035 1106 nobis
2065 1050 2147 1104 of-

570 1137 786 1192 ferendo
815 1155 920 1193 non
949 1139 1164 1204 desinit,
1199 1156 1399 1212 nosque
1441 1145 1576 1211 apud
1605 1152 1657 1197 te
1695 1153 1949 1212 perpetua
1981 1145 2147 1196 advo-

570 1231 781 1284 catione
805 1229 1036 1285 defendit
1062 1249 1074 1283 :
1107 1231 1228 1300 quia
1257 1248 1543 1301 numquam
1568 1235 1794 1288 moritur
1822 1236 2145 1301 immolatus,

568 1319 662 1373 sed
695 1333 907 1388 semper
930 1322 1058 1374 vivit
1079 1323 1308 1376 occisus.
1340 1323 1506 1388 Quem
1533 1322 1770 1383 laudant,
1799 1333 1904 1378 etc.

1008 1411 1131 1462 ltem
1155 1415 1444 1461 contestatio
1470 1413 1717 1474 paschalis.

645 1493 774 1549 Vere
805 1497 1019 1565 dignum
1063 1507 1118 1550 et
1143 1497 1342 1564 justum
1372 1507 1454 1550 est
1479 1497 1818 1563 omnipotens
1861 1497 2024 1562 Deus,
2057 1511 2150 1550 Ctt-

563 1582 653 1653 jus
691 1599 719 1636 a
752 1583 934 1639 mundi
966 1586 1168 1655 origine
1194 1587 1582 1640 inaestimabilis
1607 1601 1733 1657 erga
1767 1588 2042 1642 hominum
2059 1603 2150 1657 ge-

569 1673 904 1728 nusdilectio
933 1685 1268 1743 perseverat;
1298 1676 1422 1730 dum
1446 1677 1620 1746 justos
1651 1693 1746 1745 per
1773 1679 1911 1732 viam
1943 1689 2151 1732 rectam

567 1763 874 1832 gradientes
903 1767 1170 1821 caelestem
1197 1754 1348 1820 ducit
1381 1767 1447 1821 ad
1480 1769 1725 1837 patriam,
1757 1781 1810 1824 et
1839 1779 2152 1838 peccatores

568 1857 638 1909 ab
664 1856 940 1926 iniquitate
957 1872 1245 1914 conversos
1268 1869 1541 1927 paternam
1566 1870 1802 1927 reportat
1822 1861 1887 1915 ad
1900 1863 2147 1930 gratiam.
2177 1879 2229 1942 Β

571 1945 706 2001 liinc
735 1963 862 2016 ergo
889 1957 990 2012 est,
1023 1951 1358 2019 omnipotens
1403 1951 1561 2016 Deus,
1594 1952 1734 2022 quod
1767 1953 2027 2007 Dominus
2056 1967 2153 2006 no-

571 2046 682 2092 ster
709 2039 865 2093 Jesus
890 2037 1132 2095 ChriStus
1171 2041 1308 2096 sicut
1337 2045 1584 2110 passione
1625 2059 1719 2098 sua
1766 2045 2033 2112 exspoliat
2065 2047 2152 2098 in-

572 2127 732 2195 feros,
771 2129 843 2183 ita
870 2131 1028 2183 etiam
1075 2133 1466 2187 resurrectione
1493 2148 1584 2186 sua
1639 2135 1925 2197 manubiis,
1955 2134 2152 2204 quibus

569 2226 794 2275 tartarea
813 2220 984 2275 vincla
1015 2222 1320 2288 nudaverat,
1348 2224 1563 2278 vestivit
1582 2227 1940 2292 potentialiter
1964 2225 2150 2282 caelos.

567 2309 670 2366 l’er
695 2327 847 2380 quem
877 2313 1202 2383 Majestatcm
1228 2325 1391 2370 tuam.

855 2420 1000 2460 HISSA
1041 2421 1090 2459 IN
1131 2421 1448 2461 INVENTIONE
1487 2422 1704 2463 SANCTE
1733 2408 1772 2476 ’ξ’
1801 2417 1847 2462 ⁸.

802 2495 1014 2557 Epistola
1045 2497 1181 2545 Pa-ili
1208 2497 1410 2558 apostoli
1436 2499 1491 2544 ad
1518 2498 1864 2559 Philippenses
1882 2498 1927 2546 ιδ,

642 2579 872 2642 Fratres,
903 2579 1002 2632 hoc
1026 2581 1214 2634 sentite
1239 2581 1289 2633 in
1317 2583 1466 2635 vobis
1493 2582 1633 2649 quod
1673 2582 1722 2634 itt
1752 2584 1962 2638 Christo
1990 2582 2150 2647 Jesu,

568 2669 681 2738 qui,
717 2685 836 2722 cum
862 2669 913 2721 itt
944 2670 1109 2723 forma
1138 2670 1230 2724 Dei
1258 2681 1420 2734 esset,
1456 2685 1560 2725 non
1595 2674 1832 2741 rapinam
1867 2673 2155 2729 arbitratus

568 2772 652 2816 est
693 2777 812 2815 esse
841 2777 898 2815 se
930 2763 1185 2830 :cqualem
1236 2764 1362 2830 Deo,
1397 2765 1490 2819 sed
1524 2769 1873 2836 semetipsum
1911 2770 2156 2823 exinani-

571 2851 644 2905 vit
672 2853 894 2906 formam
936 2857 1074 2908 servi
1119 2857 1405 2924 accipiens,
1461 2858 1513 2910 in
1547 2859 1950 2913 similitudinem
1984 2863 2157 2915 homi-

573 2959 698 2998 ltUlll
727 2942 917 3012 factus,
945 2955 998 2999 et
1027 2945 1202 3000 liabitu
1248 2948 1491 3001 inventus
1520 2959 1575 3001 ut
1616 2949 1795 3003 homo.
1846 2950 2158 3005 flutniliavit

573 3035 938 3104 semetipsum,
971 3037 1137 3092 factus
1158 3039 1409 3092 obediens
1430 3055 1593 3107 usque
1623 3041 1687 3094 ad
1723 3051 1971 3106 mortem,
2014 3059 2155 3096 utor-

574 3136 679 3182 tem
711 3136 886 3182 autem
918 3129 1109 3184 crucis.
1143 3130 1363 3197 Propter
1393 3133 1532 3200 quod
1561 3140 1613 3184 et
1646 3132 1783 3186 Deus
1817 3133 1966 3186 illutn
2003 3133 2154 3187 exal-

575 3220 727 3285 tavit,
751 3227 805 3274 et
833 3219 1048 3275 donavit
1074 3222 1143 3274 illi
1171 3237 1366 3276 nomen
1401 3238 1561 3291 super
1585 3239 1743 3277 omne
1773 3239 1990 3289 nomen,
2019 3233 2073 3276 ut
2107 3224 2159 3277 itt
2191 3258 2237 3320 C

578 3311 793 3368 nomine
821 3311 946 3366 Jesn
977 3327 1133 3366 omne
1178 3327 1313 3382 genu
1347 3313 1611 3380 ﬂectatur,
1645 3315 1962 3380 caelestium,
1990 3323 2159 3369 terre-

575 3404 764 3458 strium
795 3412 849 3459 et
891 3404 1248 3469 infernorum;
1289 3414 1342 3459 et
1383 3405 1558 3458 omnis
1603 3405 1779 3474 lingua
1821 3407 2160 3473 conﬁteatur,

575 3495 695 3564 quia
722 3494 976 3549 Dominus
1001 3493 1154 3548 Jesus
1181 3495 1423 3548 Christus
1454 3497 1502 3546 in
1533 3496 1696 3563 gloria
1727 3505 1807 3549 est
1841 3497 1931 3550 Dei
1958 3497 2152 3550 Patris.

744 3583 909 3632 Lectio
943 3586 1094 3632 sancti
1120 3583 1374 3646 Evangelii
1403 3585 1667 3633 secundum
1689 3585 1982 3634 Matthmnm.

631 3666 815 3722 Simile
839 3677 921 3721 est
951 3683 1170 3736 regnum
1195 3671 1443 3721 caelorum
1471 3670 1720 3721 thesauro
1750 3669 2066 3722 abscondito
2097 3667 2147 3722 in

579 3771 727 3826 agro,
757 3773 912 3826 quem
947 3763 1036 3826 qui
1060 3757 1260 3812 invenit
1299 3757 1457 3810 homo
1481 3757 1778 3826 abscondit,
1812 3767 1866 3812 et
1893 3772 2002 3826 prie
2033 3773 2163 3826 gau-

581 3848 670 3902 dlo
699 3849 842 3902 illius
873 3850 1039 3916 vadit,
1090 3858 1144 3903 et
1176 3849 1414 3903 vendidit
1456 3851 1701 3905 universa
1733 3868 1852 3921 qua:
1885 3853 2063 3918 habet,
2110 3861 2163 3908 et

577 3941 704 3995 emit
747 3956 932 4008 agrum
978 3941 1145 3994 illum.
1197 3941 1387 3994 ltermn
1431 3941 1603 3996 simile
1631 3952 1706 3996 est
1743 3957 1962 4010 regnum
2005 3942 2163 3998 caelo-

579 4048 695 4087 rum
729 4034 931 4086 homini
961 4032 1276 4102 negotiatori
1323 4033 1580 4099 quazrenti
1615 4032 1780 4084 bonas
1824 4034 2157 4101 margaritas.

585 4124 800 4179 Inventa
832 4133 1007 4178 autem
1038 4138 1139 4176 una
1172 4123 1410 4192 preciosa
1442 4123 1748 4191 margarita,
1780 4123 1927 4187 abiit,
1961 4132 2014 4176 et
2039 4139 2163 4178 ven-

584 4213 715 4267 didit
747 4215 926 4268 omnia
956 4228 1074 4282 quze
1106 4213 1288 4267 habuit
1309 4254 1322 4276 ,
1363 4225 1414 4267 et
1438 4215 1567 4266 emit
1595 4227 1730 4267 eam.
1768 4213 1960 4268 lterum
1990 4214 2162 4270 simile

582 4315 664 4360 est
712 4321 930 4375 regnum
960 4305 1211 4360 czrlorum
1259 4319 1466 4374 sagenae
1499 4307 1678 4359 missae
1719 4304 1768 4356 in
1801 4319 1971 4370 mare,
2015 4313 2069 4360 et
2095 4321 2160 4359 ex

580 4395 728 4450 omni
777 4411 972 4466 genere
1020 4397 1241 4465 piscium
1295 4397 1676 4466 congreganti:
1711 4411 2016 4465 quamcum
2065 4400 2163 4452 im-

587 4488 725 4556 pleta
780 4497 940 4552 esset,
991 4487 1312 4553 educentes,
1371 4489 1646 4557 elegerunt
1699 4488 1867 4543 bonos
1928 4490 1977 4543 in
2015 4505 2160 4556 vasa,

581 4578 749 4632 malos
772 4585 948 4631 autem
979 4576 1123 4630 foras
1157 4578 1435 4630 miserunt.
1481 4578 1568 4631 Sic
1598 4577 1700 4632 erit
1732 4579 1781 4631 in
1823 4593 2162 4633 consumma-

583 4670 726 4724 tione
751 4669 949 4723 steculi.
983 4668 1219 4722 Exibunt
1248 4668 1444 4737 angeli,
1474 4678 1528 4722 et
1550 4669 1870 4736 separabunt
1900 4668 2067 4724 malos
2096 4670 2161 4724 de

582 4761 758 4816 medio
802 4761 1088 4829 justorum,
1134 4768 1189 4814 et
1231 4761 1442 4814 mittent
1471 4773 1565 4814 eos
1595 4761 1646 4814 in
1682 4759 1948 4815 caminum
1979 4759 2156 4828 ignis:

559 4900 561 4903 .
589 4851 659 4904 ibi
683 4853 783 4904 erit
814 4852 966 4905 ﬂetus
993 4859 1048 4906 et
1076 4850 1272 4905 stridor
1303 4850 1561 4904 dentium.

1190 4972 1359 5010 INCIPIT
1390 4974 1518 5011 IllSSA
1528 4998 1539 5008 .

656 5043 1025 5097 Venerabilem
1083 5052 1194 5097 toto
1247 5044 1443 5097 mundo
1492 5043 1559 5096 de
1608 5035 1914 5099 inventione
1959 5052 2158 5099 sanctae

576 5133 759 5190 Crucis
801 5133 1221 5187 sacratissimum
1254 5133 1392 5188 diem
1430 5133 1762 5190 sollemniter
1803 5135 2155 5203 celebrantes,

576 5227 776 5292 gratias
828 5236 1046 5294 agamus
1075 5222 1270 5276 divina:
1320 5224 1592 5290 potentite,
1634 5224 1722 5293 qtti
1771 5233 1927 5278 tanta:
1974 5223 2158 5278 salutis

577 5316 856 5378 vexillum,
907 5315 1044 5382 quod
1077 5313 1293 5368 Judaica
1345 5312 1496 5367 nobis
1523 5313 1879 5368 abscondebat
1933 5314 2154 5379 malitia,

503 5429 533 5476 ο
577 5409 804 5464 czelestis
862 5405 1020 5460 hodie
1066 5404 1323 5460 revelavit
1371 5405 1668 5458 clementia.
1718 5406 1844 5458 Nam
1882 5406 1979 5458 etsi
2028 5419 2157 5474 gens

588 5498 788 5568 perﬁda
823 5498 1104 5551 Dominum
1137 5507 1376 5551 nostrum
1424 5497 1477 5549 in
1517 5495 1758 5564 sepulcro
1789 5495 2022 5551 retinere
2050 5509 2156 5548 non

586 5595 776 5662 potuit,
809 5593 890 5647 vel
914 5595 1024 5662 ipsa
1053 5592 1243 5646 Crucis
1263 5591 1453 5646 indicia
1480 5588 1647 5642 voluit
1673 5586 1771 5640 sub
1793 5584 1933 5640 fossa
1956 5585 2151 5639 celare.

651 5738 674 5766 °
717 5726 1092 5782 Habeturitem
1117 5727 1275 5781 missa
1298 5726 1363 5778 de
1383 5739 1440 5778 ea
1472 5723 1522 5776 in
1541 5721 1786 5783 Gothico,
1816 5719 1906 5774 sed
1926 5719 2155 5773 diversa.

577 5801 813 5853 Ultscrva
841 5798 925 5851 hic
966 5797 1140 5851 nullas
1167 5795 1424 5863 assignari
1482 5793 1672 5848 missas
1717 5808 1814 5861 pro
1867 5790 2156 5846 Dominicis

583 5879 699 5932 post
754 5869 977 5931 Pascha,
1009 5869 1131 5932 quia
1164 5867 1436 5934 paschales
1469 5865 1867 5930 repetebantur.

2266 608 2384 662 quae
2403 593 2510 662 jam
2537 591 2874 660 sacrilegium
2899 590 3238 644 commiserat
3266 591 3318 643 in
3347 588 3654 644 auctorem?
3672 589 3868 658 Itaque

2254 683 2386 736 sicut
2404 683 2453 736 in
2477 682 2673 736 Christi
2694 681 3087 735 resurrectione
3098 680 3358 733 calliditas
3378 679 3689 734 Iudaeorum
3707 679 3867 734 dam-

2252 783 2369 826 nata
2383 783 2484 837 est,
2505 773 2572 825 ita
2588 781 2672 826 est
2685 773 2737 826 in
2750 775 2923 826 crucis
2937 771 3364 826 manifestatione
3377 771 3594 826 virtutis
3605 773 3864 827 confusa.

2944 877 3166 909 δεδι-τευ.
3253 888 3260 894 ·

2944 895 2956 908 ι
2983 877 3009 907 (³
3155 899 3166 909 .
3253 888 3260 894 ·

2327 925 2490 978 Deum
2533 934 2831 978 creatorem
2865 932 2918 978 et
2945 863 3308 977 Eedle‘itldorem
3343 931 3613 986 nostrum,
3660 924 3760 990 qui
3815 924 3867 977 in

2251 1031 2435 1079 carne,
2483 1032 2639 1084 quam
2670 1019 2897 1083 sumpsit
2940 1017 3007 1070 tle
3040 1016 3274 1084 Virgine,
3309 1031 3405 1082 pro
3452 1017 3618 1068 totius
3660 1014 3860 1068 tnundi

2252 1112 2422 1166 salute
2453 1111 2787 1164 admirabilis
2817 1109 2991 1164 hostia
3026 1109 3330 1163 immolatus
3359 1117 3441 1162 est
3471 1108 3523 1160 in
3566 1107 3753 1160 crucis
3784 1107 3871 1159 al-

2257 1202 2356 1254 tari
2377 1217 2390 1260 ;
2409 1212 2462 1255 et
2486 1210 2701 1270 propter
2724 1200 3096 1270 erpellendnm
3125 1215 3410 1266 venenum,
3434 1201 3576 1268 quod
3604 1201 3657 1252 in
3689 1199 3866 1251 Adam

2256 1289 2425 1345 fuerat
2455 1292 2702 1344 suasione
2724 1291 2991 1360 serpentis
3022 1289 3277 1353 infusum,
3314 1289 3541 1353 preciosi
3574 1287 3866 1358 sanguinis

2257 1380 2837 1448 porrexitantidotum,
2896 1389 2952 1432 ut
3006 1379 3250 1432 criminis
3307 1378 3510 1446 antiqui
3573 1387 3866 1445 peccatum

2259 1480 2364 1525 tam
2414 1486 2552 1523 novo
2584 1470 2846 1524 sacrificio
2893 1478 3233 1537 purgaretur-;
3276 1477 3330 1522 et
3360 1482 3527 1530 mors,
3558 1482 3682 1535 qua:
3731 1481 3861 1533 pro-

2256 1564 2418 1617 cessit
2464 1561 2725 1631 gustando
2755 1562 2821 1614 de
2849 1560 3087 1614 scientiae
3127 1560 3290 1628 ligno,
3331 1567 3634 1613 moreretur
3668 1574 3769 1624 per
3798 1558 3865 1610 li-

2255 1669 2448 1723 gnum;
2483 1654 2748 1722 supplices
2798 1652 3184 1718 deprecamur,
3231 1660 3284 1703 ut
3325 1666 3444 1714 nos,
3492 1663 3633 1717 quos
3662 1649 3866 1713 eripuit

2259 1747 2325 1800 de
2355 1745 2562 1799 inferno
2595 1760 2688 1811 per
2722 1742 2880 1812 hujus
2911 1742 3048 1810 signi
3096 1741 3410 1811 patibulum,
3461 1739 3714 1808 ejusdem
3746 1752 3866 1805 pro-

2261 1839 2498 1895 tectione
2528 1837 2783 1905 perducat
2811 1837 2876 1889 ad
2908 1851 3155 1905 regnum.

2903 1914 3218 1964 Contestatio.

2336 2001 2470 2056 Vere
2509 2000 2724 2070 dignum
2754 2009 2806 2054 et
2827 1999 3026 2069 justum
3051 2008 3152 2062 est,
3185 1997 3524 2067 omnipotens
3557 1996 3702 2050 Deus
3738 2012 3750 2047 :
3779 1995 3867 2063 qui

2257 2107 2424 2164 genus
2459 2093 2747 2146 humanum
2781 2091 3220 2160 prmvaricatione
3266 2103 3359 2142 sua
3390 2091 3440 2143 in
3488 2090 3660 2157 ipsius
3691 2089 3862 2156 origi-

2270 2185 2355 2240 nis
2379 2185 2557 2238 radice
2581 2184 2915 2249 damnatum,
2945 2198 3038 2253 per
3066 2183 3250 2237 liorem
3275 2181 3549 2249 virginalis
3578 2181 3723 2234 uteri
3757 2180 3866 2234 red-

2271 2276 2404 2332 dere
2437 2277 2686 2344 dignatus
2731 2291 2790 2330 cs
2825 2275 3162 2330 absolutum:
3195 2284 3248 2328 et
3289 2275 3560 2328 hominem
3604 2276 3863 2340 recreari,

2262 2377 2318 2422 ut
2356 2368 2623 2432 diabolus,
2681 2369 2770 2436 qui
2820 2369 2990 2422 Adam
3038 2367 3090 2420 in
3134 2366 3303 2435 fragili
3349 2379 3512 2420 carne
3562 2366 3864 2432 devicerat,

2261 2470 2579 2517 conservata
2609 2462 2812 2529 jttstitia
2837 2476 2865 2514 a
2899 2461 3006 2514 Deo
3024 2475 3186 2514 carne
3209 2459 3524 2514 redderetur
3552 2459 3864 2527 adsumpta,

2261 2569 2381 2609 cum
2412 2555 2708 2624 perfectum
2735 2555 3015 2609 Dominum
3038 2554 3217 2608 Jesutn
3241 2553 3515 2608 Christum
3549 2554 3600 2606 in
3631 2565 3864 2622 utraque

2261 2647 2560 2699 substantia
2609 2646 2777 2698 hostis
2809 2654 3058 2700 temtaret
3108 2644 3381 2706 humilem,
3417 2644 3508 2698 sed
3543 2656 3867 2713 agnosceret

2267 2744 2675 2804 prtepotentem.
2704 2735 2832 2788 Nam
2857 2734 3197 2788 adversarius
3222 2743 3404 2788 noster
3427 2747 3524 2788 nec
3551 2750 3579 2786 a
3611 2736 3733 2789 solo
3759 2735 3865 2790 Deo

2263 2827 2458 2882 certari
2483 2835 2714 2894 poterat,
2761 2840 2856 2880 nec
2878 2841 2908 2878 a
2943 2824 3056 2879 solo
3077 2825 3288 2879 homine
3311 2824 3592 2880 debellari.
3633 2826 3742 2880 Sed
3771 2841 3866 2880 cu-

2261 2915 2348 2985 jus
2399 2927 2716 2984 provocatus
2755 2916 2946 2971 visibili
2985 2931 3232 2984 corpore,
3279 2916 3444 2970 victus
3483 2926 3565 2970 est
3602 2916 3865 2970 invisibili

2268 3017 2560 3077 potestate.
2611 3008 2704 3062 Dic
2728 3009 2908 3078 igitur,
2957 3011 3126 3062 hostis
3167 3009 3406 3078 antique,
3439 3024 3544 3078 quo
3576 3018 3668 3062 tua
3695 3010 3864 3076 fraus,

2263 3117 2370 3171 quo
2402 3110 2732 3172 argumenta,
2762 3118 2869 3172 quo
2893 3103 3202 3172 serpentina
3231 3104 3454 3158 consilia
3476 3113 3602 3157 sunt
3647 3103 3866 3158 vorata?

2267 3195 2405 3248 Ecce
2451 3194 2704 3264 deceptor
2749 3195 3005 3264 deceptus
3040 3209 3098 3248 es
3123 3199 3156 3259 ,'
3190 3204 3243 3248 et
3285 3195 3372 3263 qui
3419 3194 3864 3263 triumphaveras

2267 3285 2625 3340 conculcaris.
2660 3285 2792 3339 Nam
2827 3301 2974 3352 caro,
3009 3303 3127 3355 qua:
3155 3288 3251 3341 tibi
3278 3287 3448 3342 fuitin
3479 3289 3650 3343 Adam
3686 3293 3863 3366 cibus,

2267 3374 2442 3431 factus
2465 3387 2545 3429 est
2594 3378 2646 3429 in
2690 3376 2906 3430 Christo
2934 3376 3180 3430 interitus
3216 3395 3227 3430 :
3262 3386 3315 3430 et
3359 3378 3498 3432 unde
3531 3381 3681 3448 prius
3712 3397 3860 3451 esca,

2268 3467 2392 3522 inde
2437 3453 2698 3522 successit
2742 3470 2984 3536 penuria.
3037 3470 3142 3524 Sed
3188 3471 3460 3525 videamus
3502 3473 3594 3527 ubi
3635 3478 3862 3546 contigit

2267 3576 2447 3630 poena,
2477 3563 2542 3615 de
2574 3575 2674 3630 qua
2705 3569 2953 3615 tenemus
2980 3562 3254 3616 victoriam
3292 3581 3302 3615 :
3331 3574 3385 3618 et
3410 3564 3706 3622 adoremus
3733 3583 3860 3622 cru-

2267 3655 2345 3707 cis
2389 3653 2760 3722 signaculum,
2817 3669 2910 3720 per
2939 3653 3078 3721 quod
3121 3654 3308 3707 salutis
3347 3657 3634 3710 sumsimus
3680 3673 3860 3713 επη-

2271 3757 2534 3802 mentum.
2583 3747 2722 3801 Ecce
2756 3762 2888 3801 crux
2916 3748 3237 3802 venerabilis
3281 3750 3560 3805 uacuatio
3591 3752 3856 3818 vulneris,

2268 3841 2537 3895 restitutio
2579 3841 2842 3905 sanitatis,
2881 3840 3003 3894 ﬁdei
3035 3844 3328 3907 oraculum,
3359 3845 3474 3912 spei
3518 3845 3858 3914 suffragium,

2269 3934 2508 3988 victoriae
2541 3934 2956 3988 firmamentum.
2993 3933 3048 3986 In
3087 3933 3186 3986 hac
3237 3933 3492 3988 Dominus
3525 3945 3711 3990 noster
3745 3950 3858 3990 ma-

2269 4039 2372 4078 nus
2429 4037 2612 4076 sacras
2660 4032 2986 4091 pugnaturus
3036 4023 3258 4076 inseruit
3299 4040 3311 4075 :
3354 4023 3408 4076 in
3453 4023 3552 4079 hac
3597 4036 3655 4080 ut
3706 4027 3857 4080 nobis

2265 4115 2498 4184 palmam
2553 4114 2833 4178 tribueret,
2883 4127 3007 4168 suas
3056 4113 3256 4180 palmas
3287 4113 3582 4169 Redemtor
3611 4117 3849 4186 aptavit;

2270 4217 2325 4264 et
2354 4209 2504 4277 quasi
2538 4208 2589 4261 in
2613 4216 2811 4262 statera
2848 4220 2906 4260 se
2938 4207 3110 4274 ipsum
3138 4222 3231 4275 pro
3274 4205 3458 4275 precio
3491 4220 3676 4262 n05tro
3722 4225 3853 4277 peu-

2275 4301 2436 4367 savit,
2472 4309 2527 4353 ut
2556 4301 2661 4354 vita
2689 4298 2900 4355 vendita
2932 4298 3082 4353 ﬁeret
3111 4314 3257 4351 mors
3287 4301 3521 4366 captiva.
3567 4299 3623 4354 ltt
3656 4301 3759 4356 hac
3789 4315 3855 4355 ne

2266 4394 2502 4450 mundus
2554 4409 2770 4464 gravem
2823 4394 3026 4462 lapsum
3076 4403 3358 4462 gemeret,
3415 4404 3629 4450 sanctos
3689 4397 3850 4463 pedes

2267 4486 2514 4541 Christus
2541 4486 2753 4548 adﬁxit,
2782 4493 2837 4539 et
2863 4493 3048 4539 contra
3080 4482 3269 4538 fortem
3316 4485 3504 4538 fortior
3529 4495 3698 4539 totum
3730 4500 3852 4540 cor-

2269 4594 2366 4649 pus
2389 4580 2813 4649 triumphaturus
2835 4578 3095 4634 extendit.
3129 4577 3240 4633 Hoc
3284 4586 3460 4633 tamen
3493 4578 3613 4647 plus
3641 4590 3729 4634 est
3757 4580 3851 4633 titi-

2268 4673 2456 4738 rabile,
2508 4673 2629 4741 quia
2678 4674 2817 4742 quod
2864 4680 2975 4726 toto
3023 4670 3226 4725 mundo
3271 4670 3579 4739 profecerit,
3642 4672 3698 4724 in
3749 4686 3851 4725 uno

2265 4775 2416 4821 stans
2445 4765 2629 4834 stipite
2651 4779 2864 4819 cursum
2892 4764 3060 4819 victor
3085 4763 3345 4832 implevit.
3382 4766 3425 4818 υ
3455 4780 3584 4818 crux
3616 4764 3851 4820 admira-

2263 4855 2357 4910 bili
2412 4855 2608 4909 virtute
2655 4856 2990 4924 praecellens,
3041 4856 3278 4909 muneris
3311 4855 3536 4923 preciosi
3582 4857 3846 4927 largitrix,

2265 4962 2385 5012 quae
2416 4945 2598 5001 reddis
2628 4947 2772 5000 cives
2797 4946 2864 5000 de
2907 4946 3223 5015 peregrinis,
3255 4946 3438 5001 felices
3462 4946 3528 5001 de
3555 4949 3844 5017 naufragis,

2263 5041 2462 5096 liberos
2492 5041 2558 5094 de
2585 5039 2833 5103 subditis,
2867 5038 3076 5092 vivaces
3115 5037 3284 5093 efﬁcis
3313 5039 3382 5093 de
3426 5040 3720 5106 peremtis!
3767 5039 3844 5098 Ad

2265 5134 2428 5188 caelos
2461 5131 2611 5186 ducis
2644 5133 2710 5186 de
2755 5132 2986 5194 tartaris,
3031 5132 3228 5187 amicos
3261 5147 3479 5186 revocas
3507 5146 3569 5186 ex
3602 5132 3841 5200 offensis,

2259 5227 2540 5295 adoptivos
2564 5225 2694 5279 facis
2723 5225 2787 5278 de
2815 5224 3054 5293 perditis,
3087 5222 3310 5278 heredes
3339 5223 3572 5277 instituis
3601 5224 3666 5278 de
3689 5226 3840 5278 dam-

2262 5321 2422 5374 natis.
2471 5318 2607 5372 Vere
2649 5318 2870 5371 summis
2910 5316 3064 5386 digna
3117 5315 3412 5384 prmconiis,
3471 5329 3593 5384 qua:
3623 5316 3841 5370 viduato

2262 5412 2472 5466 inferno
2505 5409 2705 5464 dotasti
2737 5408 3065 5479 paradisum,
3107 5415 3162 5460 et
3191 5406 3359 5460 virtus
3382 5421 3504 5474 qua:
3535 5405 3680 5459 illum
3713 5409 3840 5462 sub-

2262 5503 2417 5569 didit,
2452 5504 2593 5556 hunc
2635 5500 2826 5556 erexit.
2864 5500 2942 5553 'l‘u
2987 5498 3154 5552 nostri
3208 5496 3396 5565 capitis
3445 5496 3620 5563 galea,
3663 5497 3841 5550 lateris

2259 5597 2459 5666 palma,
2492 5593 2722 5662 pectoris
2753 5605 2810 5645 es
2842 5589 3000 5644 lorica
3021 5630 3035 5653 ,
3084 5598 3136 5641 et
3167 5588 3420 5656 quicquid
3453 5596 3561 5640 tota
3604 5587 3842 5642 membra

2331 5725 2358 5764 ιι
2398 5725 2692 5794 Sequentes
2730 5722 2847 5776 duae
2878 5721 3157 5778 Lectiones
3187 5721 3536 5791 subsequenti
3591 5721 3732 5778 festo
3759 5724 3838 5778 in-

2261 5807 2432 5854 venta:
2458 5795 2643 5851 Crucis
2672 5794 3013 5851 conveniunt.
