4060 6346
303 339 408 399 515

741 327 1365 387 SACRAMENTARIUM
1402 326 1862 386 GALLICANUM.
1890 322 2334 382 «LECTIONES
2361 325 2449 381 DE
2489 322 2810 382 ADVENTU
2850 324 3098 383 DOMINI.

3453 319 3557 387 ΒΜ

303 443 674 513 poposcerint,
717 443 828 498 sola
871 443 1068 498 suffieis
1117 444 1453 513 praemunire.
1505 444 1642 499 Ecce
1672 443 1868 497 factum
1898 447 1949 504 Α
1974 441 2162 510 scipuli
2186 441 2303 510 ejus
2325 440 2604 496 dicentes:
2636 441 2889 496 Desertus
2912 451 2994 496 est
3020 446 3190 506 locus,
3221 449 3275 493 et
3297 439 3426 495 hora
3447 441 3557 510 jam

297 542 383 588 est
409 533 564 589 nobis
590 535 799 606 signum
821 535 995 590 crucis
1025 534 1075 590 in
1107 535 1302 590 bonum
1331 551 1426 607 per
1446 533 1720 591 Christum
1767 535 1873 590 Do-

296 625 502 681 minum
534 636 796 695 nostrum.

691 733 842 774 MISSA
869 735 920 774 ΙΝ
952 737 1207 777 ιετΑΝιλε
1234 738 1477 778 DICBNDA.

756 809 821 864 1η
863 812 1100 867 Lemnias
1136 815 1347 885 legenda
1373 825 1417 868 ι.

769 902 934 954 Lectio
965 905 1109 955 Johel
1153 908 1417 970 prepbetae.

376 980 501 1036 llaec
535 983 664 1038 dicit
719 985 973 1042 Dominus
1007 1007 1017 1040 :
1047 987 1431 1044 Convertimini
1471 990 1534 1043 ad
1575 1004 1660 1044 me
1689 990 1740 1043 in
1772 999 1883 1045 toto

289 1072 459 1128 corde
507 1085 714 1143 vestro,
759 1078 810 1130 in
852 1078 1082 1148 jejunio,
1126 1090 1180 1136 et
1227 1082 1354 1136 ﬂetu
1381 1124 1396 1146 ,
1445 1083 1580 1136 etin
1627 1082 1878 1146 planctu:

290 1162 528 1222 scindite
575 1169 736 1221 corda
765 1177 962 1235 vestra,
997 1181 1050 1226 et
1081 1187 1184 1226 non
1227 1174 1544 1228 vestimenta
1591 1182 1800 1239 vestra;
1831 1182 1884 1227 et

289 1258 665 1313 convertimini
695 1261 761 1314 ad
791 1262 1074 1318 Dominum
1111 1266 1274 1320 Deum
1323 1275 1584 1332 vestrum,
1634 1268 1754 1336 quia
1787 1266 1883 1321 be-

286 1348 487 1417 nignus
513 1359 568 1405 et
595 1352 898 1410 misericors
927 1366 1027 1411 est.
1072 1355 1260 1412 Canite
1293 1361 1414 1412 tuha
1445 1360 1496 1412 in
1526 1359 1678 1423 Sion,
1729 1373 1882 1412 sanc-

288 1441 492 1497 tiﬁcate
530 1443 813 1513 jejunium,
867 1457 1055 1503 vocate
1081 1458 1301 1516 emtum,
1352 1459 1672 1519 congregate
1704 1465 1874 1519 popu-

291 1532 429 1600 lum,
450 1537 781 1594 sanctiiicate
811 1539 1120 1608 ecclesiam,
1152 1551 1339 1596 vocate
1359 1556 1516 1596 senes
1547 1551 1597 1594 et
1630 1549 1881 1608 sugentes

288 1624 361 1680 ad
394 1625 578 1681 ubera.
622 1628 766 1684 lnter
804 1631 1126 1686 vestibulum
1169 1638 1226 1686 et
1262 1633 1426 1687 altare
1477 1631 1761 1702 plorabunt
1793 1645 1883 1685 sa-

287 1716 538 1774 cerdotes
589 1719 830 1776 ministri
875 1723 1107 1788 Domini,
1153 1735 1207 1780 et
1254 1725 1472 1780 dicent:
1539 1725 1722 1791 Parce,
1779 1725 1882 1780 Do-

282 1809 455 1875 mine,
489 1811 684 1880 populo
727 1822 839 1880 tuo,
868 1824 920 1869 et
941 1831 1007 1870 ne
1036 1816 1131 1870 des
1163 1815 1509 1870 hereditatem
1535 1825 1678 1870 tuam
1703 1817 1753 1869 in
1781 1830 1876 1884 op-
1909 1840 1957 1898 Β

285 1900 585 1967 probrium.
612 1902 678 1956 Et
700 1905 975 1974 respondit
995 1906 1276 1975 Dominus,
1299 1916 1352 1962 et
1368 1906 1497 1961 dixit
1524 1908 1716 1976 populo
1739 1921 1869 1963 suo:

283 1990 427 2047 Ecce
456 2009 556 2062 ego
586 1995 790 2051 mittam
825 1999 976 2054 vobis
1007 2001 1353 2065 frumentum,
1385 2002 1564 2055 vinum
1589 2012 1644 2056 et
1667 2003 1868 2067 oleum,

284 2093 342 2138 ct
374 2085 706 2152 replebimini
745 2105 831 2154 eo,
872 2101 925 2146 et
975 2107 1079 2146 non
1110 2091 1249 2147 dabo
1292 2109 1387 2148 vos
1427 2093 1560 2148 ultra
1592 2093 1644 2148 in
1675 2108 1874 2163 oppro-

283 2173 462 2230 brium
495 2178 546 2232 in
579 2181 851 2248 gentibus,
893 2184 1016 2252 quia
1045 2184 1169 2240 dedi
1209 2185 1360 2240 vobis
1390 2185 1675 2240 Doctorem
1713 2186 1872 2254 justi-

284 2268 396 2334 εἰει»,
422 2279 473 2323 et
504 2269 828 2326 descendere
858 2273 1046 2329 faciam
1077 2275 1142 2330 ad
1173 2291 1268 2330 vos
1299 2277 1522 2332 imbrem
1551 2280 1867 2333 matutinum

281 2362 670 2430 etscrminum,
701 2364 774 2418 ait
800 2365 1054 2422 Dominus
1086 2369 1244 2425 Deus.

455 2452 623 2504 Lectio
649 2458 801 2505 sancti
826 2456 1079 2521 Evangelii
1104 2461 1375 2509 secundum
1402 2460 1701 2511 llatthaaum.

361 2536 559 2592 Diebus
584 2538 712 2605 illis,
747 2541 887 2595 dixit
922 2544 1180 2600 Dominus
1210 2544 1365 2600 Iesus
1404 2546 1677 2614 discipulis
1707 2547 1817 2602 suis
1850 2564 1865 2601 :

285 2623 522 2682 Audistis
551 2629 670 2698 quia
717 2631 916 2686 dictum
946 2643 1028 2687 est
1055 2634 1308 2703 antiquis,
1342 2635 1538 2705 Diliges
1569 2638 1867 2705 proximum

285 2724 457 2786 tuum,
488 2730 542 2774 et
570 2721 694 2776 odio
743 2724 962 2780 habebis
1007 2726 1281 2782 inimicum
1317 2739 1484 2783 tuum.
1541 2731 1652 2800 Ego
1691 2741 1867 2787 autem

289 2808 412 2862 dico
444 2810 591 2865 vobis
630 2829 640 2866 :
675 2813 891 2884 Diligite
922 2815 1166 2872 inimicos
1194 2828 1421 2883 vestros,
1463 2822 1757 2878 benefacite
1788 2824 1870 2878 bis

285 2901 376 2968 qui
408 2901 632 2956 oderunt
655 2920 766 2971 vos,
796 2915 946 2970 orate
975 2923 1071 2975 pro
1105 2911 1551 2980 persequentibus
1583 2920 1639 2966 et
1665 2913 1870 2968 calum-

289 2990 559 3047 niantibus
579 3011 696 3050 vos:
720 3008 773 3051 ut
795 3000 911 3053 sitis
929 3000 1020 3056 filii
1046 2999 1491 3074 Patrisvestriqui
1522 3007 1573 3061 in
1595 3008 1740 3062 caelis
1764 3016 1868 3074 est,

287 3081 375 3148 qui
407 3083 573 3137 solem
605 3097 757 3139 suum
787 3087 916 3142 oriri
955 3092 1078 3145 facit
1110 3107 1271 3162 super
1301 3094 1469 3149 malos
1511 3105 1564 3150 et
1590 3095 1780 3162 bonos,
1814 3106 1870 3153 et

287 3172 421 3241 pluit
449 3189 611 3243 super
641 3175 815 3246 justos
856 3189 910 3234 et
946 3180 1189 3250 injustos.
1241 3185 1294 3240 Si
1326 3185 1467 3239 enim
1508 3185 1736 3256 diligatis
1771 3201 1866 3243 eos

286 3265 375 3334 qui
407 3281 499 3320 vos
528 3267 771 3338 diligunt,
821 3287 976 3340 quam
1021 3275 1324 3332 mercedem
1352 3277 1648 3332 habebitis?
1686 3295 1866 3336 nonne

287 3364 343 3411 et
375 3358 640 3425 publicani
686 3361 785 3416 hoc
832 3362 1062 3420 faciunt?
1103 3366 1173 3422 Et
1213 3369 1257 3422 si
1289 3369 1646 3426 salutaveritis
1672 3371 1866 3429 fratres

287 3457 498 3505 vestros
522 3460 746 3518 tantum,
774 3456 899 3524 quid
929 3459 1158 3526 amplius
1186 3460 1432 3516 facietis?
1461 3476 1639 3518 nonne
1665 3463 1866 3518 ethnici

286 3536 386 3594 hoc
416 3539 663 3597 faciunt?
692 3545 875 3603 Eslote
899 3564 1025 3618 ergo
1055 3550 1297 3619 perfecti,
1344 3552 1482 3608 sicut
1508 3553 1667 3610 Pater
1691 3562 1868 3611 vester

286 3634 518 3689 carlestis
547 3635 813 3703 perfectus
840 3650 940 3695 est.

286 3744 410 3795 Item
436 3747 546 3796 alia.
585 3748 756 3800 Lectio
793 3754 945 3801 sancti
978 3753 1231 3816 Evangelii
1269 3756 1536 3806 secundum
1564 3756 1865 3806 Matthaeum.

358 3830 411 3885 ln
439 3833 526 3886 illo
559 3840 817 3902 tempore,
845 3838 1150 3893 convocatis
1191 3839 1443 3894 Dominus
1491 3841 1645 3896 Iesus
1694 3843 1852 3897 disci-

286 3921 424 3991 pulis
447 3922 578 3990 suis,
612 3923 782 3979 dixit:
811 3925 1064 3982 Misereor
1107 3929 1297 3996 turbae,
1347 3930 1468 3999 quia
1530 3930 1710 3984 triduo
1758 3931 1867 4000 jam

286 4024 628 4081 perseverant
657 4029 890 4081 mecum,
921 4026 1099 4073 etnon
1123 4018 1318 4074 habent
1343 4021 1485 4090 quod
1506 4022 1865 4089 manducent;

287 4112 339 4159 et
369 4097 634 4162 dimittere
661 4121 754 4162 eos
778 4107 991 4178 jejunos
1016 4110 1161 4177 nolo,
1192 4125 1258 4166 ne
1286 4111 1542 4166 deficiant
1569 4115 1622 4167 in
1652 4115 1767 4168 via.
1801 4114 1869 4169 Et

287 4197 470 4253 dicunt
514 4198 561 4254 ei
591 4199 836 4270 discipuli
869 4220 880 4253 :
917 4201 1066 4256 Unde
1097 4218 1225 4275 ergo
1257 4203 1408 4259 nobis
1439 4206 1492 4260 in
1526 4206 1744 4261 deserto
1779 4221 1874 4275 pa-

287 4304 384 4345 nes
416 4300 606 4360 tantos,
631 4304 688 4350 ut
711 4304 1016 4352 saturemus
1046 4298 1255 4352 turbam
1291 4300 1537 4352 tantam?
1568 4299 1634 4352 Et
1663 4301 1736 4353 ait
1767 4300 1875 4355 illis

287 4383 481 4440 Iesus:
512 4387 650 4454 Quot
681 4404 844 4458 panes
875 4391 1124 4446 habetis?
1169 4392 1238 4445 At
1282 4391 1362 4447 illi
1408 4392 1695 4447 dixerunt:
1742 4393 1872 4463 Sep-

288 4484 417 4543 tem,
450 4488 504 4534 et
528 4494 724 4548 paucos
745 4482 1046 4551 pisciculos.
1078 4483 1144 4538 Et
1190 4485 1441 4554 praecepit
1480 4485 1648 4541 turbae
1681 4498 1736 4540 ut
1763 4487 1875 4542 dis-

287 4571 565 4627 cutnberet
603 4589 763 4643 super
808 4584 990 4641 terra;
1024 4585 1079 4631 et
1106 4578 1373 4646 accipiens
1400 4588 1602 4648 septem
1637 4593 1798 4648 panes
1822 4587 1877 4635 et
1903 4591 1955 4651 ι)

287 4663 485 4731 pisces,
518 4667 714 4734 gratias
741 4682 920 4737 agens,
952 4667 1126 4738 fregit,
1161 4680 1215 4723 et
1242 4670 1389 4725 dedit
1415 4670 1698 4740 discipulis
1727 4671 1870 4738 suis,

287 4761 343 4808 et
373 4754 616 4825 discipuli
644 4758 908 4814 dederunt
932 4761 1126 4829 populo
1150 4778 1163 4814 :
1191 4771 1246 4816 et
1274 4762 1625 4818 comederunt
1654 4778 1862 4829 omnes,

287 4857 344 4902 et
371 4851 589 4905 Saturati
619 4863 760 4907 sunt.
799 4853 866 4909 Et
895 4857 1033 4924 quod
1075 4859 1337 4925 superfuit
1387 4857 1457 4914 de
1499 4860 1808 4930 fragmentis
1837 4857 1864 4898 δ

289 4941 524 4996 tulerunt
571 4954 773 5013 septem
817 4958 1022 5016 sportas
1070 4951 1274 5019 plenas.
1333 4951 1498 5005 Erant
1547 4961 1724 5006 autem
1776 4952 1867 5020 qui

287 5033 742 5091 manducaverunt
767 5047 1018 5108 quattuor
1046 5042 1194 5096 milia
1229 5043 1529 5110 hominum,
1562 5053 1714 5099 extra
1744 5059 1866 5114 par-

289 5125 441 5179 vulos
468 5133 523 5180 et
551 5127 827 5184 mulieres.

953 5201 1075 5252 Item
1101 5201 1210 5251 alia.

366 5278 599 5350 Vespere
627 5291 806 5337 autem
838 5284 998 5352 facto,
1046 5295 1385 5341 accesserunt
1436 5287 1502 5342 ad
1553 5287 1736 5342 Iesum
1788 5287 1876 5343 di-

367 5425 392 5454 ⁸
427 5417 671 5492 Di_v‘ers_a:_
693 5427 747 5474 et
774 5419 1092 5492 prolixiores
1132 5419 1413 5492 Lectiones
1456 5423 1794 5492 assignantur
1821 5421 1874 5478 in

297 5488 620 5544 Luxoviensi
651 5488 1022 5559 Lectionario;
1055 5491 1146 5545 sed
1181 5492 1262 5545 hae
1293 5507 1387 5559 pro
1416 5488 1601 5556 missa',
1637 5495 1754 5546 alite
1776 5508 1873 5547 ex-

294 5570 371 5614 tra
418 5558 858 5616 missam.'Porro
883 5561 1104 5616 Litanize
1136 5558 1489 5632 Rogationum
1536 5563 1720 5618 Romae
1771 5579 1875 5618 non

292 5642 520 5698 receptas
539 5641 662 5685 sunt
681 5641 806 5684 ante
824 5633 1182 5700 pontificatum
1208 5633 1400 5687 Leonis
1426 5633 1514 5696 ΙΙΙ,
1535 5635 1622 5702 qui
1644 5633 1877 5702 pontifex

299 5721 317 5774 ᾳ
354 5702 665 5774 constituit,
713 5711 772 5756 ut
798 5712 921 5757 ante
948 5711 1057 5757 tres
1086 5704 1197 5759 dies
1229 5706 1570 5759 Ascensionis
1599 5705 1880 5760 dominicae

291 5772 514 5829 Litanize
543 5772 898 5837 celebrentur,
932 5792 948 5824 ι
979 5784 1200 5831 testante
1224 5777 1522 5829 Anastasio.

359 5843 386 5882 δ
416 5845 470 5896 in
502 5843 791 5910 exemplari
823 5845 1162 5910 (munientis;
1211 5856 1263 5902 et
1292 5847 1344 5900 in
1384 5846 1740 5909 subsequente
1775 5846 1882 5902 alia

1984 533 2254 602 praeterit;
2283 533 2489 589 dimitte
2516 534 2716 600 turbas,
2743 542 2801 588 ut
2821 545 3008 590 euntes
3030 535 3083 586 in
3109 531 3348 596 castella,
3373 544 3561 589 emant

1982 625 2082 680 sibi
2115 639 2283 681 escas.
2308 625 2462 681 Iesus
2492 635 2666 680 autem
2692 627 2825 680 dixit
2849 628 2927 681 eis
2952 643 2964 678 :
2994 624 3110 679 Non
3139 624 3336 680 habent
3362 638 3550 680 neces-

1984 731 2042 771 se
2072 717 2170 783 ire,
2200 717 2322 772 date
2351 717 2458 772 illis
2485 732 2578 772 vos
2606 719 2946 773 manducare.
3007 716 3423 786 Responderunt
3467 715 3519 772 ei
3544 733 3560 770 :

1982 807 2096 864 Non
2146 809 2400 864 habemus
2458 809 2542 864 hic
2590 810 2689 864 nisi
2742 811 2973 879 quinque
3003 823 3185 879 panes,
3210 816 3263 864 et
3301 808 3437 864 duos
3487 809 3565 878 pi-

1984 915 2128 957 sces.
2160 903 2258 968 Qui
2291 905 2363 958 ait
2390 903 2505 960 eis:
2545 904 2761 958 Adferte
2809 903 2926 958 illos
2970 903 3098 957 mihi
3149 904 3273 958 huc.
3327 902 3392 958 Et
3440 917 3563 959 cum

1982 995 2231 1064 jussisset
2258 996 2466 1049 turbam
2497 994 2833 1050 discumbere
2863 1009 3020 1062 supra
3071 993 3295 1058 foenum,
3328 993 3566 1062 acceptis

1985 1089 2215 1156 quinque
2245 1087 2469 1156 panibus
2498 1095 2551 1142 et
2579 1087 2784 1142 duobus
2815 1086 3064 1156 piscibus,
3091 1085 3358 1155 aspiciens
3383 1086 3439 1140 in
3461 1099 3567 1141 cae-

1985 1178 2114 1244 lum,
2146 1179 2434 1244 benedixit,
2470 1189 2523 1233 et
2553 1179 2730 1249 fregit,
2762 1188 2815 1233 et
2845 1179 2992 1233 dedit
3018 1178 3293 1247 discipulis
3321 1178 3432 1232 suis
3466 1192 3562 1248 pa-

1987 1286 2104 1336 nes,
2132 1270 2375 1339 discipuli
2407 1280 2583 1326 autem
2614 1272 2800 1326 turbis.
2834 1271 2900 1325 Et
2945 1269 3403 1326 manducaverunt
3445 1285 3564 1326 om-

1988 1376 2102 1426 nes,
2133 1370 2188 1415 et
2215 1363 2429 1415 saturati
2459 1371 2601 1426 sunt,
2633 1371 2684 1415 et
2714 1361 2950 1416 tulerunt
2981 1361 3234 1431 reliquias
3280 1360 3564 1416 duodecim

1986 1453 2244 1521 c0phinos
2273 1451 2693 1524 fragmentorum
2736 1454 2941 1522 plenos.
2996 1453 3420 1509 Manducautium
3472 1468 3566 1508 au-

1991 1555 2094 1598 tem
2129 1546 2223 1598 fttit
2255 1561 2507 1600 numerus
2537 1547 2771 1616 quinque
2816 1546 2962 1599 milia
3011 1548 3270 1614 virorum,
3319 1546 3566 1615 exceptis

1988 1635 2302 1691 mulieribus
2329 1645 2383 1692 et
2414 1635 2670 1705 parvulis.

2605 1744 2772 1778 INCIPIT
2798 1740 2948 1778 Μιεκ.

2059 1813 2362 1868 Misericors
2394 1813 2639 1879 Domine,
2667 1813 2818 1882 cujus
2850 1810 3220 1866 miserationes
3247 1818 3372 1867 sunt
3404 1823 3565 1880 super

1985 1905 2164 1959 omnia
2194 1919 2354 1974 opera
2386 1905 2523 1974 ejus,
2553 1902 2742 1959 fratres
2771 1903 3053 1967 carissimi,
3087 1902 3472 1972 supplicemus,
3506 1910 3565 1957 ut

1977 1996 2215 2064 reliquiis
2249 1997 2424 2065 populi
2456 1997 2558 2060 sui,
2594 2011 2750 2065 quem
2786 1997 2939 2049 ruina
2990 1995 3172 2048 mundi
3223 1994 3452 2049 labentis
3499 2007 3564 2049 ac

1976 2090 2349 2156 prtetereuntis
2379 2088 2665 2156 oppressit,
2719 2089 2769 2140 in
2821 2087 2980 2139 variis
3029 2087 3395 2140 adflictionum
3441 2085 3562 2155 ejus

1977 2189 2254 2233 succurrat
2282 2178 2559 2248 angustiis,
2580 2194 2686 2248 quo
2717 2177 2943 2247 singulis
2969 2177 3140 2246 adque
3170 2176 3433 2231 universis
3466 2177 3562 2231 tri-

1975 2271 2304 2327 bulationum
2336 2286 2550 2325 suarum
2583 2271 2788 2339 pondus
2817 2284 2920 2325 non
2953 2269 3028 2323 ira
3073 2268 3282 2324 delendi
3313 2267 3436 2334 sint,
3467 2267 3560 2324 sed
3613 2319 3620 2324 .

1974 2365 2201 2420 eruditio
2223 2366 2587 2420 convertendi.

2659 2457 2880 2506 Secreta.

2051 2541 2211 2607 Deus,
2246 2551 2484 2596 nostrum
2515 2541 2771 2611 refugium
2797 2542 2847 2596 in
2878 2540 3165 2606 laboribus,
3190 2540 3358 2594 virtus
3384 2538 3438 2592 in
3463 2538 3546 2593 in-

1975 2634 2334 2702 firmitatibus,
2365 2633 2684 2703 adjutorium
2734 2636 2785 2687 in
2835 2633 3284 2698 tribulationibus,
3317 2631 3557 2686 solamen

1973 2723 2026 2778 in
2058 2725 2304 2788 fletibus;
2364 2741 2522 2795 parce
2574 2725 2819 2789 Domine,
2871 2738 3033 2794 parce
3084 2721 3274 2792 populo
3326 2731 3436 2788 tuo,
3487 2735 3558 2777 ne

1975 2817 2151 2873 tradas
2177 2819 2363 2874 bestiis
2392 2819 2599 2873 animas
2627 2819 2947 2873 confitentes
2977 2817 3093 2872 tibi.

2614 2911 2935 2962 Coutestatio.

2044 2994 2182 3049 Vere
2204 2996 2425 3064 dignttm
2449 3005 2500 3050 et
2525 2996 2725 3064 justum
2751 3005 2850 3058 est,
2897 2994 3238 3062 omnipotens
3266 2992 3424 3046 Deus.
3453 2989 3562 3045 Ex-

1973 3093 2247 3153 pectantes
2278 3100 2404 3154 ergo
2433 3085 2825 3141 misericordias
2857 3095 2990 3151 tuas,
3027 3093 3151 3139 ante
3203 3083 3386 3137 oculos
3436 3090 3558 3137 tuos

1972 3183 2252 3230 extensum
2281 3176 2592 3230 humilitatis
2624 3189 2819 3233 nostrae
2849 3179 2964 3233 sine
2997 3177 3260 3232 infusione
3311 3187 3412 3231 tuas
3463 3176 3560 3230 be-

1970 3264 2288 3321 nedictionis
2316 3269 2636 3336 expetimus.
2691 3269 2875 3330 Parce,
2928 3269 3171 3334 Domine,
3223 3267 3454 3330 miseris,
3503 3277 3558 3323 et

1967 3367 2093 3414 ante
2118 3368 2265 3413 tuum
2294 3370 2641 3429 conspectum
2665 3375 2822 3429 parce
2847 3361 3130 3430 prostratis
3157 3379 3169 3426 ;
3210 3375 3308 3415 nec
3331 3357 3560 3413 afferant

1969 3451 2123 3505 nobis
2154 3459 2338 3505 nostra
2368 3451 2564 3506 delicta
2593 3461 2819 3518 reatum,
2854 3451 2947 3506 sed
2981 3450 3180 3505 tribuat
3210 3458 3295 3504 tua
3323 3451 3549 3504 dulcch

1968 3544 2355 3600 consolationis
2402 3546 2718 3602 remedium.
2769 3546 3167 3610 Verumtamen,
3218 3545 3556 3613 omnipotens

1968 3643 2024 3691 et
2048 3637 2350 3691 misericors
2385 3637 2525 3691 Deus
2549 3678 2562 3699 .
2597 3648 2648 3693 te
2677 3638 3043 3701 obsecramus,
3097 3647 3155 3692 ut
3203 3637 3558 3691 voluntariam

1968 3732 2125 3786 nobis
2173 3730 2420 3786 conferas
2467 3731 2739 3800 pluviam,
2787 3742 2841 3786 et
2890 3746 2956 3785 ne
3003 3731 3292 3786 secundum
3345 3738 3563 3797 peccata

1970 3831 2151 3878 nostra
2185 3823 2386 3877 tribuas
2416 3823 2591 3890 nobis,
2624 3837 2724 3877 nec
2751 3837 2811 3877 ea
2857 3837 2960 3892 qua
3009 3836 3279 3877 meremur
3328 3822 3559 3876 austeri-

1973 3924 2080 3970 tate
2111 3928 2206 3968 nos
2228 3914 2453 3982 judices,
2485 3915 2609 3984 quia
2643 3923 2694 3967 tu
2729 3913 2904 3980 reples
2931 3928 3144 3967 omnem
3194 3911 3423 3966 animam
3470 3911 3558 3967 be-

1973 4006 2274 4061 nedictione
2305 4020 2397 4074 per
2422 4002 2694 4059 Christum
2745 4004 3024 4057 Dominum
3058 4011 3321 4058 nostrum.

2359 4110 2506 4150 MISSA
2540 4111 2590 4149 IN
2627 4108 2948 4151 ASCENSIONE
2978 4109 3178 4148 DOMINI.

2271 4185 2439 4235 Lectio
2463 4185 2779 4249 Apocalypsis
2799 4187 2950 4236 sancti
2977 4185 3211 4235 Johannis
3231 4187 3272 4234 ε.

2036 4268 2166 4342 ~Vidi
2220 4269 2423 4324 turbam
2484 4285 2752 4340 magnam,
2805 4285 2964 4339 quam
3009 4269 3350 4324 dinumerare
3398 4284 3558 4326 nemo

1977 4369 2208 4431 poterat,
2238 4377 2307 4416 ex
2339 4362 2587 4416 omnibus
2612 4361 2877 4432 gentibus,
2908 4371 2961 4415 et
2994 4361 3258 4427 tribubus,
3291 4369 3344 4415 et
3389 4376 3562 4430 popu-

1981 4453 2070 4519 lis,
2103 4463 2158 4509 et
2188 4454 2407 4521 linguis,
2453 4464 2658 4510 Stantes
2703 4465 2826 4509 ante
2875 4455 3122 4509 thronum
3169 4453 3221 4507 in
3273 4461 3566 4521 conspecto

1982 4546 2140 4617 Agni,
2172 4546 2351 4601 amic1i
2378 4545 2541 4601 stolas
2567 4547 2734 4612 albas,
2766 4555 2819 4600 et
2851 4546 3040 4613 palmae
3069 4545 3119 4598 in
3171 4543 3417 4598 manibus
3467 4557 3564 4598 eo-

1980 4656 2118 4695 rum.
2151 4641 2218 4695 Et
2241 4641 2544 4696 clamabant
2568 4654 2698 4694 voce
2729 4653 2940 4708 magna,
2970 4638 3246 4692 dicentes:
3273 4636 3427 4690 Salus
3451 4625 3566 4691 Deo

1976 4743 2185 4798 nostro,
2214 4735 2300 4801 qui
2331 4733 2469 4787 sedit
2495 4746 2658 4800 super
2689 4732 2963 4793 thronum,
2995 4738 3049 4784 et
3077 4729 3249 4799 Aguo.
3284 4728 3348 4782 Et
3374 4742 3564 4782 omnes

1980 4825 2154 4894 angeli
2205 4824 2420 4878 stabant
2469 4825 2522 4877 in
2568 4822 2797 4877 circuito
2847 4821 3045 4885 throni,
3089 4829 3143 4875 et
3187 4820 3478 4886 seniorum,
3513 4828 3570 4874 et

1972 4925 2222 4986 quattuor
2281 4916 2584 4969 animalium
2632 4932 2644 4966 :
2698 4923 2751 4968 et
2793 4912 3104 4968 ceciderunt
3172 4912 3224 4966 in
3273 4918 3566 4979 conspecto

1975 5009 2148 5065 throni
2177 5008 2231 5062 in
2254 5008 2419 5063 facies
2447 5022 2596 5072 suas,
2620 5018 2673 5064 et
2695 5007 3053 5062 adoraverunt
3075 5005 3268 5071 Deum,
3291 5005 3562 5070 dicentes,

1979 5104 2170 5154 Amen.
2207 5098 2612 5166 Benedictio,et
2641 5099 2878 5163 claritas,
2909 5108 2964 5154 et
3011 5096 3292 5166 sapientia,
3339 5104 3392 5151 et
3439 5109 3567 5165 gra-

1979 5194 2170 5249 tiarum
2196 5195 2354 5260 actio,
2387 5202 2440 5248 et
2469 5193 2664 5260 honor,
2695 5203 2750 5248 et
2798 5193 2992 5260 virtus,
3045 5201 3100 5248 et
3149 5189 3407 5246 fortitudo
3453 5188 3568 5249 Deo

1979 5295 2165 5343 nostro
2193 5288 2244 5342 iu
2273 5287 2465 5342 saecula
2504 5285 2845 5351 saeculorum,
2880 5299 3058 5339 amen.

1983 5418 2212 5475 lectione
2241 5423 2643 5488 fraumentorunt
2657 5459 2669 5472 .
2823 5487 2829 5488 γ
3012 5487 3015 5488 ν
3202 5485 3209 5488 _
3293 5484 3302 5488 _
3589 5465 3592 5468 .

2062 5500 2084 5529 ο
2129 5484 2426 5558 Sequentes
2482 5489 2760 5543 Lectiones
2812 5487 2945 5558 festo
2995 5484 3342 5558 Ascensionis
3378 5498 3572 5558 conve-

1985 5561 2158 5616 niunt.
2192 5554 2516 5629 Augustinus
2545 5563 2595 5613 in
2641 5557 2963 5629 sermone75
3010 5557 3076 5629 de
3123 5555 3450 5629 Ascensione
3496 5554 3573 5629 ait

1986 5632 2180 5687 lectum
2207 5623 2369 5686 fuisse
2398 5647 2459 5684 ex
2485 5630 2802 5700 Apocalypsi
2829 5647 2842 5680 :
2876 5628 3012 5700 Vicit
3039 5626 3140 5700 Leo
3164 5627 3232 5700 de
3249 5626 3383 5679 tribu
3404 5623 3571 5700 Inda.

1987 5703 2044 5757 In
2075 5709 2320 5757 sermone
2367 5702 2400 5756 5
2449 5696 2772 5755 mentionem
2827 5700 2952 5752 facit
2999 5698 3268 5752 Lectionis
3313 5711 3380 5752 ex
3401 5696 3573 5751 οιίὺιο

1989 5774 2217 5828 Actuum
2248 5773 2608 5839 apostolorum
2635 5789 2646 5821 ι
2680 5784 2798 5838 quae
2825 5770 2996 5837 prima
3029 5779 3110 5824 est
3138 5769 3324 5825 Lectio
3368 5781 3436 5823 ex
3472 5767 3573 5824 tti-

1993 5844 2091 5899 bus
2124 5844 2175 5899 in
2203 5843 2537 5898 Lectionario
2564 5850 2747 5896 nostro
2771 5839 3066 5896 Gallicana.
