4060 6346
721 382 890 435 Lectio
929 382 1085 433 sancti
1105 379 1362 442 Evangelii
1400 377 1671 429 secundum
1695 374 1893 427 Lucam.

582 467 779 527 Diebus
810 467 915 523 illis
944 464 1091 521 stetit
1121 464 1377 519 Dominus
1405 460 1560 516 Jesus
1610 459 1660 513 in
1692 457 1871 513 medio
1921 452 2089 511 disci—

508 566 753 636 pulorum
781 573 1021 625 suorum,
1051 564 1107 612 et
1131 556 1257 611 dicit
1283 555 1394 609 eis:
1427 553 1533 608 Pax
1579 549 1750 615 vobis,
1798 564 1899 618 ego
1950 560 2094 610 sum,

515 657 679 715 nolite
702 655 911 715 timere.
944 649 1254 707 Cooturbati
1289 660 1418 702 vero
1462 654 1518 701 et
1562 641 1864 709 conterriti,
1914 638 2099 696 existi-

514 749 735 807 mabant
761 761 819 805 se
848 744 1091 819 spiritum
1117 742 1318 797 videre.
1346 739 1412 794 Et
1460 738 1594 792 dixit
1636 736 1753 791 eis:
1801 732 1937 803 Quid
1989 739 2100 785 tur-

1320 261 1661 324 APPENDIX
1704 262 1792 321 AD
1829 261 2059 319 OPBRA
2096 258 2157 314 S.
2195 256 2507 316 GERMANI
2543 254 2980 313 PARISIENSIS.

3762 255 3846 316 5l6

2128 372 2178 435 Α
2205 368 2399 426 formet
2417 384 2613 441 corpus
2642 369 2960 425 humilitatis
2986 377 3199 424 nostra
3231 366 3493 436 corpori
3522 365 3718 438 gloria
3736 368 3850 432 sua.

2202 462 2375 530 Quem
2407 462 2551 518 laud.

2628 569 2777 609 IISSA
2820 570 2866 608 ΙΝ
2907 565 3437 619 ουικρυλοικεικο.

2375 644 2549 695 Lectio
2574 645 2893 708 Apocalypsin
2925 648 3079 696 sancti
3101 644 3393 695 Johannis
3428 642 3650 705 apostoli
3677 644 3721 694 ι).

2278 728 2455 795 Veni,
2488 729 2762 783 ostendam
2812 728 2903 784 tibi
2954 742 3220 796 sponsam
3288 742 3552 782 uxorem
3617 728 3765 798 Agni.
3795 730 3844 785 Et

516 841 625 897 bati
655 839 806 899 estis,
836 843 892 892 et
918 836 1266 907 cogitationes
1296 829 1588 887 ascendunt
1614 826 1667 882 in
1693 824 1854 881 corda
1887 820 2103 877 vestra?
2207 822 2423 875 sustulit
2448 836 2531 875 me
2564 820 2614 874 in
2646 821 2833 889 spiritu
2863 822 2914 875 in
2955 829 3205 875 montem
3266 834 3563 888 magnum
3596 828 3651 875 et
3675 821 3837 887 altum,

513 928 700 987 Videte
729 944 919 984 manus
947 941 1093 982 meas
1137 936 1189 980 et
1239 924 1423 993 pedes,
1468 921 1591 989 quia
1643 918 1759 989 ipse
1803 931 1905 983 ego
1954 928 2093 969 sum.

515 1022 730 1091 Palpate
758 1028 812 1079 et
843 1019 1041 1084 videte,
1072 1017 1193 1087 quia
1222 1014 1443 1083 spiritus
1472 1026 1691 1066 carnem
1721 1017 1775 1064 et
1814 1019 1938 1063 ossa
1991 1018 2096 1059 non

518 1114 701 1179 habet,
734 1114 870 1167 sicut
901 1126 985 1166 me
1016 1108 1204 1167 videtis
1233 1107 1449 1162 habere.
1480 1104 1545 1158 Et
1573 1117 1693 1158 cum
1725 1100 1826 1154 hoc
1854 1097 2103 1162 dixisset,

2206 926 2262 973 et
2290 913 2527 969 ostendit
2568 913 2695 967 mihi
2741 914 3010 967 civitatem
3060 922 3336 967 sanctam
3397 910 3751 967 Hierusalem
3777 914 3850 969 de-

2211 1005 2560 1062 scendentem
2588 1005 2657 1060 de
2676 1006 2811 1059 caelo
2841 1020 2869 1057 a
2895 1004 3024 1072 Deo,
3054 1003 3387 1060 habentem
3426 1002 3737 1058 claritatem
3752 1002 3846 1061 Dei.

2212 1096 2417 1153 Lumen
2449 1097 2566 1164 ejus
2593 1095 2768 1151 simile
2812 1096 2972 1164 lapidi
3023 1098 3322 1164 precioso,
3385 1103 3684 1165 tamquam
3714 1096 3845 1165 lapidi

519 1205 751 1261 ostendit
780 1204 857 1261 eis
888 1217 1075 1257 manus
1101 1210 1154 1256 et
1186 1198 1368 1270 pedes.
1436 1195 1624 1250 Adhuc
1654 1201 1832 1246 autem
1864 1189 1971 1247 illis
2003 1202 2106 1243 non
2210 1190 2457 1260 jaspidis,
2488 1188 2625 1243 sicut
2680 1188 3009 1259 crystallum.
3040 1188 3105 1242 Et
3153 1187 3437 1241 habebat
3496 1202 3711 1242 murutn
3749 1203 3841 1244 ma-

519 1293 881 1359 credentibus,
913 1302 967 1347 et
993 1288 1307 1347 mirantibus
1336 1301 1445 1355 pra:
1473 1283 1686 1354 gaudio,
1716 1280 1850 1337 dixit
1883 1298 1896 1334 :
1928 1279 2106 1333 Habe-

529 1386 599 1442 tis
628 1385 713 1441 hic
744 1384 943 1457 aliquid
974 1382 1115 1453 quod
1147 1377 1538 1435 manducetur?
1568 1376 1635 1430 At
1686 1373 1760 1428 illi
1789 1372 2103 1442 optulerunt

522 1477 572 1535 ei
604 1484 805 1546 partem
834 1474 997 1547 piscis
1026 1472 1152 1535 assi,
1182 1480 1234 1525 et
1265 1467 1443 1524 favum
1472 1466 1668 1522 mellis.
1698 1466 1759 1517 Et
1788 1478 1909 1518 cum
1958 1476 2106 1516 man—

532 1570 780 1624 ducasset
808 1580 989 1621 coram
1020 1564 1121 1626 eis,
1153 1576 1369 1616 sumens
1396 1558 1647 1629 reliquias
1696 1554 1842 1610 dedit
1888 1554 1989 1608 eis.
2051 1553 2121 1608 Et

523 1662 658 1719 dixit
678 1660 743 1715 ad
764 1674 893 1715 eos:
924 1658 1050 1713 Ha'c
1072 1666 1196 1711 sunt
1219 1654 1378 1711 verba
1402 1667 1518 1721 quae
1542 1651 1748 1704 locutus
1768 1662 1887 1703 sum
1913 1645 1979 1700 ad
2002 1659 2117 1717 vos,

2215 1297 2375 1354 gnum
2399 1289 2450 1336 et
2471 1281 2655 1341 altum,
2692 1280 2893 1334 habens
2925 1291 3103 1348 portas
3148 1279 3489 1334 duodecim
3525 1288 3585 1333 et
3616 1280 3668 1333 lu
3703 1280 3843 1348 portis

2216 1374 2435 1442 angelos
2457 1372 2740 1428 duodecim
2774 1383 2827 1427 et
2848 1373 3067 1428 nomina
3100 1373 3429 1441 inscripta,
3466 1386 3601 1442 qua
3627 1385 3747 1429 sunt
3770 1390 3842 1430 no-

2221 1464 2361 1520 mina
2392 1463 2674 1519 duodecim
2723 1463 2954 1520 tribuum
2988 1464 3229 1520 ﬁliorum
3270 1464 3485 1521 Israel.
3524 1464 3611 1521 Ab
3654 1464 3842 1524 Oriente

2222 1567 2389 1628 portte
2412 1566 2540 1621 tres,
2570 1557 2721 1611 etab
2767 1558 3015 1627 aquilone
3055 1566 3237 1627 portas
3272 1563 3428 1625 tres,
3465 1566 3524 1614 et
3574 1558 3645 1613 ab
3688 1569 3839 1616 austro

2225 1662 2393 1723 portae
2415 1660 2546 1715 tres,
2574 1661 2628 1707 et
2654 1652 2724 1706 ab
2742 1667 2932 1707 occasu
2964 1662 3134 1722 porta:
3186 1662 3340 1709 tres.
3383 1653 3455 1708 Et
3491 1669 3681 1710 muros
3728 1657 3834 1709 civi-

532 1768 654 1813 cum
685 1752 857 1809 adhuc
909 1746 1127 1823 [essem]
1152 1746 1450 1808 vobiscum,
1476 1742 1726 1812 quoniam
1777 1751 1999 1794 "000388
2041 1738 2122 1792 εει
2151 1746 2202 1810 Β
2229 1747 2353 1801 tatis
2375 1745 2579 1800 habens
2606 1742 2948 1799 fundamenta
2976 1744 3285 1800 duodecim
3319 1752 3385 1799 et
3416 1745 3474 1799 in
3502 1745 3637 1814 ipsis
3663 1744 3834 1799 dotale-

525 1840 736 1911 lmplert
763 1839 941 1897 omnia
969 1852 1088 1908 quae
1133 1835 1333 1906 scripta
1379 1840 1505 1889 sunt
1551 1832 1603 1886 in
1648 1830 1768 1899 lege
1812 1828 2003 1899 Moysi,
2053 1835 2113 1884 et

527 1930 825 2007 PrOphetis,
857 1940 913 1986 et
939 1929 1164 1987 Psalmis
1190 1929 1259 1985 de
1285 1943 1393 1984 me.
1422 1926 1573 1983 Tunc
1598 1924 1809 1994 aperuit
1840 1923 1947 1978 illis
1975 1937 2105 1980 sen-

528 2036 668 2089 sum,
701 2031 759 2079 ut
782 2021 1137 2093 intelligerent
1163 2019 1487 2087 Scripturas,
1536 2025 1593 2071 et
1636 2014 1770 2071 dixit
1816 2014 1917 2082 eis,
1974 2028 2110 2083 quo-

533 2114 675 2175 niam
696 2113 773 2170 sic
794 2112 1047 2187 scriptum
1072 2119 1153 2169 est
1176 2126 1191 2165 :
1216 2119 1270 2167 et
1289 2110 1367 2166 sic
1388 2107 1669 2179 oportebat
1687 2104 1961 2162 Christum
1985 2104 2114 2174 pati,

532 2215 591 2263 et
605 2220 887 2276 resurgere
904 2220 932 2256 a
953 2203 1175 2261 mortuis
1193 2202 1276 2259 die
1295 2202 1472 2267 tertia,
1489 2208 1545 2255 et
1562 2197 1843 2269 praedicari
1868 2198 1920 2254 in
1950 2195 2120 2253 nomi-

548 2311 617 2353 ne
644 2296 759 2368 ejus
790 2296 1148 2366 paznitentiam
1176 2302 1231 2349 et
1260 2292 1631 2373 remissionem
1682 2297 2020 2360 peccatorum
2067 2290 2121 2347 in

536 2390 787 2445 omnibus
814 2388 1079 2459 gentibus,
1109 2386 1488 2457 incipientibus
1512 2385 1578 2440 ab
1600 2383 1989 2454 Hierosolyma.
2018 2380 2124 2437 Vos

538 2490 717 2539 autem
750 2482 880 2537 estis
898 2480 1073 2535 'testes
1102 2480 1290 2534 horum
1317 2495 1332 2534 :
1362 2486 1417 2532 et
1465 2489 1566 2546 ego
1608 2473 1761 2529 mitto
1804 2473 2123 2543 promissum

534 2570 708 2630 Patris
734 2572 783 2626 in
815 2585 929 2627 vos.
960 2569 1065 2625 Vos
1094 2576 1271 2623 autem
1301 2566 1486 2624 sedete
1509 2567 1559 2621 in
1582 2565 1819 2630 civitate,
1847 2562 2126 2633 quoadus-

536 2678 637 2736 que
680 2662 968 2720 induamini
997 2662 1245 2716 virtutem
1272 2674 1343 2714 ex
1386 2658 1514 2713 alto.
1550 2657 1753 2713 Eouxtr
1801 2671 1983 2712 xursu
2014 2670 2117 2712 sos

538 2768 703 2811 rosas
725 2754 778 2808 in
802 2754 1086 2822 Bethanea,
1106 2762 1161 2809 et
1178 2751 1400 2808 elevatis
1422 2750 1667 2807 manibus
1685 2750 1797 2806 suis
1825 2750 1883 2805 in
1902 2750 2090 2807 mlum
2104 2790 2120 2816 ,

538 2846 804 2904 benedixit
828 2847 926 2902 eis.
962 2845 1030 2901 Et
1054 2845 1248 2901 factum
1293 2852 1376 2902 est
1422 2844 1548 2901 dum
1597 2842 1941 2899 benediceret
1989 2841 2116 2907 illis,

539 2940 757 2996 recessit
782 2938 851 2994 ab
876 2939 977 3005 eis,
1006 2946 1059 2994 et
1088 2936 1356 3021 ferebatur
1386 2938 1441 2992 in
1466 2937 1675 2993 ctelum.
1712 2934 1777 2990 Et
1824 2933 1925 3003 ipsi
1974 2932 2118 2988 ado—

542 3039 719 3088 rantes
737 3030 965 3100 regressi
976 3040 1100 3087 sunt
1118 3028 1175 3087 in
1198 3028 1527 3085 Hierusalem
1544 3041 1667 3083 eum
1684 3025 1879 3098 gaudio
1897 3039 2116 3096 magno.

2225 1838 2331 1892 cim
2365 1838 2576 1892 nomina
2628 1836 2991 1905 apostolorum
3051 1833 3216 1906 Agui.
3255 1834 3334 1890 Et
3390 1835 3490 1904 qui
3542 1835 3827 1902 loquebatur

2220 1944 2452 1993 meeum,
2478 1928 2707 1983 habebat
2735 1941 3061 1993 mensuram,
3094 1926 3499 1982 harundinem
3532 1941 3759 1989 auream,
3789 1936 3829 1980 ut

2227 2021 2511 2077 metiretur
2552 2021 2847 2086 civitatem,
2878 2028 2931 2074 et
2981 2027 3164 2088 portas
3225 2018 3383 2089 ejus,
3418 2027 3480 2074 et
3532 2015 3825 2072 murum.Et

2224 2116 2420 2170 civitas
2440 2115 2492 2169 in
2522 2114 2784 2185 quadrato
2816 2114 2985 2183 posita
3012 2120 3114 2179 est,
3142 2119 3202 2167 et
3232 2110 3544 2183 longitudo
3569 2112 3682 2180 ejus
3709 2119 3823 2163 tanta

2222 2218 2325 2272 est,
2348 2216 2543 2277 quanta
2568 2214 2624 2261 et
2671 2204 2914 2261 latitudo.
2947 2203 3011 2259 Et
3051 2218 3285 2259 mensus
3343 2212 3439 2258 est
3495 2205 3755 2258 civitatem
3780 2202 3819 2254 in

2224 2300 2523 2357 harundine
2568 2315 2663 2369 per
2717 2298 2886 2357 stadia
2935 2298 3252 2355 duodecim.
3292 2296 3620 2369 Longitudo
3645 2306 3695 2352 et
3722 2296 3816 2349 alli-

2226 2392 2352 2448 tudo
2379 2391 2601 2462 aequalia
2624 2399 2769 2446 sunt.
2803 2388 2870 2445 Et
2897 2404 3112 2445 mensus
3136 2399 3223 2445 est
3258 2404 3466 2446 murus
3492 2388 3611 2460 ejus
3634 2397 3812 2442 centum

2225 2484 2571 2555 quadraginta
2622 2492 2872 2553 quattuor
2919 2482 3219 2539 cubitorum
3268 2497 3541 2540 mensura
3595 2483 3812 2545 hominis,

2226 2591 2344 2646 quae
2368 2586 2451 2631 est
2478 2575 2673 2643 angeli.
2705 2574 2772 2628 Et
2796 2583 2913 2630 erat
2936 2582 3206 2631 structura
3243 2575 3400 2630 muri
3432 2574 3554 2645 ejus
3576 2590 3638 2629 ex
3664 2573 3806 2642 lapide

2222 2666 2431 2737 iaspide
2464 2685 2477 2719 :
2512 2666 2625 2731 ipsa
2651 2680 2781 2721 vero
2806 2667 2996 2721 civitas
3023 2682 3158 2722 auro
3202 2667 3453 2733 mundo,
3482 2664 3662 2722 simile
3704 2664 3813 2717 vitro

2230 2758 2451 2814 mundo.
2485 2757 2855 2814 Fundamenta
2888 2760 3024 2814 muri
3047 2760 3299 2815 civitatis
3333 2759 3492 2815 omni
3514 2756 3683 2829 lapide
3711 2770 3803 2825 pre-

2233 2851 2385 2905 cioso
2408 2858 2615 2905 ornata.
2652 2847 3081 2905 Fundamentum
3121 2850 3368 2921 primum
3416 2848 3622 2921 jaspis;
3651 2861 3808 2903 secun-

2232 2943 2351 3007 dus,
2378 2942 2693 3011 sapphirus;
2729 2944 2948 3010 tercius,
3003 2942 3345 2999 calcidonius
3376 2961 3391 3010 ;
3422 2952 3657 3011 quartus,
3684 2954 3803 2995 zma-

2232 3033 2460 3104 ragdus;
2492 3034 2731 3100 quintus,
2762 3033 3050 3099 sardonix;
3102 3045 3319 3099 sextus,
3352 3037 3610 3092 sardinns
3633 3052 3645 3101 ;
3668 3033 3805 3100 septi-

543 3121 608 3181 Et
632 3132 786 3179 erant
812 3136 1024 3192 semper
1053 3121 1105 3176 in
1134 3121 1356 3189 templo,
1386 3118 1668 3176 laudantes
1695 3127 1750 3175 et
1780 3116 2109 3174 benedicen-
2142 3122 2192 3190 ο
2218 3138 2357 3189 ωας,
2378 3122 2737 3194 chrysolitus;
2764 3135 3005 3191 octavus,
3023 3128 3307 3200 beryllus;
3334 3143 3531 3193 nomts,
3564 3125 3796 3195 topasius;

546 3228 628 3277 tes
656 3217 960 3274 Dominum.

1140 3321 1339 3364 INCIPIT
1359 3320 1531 3363 IISSA.

620 3420 871 3478 Hirabilis
934 3421 987 3475 in
1035 3421 1263 3477 excelsis
1309 3421 1561 3475 Dominus
1607 3418 1744 3473 Deus
1790 3415 1993 3482 noster,
2039 3412 2131 3487 qui

561 3514 843 3569 ascendiin
872 3527 1032 3583 super
1060 3514 1221 3568 caelus
1250 3513 1501 3567 caelorum
1550 3510 1614 3564 ad
1666 3512 1949 3575 orientem,
1995 3507 2134 3563 inter

551 3607 862 3676 angelorum
890 3606 1180 3660 ministeria
1211 3605 1385 3659 carnis
1410 3606 1644 3673 troplizea
1674 3600 1982 3668 sustollens,
2007 3615 2128 3655 curn

555 3699 622 3753 ad
654 3712 934 3754 occursum
962 3707 1107 3751 tuum
1138 3697 1253 3751 caeli
1284 3706 1573 3765 petestates
1601 3703 1889 3749 occurrunt
1915 3712 1928 3759 ;
1978 3710 2135 3760 pone,

555 3801 881 3857 quiesumus,
912 3787 1251 3843 escensiones
1281 3787 1335 3839 in
1355 3785 1608 3840 cordibus
1628 3785 1823 3839 nostris
1846 3801 1859 3849 ;
1885 3794 1947 3845 ,ut
1971 3783 2135 3839 etiam

558 3892 654 3935 nos
686 3889 739 3933 te
760 3887 1065 3947 sequentes,
1097 3877 1220 3931 illuc
1248 3878 1533 3931 tendamus
1562 3875 1685 3941 title,
1721 3876 1807 3929 ubi
1835 3878 2036 3929 scimus
2070 3873 2137 3930 ad

562 3971 655 4040 Dei
678 3972 850 4027 Patris
871 3970 1152 4026 dexteram
1183 3979 1237 4025 te
1263 3984 1510 4040 regnare.

1241 4080 1468 4132 Secreta.

635 4186 975 4241 Ascensionis
1004 4187 1213 4244 Domini
1260 4196 1653 4244 sacramentum
1677 4226 1691 4251 ,
1718 4199 1823 4257 quo
1852 4184 2144 4244 advocatus

576 4275 832 4332 Dominus
851 4288 1032 4335 noster
1053 4279 1211 4336 Jesus
1239 4280 1482 4338 Christus
1508 4279 1573 4334 ad
1599 4278 1811 4334 Patrem
1843 4277 1995 4335 nobis
2023 4279 2147 4335 mis-

566 4382 721 4423 surus
749 4371 1010 4436 ascendit,
1044 4371 1164 4425 ﬁdei
1194 4384 1387 4430 nosuae
1408 4372 1596 4441 gaudia
1626 4370 1975 4442 multiplicata
2009 4386 2140 4427 con-

568 4458 802 4515 celebret
830 4476 844 4514 :
876 4469 934 4515 ut
965 4460 1326 4530 promissionis
1355 4477 1463 4516 sure
1495 4471 1789 4519 memorata
1836 4462 2139 4533 interpellet

569 4565 664 4622 pro
692 4551 866 4621 nobis,
890 4562 945 4609 ut
974 4553 1027 4609 in
1057 4555 1288 4610 secundo
1314 4554 1429 4626 ejus
1459 4556 1689 4612 adventu
1717 4570 2018 4613 mereamur
2045 4571 2134 4613 oc-

568 4652 787 4697 currere
815 4642 941 4699 lati.

1188 4732 1487 4786 Contestatio
1506 4735 1550 4783 ⁸.

650 4834 791 4891 Vere
815 4836 1028 4908 dignum
1060 4845 1115 4893 et
1156 4837 1358 4907 justum
1388 4849 1469 4895 est
1517 4838 1856 4908 omnipotens
1891 4838 2028 4894 Deus
2059 4853 2149 4907 per

576 4925 845 4981 Christum
872 4928 1154 4985 Dominum
1187 4940 1446 4985 nostrum.
1478 4929 1580 4997 Qui
1610 4940 1851 4986 mortuus
1877 4939 1960 4986 est
1990 4944 2149 5002 prop-

576 5024 660 5072 ter
682 5027 899 5091 peccata
930 5030 1130 5091 nostra,
1160 5030 1213 5077 et
1243 5020 1536 5078 resurrexit
1573 5032 1792 5094 propter
1817 5022 2156 5093 iustiﬁcatio-

578 5126 703 5167 nem
726 5121 984 5169 nostram.
1014 5112 1113 5182 Qui
1146 5114 1329 5169 solutis
1360 5112 1556 5169 inferni
1583 5115 1807 5170 nexibus
1838 5128 2007 5170 aereas
2035 5129 2156 5185 por-

580 5210 663 5256 tas
689 5216 751 5257 ac
780 5201 954 5271 ferrea
985 5205 1214 5260 claustra
1253 5205 1542 5280 confregit;
1573 5205 1764 5262 deinde
1814 5220 2097 5275 resurgens
2124 5219 2156 5259 a

576 5295 821 5363 mortuis,
859 5297 1290 5368 quadraginsimn
1312 5297 1417 5363 die,
1453 5298 1751 5354 videntibus
1772 5298 1975 5352 cunctis
1996 5296 2153 5351 disci.

579 5386 735 5456 polis,
768 5388 833 5444 ad
863 5391 1024 5445 caelos
1075 5391 1314 5445 ascendit
1345 5409 1357 5443 :
1386 5390 1507 5461 quia
1561 5390 1674 5466 ipse
1721 5398 1804 5445 est
1851 5389 2155 5461 expectatio

582 5486 789 5548 nostra,
819 5496 975 5551 quem
1024 5492 1368 5552 expectamus
1398 5483 1580 5540 venire
1614 5481 1681 5540 de
1731 5482 1895 5549 czelis,
1921 5494 1980 5541 at
2030 5497 2159 5541 con-

651 5612 895 5688 {Eadetn
923 5615 1266 5688 contestatio
1319 5616 1370 5670 in
1418 5614 1644 5672 Gothico
1691 5632 1862 5688 usque
1925 5617 1993 5675 ad
2040 5618 2160 5677 hac

581 5674 785 5754 verba:
832 5684 932 5749 Qui
959 5686 1140 5739 solutis
1171 5685 1381 5754 inferni,
1407 5695 1513 5741 etc.

663 5754 686 5793 ιο
714 5750 997 5811 Lectiones
1024 5770 1120 5825 pro
1152 5750 1286 5811 festo
1319 5756 1691 5828 Pentecostes,
1726 5757 1867 5833 quod
1915 5758 2161 5821 absolute

2235 3216 2501 3279 decimus,
2545 3214 3007 3286 chrysoprassus;
3063 3219 3414 3286 undecimus,
3480 3217 3801 3290 hyacinthus;

2235 3307 2600 3375 duodecimus,
2631 3310 2965 3382 amethystus
2992 3328 3005 3364 :
3032 3319 3087 3367 et
3115 3311 3413 3369 duodecim
3444 3321 3608 3379 porta:
3634 3309 3798 3365 duode-

2236 3400 2341 3455 cim
2372 3402 2680 3470 margaritae
2722 3409 2845 3455 sunt
2874 3416 2969 3471 per
3015 3403 3285 3474 singulas.
3319 3403 3423 3472 Qui
3457 3403 3611 3458 habet
3654 3412 3799 3454 aurem

2238 3492 2420 3548 audiat
2441 3507 2561 3563 qua:
2592 3493 2816 3561 spiritus
2846 3493 3012 3549 dicat.

2426 3583 2597 3634 Lectio
2628 3587 2778 3635 sancti
2802 3584 3053 3649 Evangelii
3084 3588 3362 3638 secundum
3380 3587 3660 3638 Iohannem.

2314 3668 2508 3725 Diebus
2535 3667 2661 3735 illis,
2689 3668 2818 3725 dixit
2871 3669 3126 3725 Dominus
3170 3670 3336 3729 Iesus
3366 3667 3637 3738 discipulis
3660 3663 3785 3717 suis:

2242 3760 2342 3827 Qui
2369 3759 2538 3815 credit
2566 3762 2618 3815 in
2646 3774 2750 3825 me,
2780 3774 2941 3829 opera
2970 3776 3087 3830 qua:
3112 3774 3216 3833 ego
3243 3763 3407 3828 facio,
3432 3766 3487 3817 et
3510 3762 3617 3829 ipse
3643 3754 3784 3819 faciet.

2244 3860 2298 3906 et
2319 3850 2521 3919 majora
2548 3851 2736 3906 horum
2781 3850 2960 3914 faciet,
2992 3851 3115 3921 quia
3143 3867 3247 3923 ego
3306 3855 3373 3910 ad
3409 3853 3611 3908 Patrem
3639 3845 3784 3901 vado:

2245 3950 2301 3997 et
2320 3941 2689 4011 quodcumque
2711 3943 2967 4010 petieritis
2994 3944 3048 3998 in
3068 3947 3291 4003 nomine
3314 3962 3457 4013 meo,
3491 3946 3583 3998 hoc
3610 3940 3781 3996 faciam.

2246 4033 2301 4090 Si
2332 4033 2550 4104 diligitis
2579 4050 2683 4101 me,
2708 4036 2955 4089 mandata
2987 4050 3105 4091 mea
3127 4046 3343 4094 servate
3377 4057 3388 4091 :
3426 4045 3479 4092 et
3505 4049 3600 4105 ego
3627 4029 3784 4100 rogabo

2249 4123 2487 4193 Patrem,
2512 4134 2565 4180 et
2590 4125 2753 4181 alium
2786 4138 2808 4166 ο
2843 4127 3164 4185 Paraclitum
3218 4130 3370 4184 dabit
3397 4129 3563 4191 vobis,
3595 4134 3647 4179 ut
3687 4135 3777 4175 ma-

2251 4226 2377 4276 neat
2411 4215 2685 4274 vobiscum
2707 4216 2759 4273 in
2785 4230 3063 4285 aeternum,
3097 4219 3355 4289 Spiritum
3385 4218 3630 4279 veritatis,
3657 4225 3778 4281 quem

2252 4308 2480 4363 mundus
2509 4324 2612 4366 non
2645 4320 2818 4379 potest
2866 4311 3128 4380 accipere,
3155 4313 3280 4382 quia
3340 4328 3446 4370 non
3488 4308 3621 4364 videt
3659 4316 3770 4365 eum.

2251 4412 2351 4455 nec
2375 4402 2475 4455 scit
2514 4414 2635 4457 eum
2668 4418 2680 4453 :
2715 4416 2808 4456 vos
2857 4411 3037 4459 autem
3093 4406 3433 4475 cognoscetis
3488 4415 3621 4466 eum,
3674 4394 3768 4463 (1⁸³⁵³

2168 4513 2223 4575 ι)
2251 4490 2391 4563 apud
2418 4508 2512 4546 vos
2542 4494 2797 4561 manebit,
2825 4507 2879 4551 et
2924 4495 2978 4550 in
3005 4497 3154 4551 vobis
3203 4499 3326 4552 erit.
3360 4497 3468 4551 Non
3520 4491 3765 4556 relinquam

2258 4599 2354 4641 vos
2401 4587 2687 4655 orphanos,
2719 4590 2924 4643 veniam
2974 4590 3041 4645 ad
3090 4604 3204 4645 vos.
3237 4593 3421 4647 Adhuc
3464 4582 3772 4644 modicum,“

2257 4677 2489 4734 mundus
2520 4695 2603 4735 me
2619 4678 2730 4748 jam
2785 4680 2937 4754 [non]
2983 4682 3173 4739 videt:
3209 4701 3304 4742 vos
3354 4695 3522 4740 autem
3567 4670 3764 4730 videbitis

2256 4785 2361 4835 me,
2386 4772 2507 4842 quia
2534 4786 2634 4841 ego
2662 4772 2779 4828 vivo
2808 4784 2863 4829 et
2916 4790 3011 4831 vos
3055 4778 3269 4834 vivetis.
3302 4778 3357 4834 In
3389 4779 3475 4832 illo
3499 4773 3577 4828 die
3596 4781 3673 4821 vos
3701 4776 3767 4815 co-

2255 4864 2521 4934 gnoscetis
2548 4864 2670 4933 quia
2698 4879 2798 4934 ego
2828 4881 2943 4921 sum
2973 4868 3023 4921 in
3048 4868 3207 4924 Patre
3261 4884 3398 4934 meo,
3425 4877 3474 4921 et
3500 4876 3581 4917 vos
3604 4860 3647 4912 in
3674 4864 3754 4912 me,

2257 4968 2312 5013 et
2332 4972 2429 5026 ego
2459 4957 2511 5012 in
2529 4956 2698 5014 vobis.
2722 4959 2822 5024 Qui
2851 4958 3013 5015 habet
3034 4962 3278 5017 mandata
3298 4975 3431 5028 mea,
3458 4964 3507 5015 et
3532 4955 3682 5009 servat
3698 4956 3761 5005 ea.

2258 5048 2351 5103 ille
2372 5057 2453 5103 est
2481 5049 2568 5119 qui
2598 5050 2766 5120 diligit
2794 5066 2899 5106 me.
2922 5053 3023 5119 Qui
3053 5064 3229 5110 autem
3252 5055 3417 5127 diligit
3444 5064 3539 5116 me,
3564 5038 3757 5134 ιηηεεως

2257 5154 2288 5195 a
2319 5141 2477 5197 Patre
2505 5157 2643 5209 meo,
2673 5152 2727 5198 et
2744 5159 2843 5215 ego
2878 5144 3092 5217 diligam
3137 5163 3256 5204 eum
3277 5190 3293 5218 ,
3326 5161 3375 5204 et
3401 5135 3700 5202 manil'estab0
3719 5141 3757 5182 οι

2258 5232 2541 5302 meipsum.

2869 5321 3039 5360 INCIPH'
3070 5325 3221 5364 κιεελ.

2335 5386 2411 5442 Te
2454 5386 2693 5443 datorem
2734 5390 2963 5462 Spiritus
3010 5399 3201 5462 uncti,
3251 5395 3460 5453 Domine
3500 5370 3750 5442 Cberl”

2262 5482 2364 5537 hac
2383 5480 2471 5539 die
2497 5481 2869 5554 celeberrima,
2896 5502 3004 5559 quo
3032 5501 3150 5545 tuos
3169 5489 3426 5561 apostolos
3443 5473 3749 5541 charismatum

2260 5614 2771 5701 Quinquagesimum
2801 5618 2937 5676 intra
2962 5638 3067 5701 non
3091 5624 3253 5679 semel
3278 5619 3556 5701 appellatur:

2266 5666 2365 5725 ’ἶ
2372 5666 3745 5762 'sii‘bizi'iéﬁiiafiib'n"$233.LC'iE'imutntmo

2262 5758 2575 5831 exemplari.
