4060 6346
326 222 433 280 817

901 226 1535 293 SACRAMENTARIUM
1568 236 1864 296 GALLICA

1967 233 2036 298 Il.
2053 266 2123 281 -
2135 240 2427 301 LECTION
2434 246 2519 305 ES
2555 248 3020 318 ρυοτιοιΑΝΑε.

3491 263 3593 324 518

323 339 480 395 donis
512 340 743 425 Spiritus
779 344 950 399 sancti
987 345 1094 416 igni
1141 345 1343 414 ditasti,
1372 353 1655 418 provoluta
1688 370 1749 409 ac
1775 356 1899 409 sub-
1922 358 1980 429 Δ
2004 353 2206 408 nomini
2259 355 2557 426 dedicavit,
2601 372 2655 417 et
2715 361 3047 435 intelligibile
3088 367 3244 425 nobis
3309 369 3466 429 faciat
3534 382 3593 431 et

321 431 482 486 missa
503 446 664 503 prece
692 448 986 504 rogamus:
1031 452 1139 509 quo
1183 438 1501 497 adveniente
1543 441 1775 501 Trinitas
1813 463 1904 503 co-
2006 453 2289 500 aeternum.

328 514 584 592 iuscavit,
616 526 1078 598 quinquaginsima
1109 529 1223 585 dies
1277 533 1526 599 emicuit;
1557 532 1607 588 in
1655 550 1761 604 quo
1804 538 1902 593 Pa-

316 614 444 669 scha
474 614 762 687 adimpleta
791 626 876 675 est
897 661 914 687 ,
946 622 1187 693 mysterii
1217 624 1291 679 tui
1335 624 1744 682 sollemnitatem
1773 645 1902 685 con-

312 705 585 764 cludimus
635 708 980 768 obsecrantes
1018 722 1076 769 ut
1115 715 1277 770 corda
1322 723 1504 770 nostra
1555 719 1830 787 purifices,
1869 737 1899 775 a

311 812 421 866 quo
448 798 833 871 discipulorum
881 804 1043 860 corda
1073 805 1226 876 quasi
1250 804 1454 863 ferrum
1485 805 1551 862 ad
1577 809 1896 879 capiendum

318 902 524 945 ικηιεῑι.

341 889 524 958 gnisti.

980 967 1231 1020 Collectio.

379 1040 613 1111 Spiritus
639 1054 859 1104 sanctus
901 1055 1024 1107 tuus
1071 1051 1391 1122 Paraclitus,
1422 1067 1753 1125 quasumus,
1789 1055 1895 1113 Do-

299 1132 473 1199 mine,
502 1149 534 1191 a
561 1138 795 1207 peccatis
836 1140 1035 1197 nostris
1082 1144 1382 1201 emundans
1402 1147 1711 1203 continuam
1741 1146 1894 1205 nobis

300 1228 504 1284 tribuat
526 1229 858 1300 claritatem;
887 1235 1084 1306 quique
1112 1241 1265 1308 quasi
1316 1239 1452 1311 ignis
1490 1253 1652 1310 super
1677 1250 1894 1308 appeto-

299 1321 388 1377 los
408 1322 649 1391 advenit,
682 1325 998 1397 dispergens
1025 1326 1162 1384 dona
1191 1374 1206 1400 ,
1235 1343 1397 1403 super
1441 1347 1540 1388 nos
1567 1347 1781 1402 quoque
1805 1332 1892 1386 in-

300 1412 513 1481 firmos,
545 1425 597 1471 te
616 1418 967 1486 concedente,
993 1420 1079 1477 vel
1101 1421 1276 1494 aliqua
1302 1427 1546 1495 portione
1576 1438 1691 1481 sua:
1707 1424 1891 1494 digna-

294 1504 466 1561 tionis
494 1504 807 1577 adveniens,
840 1520 894 1568 et
925 1523 1143 1583 peccata
1195 1513 1394 1585 deleat,
1419 1526 1475 1574 et
1503 1516 1720 1587 pietatis
1748 1514 1887 1572 dona

290 1592 573 1669 largiatur.

918 1675 1039 1727 Post
1058 1680 1269 1729 nomina.

2518 520 2752 579 Collectio
2788 525 2850 577 ad
2888 541 3079 590 pacem.

2075 599 2294 657 Munera
2352 611 2560 671 nostra,
2590 621 2918 679 quaesumus,
2949 612 3196 679 Domine,
3224 615 3397 677 sancti
3419 615 3591 686 Spiri.

2004 698 2089 747 tus
2116 693 2191 748 tui
2230 693 2538 765 dignatione
2578 709 2888 769 sacrentur,
2913 718 3009 774 per
3042 720 3161 779 quae.
3186 714 3245 763 et
3270 720 3301 765 a
3347 709 3584 776 peccatis

2001 782 2249 840 omnibus
2274 785 2648 860 absolvantur,
2676 799 2732 846 et
2779 793 3081 863 adoptionis
3124 805 3229 855 tua:
3276 796 3371 855 filii
3425 812 3580 855 reua-

1999 885 2239 933 scantur.
2690 924 2695 931 -

2641 950 2957 1004 Contestatio.

2071 1041 2097 1069 ι
2131 1030 2268 1088 Vere
2302 1032 2517 1104 dignum
2547 1044 2602 1090 et
2646 1034 2850 1107 justum
2905 1046 3007 1106 est,
3043 1042 3380 1110 omnipotens
3415 1040 3580 1110 Deus,

1998 1132 2049 1178 te
2094 1124 2313 1180 laudare
2337 1124 2390 1180 in
2425 1127 2525 1182 hoc
2548 1129 2814 1200 praecipue
2843 1129 2951 1196 die,
2992 1147 3099 1202 quo
3150 1134 3574 1189 sacratissimum

1997 1210 2198 1270 Pascha
2223 1215 2603 1288 quinquaginta
2628 1218 2832 1274 dierum
2858 1222 3126 1292 mysteriis
3156 1224 3367 1293 tegitur,
3399 1230 3455 1279 et
3484 1238 3580 1292 per

1994 1320 2089 1359 sua
2122 1307 2346 1376 vestigia
2384 1308 2771 1365 recursantium
2798 1310 3005 1367 dierum
3037 1313 3225 1383 spatiis
3268 1313 3535 1385 colligitur
3562 1330 3579 1382 ;

1998 1408 2051 1452 et
2073 1396 2337 1469 dispersio
2370 1400 2692 1471 linguarum,
2725 1419 2842 1472 quae
2872 1403 2924 1458 in
2949 1405 3263 1462 confusione
3291 1407 3428 1462 facta
3453 1406 3577 1463 [υθέ

1991 1500 2096 1558 rat,
2123 1505 2216 1560 per
2242 1490 2499 1561 Spiritum
2528 1502 2770 1549 sanctum
2819 1494 3101 1551 adunatur.
3137 1497 3306 1552 Hodie
3347 1510 3579 1566 namque

1989 1580 2058 1637 de
2102 1582 2248 1637 caelis
2274 1590 2494 1654 repente
2550 1601 2740 1642 sonum
2797 1587 3071 1645 audientes
3128 1591 3390 1659 Apostoli,
3422 1591 3577 1647 unius

1991 1674 2112 1730 fidei
2136 1673 2449 1746 Symbolum
2500 1688 2843 1748 exceperunt,
2878 1689 2932 1735 et
2956 1679 3147 1755 linguis
3203 1681 3365 1737 variis
3398 1681 3571 1737 Evan-

370 1749 575 1809 Virtute
600 1757 773 1811 sancti
824 1758 1081 1827 Spiritus,
1115 1761 1362 1832 Domine,
1426 1779 1649 1822 munera
1700 1775 1885 1824 nostra
1913 1775 1964 1847 Β
1988 1766 2109 1839 gelii
2142 1768 2217 1822 tui
2248 1769 2468 1840 gloriam
2498 1772 2744 1842 gentibus
2795 1749 3130 1832 tradiderunt
3158 1789 3252 1845 per
3303 1774 3573 1833 Christum

283 1842 541 1913 continge
565 1860 579 1899 :
603 1846 823 1916 utquod
853 1850 1211 1907 sollemnitate
1257 1853 1741 1927 quinquaginsimae
1772 1871 1872 1912 suo

371 1996 398 2024 ι
424 1985 621 2044 Eadem
650 1988 703 2044 in
731 1989 956 2048 Gothico
980 2001 1064 2048 est
1088 1994 1431 2064 contestatio,
1458 2010 1515 2067 p.
1552 1993 1673 2051 169.

1990 1858 2274 1915 Dominum
2307 1873 2571 1917 nostrum.

285 2142 3560 2187 MM

1478 2253 1607 2376 IN
1661 2291 1867 2375 DEI
1916 2286 2398 2377 NOMINE

433 2467 1238 2601 INCIPIUNT
1334 2471 2218 2607 LECTIONES
2304 2471 3415 2609 COTTIDIANAS.

572 2784 720 2826 HA
758 2784 950 2826 δλκοτι
990 2785 1236 2830 ιοιιλκκις
1274 2788 1562 2831 ΒΑΡτΙετιΕ.

678 2862 848 2914 Lectio
870 2864 936 2914 de
956 2864 1206 2916 Hieremia
1232 2869 1491 2931 propheta.

350 2949 473 3006 Haec
519 2950 648 3005 dicit
676 2948 1237 3016 Dominuszouazrite
1288 2967 1472 3022 pacem
1526 2954 1781 3019 civitatis,
1810 2963 1865 3009 et

266 3050 425 3099 orate
451 3058 546 3114 pro
567 3057 629 3099 ea
655 3042 721 3097 ad
748 3042 1049 3109 Dominum,
1075 3043 1197 3111 quia
1226 3044 1277 3099 in
1309 3058 1439 3115 pace
1466 3044 1608 3099 illius
1629 3046 1733 3099 erit
1759 3060 1861 3114 pax

266 3134 450 3190 vobis.
480 3134 605 3191 llaec
647 3134 779 3189 dicit
819 3132 1077 3189 Dominus
1111 3150 1122 3187 :
1156 3133 1272 3189 Non
1302 3148 1400 3190 vos
1445 3135 1701 3191 seducant
1742 3150 1864 3204 pro-

268 3227 449 3297 pheta
477 3227 665 3293 vestri,
695 3229 785 3296 qui
815 3238 941 3282 sunt
964 3227 1017 3282 in
1043 3226 1225 3282 medio
1273 3228 1457 3293 vestri,
1482 3237 1535 3283 et
1566 3226 1735 3282 divini
1770 3242 1862 3282 ve.

268 3319 400 3387 atri;
429 3328 485 3376 et
534 3335 601 3376 ne
654 3321 942 3376 attendatis
988 3320 1055 3375 ad
1105 3321 1309 3375 somnia
1369 3329 1564 3385 vestra,
1598 3333 1718 3390 quae
1766 3332 1863 3373 vos

266 3412 569 3476 somniatis,
603 3413 727 3485 quia
759 3414 949 3468 falsum
997 3412 1144 3467 vobis
1172 3413 1271 3481 ipsi
1321 3412 1640 3482 prophetam
1679 3413 1730 3465 in
1759 3428 1859 3466 no-

270 3503 421 3560 mine
444 3518 586 3571 meo,
616 3514 670 3559 et
695 3518 798 3559 non
829 3504 948 3559 misi
1000 3518 1114 3573 eos,
1147 3503 1274 3558 dicit
1316 3503 1589 3557 Dominus.
1624 3501 1861 3556 Visitabo

268 3610 385 3667 vos,
416 3607 470 3654 et
497 3599 762 3655 suscitabo
803 3613 964 3669 super
993 3612 1087 3652 vos
1135 3596 1357 3653 verbum
1392 3611 1568 3651 meum
1626 3595 1855 3661 bonum,

268 3701 328 3745 ut
348 3688 595 3746 reducam
622 3706 716 3745 vos
741 3690 806 3745 ad
832 3691 1004 3745 locum
1052 3690 1233 3745 istum.
1279 3688 1391 3759 Ego
1421 3687 1565 3743 enim
1614 3687 1729 3743 scio
1758 3701 1856 3742 co-

267 3779 572 3850 gitationes,
601 3795 733 3851 quas
758 3780 933 3851 cogito
962 3795 1125 3851 super
1154 3795 1273 3844 vos,
1302 3780 1654 3849 cogitationes
1687 3778 1853 3845 pacis,

269 3878 323 3929 et
350 3886 456 3926 non
483 3871 821 3938 adﬂictionis,
846 3882 902 3926 ut
952 3870 1072 3927 dem
1115 3871 1266 3927 vobis
1295 3872 1453 3926 finem
1505 3879 1561 3925 et
1596 3869 1858 3941 patuiten-

268 3960 415 4018 tiam.
448 3963 760 4019 lnvocabitis
787 3978 891 4030 me,
919 3972 973 4017 et
1000 3963 1222 4030 vivetis;
1252 3962 1472 4016 orabilis
1491 3977 1576 4015 mc
1598 3972 1653 4016 et
1682 3976 1851 4015 exan-

267 4055 406 4109 diam
428 4069 557 4121 vos;
590 4055 838 4125 quaeretis
859 4070 942 4110 me
960 4065 1011 4109 et
1039 4053 1341 4110 inven'etis.
1370 4053 1502 4107 Cum
1528 4053 1854 4122 quaesieritis

267 4160 351 4199 me
380 4146 431 4200 in
463 4154 572 4199 toto
597 4145 757 4200 corde
788 4155 993 4209 vestro,
1031 4144 1269 4199 inveniar
1299 4162 1327 4197 a
1363 4146 1537 4205 vobis.
1571 4146 1643 4197 ait
1673 4144 1854 4199 Domi-

266 4252 366 4293 nus
390 4256 403 4290 :
428 4248 481 4292 et
507 4237 753 4292 reducam
781 4236 1148 4306 captivitatem
1166 4246 1420 4299 vestram,
1446 4236 1852 4306 etcongregabo

267 4343 362 4384 vos
385 4329 449 4384 de
482 4329 741 4385 universis
772 4330 1038 4401 gentibus,
1070 4329 1211 4384 etde
1234 4333 1438 4384 cunctis
1461 4329 1612 4395 locis,
1639 4329 1702 4383 ad
1733 4345 1853 4399 quae

266 4416 442 4489 espuli
468 4434 585 4485 vos,
616 4420 688 4473 ait
717 4418 992 4473 Dominus.

1979 2776 2084 2838 tus,
2115 2768 2159 2823 si
2187 2784 2290 2840 qua
2321 2769 2435 2823 laus
2464 2787 2476 2834 ;
2512 2768 2627 2826 haec
2664 2772 2922 2842 cogitate;
2943 2774 3062 2844 quia
3105 2784 3156 2831 et
3183 2776 3467 2847 didicistis,
3500 2788 3556 2838 et

1976 2861 2290 2933 accepistis,
2319 2871 2377 2918 et
2404 2861 2625 2918 audistis
2644 2905 2659 2927 ,
2683 2875 2737 2920 et
2785 2865 2990 2923 vidistis
3024 2868 3076 2923 in
3105 2883 3211 2925 me.
3242 2870 3369 2928 Hac
3398 2873 3554 2947 agite,

1976 2960 2030 3007 et
2062 2951 2203 3007 Deus
2249 2952 2393 3021 pacis
2433 2954 2848 3010 eritvobiscum.

2184 3040 2355 3090 Lectio
2394 3044 2546 3091 sancti
2571 3040 2830 3106 Evangelii
2870 3047 3135 3097 secundum
3162 3047 3357 3099 Lucam.

2044 3118 2167 3177 Fuit
2189 3123 2237 3175 in
2262 3118 2450 3177 diebus
2476 3122 2699 3178 Herodis
2721 3126 2865 3193 regis
2879 3124 3029 3182 Judae
3042 3130 3298 3186 sacerdos
3318 3130 3555 3204 quidam,

1968 3212 2186 3268 nomine
2211 3211 2552 3283 Zaccharias,
2585 3216 2654 3272 de
2681 3217 2797 3272 vice
2828 3219 2985 3285 Abia,
3014 3229 3069 3276 et
3113 3238 3253 3277 uxor
3296 3224 3370 3280 illi
3399 3225 3470 3282 de
3498 3226 3555 3282 ti-

1966 3306 2140 3362 liabus
2167 3310 2365 3372 Aaron,
2393 3316 2447 3364 et
2473 3323 2667 3364 nomen
2692 3309 2807 3380 ejus
2839 3310 3135 3368 Elizabetb.
3166 3313 3335 3371 Erant
3378 3329 3557 3376 autem

1959 3399 2090 3470 justi
2114 3397 2272 3455 ambo
2301 3409 2427 3454 ante
2455 3402 2643 3467 Deum,
2678 3401 2988 3459 incedentes
3018 3405 3071 3459 in
3127 3407 3376 3464 omnibus
3396 3424 3552 3465 mau-

1962 3490 2101 3546 datis
2123 3499 2178 3548 et
2193 3491 2666 3561 justiticationibus
2690 3492 2899 3549 Domini
2923 3496 3039 3551 sine
3060 3496 3298 3567 querella
3325 3518 3339 3566 ;
3366 3509 3421 3556 et
3445 3516 3553 3559 non

1962 3590 2078 3637 erat
2108 3581 2211 3637 illis
2258 3581 2429 3647 filius,
2464 3598 2530 3638 eo
2577 3582 2721 3655 quod
2768 3594 2911 3640 esset
2943 3584 3219 3643 Elizabeth
3250 3588 3470 3657 sterilis,
3499 3602 3553 3649 et

1959 3672 2121 3728 ambo
2165 3676 2555 3742 processissent
2600 3677 2653 3729 in
2684 3675 2873 3731 diebus
2913 3678 3046 3734 suis.
3084 3679 3302 3736 Factum
3341 3691 3426 3739 est
3453 3699 3551 3737 au-

1963 3777 2068 3824 tem
2102 3784 2222 3825 cum
2270 3766 2573 3826 sacerdotio
2600 3771 2908 3842 iungeretur
2942 3773 2997 3828 in
3037 3775 3228 3831 ordine
3277 3777 3407 3833 vicis
3437 3791 3550 3834 sua:

1961 3868 2083 3917 ante
2094 3861 2262 3916 Deum
2285 3861 2579 3917 sectmdem
2603 3864 3044 3920 consuetudinem
3068 3867 3380 3934 sacerdotii,
3404 3883 3551 3926 sorte

1959 3951 2091 4006 exiit
2122 3960 2180 4007 ut
2211 3951 2488 4009 incensum
2522 3963 2743 4022 poneret
2775 3952 3053 4023 ingressus
3081 3956 3135 4011 in
3168 3958 3427 4028 templum
3452 3959 3549 4015 Do-

1957 4043 2110 4111 mini,
2141 4052 2196 4100 et
2224 4046 2402 4101 omnis
2423 4047 2707 4102 multitudo
2736 4056 2853 4103 erat
2874 4050 3054 4118 populi
3076 4064 3237 4107 orans
3258 4051 3393 4109 foris
3414 4053 3547 4109 hora

1956 4136 2187 4192 incensi.
2222 4138 2478 4207 Apparuit
2509 4146 2685 4195 autem
2715 4140 2792 4195 illi
2825 4142 3061 4213 Angelus
3099 4142 3310 4199 Domini
3341 4154 3489 4201 stans
3511 4159 3544 4202 a

1955 4227 2162 4282 dextris
2213 4229 2394 4284 altaris
2441 4230 2668 4297 incensi,
2700 4241 2754 4286 et
2803 4230 3123 4290 laccharias
3176 4235 3420 4292 turbatus
3459 4246 3547 4293 est

1958 4318 2165 4384 videns,
2199 4330 2253 4375 et
2284 4322 2445 4376 timor
2499 4323 2665 4377 inruit
2709 4338 2872 4391 super
2929 4326 3197 4383 eum..Ait
3247 4335 3427 4384 autem
3479 4329 3547 4387 ad

1956 4410 2107 4466 illum
2141 4411 2376 4482 Angelus
2403 4429 2418 4469 :
2444 4413 2520 4469 Ne
2553 4416 2744 4471 timeas
2768 4412 3354 4485 Zaceharia,'quoniam
3380 4432 3547 4474 exau-

264 4532 485 4596 Eristola
510 4532 644 4582 Pauli
670 4530 875 4596 apostoli
906 4529 965 4579 ad
990 4530 1332 4592 Philippenses
1364 4531 1412 4579 in
1450 4531 1603 4580 sancti
1629 4529 1854 4582 Iohannis
1877 4470 1935 4534 Β
2090 4513 2173 4558 em
2194 4503 2503 4573 “meum
2534 4514 2642 4570 ωδ
2675 4515 2732 4560 ⁸⁸
2760 4520 2896 4560 “xor
2942 4515 3033 4561 ma
3063 4506 3339 4561 minim“
3373 4510 3545 4577 μάθε

869 4629 873 4635 ~
955 4603 1101 4650 missa
1127 4601 1169 4648 ³³.

338 4688 572 4753 Fratres,
592 4686 817 4757 gaudete
856 4688 904 4739 in
940 4684 1165 4739 Domino
1213 4699 1446 4753 semper,
1477 4686 1668 4740 iterum
1728 4685 1850 4740 dico

263 4782 513 4855 gaudete.
544 4781 796 4836 Modestia
836 4789 1012 4833 vestra
1062 4786 1186 4831 nota
1229 4778 1297 4831 sit
1327 4778 1574 4833 omnibus
1619 4778 1848 4832 homini-

262 4876 383 4939 bus,
406 4874 661 4929 Dominus
686 4873 826 4927 enim
855 4885 1017 4940 prope
1045 4879 1149 4925 est.
1187 4868 1322 4924 Nihil
1345 4870 1559 4923 solliciti
1583 4869 1721 4932 sitis,
1752 4869 1846 4924 sed

260 4967 316 5023 in
359 4966 503 5020 omni
532 4965 773 5020 oratione
794 4970 847 5017 et
874 4960 1244 5016 obsecratione
1272 4974 1391 5015 cum
1444 4960 1736 5031 gratiarum
1762 4974 1851 5014 ac-

264 5062 411 5115 tione
438 5059 717 5129 petitiOnes
758 5064 950 5113 vestra
995 5055 1330 5110 innotescant
1392 5053 1530 5123 apud
1561 5052 1751 5108 Deum.
1785 5052 1849 5107 Et

263 5168 366 5224 pax
410 5148 501 5207 Del
548 5167 664 5221 (ποτε
710 5156 992 5221 exsuperat
1040 5161 1256 5203 omnem
1301 5162 1537 5213 sensum,
1583 5146 1849 5201 custodiat

265 5245 429 5299 corda
460 5255 635 5300 vestra
663 5255 716 5300 et
750 5241 1125 5311 intelligentias
1155 5250 1361 5296 vestras
1381 5242 1433 5295 in
1459 5239 1671 5295 Christo
1692 5239 1842 5296 Iesu.

262 5335 340 5392 De
361 5345 564 5401 cetero,
592 5335 808 5401 fratres,
827 5348 1178 5404 quaecumque
1189 5341 1314 5386 sunt
1333 5347 1480 5395 vera,
1496 5326 1846 5402 quaecumque

260 5427 450 5499 pudica
471 5472 485 5496 ,
508 5442 860 5497 qmecumqne
873 5426 1037 5495 justa,
1085 5438 1437 5494 quacumque
1469 5432 1673 5492 sancta,
1696 5439 1847 5495 qua-

260 5540 488 5595 cumque
509 5524 776 5597 amabilia,
795 5536 1145 5594 quatcumque
1170 5519 1323 5575 bona!
1338 5518 1524 5581 famae;
1549 5520 1596 5576 si
1619 5533 1723 5591 qua
1735 5520 1847 5577 vir-

332 5670 357 5697 α
387 5659 443 5720 ld
474 5669 559 5716 est
580 5659 737 5729 festo,
771 5659 845 5712 uti
866 5658 1130 5729 colligitur
1159 5671 1247 5729 ex_
1275 5652 1530 5729 Lectione
1579 5662 1840 5729 sequente

257 5731 389 5788 Post
416 5732 582 5789 uncti
632 5727 883 5787 Iohannis
936 5726 1163 5784 missam.
1214 5726 1333 5795 Quo
1379 5726 1596 5782 nomine
1647 5726 1840 5783 festum

785 5877 799 5886 ‘
836 5878 927 5897 ww

1959 4593 2051 4649 tibi
2079 4596 2267 4661 lilium,
2300 4606 2356 4651 et
2385 4596 2603 4652 vocabis
2631 4610 2825 4653 nomen
2860 4596 2978 4665 ejus
3000 4596 3326 4666 Iohannem,
3359 4608 3411 4655 et
3435 4602 3541 4658 erit

1954 4688 2204 4757 gaudium
2242 4689 2358 4754 tibi,
2387 4700 2439 4743 et
2472 4690 2763 4755 exultatio;
2791 4697 2846 4743 et
2866 4690 3016 4745 multi
3040 4690 3093 4744 in
3123 4691 3399 4749 nativitate
3422 4694 3543 4764 ejus

1952 4780 2279 4850 gaudebunt,
2312 4790 2369 4836 et
2396 4784 2501 4837 erit
2529 4794 2753 4851 magnus
2772 4795 2953 4837 coram
2994 4770 3243 4849 Domino,
3271 4794 3326 4841 et
3348 4787 3531 4843 vinum

1955 4882 2007 4925 ct
2031 4872 2256 4927 siceram
2308 4888 2413 4928 non
2454 4872 2621 4937 bibet,
2648 4881 2701 4927 et
2744 4872 2946 4943 Spiritu
2998 4884 3187 4931 sancto
3240 4878 3537 4946 replebitur

1955 4963 2131 5017 adhuc
2157 4977 2225 5017 ex
2255 4971 2408 5019 utero
2438 4964 2622 5019 matris
2642 4978 2774 5031 suae,
2798 4972 2855 5020 et
2880 4965 3080 5021 multos
3107 4966 3341 5024 ﬁliorum
3372 4968 3535 5027 lsrael

1956 5064 2237 5111 convertet
2262 5056 2328 5112 ad
2359 5056 2642 5112 Dominum
2668 5057 2834 5113 Deum
2864 5058 3120 5127 ipsorum.
3154 5058 3225 5115 Et
3250 5060 3365 5130 ipse
3389 5074 3529 5132 prae-

1950 5146 2105 5202 cedet
2137 5158 2260 5203 ante
2290 5148 2437 5204 illum
2470 5150 2521 5203 in
2550 5150 2743 5220 spiritu
2773 5158 2831 5205 et
2858 5149 3055 5207 virtute
3104 5148 3290 5220 Helias,
3321 5162 3378 5208 ut
3406 5166 3538 5210 con-

1953 5248 2129 5296 vertat
2158 5242 2320 5296 corda
2352 5249 2563 5311 patrum
2592 5239 2644 5295 in
2678 5240 2839 5307 ﬁlios,
2873 5252 2927 5295 et
2956 5241 3297 5298 incredibiles
3320 5242 3384 5297 ad
3414 5257 3538 5313 pru-

1950 5333 2190 5389 dentiam
2211 5336 2497 5402 justoram,
2523 5348 2713 5404 parare
2737 5333 2965 5390 Domino
2983 5335 3193 5405 plebem
3215 5336 3535 5407 perfectam.

1951 5426 2021 5482 Et
2047 5427 2184 5484 dixit
2211 5426 2533 5485 laoch'arias
2581 5429 2649 5484 ad
2700 5427 2948 5500 angelum
2976 5448 2989 5482 :
3021 5427 3175 5485 Unde
3201 5427 3308 5486 hoc
3334 5430 3536 5487 sciam?

1951 5520 2066 5591 Ego
2095 5520 2238 5575 enim
2267 5534 2386 5579 sum
2415 5535 2605 5587 senex,
2631 5529 2688 5576 et
2711 5535 2848 5576 uxor
2876 5534 2994 5576 mea
3046 5522 3310 5590 processit
3334 5524 3390 5579 in
3415 5523 3529 5581 die-

1949 5656 2088 5724 apad
2126 5666 2338 5713 veteres
2365 5655 2676 5726 significari,
2707 5655 2889 5713 notius
2910 5662 2991 5712 est
3020 5667 3183 5724 quam
3220 5663 3280 5710 ut
3302 5649 3516 5723 puberi

1949 5726 2020 5782 sit
2041 5730 2432 5785 necessariam.
