4060 6346
615 383 720 443 519

1437 368 1780 432 APPENDIX
1823 369 1914 425 ao
1951 362 2180 424 ossea
2217 359 2277 419 s.
2317 357 2624 420 GERMANI
2665 359 3098 423 PARISIENSIS.
3796 360 3874 418 seu

622 500 724 554 bus
750 495 878 552 suis.
909 490 976 547 Et
992 490 1325 560 respondens
1351 489 1570 557 angelus
1628 485 1763 540 dixit
1792 485 1840 538 ei
1872 500 1886 538 :
1919 481 2029 551 Ego
2076 489 2194 533 sum
2225 473 2277 534 A
2302 475 2455 530 Nolo.
2485 475 2678 533 Postea
2706 487 2886 533 autem
2910 475 3212 547 paenitentia
3236 482 3436 530 motus
3463 472 3619 528 abiit.
3646 473 3874 534 Accedens

616 587 853 651 Gabriel,
885 584 975 654 qui
1001 583 1155 637 adsto
1201 590 1326 635 ante
1358 579 1544 641 Deum,
1574 586 1629 632 et
1660 576 1855 630 missus
1904 587 2020 626 sum
2054 568 2200 638 loqui

617 678 682 732 ad
712 687 794 741 te,
826 685 880 731 et
911 674 1026 728 haec
1071 673 1164 727 tibi
1194 670 1563 740 evangelizare
1585 711 1600 734 ,
1624 679 1677 723 et
1705 680 1833 722 ecce
1858 663 1968 719 eris
2000 673 2200 726 tacens,

611 780 671 828 et
700 783 801 822 non
835 765 1033 836 poteris
1071 764 1210 833 loqui
1263 778 1431 832 usque
1490 762 1540 814 in
1572 759 1711 814 diem
1745 772 1849 826 quo
1903 755 2017 809 hzec
2051 754 2202 820 fiant,

617 878 717 932 pro
738 877 803 916 eo
829 862 967 931 quod
999 876 1104 914 non
1127 857 1398 913 credidisti
1425 855 1604 910 verbis
1659 853 1812 914 meis,
1843 866 1964 921 qua:
2010 847 2202 915 imple-

620 956 814 1008 buntur
843 955 893 1008 in
929 962 1164 1020 tempore
1216 965 1335 1005 suo.
1366 949 1430 1003 Et
1495 954 1613 1004 erat
1666 946 1818 1015 plebs
1873 950 2196 1011 exspectans

620 1043 996 1110 Zacchariam,
1025 1054 1078 1099 et
1131 1043 1462 1098 mirabantur
1511 1039 1652 1111 quod
1700 1037 1935 1093 tardaret
1986 1036 2100 1104 ipse
2151 1032 2205 1087 in

621 1137 840 1203 templo.
875 1136 1127 1204 Egressus
1168 1143 1343 1188 autem
1388 1149 1493 1187 non
1525 1140 1734 1201 poterat
1763 1129 1910 1198 loqui
1934 1126 2001 1181 ad
2030 1127 2151 1180 illos
2185 1141 2196 1178 :

621 1240 674 1286 et
693 1240 1050 1300 cognoverunt
1075 1229 1213 1299 quod
1231 1229 1489 1284 visionem
1515 1226 1740 1280 vidisset
1765 1225 1880 1294 ipse
1898 1223 1949 1277 iu
1975 1220 2201 1290 templo.

620 1321 683 1378 Et
711 1324 824 1390 ipse
861 1317 976 1376 erat
1004 1323 1229 1376 innuens
1277 1320 1402 1383 illis,
1440 1329 1492 1373 et
1542 1315 1843 1385 permansit
1886 1323 2085 1368 mutus.
2135 1311 2198 1364 Et

621 1413 814 1469 factum
838 1424 919 1470 est
969 1424 1026 1469 ut
1054 1414 1254 1482 impleti
1287 1421 1411 1467 sunt
1441 1410 1556 1465 dies
1598 1410 1763 1464 ofticii
1815 1408 1956 1475 ejus,
1987 1405 2120 1459 abiit
2153 1403 2208 1457 in

621 1507 839 1563 domum
870 1522 1044 1561 suam.
1080 1505 1205 1559 Post
1234 1505 1331 1559 hos
1361 1512 1538 1558 autem
1573 1502 1689 1556 dies
1712 1542 1726 1564 ,
1753 1499 1999 1566 concepit
2032 1496 2210 1552 Eliza-

621 1598 746 1654 beth
774 1614 913 1660 uxor
940 1601 1076 1665 ejus,
1108 1607 1161 1652 et
1189 1596 1493 1652 occultabat
1542 1609 1600 1648 se
1645 1593 1918 1647 mensibus
1962 1589 2204 1659 quinque

623 1688 802 1745 dicens
831 1707 844 1742 :
876 1688 1006 1755 Quia
1039 1688 1115 1741 sic
1144 1686 1269 1740 mihi
1303 1685 1428 1739 fecit
1473 1683 1728 1738 Dominus
1761 1684 1812 1736 in
1845 1681 2054 1743 diebus,
2086 1679 2204 1748 qui-

623 1781 721 1838 bus
749 1782 983 1850 respexit
1010 1779 1223 1833 auferre
1273 1779 1621 1847 opprobrium
1656 1792 1832 1832 meum
1866 1777 2006 1829 inter
2035 1774 2210 1828 homi—

620 1886 739 1926 nes.
768 1870 1040 1924 Elizabeth
1063 1880 1238 1924 autem
1281 1869 1557 1937 impletum
1586 1878 1669 1923 est.
1699 1877 1908 1936 tempus
1941 1867 2207 1936 pariendi,

627 1971 680 2016 et
707 1961 910 2030 peperit
939 1960 1124 2015 filium.
1174 1959 1470 2013 Audicrunt
1500 1958 1655 2012 vicini
1707 1967 1760 2012 et
1801 1958 2013 2027 cognati
2061 1957 2207 2025 ejus,

629 2055 753 2122 quia
784 2054 1139 2120 magnificavit
1172 2053 1428 2107 Dominus
1452 2051 1876 2106 miscricordiam
1908 2065 2057 2104 suam
2091 2064 2213 2104 cum

632 2146 745 2210 illa,
772 2145 1349 2213 elcongratnlabantnr
1392 2145 1459 2198 ei.
1489 2144 1554 2197 Et
1585 2143 1778 2197 factum
1805 2157 1886 2197 εει
1910 2141 1961 2196 in
2011 2143 2098 2196 die
2125 2157 2215 2196 oc-

635 2249 755 2292 lavo
812 2246 1071 2292 venerunt
1119 2237 1507 2291 circumcidere
1552 2251 1810 2303 puerum,
1846 2244 1899 2288 et
1951 2235 2216 2288 vocabant

628 2330 986 2386 cumnomine
1028 2329 1191 2398 patris
1243 2330 1359 2399 ejus
1416 2326 1727 2381 Ziccharia.
1757 2327 1820 2380 Et
1877 2325 2214 2395 respondens

628 2433 799 2477 mater
820 2422 935 2491 ejus
957 2421 1090 2474 dixit
1117 2439 1128 2472 :
1162 2420 1505 2490 Nequaquam
1535 2461 1547 2483 ,
1580 2418 1672 2473 sed
1705 2417 1983 2471 vocabitur
2013 2416 2215 2470 Johan-

629 2529 747 2568 nes.
775 2512 840 2566 Et
862 2513 1108 2568 dixerunt
1137 2511 1202 2565 ad
1230 2513 1372 2566 illam
1407 2529 1418 2562 :
1454 2511 1586 2577 Quia
1629 2525 1788 2564 nemo
1811 2519 1894 2564 est
1936 2512 1988 2562 in
2021 2524 2216 2578 cogna-

630 2606 775 2658 tione
799 2614 887 2659 tua
909 2604 998 2674 qui
1027 2612 1248 2658 vocetur
1280 2604 1382 2658 hoc
1431 2603 1666 2657 nomine.
1698 2600 2000 2657 Innuebant
2029 2612 2211 2656 autem

636 2694 773 2762 patri
805 2694 921 2763 ejus
950 2709 1107 2763 quem
1140 2693 1301 2748 vellet
1327 2695 1505 2748 vocari
1538 2710 1680 2748 eum.
1709 2695 1775 2750 Et
1805 2695 2081 2763 postulans
2118 2711 2216 2764 pu-

637 2787 904 2856 gillurem,
928 2787 1141 2856 scripsit
1164 2786 1348 2841 dicens
1376 2803 1388 2838 :
1416 2785 1691 2842 Johannes
1741 2797 1826 2842 est
1856 2802 2050 2842 nomen
2076 2788 2216 2858 ejus.

640 2877 707 2932 Et
742 2879 917 2933 mirati
948 2887 1074 2933 sunt
1103 2878 1362 2933 universi.
1397 2882 1655 2946 Apertum
1687 2890 1769 2934 est
1799 2890 1978 2934 autem
2005 2881 2127 2935 ilico
2160 2895 2220 2936 os

638 2969 774 3038 ejus,
808 2978 860 3023 et
889 2969 1063 3038 lingua
1090 2969 1228 3038 ejus,
1251 2978 1304 3023 et
1335 2971 1650 3040 loquebatur
1673 2970 1998 3024 benedicens
2027 2970 2216 3025 Deum.

638 3059 705 3113 Et
736 3061 904 3113 factus
925 3067 1008 3115 est
1035 3063 1195 3114 timor
1242 3074 1404 3128 super
1433 3075 1621 3115 omnes
1665 3061 1869 3116 vicinos
1927 3077 2141 3130 eorum,
2168 3072 2224 3118 et

638 3165 801 3220 super
853 3152 1030 3205 omnia
1081 3161 1334 3206 montana
1382 3152 1532 3208 Judae
1580 3153 1992 3223 divulgabantnr
2041 3156 2222 3210 omnia

2307 576 2482 623 autem
2513 569 2580 623 ad
2610 569 2858 634 alterum,
2889 569 3024 624 dixit
3045 567 3320 624 similiter.
3359 567 3434 620 At
3467 565 3562 621 ille
3587 567 3872 636 respondens

2307 661 2381 715 ait
2410 677 2424 714 :
2460 661 2557 726 Eo,
2583 661 2796 717 domine
2819 705 2834 729 ,
2867 671 3046 715 etnon
3087 659 3199 714 ivit.
3229 658 3378 725 Quis
3425 673 3497 712 ex
3544 656 3742 714 duobus
3784 659 3874 718 fecit

2312 754 2642 808 voluntatem
2677 755 2891 809 Patris?
2928 755 3119 808 Dicunt
3145 755 3216 819 ei,
3241 751 3618 808 Novissimus.
3654 752 3772 809 Dicit
3795 756 3871 810 illis

2308 844 2464 900 Jesns
2495 862 2509 899 :
2543 847 2713 902 Amen
2738 846 2857 902 dico
2886 847 3057 912 vobis,
3091 850 3212 916 quia
3241 845 3538 915 publicani
3573 856 3627 900 et
3676 848 3871 900 meretri-

2309 951 2399 994 ces
2430 939 2736 1006 praecedunt
2761 953 2855 992 vos
2888 938 2938 992 iu
2985 953 3150 1008 regno
3184 937 3308 992 Dei.
3350 937 3516 992 Venit
3555 937 3692 992 enim
3719 938 3774 992 ad
3799 954 3866 993 vos

2309 1029 2582 1086 Johannes
2612 1030 2662 1084 in
2698 1031 2782 1084 via
2832 1029 3074 1098 justitiae,
3098 1038 3152 1082 et
3200 1043 3312 1082 non
3347 1028 3665 1083 credidistis
3690 1028 3734 1082 ei
3763 1046 3775 1083 :
3802 1045 3868 1098 pu-

2309 1121 2504 1177 blicani
2531 1129 2708 1176 autem
2736 1131 2792 1178 et
2821 1122 3142 1176 meretrices
3187 1119 3555 1176 crediderunt
3596 1119 3667 1186 ei,
3697 1135 3776 1174 vos
3798 1137 3865 1175 au-

2311 1222 2419 1267 tem
2448 1212 2689 1268 videntes
2741 1226 2841 1267 nec
2899 1211 3268 1282 penitentiam
3307 1209 3588 1265 habuistis
3619 1220 3783 1281 postea
3826 1220 3866 1265 ut

2311 1302 2605 1360 crederetis
2630 1304 2700 1358 ei.

2881 1373 2996 1424 Post
3018 1372 3349 1436 prophetiam.

2387 1460 2574 1529 Aperi,
2619 1458 2870 1524 Domine,
2914 1459 3150 1514 claustra
3181 1459 3297 1514 oris
3352 1456 3568 1522 nostri,
3599 1471 3698 1512 non
3736 1457 3863 1512 solum

2313 1551 2575 1622 linguam,
2607 1551 2701 1606 sed
2731 1562 2786 1608 et
2833 1562 3066 1607 mentem
3094 1593 3108 1616 ,
3142 1552 3452 1607 secundum
3499 1551 3640 1605 servi
3665 1551 3733 1604 tui
3766 1547 3863 1604 Zac-

2312 1643 2509 1698 cbarize
2539 1643 2838 1712 prophetae,
2867 1652 2925 1698 ut
2969 1644 3217 1698 omnibus
3254 1643 3462 1699 diebus
3492 1643 3615 1698 vitm
3640 1652 3807 1697 nostra:
3827 1649 3864 1697 te

2313 1733 2531 1788 laudare
2582 1734 2880 1802 possimus,
2910 1744 2964 1788 et
2996 1736 3380 1791 remissionem
3423 1744 3750 1805 peccatorum
3773 1749 3861 1790 com

2240 1857 2288 1918 Β
2314 1830 2464 1899 sequi
2496 1843 2798 1884 mereamur
2825 1831 2879 1883 in
2906 1829 2988 1882 via
3023 1833 3167 1897 pacis
3195 1840 3450 1885 teter-nm.
3485 1829 3607 1884 Per.

2905 1934 3074 1969 mcm'r
3119 1933 3254 1970 mssa
3281 1922 3332 1969 ⁸.

2393 2003 2744 2072 Omnipotens
2771 2003 3097 2074 sempiterne
3127 2004 3293 2070 Dens,
3320 2003 3420 2074 qui
3469 2005 3608 2059 hunc
3637 2004 3771 2058 nobis
3795 2002 3862 2057 ho-

2318 2094 2611 2149 norabilem
2640 2095 2781 2150 diem
2807 2095 2860 2149 in
2892 2096 3032 2150 beati
3063 2096 3330 2152 Johannis
3367 2097 3622 2167 Baptistae
3645 2096 3859 2150 nativitate

2318 2188 2492 2242 fecisti
2553 2187 2838 2258 insignem,
2871 2202 3177 2256 quassumus
3209 2198 3267 2244 ut
3322 2198 3452 2244 tuus
3485 2202 3775 2258 praecursor,
3800 2185 3859 2254 qui

2317 2279 2456 2334 inter
2484 2289 2636 2335 natos
2667 2281 2953 2336 mulierum
3009 2281 3274 2336 omnibus
3309 2281 3491 2350 major
3537 2279 3767 2346 surrexit,
3792 2294 3856 2333 no-

2319 2379 2484 2426 stram
2513 2373 2850 2443 fragilitatem
2875 2384 2978 2430 tua:
3007 2375 3186 2444 pietati
3214 2375 3584 2432 commendet.

2993 2467 3228 2518 Collectio

2395 2547 2533 2604 Deus
2559 2549 2647 2618 qui
2700 2548 2842 2605 hunc
2895 2549 3040 2606 diem
3099 2551 3396 2608 nativitatis
3459 2550 3599 2608 beati
3658 2547 3856 2604 Johannis

2327 2638 2581 2706 Baptistae
2635 2640 3113 2711 incomparabilem
3181 2644 3498 2700 hominibus
3551 2642 3850 2698 consecrasti:

2321 2741 2518 2800 praesta
2551 2734 2704 2790 nobis
2725 2735 2792 2790 de
2829 2738 2945 2805 ejus
2990 2738 3230 2802 meritis,
3267 2737 3416 2793 illius
3447 2752 3544 2793 nos
3573 2734 3852 2791 calceamenti

2323 2826 2476 2896 sequi
2539 2829 2818 2896 vestigium
2881 2829 3085 2903 [quise
3142 2831 3208 2885 ad
3259 2832 3572 2888 solvendam
3625 2824 3851 2885 Salvawris

2322 2922 2611 2992 corrigiam
2635 2921 2942 2992 praedicavit
2972 2922 3266 2992 indignum.

2942 3013 3060 3062 Post
3085 3016 3302 3063 nomina.

2396 3093 2529 3161 Tua,
2588 3097 2849 3162 Domine,
2907 3098 3225 3152 muneribus
3279 3097 3537 3152 salutaria
3591 3094 3618 3134 ι’
3668 3091 3849 3149 cumula-

2325 3205 2464 3256 mns,
2495 3190 2634 3245 beati
2662 3190 2921 3246 Johannis
2953 3192 3202 3261 Baptista:
3231 3193 3563 3248 nativitatem
3591 3190 3764 3245 honore
3784 3185 3847 3239 de-

831 3243 1423 3353 9?",“T‘I‘,
1448 3259 1636 3353 (ξθῗῖῗδ
1691 3247 1779 3353 (Ψί
1819 3246 2222 3353 ,afldier‘aft‘in
2250 3241 2299 3305 Ο
2332 3241 2464 3336 hilo,
2486 3282 2839 3351 celebrantes,
2886 3284 2975 3353 qui
3013 3241 3351 3341 Sralvatorem
3398 3283 3578 3341 mundi
3612 3279 3778 3338 cecinit
3801 3273 3845 3330 ad

643 3333 808 3388 corde
834 3347 933 3387 suo
955 3332 1196 3390 dicentes
1238 3351 1250 3386 :
1289 3334 1424 3401 Quid
1459 3344 1612 3404 putas
1658 3351 1792 3406 puer
1817 3337 1918 3392 iste
1937 3337 2081 3391 erit?
2110 3346 2225 3393 ete-

644 3429 754 3484 nim
782 3443 970 3482 manus
1001 3429 1211 3484 Domini
1239 3436 1355 3484 erat
1386 3444 1506 3484 cum
1532 3429 1646 3484 illo.
1677 3431 1745 3484 Et
1780 3429 2105 3487 Zaccharias
2135 3448 2231 3502 pa-

643 3531 723 3576 ter
750 3519 866 3590 ejus
896 3521 1149 3591 impletus
1177 3529 1261 3576 est
1305 3521 1514 3590 Spiritu
1546 3533 1757 3588 sancto,
1791 3533 1845 3576 et
1892 3524 2230 3594 prophetavit

649 3616 834 3669 dicens
868 3632 880 3666 :
917 3614 1236 3669 Benedictus
1258 3613 1516 3669 Dominus
1558 3614 1699 3668 Deus
1729 3614 1914 3670 Israel.
1944 3616 2084 3671 Puer
2131 3632 2229 3670 an-

646 3715 751 3761 tem
783 3707 1058 3760 crescebat
1105 3713 1159 3760 et
1199 3702 1603 3761 confortabatur
1658 3705 1868 3775 spiritu,
1903 3715 1960 3762 et
2015 3717 2131 3762 erat
2176 3708 2227 3763 in

643 3798 855 3854 deserto
881 3811 1048 3866 usque
1079 3799 1132 3850 in
1161 3796 1300 3852 diem
1328 3797 1654 3853 ostensionis
1682 3812 1792 3853 sum
1815 3797 1881 3854 ad
1911 3798 2099 3854 Israel.

647 3907 816 3959 Lectio
840 3909 993 3957 sancti
1014 3907 1273 3969 Evangelii
1298 3909 1567 3960 secundum
1591 3909 1892 3970 Matthaeum,
1911 3923 2020 3972 quae
2045 3910 2232 3975 legitur

1058 3985 1168 4039 post
1188 3982 1340 4028 sancti
1363 3979 1596 4030 Johannis
1617 3983 1824 4031 missam.

723 4081 915 4137 Diebus
945 4082 1068 4149 illis,
1095 4097 1214 4137 cum
1261 4085 1494 4140 venisset
1523 4085 1784 4143 Dominus
1829 4089 1986 4144 Jesns
2007 4090 2058 4143 in
2091 4098 2230 4145 tem-

651 4173 819 4241 plum,
859 4183 1200 4228 accesserunt
1237 4175 1301 4229 ad
1331 4190 1453 4231 eum
1503 4180 1784 4234 docentem
1840 4181 2107 4250 principes
2133 4183 2229 4239 Sa-

649 4265 948 4330 cer-dotum,
981 4275 1035 4320 et
1084 4267 1323 4322 seniores
1352 4269 1553 4337 populi,
1607 4268 1882 4327 dicentes:
1915 4273 1966 4326 in
1997 4288 2100 4343 qua
2131 4289 2229 4344 po-

651 4365 843 4412 testate
865 4357 977 4416 llaac
1000 4359 1152 4425 facis,
1184 4371 1238 4417 et
1265 4364 1384 4433 quis
1415 4365 1562 4420 dedit
1585 4366 1677 4421 tibi
1702 4366 1837 4423 hanc
1859 4376 2177 4437 potestatem
2203 4370 2226 4422 ‘i

647 4449 998 4519 Bespondens
1028 4451 1183 4507 Jesus
1213 4453 1348 4509 dixit
1375 4456 1479 4511 illis
1508 4475 1520 4511 :
1552 4458 1897 4530 lntcrrogabo
1924 4476 2016 4515 vos
2045 4469 2101 4516 et
2131 4477 2231 4532 ego

646 4557 807 4597 unum
838 4559 1166 4611 sermonem,
1193 4563 1353 4618 quem
1385 4550 1429 4604 si
1458 4550 1702 4608 dixeritis
1742 4555 1894 4622 mihi,
1928 4567 1983 4610 et
2007 4573 2108 4626 ego
2140 4574 2232 4612 vo-

2331 3374 2581 3430 salutem.

2966 3448 3039 3498 Λᾶ
3066 3463 3257 3511 pacem.

2405 3517 2628 3584 Praesta,
2666 3535 2991 3585 quaesumus,
3027 3508 3276 3587 Domine,
3327 3533 3387 3579 nt
3434 3520 3648 3592 populus
3688 3526 3781 3570 tuus
3800 3508 3844 3564 ad

2333 3609 2503 3677 plenm
2532 3609 2826 3666 devotionis
2856 3610 3101 3668 eﬂ'ectum
3121 3656 3136 3682 ,
3171 3615 3313 3669 beati
3346 3613 3607 3670 Johannis
3653 3606 3841 3675 Baptism

2333 3702 2587 3758 natalitiis
2613 3704 2902 3773 imbuatur,
2935 3723 3092 3777 quem
3137 3708 3451 3778 praemisisti
3507 3706 3631 3763 Filio
3667 3712 3739 3757 ιιιο
3763 3697 3842 3768 Ρ¹θ’

2333 3796 2454 3853 hem
2487 3813 2673 3868 parare
2701 3800 3022 3867 perfectam.

2968 3893 3286 3945 Contestatto.

2406 3972 2541 4029 Vere
2562 3975 2779 4045 dignum
2805 3986 2856 4031 et
2882 3976 3080 4045 justum
3131 3989 3233 4043 est,
3263 3979 3593 4047 omnipotens
3635 3971 3773 4030 Deus,
3794 3962 3830 4015 ῖα

2333 4067 2419 4123 die
2451 4069 2752 4124 festivitatis
2780 4070 3074 4138 hodierna,
3110 4087 3216 4142 quo
3265 4071 3449 4128 beatus
3497 4069 3581 4124 ille
3623 4062 3832 4120 Iohannes

2333 4172 2548 4217 exortus
2573 4173 2677 4226 est,
2706 4163 2792 4232 qui
2822 4178 3007 4218 vocem
3039 4163 3222 4218 Matris
3265 4162 3475 4219 Domini
3519 4157 3722 4214 nondum
3753 4144 3831 4241 edi-

2334 4265 2419 4311 tus
2445 4258 2632 4322 sensit,
2667 4265 2721 4312 et
2747 4257 2919 4312 adhuc
2941 4259 3153 4313 clausus
3189 4267 3343 4313 utero
3394 4256 3655 4310 adventum
3692 4243 3828 4301 salutis

2334 4345 2579 4401 humanae
2610 4347 2918 4417 prophetica
2971 4349 3303 4404 exultatione
3333 4345 3538 4419 gestivit
3563 4358 3578 4395 :
3607 4336 3681 4409 qui
3704 4341 3744 4389 et
3765 4341 3829 4427 ες·

2335 4439 2552 4493 netricis
2594 4439 2930 4494 sterilitatem
2981 4451 3272 4509 conceptus
3325 4436 3584 4498 abstersit,
3631 4439 3676 4484 el
3717 4429 3832 4493 Ilams

2335 4529 2569 4600 linguam
2609 4541 2763 4583 natus
2795 4529 3045 4597 absolvit,
3070 4531 3326 4601 solusque
3373 4529 3594 4586 omnium
3616 4514 3830 4590 propheta-

643 4635 728 4690 ωε
766 4636 937 4693 dicam
986 4639 1040 4693 in
1088 4606 1505 4709 qda'poleslate
1550 4606 2472 4718 lmc’fagi'g'ngIigngnDrum,
2503 4621 2875 4675 Redetntorem
2934 4621 3135 4686 mundi,
3181 4637 3339 4692 quem
3393 4606 3828 4718 praiIIUIICIaVilii-Ji‘

644 4728 904 4785 Johannis
937 4731 1078 4788 unde
1112 4735 1273 4789 erat?
1312 4751 1341 4790 e
1363 4738 1516 4805 caalo,
1547 4753 1614 4793 an
1663 4756 1726 4796 ex
1785 4743 2134 4798 hominibus?
2162 4744 2230 4798 At

646 4818 720 4874 illi
749 4823 1052 4890 cogitabant
1105 4825 1244 4880 inter
1289 4841 1369 4892 se,
1419 4829 1654 4886 dicentes
1686 4849 1700 4887 :
1733 4833 1788 4888 Si
1836 4835 2150 4902 dixerimus,
2186 4836 2227 4890 E

645 4911 812 4976 caelo,
863 4911 1003 4966 dicet
1030 4914 1186 4970 nobis
1213 4931 1226 4971 :
1259 4917 1432 4984 Quare
1453 4923 1580 4990 ergo
1610 4929 1717 4978 non
1746 4926 2050 4982 credidistis
2101 4928 2232 4984 illo?

645 5001 690 5056 si
715 5010 892 5057 autem
915 5003 1210 5063 dixerimus
1243 5026 1255 5061 :
1283 5008 1362 5064 Ex
1389 5013 1712 5082 hominibus,
1734 5017 1978 5074 timemus
1996 5021 2226 5077 turbam.

646 5091 848 5148 Omnes
868 5095 1011 5149 enim
1045 5097 1314 5155 habebant
1364 5102 1660 5162 Johannem
1716 5110 1854 5164 sicut
1886 5113 2221 5182 prophetam.

645 5183 717 5239 Et
743 5188 1131 5256 respondentes
1158 5191 1315 5261 Jesn,
1347 5195 1600 5254 dixerunt
1633 5219 1644 5254 :
1680 5201 1974 5260 Nescimus.
2009 5207 2096 5262 Ait
2123 5208 2227 5264 illis

645 5285 700 5330 et
729 5277 841 5348 ipse
874 5298 886 5334 :
919 5280 1031 5336 Nec
1060 5297 1160 5353 ego
1197 5285 1348 5341 vobis
1393 5287 1512 5343 dico
1552 5290 1604 5345 in
1633 5307 1736 5363 qua
1779 5307 2066 5364 protestate
2115 5299 2227 5354 haec

645 5366 806 5424 facio.
837 5371 971 5439 Quid
1001 5377 1354 5434 autem‘vobis
1387 5381 1627 5437 videtur?
1658 5385 1826 5442 llomo
1848 5387 2072 5444 habebat
2092 5390 2229 5447 duos

645 5459 812 5527 filios,
843 5475 898 5519 et
920 5469 1182 5524 accedens
1205 5471 1269 5524 ad
1297 5474 1523 5542 primum
1547 5477 1684 5532 dixit
1717 5495 1729 5534 :
1765 5479 1883 5545 Fili,
1911 5482 2041 5537 vade
2069 5483 2230 5542 hodie

645 5555 859 5617 operari
890 5555 945 5611 in
994 5560 1148 5615 vinea
1180 5577 1319 5617 mea.
1371 5564 1462 5619 Ille
1513 5577 1690 5622 autem
1721 5572 2053 5640 respondens
2106 5577 2226 5634 ait:

720 5705 744 5732 ,ι
776 5695 902 5750 Haec
926 5709 1249 5771 praepostere
1281 5701 1448 5768 posita
1470 5743 1484 5766 ,
1510 5718 1628 5770 quae
1673 5705 1981 5769 praecedere
2014 5705 2230 5771 debue-

649 5778 764 5824 rant
804 5768 1078 5834 superiora
1112 5768 1236 5822 Post
1269 5773 1474 5824 missam
1495 5768 1658 5828 sancti
1681 5768 1958 5834 VIo/cannis.

722 5837 747 5876 ι»
772 5837 829 5892 In
859 5837 1121 5906 Romano,
1149 5841 1237 5894 ubi
1269 5841 1385 5897 haec
1413 5844 1671 5902 Collectio
1699 5848 1812 5905 fere
1840 5851 2030 5908 eadem
2061 5855 2230 5912 refer-

2337 4715 2611 4780 tendit;et
2639 4727 2885 4769 utsacraa
2929 4715 3316 4785 pnriticationis
3359 4715 3588 4772 effectum
3629 4707 3821 4792 aquaruln

2336 4820 2520 4862 natura
2569 4809 2897 4877 conciperet,
2949 4808 3348 4865 sanctificandis
3401 4801 3629 4863 Jordanis
3670 4793 3824 4848 ﬂuenlls

2334 4901 2507 4968 ipsum
2539 4901 2871 4970 baptismatis
2909 4901 3036 4955 lavit
3081 4911 3357 4958 auctorem
3405 4900 3574 4957 Jesum
3616 4885 3819 4946 οιπῑειιιω

2337 4991 2622 5048 Dominum
2648 5003 2912 5048 nostrum.
2946 4993 3048 5049 Per
3071 5009 3250 5064 quem.

2594 5121 2739 5161 IISSA
2780 5123 2829 5160 IN
2868 5117 3054 5163 εΑΝοτι
3097 5123 3342 5166 IOHANNIS
3378 5114 3620 5162 PASSIONB-

2465 5197 2490 5224 σ
2507 5193 2679 5246 Lectio
2703 5196 2816 5246 libri
2842 5197 3108 5258 Sapientiae
3129 5197 3416 5260 Salomonis,
3439 5195 3500 5245 de
3519 5201 3606 5242 uno
3619 5185 3735 5247 justo.

2409 5302 2603 5356 Beatus
2627 5303 2707 5357 vir
2729 5302 2818 5370 qui
2867 5304 3117 5359 inventus
3166 5314 3251 5360 est
3299 5305 3414 5360 sine
3454 5293 3652 5356 macula,
3678 5292 3720 5340 el
3751 5288 3814 5345 lIl”

2339 5404 2458 5462 post
2479 5410 2667 5449 aurum
2699 5412 2804 5451 non
2849 5397 3001 5463 abiit,
3033 5414 3133 5454 nec
3188 5398 3416 5469 speravit
3464 5395 3511 5448 in
3558 5378 3741 5469 Pecunia.

2341 5485 2626 5540 thesauris.
2655 5486 2784 5554 Quis
2823 5500 2905 5543 est
2959 5489 3060 5555 hic,
3087 5500 3139 5545 et
3193 5463 3512 5567 laudabimus
3561 5463 3809 5567 eum“?!

2334 5577 2474 5633 enim
2507 5553 2766 5634 mirabilia
2801 5582 2854 5636 in
2886 5583 2995 5638 vita
3021 5553 3135 5639 sua.
3164 5562 3293 5652 Quis
3316 5583 3547 5656 probatus
3569 5576 3640 5627 est
3663 5565 3702 5618 in
3727 5553 3805 5615 illo.

2334 5724 2446 5781 tur,
2476 5717 2674 5788 legitur
2704 5722 2910 5776 altaria.

2410 5766 3052 5858 ξ’ῖξξίίοιιεε
3077 5797 3411 5864 assignantur
3425 5800 3511 5858 pro
3531 5766 3809 5842 subseqqu

2333 5857 2477 5916 festo
2509 5857 2771 5930 passionis
2800 5869 2968 5921 sancti
3000 5857 3260 5925 Johannis
3291 5857 3536 5948 Baptista.
