4060 6346
323 316 420 377 b‘zi

894 325 1531 389 SACRAMENTARIUM
1569 330 1871 394 GALLICA]

1979 339 2030 395 Β.
2053 371 2122 385 οη·-
2147 342 2530 405 LECTIONES
2565 346 3023 415 ΟὉΟΤΙΟΙΑΝΑΞ.

3481 364 3587 421 522

314 442 372 490 et
393 434 661 504 perfectus
686 438 933 497 inventus
958 452 1063 510 est,
1094 454 1147 500 et
1172 446 1277 500 erit
1322 446 1397 501 illi
1447 447 1640 517 gloria.
1666 448 1768 515 Qui
1801 467 1897 521 po-
1922 457 1978 520 Α
2004 472 2097 526 per
2124 476 2282 529 quem
2317 478 2586 521 accessum
2620 469 2876 526 habemus
2925 472 3031 528 ﬁde
3053 473 3105 528 in
3159 476 3327 545 gratia
3372 480 3493 546 ista,
3527 484 3585 538 in

314 527 417 582 tuit
446 532 774 603 transgredi,
806 544 860 591 et
911 550 1016 590 non
1048 546 1130 591 est
1186 546 1585 607 transgressus;
1635 552 1690 596 et
1720 543 1897 603 facere

310 619 478 688 mala,
511 629 567 678 et
594 638 703 679 non
734 624 858 681 fecit
890 643 905 681 :
955 628 1076 684 ideo
1105 630 1338 684 stabilita
1384 642 1511 686 sunt
1564 633 1701 689 bona
1732 636 1891 703 illius,

306 720 363 767 et
389 712 759 788 eleemosynas
798 720 941 775 illius
980 723 1253 778 enarrahit
1297 725 1525 780 ecclesia
1558 740 1888 787 sanctorum.

517 826 685 879 Lectio
705 832 859 882 sancti
882 832 1138 898 Evangelii
1163 834 1430 885 secundum
1452 836 1683 888 Marcum.

391 932 447 988 In
470 933 564 990 illo
589 946 828 1007 tempore
857 940 1059 996 audivit
1104 942 1342 998 Herodes
1392 946 1657 1000 tetrarcha
1690 947 1885 1004 famam

299 1018 467 1091 Iesu,
494 1028 666 1082 tenuit
702 1027 1023 1098 Iohannem,
1051 1041 1107 1087 et
1149 1033 1386 1104 alligavit
1431 1050 1577 1101 eum,
1608 1047 1664 1092 et
1707 1041 1891 1107 posuit

297 1112 357 1170 in
379 1131 595 1173 carcere
645 1131 864 1189 propter
915 1123 1267 1179 Herodiadem
1299 1141 1522 1182 uxorem
1565 1128 1748 1184 fratris
1780 1132 1884 1186 sui.

300 1202 531 1263 Dicebat
557 1209 699 1265 enim
745 1212 821 1267 illi
879 1212 1152 1270 Iohannes
1181 1233 1195 1269 :
1220 1216 1337 1271 Non
1376 1218 1503 1274 licet
1544 1219 1636 1273 tibi
1685 1220 1884 1278 habere

298 1312 445 1353 eam.
473 1300 537 1356 Et
552 1303 717 1358 voluit
748 1302 898 1359 illum
921 1307 1166 1362 occidere
1198 1325 1213 1362 :
1251 1308 1427 1363 timuit
1450 1310 1727 1380 populum,
1762 1314 1885 1380 quia

295 1391 439 1447 sicut
481 1396 795 1464 prophetam
842 1413 963 1454 eum
1004 1400 1292 1458 habebant.
1328 1403 1424 1458 Die
1468 1413 1646 1460 autem
1690 1408 1885 1463 natalis

292 1485 510 1540 saltavit
538 1488 643 1542 lilia
676 1488 993 1548 Herodiadis
1021 1494 1073 1547 in
1096 1494 1295 1561 medio,
1325 1504 1381 1551 et
1406 1497 1607 1566 placuit
1660 1499 1881 1556 Herodi.

296 1572 458 1632 Unde
479 1592 599 1633 cum
625 1578 933 1649 juramento
956 1584 1221 1654 pollicitus
1242 1597 1325 1642 est
1352 1589 1401 1642 ei
1426 1589 1555 1645 dare
1584 1592 1879 1661 quodcum-

287 1680 399 1735 que
425 1668 751 1735 postulasset
790 1673 860 1727 ab
898 1688 983 1728 eo.
1012 1677 1079 1730 At
1125 1676 1215 1730 illa
1264 1680 1579 1746 praemonita
1627 1696 1655 1734 a
1706 1693 1879 1739 matre

292 1771 390 1810 sua
423 1775 435 1810 :
468 1758 542 1813 Da
594 1762 748 1832 mihi,
782 1764 968 1833 inquit,
998 1766 1083 1821 hic
1114 1768 1166 1821 in
1209 1767 1356 1824 disco
1406 1781 1565 1841 caput
1615 1772 1877 1831 Johannis

1998 568 2101 621 qua
2130 565 2353 625 stamus,
2385 569 2439 615 et
2469 562 2757 631 gloriamur
2783 565 2836 620 in
2869 580 2965 635 spe
2989 567 3175 638 gloriae
3206 570 3436 629 ﬁliorum
3465 575 3582 633 Dei.

1996 647 2111 704 Non
2134 650 2305 706 solum
2322 663 2521 723 autem,
2549 656 2648 712 sed
2664 668 2713 711 et
2732 660 3091 728 gloriamurin
3125 664 3582 737 tribulationibus,

1996 741 2221 796 scientes
2238 744 2377 811 quod
2395 746 2665 801 tribulatio
2687 750 2995 815 patientiam
3023 764 3297 825 operatur,
3329 758 3582 826 patientia

1993 842 2172 890 autem
2201 838 2590 908 probationem,
2614 842 2861 911 probatio
2888 861 3019 901 vero
3047 864 3221 917 spem,
3245 866 3369 920 spes
3397 864 3575 909 autem

1994 939 2101 981 non
2126 928 2399 984 confundit
2430 950 2442 984 :
2476 934 2808 1001 quiacaritas
2823 935 2917 992 Dei
2938 937 3123 994 defusa
3145 950 3229 996 est
3260 943 3314 997 in
3328 944 3585 1001 cordibus

1993 1021 2185 1076 vestris
2208 1037 2303 1089 per
2327 1023 2581 1093 Spiritum
2608 1036 2872 1097 sanctum,
2919 1031 3009 1098 qui
3053 1033 3210 1090 datus
3260 1047 3343 1092 est
3398 1040 3578 1096 nobis.

1993 1109 2063 1166 Ut
2090 1113 2215 1183 quid
2245 1117 2387 1170 enim
2410 1115 2677 1187 Christus,
2707 1138 2828 1177 cum
2869 1124 3044 1181 adhuc
3074 1128 3270 1185 infirmi
3316 1148 3579 1205 essemus,

1989 1206 2283 1261 secundum
2318 1218 2527 1278 tempus
2556 1226 2653 1280 pro
2675 1213 2849 1282 impiis
2878 1227 3121 1275 mortuus
3144 1223 3270 1277 est?
3307 1224 3405 1280 Vix
3435 1230 3581 1285 enim

1989 1312 2087 1367 pro
2114 1298 2257 1367 justo
2277 1300 2396 1369 quis
2420 1304 2675 1371 moritur;
2720 1320 2841 1361 nam
2868 1322 2965 1379 pro
3019 1313 3164 1370 bono
3193 1315 3417 1375 forsitan
3451 1325 3574 1390 quis

1988 1396 2043 1441 et
2069 1388 2264 1444 audeat
2294 1393 2467 1446 mori?
2490 1392 2848 1453 Commendat
2889 1409 3066 1458 autem
3096 1420 3246 1461 suam
3293 1388 3576 1468 caritatem

1988 1480 2129 1536 Deus
2158 1485 2208 1536 in
2243 1485 2422 1551 nobis,
2454 1489 2704 1556 quoniam
2734 1506 2856 1546 cum
2906 1493 3080 1553 adhuc
3127 1514 3441 1567 peccatores
3492 1520 3579 1562 es-

1987 1589 2186 1641 semus,
2218 1577 2461 1634 Christus
2511 1596 2608 1649 pro
2630 1583 2783 1638 nobis
2832 1597 3077 1644 mortuus
3131 1603 3234 1647 est.
3270 1594 3441 1650 Multo
3472 1597 3577 1668 igi-

1988 1676 2076 1721 tur
2103 1670 2271 1738 magis
2294 1671 2569 1740 justiﬁcati
2594 1674 2646 1728 in
2670 1680 2929 1748 sanguine
2952 1681 3119 1750 ipsius
3141 1727 3155 1749 ,
3187 1688 3320 1742 salvi
3346 1690 3570 1749 erimus.

2173 1763 2346 1814 Lectio
2369 1768 2521 1816 sancti
2547 1767 2797 1831 Evangelii
2823 1774 3087 1824 secundum
3107 1776 3395 1831 Iohannem.

286 1848 565 1919 Baptistae.
599 1855 665 1910 Et
691 1856 1035 1915 contristatus
1063 1871 1143 1915 est
1172 1876 1289 1917 rex.
1328 1863 1552 1933 Propter
1597 1865 1877 1935 jnramcn-
1908 1857 1956 1918 Β
2054 1846 2251 1903 Diebus
2292 1849 2394 1902 illis
2431 1850 2709 1907 ambulans
2740 1856 2995 1915 Dominus
3036 1859 3195 1917 Jews
3229 1864 3379 1933 j'ma
3427 1883 3577 1928 mare

286 1946 402 1995 tum
440 1955 617 1999 autem
641 1955 695 2001 et
721 1961 817 2002 eos
862 1948 951 2017 qui
1010 1950 1210 2017 pariter
1262 1953 1670 2020 recumbebant,
1716 1957 1876 2026 jussit

285 2030 423 2086 dari.
473 2034 750 2106 Misitque,
779 2046 833 2093 et
876 2038 1162 2095 decollavit
1192 2040 1493 2099 Johannem
1535 2047 1587 2100 in
1615 2061 1874 2116 carcere;

285 2135 343 2180 et
363 2125 584 2182 allatum
613 2137 695 2184 est
716 2141 996 2202 caputejus
1017 2132 1067 2187 in
1081 2134 1252 2203 disco,
1277 2146 1329 2191 et
1345 2136 1528 2191 datum
1559 2147 1640 2193 est
1660 2139 1873 2209 puellm,

284 2227 340 2275 et
370 2219 489 2273 tulit
522 2222 681 2276 matri
708 2237 841 2277 suae.
869 2224 936 2279 Et
964 2226 1282 2282 accedentes
1327 2229 1578 2300 discipuli
1625 2231 1766 2301 ejus,
1792 2241 1873 2287 tu-

280 2309 463 2368 lerunt
488 2326 682 2383 corpus
703 2314 843 2384 ejus,
875 2323 931 2372 et
950 2316 1277 2387 sepelierunt
1301 2318 1455 2375 illud.

906 2443 1072 2480 INCIPIT
1104 2446 1255 2485 MISSA.

358 2533 501 2591 Deus
546 2534 634 2592 cui
696 2547 879 2594 sancta
944 2543 1354 2599 conversatione
1403 2545 1607 2605 directa
1652 2551 1872 2621 gloriosi

278 2626 539 2684 Iohannis
588 2630 789 2685 oranda
839 2632 1115 2700 sanctitas,
1157 2634 1478 2692 celebranda
1536 2641 1871 2700 sollemnitas

279 2731 363 2778 est
384 2738 399 2775 :
413 2722 501 2791 qui
517 2722 787 2792 quondam
804 2736 924 2778 cum
940 2724 1291 2782 adnunciaret
1307 2729 1631 2789 mirabiliter
1646 2734 1867 2792 Redem-

275 2822 470 2879 torem,
491 2816 843 2897 expectabat,
875 2818 1158 2886 speculum
1210 2820 1453 2891 luminis,
1481 2826 1694 2883 initium
1726 2830 1867 2898 bap-

278 2906 534 2974 tismatis,
569 2894 933 2965 testimonium
965 2911 1240 2979 veritatis;
1272 2922 1327 2968 et
1378 2916 1430 2970 in
1476 2918 1860 2985 plenitudinem

276 2997 475 3056 Christi
517 3000 813 3073 signorum,
860 3012 982 3072 post
1023 3004 1176 3075 signa
1228 3008 1585 3076 monstrabat,
1636 3014 1865 3070 nuncius

274 3092 483 3159 salutis,
506 3094 730 3149 emulus
754 3095 1055 3163 passionis:
1080 3097 1263 3151 serviit
1289 3100 1553 3170 pr0pheta
1574 3104 1865 3174 baptismo,

274 3186 506 3257 baptista
552 3190 833 3260 martyrio,
863 3198 922 3245 et
946 3189 1127 3246 .lesum
1154 3190 1246 3247 Dei
1294 3192 1491 3247 Filium
1543 3196 1729 3251 mundi
1774 3213 1863 3253 re-

274 3279 544 3338 demtione
554 3293 862 3352 venturum,
878 3300 1036 3355 quem
1060 3286 1389 3343 adnunciare
1405 3303 1463 3343 se
1481 3290 1864 3357 praedicatione

276 3372 818 3442 sermonistostendit,
844 3390 1027 3433 amare
1054 3392 1114 3431 se
1142 3376 1403 3434 eli'usione
1432 3380 1708 3451 sanguinis
1730 3398 1863 3439 con-

272 3464 541 3536 probavit.

835 3538 1070 3590 Collectio
1092 3547 1307 3594 secreta.

352 3651 555 3707 Exaudi
587 3665 685 3708 nos
722 3653 982 3709 bonorum
1028 3654 1269 3709 omnium
1316 3654 1676 3725 dispensator,
1702 3667 1867 3728 atque

271 3740 675 3798 inelectissimi
701 3744 775 3797 tui
802 3743 1063 3799 Johannis
1099 3745 1459 3801 sollemnitate
1487 3751 1740 3815 praesenti
1769 3752 1865 3807 de-

274 3836 522 3893 lictorum
555 3836 937 3907 iudulgentiam
968 3839 1210 3908 placatus
1249 3840 1497 3896 adtribue
1522 3859 1538 3908 ;
1566 3843 1651 3897 cui
1683 3853 1856 3901 totum

279 3929 335 3986 in
367 3930 613 3986 virtutem
639 3932 809 3986 sancti
841 3932 1071 4002 Spiritus
1107 3933 1175 3989 ab
1203 3948 1297 3989 ore
1345 3935 1684 4005 translatum,
1708 3938 1865 3995 Chri-

283 4034 397 4082 stus
420 4023 517 4079 fuit
553 4025 816 4080 moriendi
861 4041 1045 4094 causa,
1075 4029 1161 4082 cui
1207 4027 1453 4085 Christus
1491 4029 1665 4087 fuerat
1707 4047 1863 4089 causa

273 4118 552 4174 nascendi.
587 4119 702 4189 ipse
732 4120 891 4191 igitur
922 4119 1212 4177 nativitatis
1261 4122 1554 4183 dominicae
1605 4129 1857 4198 nuncius,

270 4209 391 4280 ipse
415 4225 714 4280 przccursor
742 4215 997 4282 probatus
1024 4223 1106 4269 est
1138 4217 1423 4284 passionis.
1454 4217 1580 4274 Per.

909 4325 1225 4379 Contestatio.

354 4426 484 4482 Vere
523 4428 738 4498 dignum
768 4439 820 4485 et
842 4440 1045 4500 justum
1076 4442 1158 4488 est
1179 4475 1192 4498 ,
1223 4435 1563 4505 omnipotens
1595 4436 1739 4495 Deus
1770 4454 1867 4510 per

271 4514 542 4574 Christum
576 4521 857 4578 Dominum
881 4535 1144 4580 nostrum.
1170 4526 1277 4611 Cui
1298 4528 1354 4583 in
1396 4540 1691 4600 conspectu
1714 4538 1862 4587 vati-

274 4608 501 4675 cinium,
535 4612 586 4665 in
644 4624 766 4668 actu
811 4616 1158 4685 baptismum,
1190 4618 1244 4672 in
1270 4606 1451 4675 “obitu
1498 4624 1859 4694 martyrium:
1893 4643 1950 4705 D

266 4718 378 4772 quo
403 4719 497 4773 per
537 4721 697 4760 unam
727 4707 1078 4779 eamdemque
1128 4711 1587 4781 diSpensationcm
1637 4720 1871 4777 ostendit

269 4798 544 4865 generatio
573 4814 731 4867 quem
762 4794 1028 4869 promisit,
1059 4807 1398 4862 conversatio
1443 4824 1601 4879 quem
1663 4812 1868 4879 docuit,

270 4886 452 4957 passio
480 4904 638 4958 quem
689 4890 877 4946 dilexit
906 4912 917 4946 :
952 4896 1239 4965 prophetat
1284 4898 1337 4952 in
1394 4908 1569 4967 utero,
1602 4905 1864 4971 praedicat

268 4980 325 5035 in
356 4983 580 5049 saeculo,
614 4996 952 5042 consummat
972 4988 1025 5043 in
1057 4990 1277 5059 gaudio.
1304 4993 1351 5047 A
1373 4993 1580 5062 justitia
1614 4997 1863 5068 elegitur,

268 5071 338 5127 de
362 5072 564 5140 justitia
605 5074 837 5146 loquitur
862 5117 878 5142 ,
909 5095 1006 5149 pro
1049 5081 1259 5150 justitia
1310 5083 1629 5141 decollatur.
1655 5088 1861 5146 Tantus

268 5164 545 5234 propheta
568 5167 825 5233 splendor
867 5170 923 5224 in
973 5173 1206 5227 carceris
1243 5161 1478 5231 claustra
1534 5176 1857 5248 detruditur,

266 5264 326 5312 et
349 5258 623 5326 preciosus
654 5260 763 5317 Deo
786 5262 1004 5332 sanguis
1034 5266 1352 5321 meretriciae
1392 5268 1692 5326 saltationis
1720 5288 1860 5329 mer-

265 5349 401 5406 cede
443 5359 674 5420 taxatur,
715 5364 875 5426 atqne
934 5356 1073 5410 inter
1125 5358 1412 5427 gentilicia:
1465 5363 1754 5432 voluptatis
1798 5365 1859 5420 ﬁt

267 5441 457 5512 epulas
481 5445 777 5514 speculum.
811 5446 908 5501 Cui
937 5448 1129 5503 merito
1156 5464 1343 5505 omnes
1377 5455 1571 5521 angeli.
1607 5456 1853 5512 Sanctus.

557 5577 707 5617 NISBA
745 5578 796 5617 ΙΝ
836 5579 1045 5619 NATALE
1086 5581 1243 5620 PETRI
1286 5583 1350 5620 ET
1390 5584 1567 5625 PAULI.

266 5663 485 5730 Epistula
504 5671 641 5723 Pauli
663 5674 870 5735 apostoli
893 5677 948 5725 ad
969 5675 1235 5730 Romanos.
1254 5679 1305 5729 in
1330 5680 1492 5729 natale
1517 5681 1858 5740 apostolorum.

342 5775 577 5844 Fratres,
600 5780 872 5851 justiﬁcati
899 5782 1055 5852 igitur
1092 5801 1153 5839 ex
1188 5784 1312 5852 ﬁde,
1349 5801 1533 5855 pacem
1564 5787 1860 5848 habeamus

267 5866 339 5924 ad
370 5868 538 5925 Deum
579 5888 674 5941 per
704 5872 985 5941 Dominum
1013 5887 1251 5933 nostrum
1294 5872 1484 5935 Iesum
1533 5878 1809 5940 Christum
1841 5901 1855 5943 τ

556 5964 827 6026 ΡΑτιιοι.
862 5965 1119 6028 LXXII.

1986 1937 2224 2005 Galilere,
2258 1942 2391 1996 vidit
2426 1944 2561 1999 duos
2604 1945 2826 2015 fratres,
2860 1951 3068 2019 Simon,
3114 1957 3204 2025 qui
3235 1968 3451 2016 vocatur
3477 1963 3578 2020 Pe-

1984 2038 2117 2095 trus,
2151 2042 2204 2087 ct
2239 2036 2507 2091 Andream
2554 2036 2772 2096 fratrem
2822 2046 2971 2114 ejus,
3023 2050 3295 2109 mittentes
3339 2057 3470 2111 retia
3523 2059 3577 2115 in

1980 2140 2151 2192 mare,
2183 2140 2337 2185 erant
2364 2133 2505 2188 enim
2533 2136 2846 2204 piscatores.
2878 2151 2933 2196 et
2956 2145 3029 2198 ait
3058 2146 3165 2202 illis
3192 2167 3206 2201 :
3233 2150 3423 2209 Venite
3454 2167 3577 2224 post

1979 2233 2089 2285 mc,
2122 2230 2177 2275 ct
2206 2221 2394 2278 faciam
2428 2241 2519 2280 vos
2552 2228 2845 2297 piscatores
2872 2233 3167 2294 hominum.
3198 2244 3267 2296 At
3293 2244 3365 2298 illi
3394 2221 3570 2303 conti-

1977 2326 2087 2368 nuo
2129 2317 2331 2374 relictis
2372 2321 2575 2376 retibus
2621 2325 2736 2379 suis
2765 2329 2933 2383 secuti
2965 2342 3087 2387 sunt
3113 2352 3254 2391 eum.
3300 2339 3428 2395 Post
3457 2342 3573 2399 haec

1979 2405 2109 2460 dicit
2138 2406 2293 2464 Jesus
2325 2410 2525 2467 Petro:
2561 2415 2746 2472 Simon
2776 2419 3045 2479 Johannes
3091 2427 3268 2498 diligis
3318 2447 3403 2488 me
3451 2435 3572 2503 plus

1977 2498 2096 2554 his?
2135 2501 2272 2558 Dicit
2300 2506 2349 2560 ei
2380 2523 2390 2557 :
2425 2507 2617 2575 Etiam,
2649 2509 2893 2577 Domine,
2940 2526 2993 2570 tu
3034 2520 3141 2574 scis
3181 2524 3303 2592 quia
3344 2498 3466 2582 amo
3499 2539 3572 2584 te.

1975 2590 2115 2648 Dicit
2144 2597 2191 2649 ei
2222 2615 2233 2648 :
2267 2597 2431 2654 Pasce
2460 2618 2624 2672 agnos
2654 2620 2822 2661 meos.
2857 2608 2994 2664 Dicit
3021 2613 3067 2665 ei
3101 2612 3292 2669 iterum
3325 2634 3339 2673 :
3382 2617 3574 2677 Simon

1974 2682 2247 2745 Iohannes
2276 2691 2453 2762 diligis
2482 2699 2603 2750 me?
2630 2700 2700 2753 At
2729 2699 2819 2754 ille
2845 2702 2917 2755 ait
2950 2719 2964 2756 :
3001 2701 3195 2775 Etiam,
3234 2710 3475 2779 Domine,
3514 2727 3572 2770 tu

1974 2779 2079 2833 scis
2104 2784 2226 2849 quia
2253 2796 2376 2838 amo
2410 2796 2479 2839 te.
2528 2788 2667 2844 Dicit
2691 2793 2737 2845 ei
2768 2809 2781 2845 :
2816 2794 2981 2851 Pasce
3010 2812 3177 2868 agnos
3208 2816 3378 2858 meus.
3434 2805 3572 2861 Dicit

1974 2870 2023 2924 ei
2066 2872 2264 2929 tertio:
2298 2875 2484 2932 Simon
2526 2878 2818 2953 Johannes,
2858 2902 3006 2943 amas
3038 2891 3161 2946 me?
3211 2874 3572 2953 Contristatus

1973 2959 2186 3029 Petrus,
2220 2968 2343 3036 quia
2388 2970 2517 3025 dixit
2547 2974 2594 3027 ei
2626 2976 2802 3041 tertio,
2840 2983 3000 3036 Amas
3045 2985 3171 3039 me?
3220 2987 3285 3041 Et
3311 2990 3439 3045 dicit
3486 2994 3569 3050 ei:

1974 3050 2222 3123 Domine,
2266 3067 2321 3112 tu
2353 3063 2490 3115 nosti
2532 3068 2731 3133 omnia,
2766 3079 2817 3122 tu
2856 3074 2963 3127 scis
2995 3077 3116 3143 quia
3152 3094 3275 3133 amo
3310 3093 3381 3138 te.
3433 3086 3570 3142 Dicit

1972 3145 2024 3199 ei
2058 3163 2070 3197 :
2105 3146 2271 3204 Pasce
2311 3166 2442 3207 oves
2477 3170 2642 3212 meas.
2680 3162 2875 3229 Amen,
2914 3181 3070 3221 amen
3114 3170 3235 3225 dico
3279 3174 3395 3241 tibi,
3444 3192 3569 3235 cum

1896 3246 1943 3311 ο
1972 3251 2121 3294 esses
2144 3240 2346 3310 junior,
2377 3247 2628 3315 cingebas
2675 3259 2747 3317 te,
2780 3261 2833 3307 ct
2862 3257 3177 3316 ambulabas
3211 3264 3298 3319 ubi
3329 3266 3566 3325 volebas.

1969 3327 2103 3399 Cum
2137 3344 2313 3388 autem
2342 3341 2609 3407 senueris,
2644 3347 2904 3402 extendes
2956 3366 3148 3407 manus
3180 3364 3317 3422 tuas,
3349 3370 3402 3414 et
3428 3362 3565 3415 alius

1968 3428 2024 3478 te
2047 3424 2237 3494 cinget,
2273 3440 2327 3483 et
2359 3430 2518 3487 ducet
2543 3449 2649 3504 quo
2681 3446 2735 3491 tu
2773 3454 2875 3493 non
2915 3441 3015 3495 vis.
3053 3444 3167 3500 Hoc
3193 3457 3371 3503 autem
3403 3451 3567 3521 dixit,

1967 3515 2276 3587 signiﬁcans
2301 3537 2405 3592 qua
2437 3536 2611 3582 morte
2642 3539 2783 3584 esset
2810 3532 3198 3595 clariﬁcaturus
3224 3539 3413 3599 Deum.

2593 3633 2761 3672 INCIPIT
2794 3635 2945 3675 MISSA.

2042 3694 2182 3752 Deus
2204 3699 2292 3769 qni
2326 3700 2464 3758 hunc
2511 3703 2697 3776 [diem]
2748 3710 3022 3767 beatorum
3076 3723 3286 3772 tuorum
3314 3718 3463 3777 Petri
3508 3735 3565 3782 et

1968 3784 2118 3842 Pauli
2148 3792 2406 3863 martyrio
2433 3802 2793 3867 consecrasti;
2843 3804 3139 3862 Ecclesiam
3181 3820 3319 3866 tuam
3347 3831 3562 3885 eorum,

1968 3894 2297 3950 quaesumus,
2327 3889 2632 3958 magisterio
2657 3894 2959 3963 gubernare
2990 3898 3268 3976 [digneris]
3299 3921 3395 3975 per
3424 3925 3561 3978 quos

1968 3975 2197 4045 sumpsit
2232 3977 2470 4036 inicium.

2642 4066 2895 4121 Collectio.

2042 4142 2443 4213 Apostolorum,
2493 4147 2739 4220 Domine,
2794 4154 3073 4213 beatorum
3112 4159 3256 4217 Petri
3308 4172 3361 4219 et
3406 4166 3562 4223 Pauli

1970 4229 2271 4289 desiderata
2322 4238 2601 4295 sollemnia
2652 4259 3047 4305 recensemus:
3094 4265 3304 4323 praesta,
3353 4273 3566 4328 quaesu-

1968 4339 2120 4392 mus,
2172 4337 2229 4381 ut
2274 4344 2459 4385 eorum
2504 4337 2898 4405 supplicatione
2949 4346 3283 4416 muniamur,
3334 4366 3563 4421 quorum

1969 4417 2205 4485 regimur
2230 4418 2552 4493 principatu.

2588 4523 2703 4573 Post
2738 4528 2951 4579 nomina.

2044 4598 2327 4670 Largiente
2369 4614 2439 4671 te,
2477 4607 2717 4674 Domine,
2752 4614 3003 4667 natalicio
3030 4615 3172 4671 Petri
3218 4627 3272 4672 et
3299 4620 3446 4677 Pauli
3480 4626 3561 4680 lu-

1974 4707 2095 4748 men
2122 4695 2322 4751 effulsit
2348 4714 2360 4749 :
2386 4700 2641 4764 concede,
2672 4690 2998 4773 quaasumus,
3030 4718 3089 4761 ut
3112 4707 3367 4765 hodierna
3392 4715 3563 4783 gloria

1973 4786 2235 4854 passionis
2271 4789 2412 4843 sicut
2451 4790 2557 4845 illis
2589 4794 3039 4863 magniﬁcentiam
3070 4800 3251 4856 tribuit
3280 4807 3563 4876 sempiter-

1972 4895 2121 4947 nam,
2152 4880 2221 4935 ita
2255 4881 2411 4936 nobis
2441 4884 2647 4939 veniam
2681 4886 2933 4956 largiatur
2963 4898 3218 4958 optatam.

2625 4976 2698 5025 Ad
2724 4990 2907 5038 pacem.

2043 5054 2265 5111 Munera
2308 5071 2429 5126 quae
2472 5058 2793 5128 deferimus,
2844 5065 3102 5135 Domine,
3153 5072 3416 5145 benignus
3458 5078 3554 5134 ad-

1965 5161 2151 5214 sume;
2192 5149 2283 5218 qui
2325 5150 2522 5206 nostris
2563 5152 2867 5224 inpedimur
2905 5160 3146 5233 oﬂ'ensis,
3192 5169 3559 5236 apostolorum

1965 5240 2214 5309 precibus
2252 5242 2591 5313 adjuvemur.

2605 5342 2923 5399 Contestatio.

2040 5420 2179 5476 Vere
2203 5421 2417 5493 dignum
2448 5434 2502 5479 et
2525 5427 2727 5495 justum
2752 5442 2855 5497 est,
2888 5434 3254 5505 omnipotens,
3286 5446 3339 5492 te
3364 5438 3562 5510 glorio-

1968 5526 2086 5566 sum
2134 5518 2183 5567 in
2223 5516 2425 5569 sanctis
2464 5518 2588 5581 tuis,
2633 5527 2686 5573 te
2716 5520 3015 5577 mirabilem
3066 5526 3118 5579 in
3160 5526 3263 5580 tuis
3290 5528 3564 5599 discipolis

1966 5604 2288 5663 declamare.
2321 5607 2398 5664 'I’e
2442 5611 2582 5665 enim
2616 5627 2800 5667 verum
2837 5615 3001 5670 Deum
3033 5617 3385 5689 deprecantes
3428 5640 3561 5694 apo-

1966 5698 2086 5751 stoli
2126 5696 2178 5751 in
2211 5714 2421 5753 omnem
2463 5712 2656 5757 terram
2688 5719 2878 5760 sonum
2911 5711 3285 5782 praebuerunt,
3319 5726 3372 5772 et
3400 5718 3457 5771 in
3487 5720 3556 5774 li-

1964 5807 2061 5847 nes
2105 5794 2252 5847 orbis
2303 5803 2457 5848 terrae
2486 5795 2708 5849 verbum
2752 5802 2923 5855 sancti
2968 5807 3277 5861 certaminis
3320 5809 3561 5865 tradide-

1963 5892 2108 5941 runt.
2166 5885 2239 5939 Ex
2269 5885 2462 5955 quibus
2511 5886 2724 5944 beatum
2773 5890 2989 5949 Petrum
3044 5897 3096 5951 in
3150 5898 3556 5957 fundamentum

3087 5992 3158 6050 17
