  <div class='ocr_page' id='page_1' title='image "/cluster/home/n/w/nwhite01/storage/ocr_20150623/72/hvd.32044015469364/269.png"; bbox 0 0 4060 6346; ppageno 0'>
   <div class='ocr_carea' id='block_1_1' title="bbox 616 303 722 361">
    <p class='ocr_par' dir='ltr' id='par_1_1' title="bbox 616 303 722 361">
     <span class='ocr_line' id='line_1_1' title="bbox 616 303 722 361; baseline 0 0"><span class='ocrx_word' id='word_1_1' title='bbox 616 303 722 361; x_wconf 62' lang='grc'><strong>595</strong></span> 
     </span>
    </p>
   </div>
   <div class='ocr_carea' id='block_1_2' title="bbox 1398 298 3116 361">
    <p class='ocr_par' dir='ltr' id='par_1_2' title="bbox 1398 298 3116 361">
     <span class='ocr_line' id='line_1_2' title="bbox 1398 298 3116 361; baseline -0.002 0"><span class='ocrx_word' id='word_1_2' title='bbox 1398 301 1743 361; x_wconf 79' lang='lat' dir='ltr'><strong>APPENDIX</strong></span> <span class='ocrx_word' id='word_1_3' title='bbox 1783 302 1873 360; x_wconf 82' lang='lat' dir='ltr'><strong>AD</strong></span> <span class='ocrx_word' id='word_1_4' title='bbox 1907 302 2139 361; x_wconf 75' lang='lat' dir='ltr'><strong>OPEBA</strong></span> <span class='ocrx_word' id='word_1_5' title='bbox 2190 301 2249 360; x_wconf 89' lang='lat' dir='ltr'><strong>S.</strong></span> <span class='ocrx_word' id='word_1_6' title='bbox 2302 302 2611 361; x_wconf 71' lang='lat' dir='ltr'><strong>GERMANI</strong></span> <span class='ocrx_word' id='word_1_7' title='bbox 2662 298 3116 361; x_wconf 73' lang='lat' dir='ltr'><strong>PARISIENSIS.</strong></span> 
     </span>
    </p>
   </div>
   <div class='ocr_carea' id='block_1_3' title="bbox 3765 306 3845 369">
    <p class='ocr_par' dir='ltr' id='par_1_3' title="bbox 3765 306 3845 369">
     <span class='ocr_line' id='line_1_3' title="bbox 3765 306 3845 369; baseline 0.1 -8"><span class='ocrx_word' id='word_1_8' title='bbox 3765 306 3845 369; x_wconf 64' lang='grc'><strong>594</strong></span> 
     </span>
    </p>
   </div>
   <div class='ocr_carea' id='block_1_4' title="bbox 613 415 3843 489">
    <p class='ocr_par' dir='ltr' id='par_1_4' title="bbox 613 415 3843 489">
     <span class='ocr_line' id='line_1_4' title="bbox 613 415 3843 489; baseline -0 -14"><span class='ocrx_word' id='word_1_9' title='bbox 613 417 871 475; x_wconf 62' lang='lat' dir='ltr'><strong>Ecclesia:</strong></span> <span class='ocrx_word' id='word_1_10' title='bbox 896 415 1213 484; x_wconf 74' lang='lat' dir='ltr'><strong>conlocaui,</strong></span> <span class='ocrx_word' id='word_1_11' title='bbox 1242 418 1395 488; x_wconf 90' lang='lat' dir='ltr'><strong>cujus</strong></span> <span class='ocrx_word' id='word_1_12' title='bbox 1426 419 1528 473; x_wconf 89' lang='lat' dir='ltr'><strong>lide</strong></span> <span class='ocrx_word' id='word_1_13' title='bbox 1558 419 1609 473; x_wconf 91' lang='lat' dir='ltr'><strong>in</strong></span> <span class='ocrx_word' id='word_1_14' title='bbox 1641 418 1881 474; x_wconf 88' lang='lat' dir='ltr'><strong>omnium</strong></span> <span class='ocrx_word' id='word_1_15' title='bbox 1912 417 2203 487; x_wconf 87' lang='lat' dir='ltr'><strong>discipulo-</strong></span> <span class='ocrx_word' id='word_1_16' title='bbox 2236 415 2292 479; x_wconf 76' lang='grc' dir='ltr'>Α</span> <span class='ocrx_word' id='word_1_17' title='bbox 2312 415 2464 472; x_wconf 83' lang='lat' dir='ltr'><strong>Nunc</strong></span> <span class='ocrx_word' id='word_1_18' title='bbox 2492 432 2622 487; x_wconf 81' lang='lat' dir='ltr'><strong>ergo</strong></span> <span class='ocrx_word' id='word_1_19' title='bbox 2648 417 2791 472; x_wconf 88' lang='lat' dir='ltr'><strong>dono</strong></span> <span class='ocrx_word' id='word_1_20' title='bbox 2822 417 3122 488; x_wconf 86' lang='lat' dir='ltr'><strong>majestatis</strong></span> <span class='ocrx_word' id='word_1_21' title='bbox 3150 425 3256 473; x_wconf 72' lang='lat' dir='ltr'><strong>tute</strong></span> <span class='ocrx_word' id='word_1_22' title='bbox 3287 415 3620 483; x_wconf 70' lang='lat' dir='ltr'><strong>agnoscimus</strong></span> <span class='ocrx_word' id='word_1_23' title='bbox 3643 418 3843 489; x_wconf 74' lang='lat' dir='ltr'><strong>reliquias</strong></span> 
     </span>
    </p>
   </div>
   <div class='ocr_carea' id='block_1_5' title="bbox 610 508 2215 580">
    <p class='ocr_par' dir='ltr' id='par_1_5' title="bbox 610 508 2215 580">
     <span class='ocr_line' id='line_1_5' title="bbox 610 508 2215 580; baseline -0.002 -14"><span class='ocrx_word' id='word_1_24' title='bbox 610 526 729 566; x_wconf 90' lang='lat' dir='ltr'><strong>rum</strong></span> <span class='ocrx_word' id='word_1_25' title='bbox 771 520 984 566; x_wconf 88' lang='lat' dir='ltr'><strong>tuorum</strong></span> <span class='ocrx_word' id='word_1_26' title='bbox 1022 510 1217 579; x_wconf 86' lang='lat' dir='ltr'><strong>gaudio</strong></span> <span class='ocrx_word' id='word_1_27' title='bbox 1254 508 1589 566; x_wconf 85' lang='lat' dir='ltr'><strong>confortasti.</strong></span> <span class='ocrx_word' id='word_1_28' title='bbox 1638 510 1772 566; x_wconf 90' lang='lat' dir='ltr'><strong>lluic</strong></span> <span class='ocrx_word' id='word_1_29' title='bbox 1808 510 2049 580; x_wconf 90' lang='lat' dir='ltr'><strong>gentium</strong></span> <span class='ocrx_word' id='word_1_30' title='bbox 2101 524 2215 563; x_wconf 89' lang='lat' dir='ltr'><strong>ma-</strong></span> 
     </span>
    </p>
   </div>
   <div class='ocr_carea' id='block_1_6' title="bbox 611 602 2215 676">
    <p class='ocr_par' dir='ltr' id='par_1_6' title="bbox 611 602 2215 676">
     <span class='ocr_line' id='line_1_6' title="bbox 611 602 2215 676; baseline 0 -18"><span class='ocrx_word' id='word_1_31' title='bbox 611 604 836 676; x_wconf 90' lang='lat' dir='ltr'><strong>gistrum</strong></span> <span class='ocrx_word' id='word_1_32' title='bbox 880 603 1142 659; x_wconf 77' lang='lat' dir='ltr'><strong>tradidisti</strong></span> <span class='ocrx_word' id='word_1_33' title='bbox 1193 604 1475 673; x_wconf 78' lang='lat' dir='ltr'><strong>collegam.</strong></span> <span class='ocrx_word' id='word_1_34' title='bbox 1511 604 1860 659; x_wconf 83' lang='lat' dir='ltr'><strong>novissimum</strong></span> <span class='ocrx_word' id='word_1_35' title='bbox 1910 603 2127 674; x_wconf 88' lang='lat' dir='ltr'><strong>quidem</strong></span> <span class='ocrx_word' id='word_1_36' title='bbox 2158 602 2215 658; x_wconf 89' lang='lat' dir='ltr'><strong>in</strong></span> 
     </span>
    </p>
   </div>
   <div class='ocr_carea' id='block_1_7' title="bbox 608 696 2214 765">
    <p class='ocr_par' dir='ltr' id='par_1_7' title="bbox 608 696 2214 765">
     <span class='ocr_line' id='line_1_7' title="bbox 608 696 2214 765; baseline -0.001 -14"><span class='ocrx_word' id='word_1_37' title='bbox 608 710 844 762; x_wconf 86' lang='lat' dir='ltr'><strong>cursum,</strong></span> <span class='ocrx_word' id='word_1_38' title='bbox 875 696 971 751; x_wconf 85' lang='lat' dir='ltr'><strong>sed</strong></span> <span class='ocrx_word' id='word_1_39' title='bbox 995 697 1255 765; x_wconf 74' lang='lat' dir='ltr'><strong>aequalem</strong></span> <span class='ocrx_word' id='word_1_40' title='bbox 1288 697 1355 751; x_wconf 93' lang='lat' dir='ltr'><strong>ad</strong></span> <span class='ocrx_word' id='word_1_41' title='bbox 1385 700 1684 765; x_wconf 76' lang='lat' dir='ltr'><strong>praemium.</strong></span> <span class='ocrx_word' id='word_1_42' title='bbox 1716 697 1841 753; x_wconf 83' lang='lat' dir='ltr'><strong>Plus</strong></span> <span class='ocrx_word' id='word_1_43' title='bbox 1868 698 2012 752; x_wconf 90' lang='lat' dir='ltr'><strong>enim</strong></span> <span class='ocrx_word' id='word_1_44' title='bbox 2043 696 2214 751; x_wconf 90' lang='lat' dir='ltr'><strong>omni-</strong></span> 
     </span>
    </p>
   </div>
   <div class='ocr_carea' id='block_1_8' title="bbox 609 766 2214 856">
    <p class='ocr_par' dir='ltr' id='par_1_8' title="bbox 609 766 2214 856">
     <span class='ocr_line' id='line_1_8' title="bbox 609 766 2214 856; baseline -0.002 -14"><span class='ocrx_word' id='word_1_45' title='bbox 609 786 709 842; x_wconf 96' lang='lat' dir='ltr'><strong>bus</strong></span> <span class='ocrx_word' id='word_1_46' title='bbox 738 787 946 842; x_wconf 78' lang='lat' dir='ltr'><strong>laborat</strong></span> <span class='ocrx_word' id='word_1_47' title='bbox 973 786 1026 840; x_wconf 92' lang='lat' dir='ltr'><strong>in</strong></span> <span class='ocrx_word' id='word_1_48' title='bbox 1056 786 1457 856; x_wconf 63' lang='lat' dir='ltr'><strong>praedicatione,</strong></span> <span class='ocrx_word' id='word_1_49' title='bbox 1486 790 1575 855; x_wconf 87' lang='lat' dir='ltr'><strong>qui</strong></span> <span class='ocrx_word' id='word_1_50' title='bbox 1608 766 1733 855; x_wconf 74' lang='lat' dir='ltr'><strong>plus</strong></span> <span class='ocrx_word' id='word_1_51' title='bbox 1759 787 1810 840; x_wconf 87' lang='lat' dir='ltr'><strong>in</strong></span> <span class='ocrx_word' id='word_1_52' title='bbox 1842 786 2214 855; x_wconf 83' lang='lat' dir='ltr'><strong>persecutione</strong></span> 
     </span>
    </p>
   </div>
   <div class='ocr_carea' id='block_1_9' title="bbox 610 875 2214 946">
    <p class='ocr_par' dir='ltr' id='par_1_9' title="bbox 610 875 2214 946">
     <span class='ocr_line' id='line_1_9' title="bbox 610 875 2214 946; baseline 0 -15"><span class='ocrx_word' id='word_1_53' title='bbox 610 884 1055 945; x_wconf 65' lang='lat' dir='ltr'><strong>praesumpserat;</strong></span> <span class='ocrx_word' id='word_1_54' title='bbox 1082 882 1136 931; x_wconf 86' lang='lat' dir='ltr'><strong>et</strong></span> <span class='ocrx_word' id='word_1_55' title='bbox 1170 892 1327 945; x_wconf 84' lang='lat' dir='ltr'><strong>quem</strong></span> <span class='ocrx_word' id='word_1_56' title='bbox 1357 876 1578 932; x_wconf 88' lang='lat' dir='ltr'><strong>Saulum</strong></span> <span class='ocrx_word' id='word_1_57' title='bbox 1607 884 2015 946; x_wconf 82' lang='lat' dir='ltr'><strong>persequentem</strong></span> <span class='ocrx_word' id='word_1_58' title='bbox 2042 875 2214 931; x_wconf 87' lang='lat' dir='ltr'><strong>nomi-</strong></span> 
     </span>
    </p>
   </div>
   <div class='ocr_carea' id='block_1_10' title="bbox 611 972 2211 1043">
    <p class='ocr_par' dir='ltr' id='par_1_10' title="bbox 611 972 2211 1043">
     <span class='ocr_line' id='line_1_10' title="bbox 611 972 2211 1043; baseline 0.001 -18"><span class='ocrx_word' id='word_1_59' title='bbox 611 972 772 1026; x_wconf 86' lang='lat' dir='ltr'><strong>nabat</strong></span> <span class='ocrx_word' id='word_1_60' title='bbox 826 982 893 1041; x_wconf 77' lang='grc' dir='ltr'><strong>ιι,</strong></span> <span class='ocrx_word' id='word_1_61' title='bbox 952 972 1191 1028; x_wconf 86' lang='lat' dir='ltr'><strong>Ecclesia</strong></span> <span class='ocrx_word' id='word_1_62' title='bbox 1240 974 1622 1041; x_wconf 64' lang='lat' dir='ltr'><strong>praedicantem</strong></span> <span class='ocrx_word' id='word_1_63' title='bbox 1680 974 1903 1028; x_wconf 83' lang='lat' dir='ltr'><strong>Paulum</strong></span> <span class='ocrx_word' id='word_1_64' title='bbox 1953 973 2211 1043; x_wconf 64' lang='lat' dir='ltr'><strong>appellat.</strong></span> 
     </span>
    </p>
   </div>
   <div class='ocr_carea' id='block_1_11' title="bbox 614 1062 2213 1136">
    <p class='ocr_par' dir='ltr' id='par_1_11' title="bbox 614 1062 2213 1136">
     <span class='ocr_line' id='line_1_11' title="bbox 614 1062 2213 1136; baseline 0 -19"><span class='ocrx_word' id='word_1_65' title='bbox 614 1062 721 1117; x_wconf 88' lang='lat' dir='ltr'><strong>Par</strong></span> <span class='ocrx_word' id='word_1_66' title='bbox 738 1062 971 1119; x_wconf 75' lang='lat' dir='ltr'><strong>efficitur</strong></span> <span class='ocrx_word' id='word_1_67' title='bbox 985 1064 1143 1119; x_wconf 90' lang='lat' dir='ltr'><strong>Petro</strong></span> <span class='ocrx_word' id='word_1_68' title='bbox 1163 1065 1213 1118; x_wconf 91' lang='lat' dir='ltr'><strong>in</strong></span> <span class='ocrx_word' id='word_1_69' title='bbox 1244 1065 1513 1135; x_wconf 79' lang='lat' dir='ltr'><strong>passione,</strong></span> <span class='ocrx_word' id='word_1_70' title='bbox 1538 1074 1596 1119; x_wconf 88' lang='lat' dir='ltr'><strong>ut</strong></span> <span class='ocrx_word' id='word_1_71' title='bbox 1622 1067 1871 1120; x_wconf 81' lang='lat' dir='ltr'><strong>credatur</strong></span> <span class='ocrx_word' id='word_1_72' title='bbox 1900 1064 2019 1136; x_wconf 90' lang='lat' dir='ltr'><strong>ejus</strong></span> <span class='ocrx_word' id='word_1_73' title='bbox 2052 1064 2213 1133; x_wconf 82' lang='lat' dir='ltr'><strong>parti-</strong></span> 
     </span>
    </p>
   </div>
   <div class='ocr_carea' id='block_1_12' title="bbox 614 1156 2207 1223">
    <p class='ocr_par' dir='ltr' id='par_1_12' title="bbox 614 1156 2207 1223">
     <span class='ocr_line' id='line_1_12' title="bbox 614 1156 2207 1223; baseline 0.003 -15"><span class='ocrx_word' id='word_1_74' title='bbox 614 1168 741 1223; x_wconf 90' lang='lat' dir='ltr'><strong>ceps</strong></span> <span class='ocrx_word' id='word_1_75' title='bbox 764 1170 885 1210; x_wconf 90' lang='lat' dir='ltr'><strong>esse</strong></span> <span class='ocrx_word' id='word_1_76' title='bbox 908 1156 960 1209; x_wconf 90' lang='lat' dir='ltr'><strong>in</strong></span> <span class='ocrx_word' id='word_1_77' title='bbox 985 1158 1438 1212; x_wconf 87' lang='lat' dir='ltr'><strong>remuneratione.</strong></span> <span class='ocrx_word' id='word_1_78' title='bbox 1473 1157 1597 1213; x_wconf 59' lang='lat' dir='ltr'><strong>llaec</strong></span> <span class='ocrx_word' id='word_1_79' title='bbox 1634 1167 1687 1211; x_wconf 91' lang='lat' dir='ltr'><strong>tu</strong></span> <span class='ocrx_word' id='word_1_80' title='bbox 1723 1158 1922 1222; x_wconf 83' lang='lat' dir='ltr'><strong>omnia,</strong></span> <span class='ocrx_word' id='word_1_81' title='bbox 1958 1157 2207 1223; x_wconf 85' lang='lat' dir='ltr'><strong>Domine,</strong></span> 
     </span>
    </p>
   </div>
   <div class='ocr_carea' id='block_1_13' title="bbox 609 1248 2211 1322">
    <p class='ocr_par' dir='ltr' id='par_1_13' title="bbox 609 1248 2211 1322">
     <span class='ocr_line' id='line_1_13' title="bbox 609 1248 2211 1322; baseline 0.004 -21"><span class='ocrx_word' id='word_1_82' title='bbox 609 1248 873 1317; x_wconf 89' lang='lat' dir='ltr'><strong>operaris,</strong></span> <span class='ocrx_word' id='word_1_83' title='bbox 920 1249 1013 1319; x_wconf 91' lang='lat' dir='ltr'><strong>qui</strong></span> <span class='ocrx_word' id='word_1_84' title='bbox 1062 1266 1093 1304; x_wconf 91' lang='lat' dir='ltr'><strong>a</strong></span> <span class='ocrx_word' id='word_1_85' title='bbox 1146 1251 1422 1319; x_wconf 86' lang='lat' dir='ltr'><strong>prophetis</strong></span> <span class='ocrx_word' id='word_1_86' title='bbox 1464 1251 1875 1316; x_wconf 75' lang='lat' dir='ltr'><strong>demonstreris,</strong></span> <span class='ocrx_word' id='word_1_87' title='bbox 1906 1251 1972 1305; x_wconf 87' lang='lat' dir='ltr'><strong>ab</strong></span> <span class='ocrx_word' id='word_1_88' title='bbox 2002 1252 2211 1322; x_wconf 89' lang='lat' dir='ltr'><strong>angelis</strong></span> 
     </span>
    </p>
   </div>
   <div class='ocr_carea' id='block_1_14' title="bbox 609 1338 2210 1411">
    <p class='ocr_par' dir='ltr' id='par_1_14' title="bbox 609 1338 2210 1411">
     <span class='ocr_line' id='line_1_14' title="bbox 609 1338 2210 1411; baseline 0.004 -19"><span class='ocrx_word' id='word_1_89' title='bbox 609 1338 875 1406; x_wconf 84' lang='lat' dir='ltr'><strong>adoraris,</strong></span> <span class='ocrx_word' id='word_1_90' title='bbox 914 1348 968 1395; x_wconf 89' lang='lat' dir='ltr'><strong>ct</strong></span> <span class='ocrx_word' id='word_1_91' title='bbox 1011 1340 1079 1395; x_wconf 88' lang='lat' dir='ltr'><strong>ad</strong></span> <span class='ocrx_word' id='word_1_92' title='bbox 1123 1357 1283 1397; x_wconf 88' lang='lat' dir='ltr'><strong>omne</strong></span> <span class='ocrx_word' id='word_1_93' title='bbox 1326 1344 1580 1397; x_wconf 74' lang='lat' dir='ltr'><strong>smculum</strong></span> <span class='ocrx_word' id='word_1_94' title='bbox 1613 1343 1978 1411; x_wconf 82' lang='lat' dir='ltr'><strong>apostolorum</strong></span> <span class='ocrx_word' id='word_1_95' title='bbox 2009 1343 2210 1399; x_wconf 85' lang='lat' dir='ltr'><strong>lumine</strong></span> 
     </span>
    </p>
   </div>
   <div class='ocr_carea' id='block_1_15' title="bbox 610 1431 2206 1507">
    <p class='ocr_par' dir='ltr' id='par_1_15' title="bbox 610 1431 2206 1507">
     <span class='ocr_line' id='line_1_15' title="bbox 610 1431 2206 1507; baseline 0.002 -20"><span class='ocrx_word' id='word_1_96' title='bbox 610 1431 925 1490; x_wconf 87' lang='lat' dir='ltr'><strong>declararis.</strong></span> <span class='ocrx_word' id='word_1_97' title='bbox 950 1434 1013 1487; x_wconf 88' lang='lat' dir='ltr'><strong>Et</strong></span> <span class='ocrx_word' id='word_1_98' title='bbox 1034 1435 1153 1490; x_wconf 92' lang='lat' dir='ltr'><strong>ideo</strong></span> <span class='ocrx_word' id='word_1_99' title='bbox 1170 1450 1288 1490; x_wconf 90' lang='lat' dir='ltr'><strong>cum</strong></span> <span class='ocrx_word' id='word_1_100' title='bbox 1309 1436 1513 1506; x_wconf 90' lang='lat' dir='ltr'><strong>angelis</strong></span> <span class='ocrx_word' id='word_1_101' title='bbox 1533 1446 1585 1490; x_wconf 92' lang='lat' dir='ltr'><strong>et</strong></span> <span class='ocrx_word' id='word_1_102' title='bbox 1608 1436 1944 1507; x_wconf 82' lang='lat' dir='ltr'><strong>arcliangelis</strong></span> <span class='ocrx_word' id='word_1_103' title='bbox 1957 1438 2206 1492; x_wconf 87' lang='lat' dir='ltr'><strong>conlaud.</strong></span> 
     </span>
    </p>
   </div>
   <div class='ocr_carea' id='block_1_16' title="bbox 949 1542 1913 1585">
    <p class='ocr_par' dir='ltr' id='par_1_16' title="bbox 949 1542 1913 1585">
     <span class='ocr_line' id='line_1_16' title="bbox 949 1542 1913 1585; baseline 0.002 -4"><span class='ocrx_word' id='word_1_104' title='bbox 949 1542 1099 1584; x_wconf 72' lang='lat' dir='ltr'><strong>HISSA</strong></span> <span class='ocrx_word' id='word_1_105' title='bbox 1133 1544 1317 1584; x_wconf 74' lang='lat' dir='ltr'><strong>SANC&#39;I&#39;I</strong></span> <span class='ocrx_word' id='word_1_106' title='bbox 1358 1545 1653 1585; x_wconf 76' lang='lat' dir='ltr'><strong>SIGISIIUNDI</strong></span> <span class='ocrx_word' id='word_1_107' title='bbox 1696 1545 1865 1585; x_wconf 77' lang='lat' dir='ltr'><strong>REGIS.</strong></span> <span class='ocrx_word' id='word_1_108' title='bbox 1912 1552 1913 1559; x_wconf 88' lang='lat'>‘</span> 
     </span>
    </p>
   </div>
   <div class='ocr_carea' id='block_1_17' title="bbox 878 1619 1935 1684">
    <p class='ocr_par' dir='ltr' id='par_1_17' title="bbox 878 1619 1935 1684">
     <span class='ocr_line' id='line_1_17' title="bbox 878 1619 1935 1684; baseline 0.001 -15"><span class='ocrx_word' id='word_1_109' title='bbox 878 1619 1094 1682; x_wconf 87' lang='lat' dir='ltr'><strong>Epistola</strong></span> <span class='ocrx_word' id='word_1_110' title='bbox 1116 1620 1355 1671; x_wconf 79' lang='lat' dir='ltr'><strong>Johannis</strong></span> <span class='ocrx_word' id='word_1_111' title='bbox 1377 1621 1583 1684; x_wconf 79' lang='lat' dir='ltr'><strong>apostoli</strong></span> <span class='ocrx_word' id='word_1_112' title='bbox 1601 1624 1659 1672; x_wconf 86' lang='lat' dir='ltr'><strong>ad</strong></span> <span class='ocrx_word' id='word_1_113' title='bbox 1683 1631 1860 1684; x_wconf 79' lang='lat' dir='ltr'><strong>gentes</strong></span> <span class='ocrx_word' id='word_1_114' title='bbox 1890 1619 1935 1670; x_wconf 62' lang='grc' dir='ltr'><strong>ι’.</strong></span> 
     </span>
    </p>
   </div>
   <div class='ocr_carea' id='block_1_18' title="bbox 676 1703 2203 1779">
    <p class='ocr_par' dir='ltr' id='par_1_18' title="bbox 676 1703 2203 1779">
     <span class='ocr_line' id='line_1_18' title="bbox 676 1703 2203 1779; baseline 0.005 -22"><span class='ocrx_word' id='word_1_115' title='bbox 676 1703 914 1772; x_wconf 87' lang='lat' dir='ltr'><strong>Fratres,</strong></span> <span class='ocrx_word' id='word_1_116' title='bbox 957 1706 1126 1762; x_wconf 88' lang='lat' dir='ltr'><strong>nolite</strong></span> <span class='ocrx_word' id='word_1_117' title='bbox 1168 1708 1391 1777; x_wconf 77' lang='lat' dir='ltr'><strong>diligere</strong></span> <span class='ocrx_word' id='word_1_118' title='bbox 1429 1709 1710 1776; x_wconf 88' lang='lat' dir='ltr'><strong>mundum,</strong></span> <span class='ocrx_word' id='word_1_119' title='bbox 1752 1724 1852 1764; x_wconf 89' lang='lat' dir='ltr'><strong>nec</strong></span> <span class='ocrx_word' id='word_1_120' title='bbox 1896 1725 1957 1764; x_wconf 90' lang='lat' dir='ltr'><strong>ea</strong></span> <span class='ocrx_word' id='word_1_121' title='bbox 2002 1725 2120 1779; x_wconf 71' lang='lat' dir='ltr'><strong>qua:</strong></span> <span class='ocrx_word' id='word_1_122' title='bbox 2152 1709 2203 1764; x_wconf 89' lang='lat' dir='ltr'><strong>in</strong></span> 
     </span>
    </p>
   </div>
   <div class='ocr_carea' id='block_1_19' title="bbox 2318 508 3843 583">
    <p class='ocr_par' dir='ltr' id='par_1_19' title="bbox 2318 508 3843 583">
     <span class='ocr_line' id='line_1_19' title="bbox 2318 508 3843 583; baseline 0.003 -18"><span class='ocrx_word' id='word_1_123' title='bbox 2318 523 2439 565; x_wconf 86' lang='lat' dir='ltr'><strong>esse</strong></span> <span class='ocrx_word' id='word_1_124' title='bbox 2470 510 2669 565; x_wconf 82' lang='lat' dir='ltr'><strong>homini</strong></span> <span class='ocrx_word' id='word_1_125' title='bbox 2703 508 2950 579; x_wconf 85' lang='lat' dir='ltr'><strong>paciﬁco.</strong></span> <span class='ocrx_word' id='word_1_126' title='bbox 2990 510 3070 565; x_wconf 88' lang='lat' dir='ltr'><strong>Tu</strong></span> <span class='ocrx_word' id='word_1_127' title='bbox 3097 525 3249 581; x_wconf 87' lang='lat' dir='ltr'><strong>ergo,</strong></span> <span class='ocrx_word' id='word_1_128' title='bbox 3277 508 3507 565; x_wconf 87' lang='lat' dir='ltr'><strong>Domine</strong></span> <span class='ocrx_word' id='word_1_129' title='bbox 3538 508 3665 565; x_wconf 85' lang='lat' dir='ltr'><strong>Deus</strong></span> <span class='ocrx_word' id='word_1_130' title='bbox 3687 521 3843 583; x_wconf 85' lang='lat' dir='ltr'><strong>uoster,</strong></span> 
     </span>
    </p>
   </div>
   <div class='ocr_carea' id='block_1_20' title="bbox 2315 602 3837 674">
    <p class='ocr_par' dir='ltr' id='par_1_20' title="bbox 2315 602 3837 674">
     <span class='ocr_line' id='line_1_20' title="bbox 2315 602 3837 674; baseline 0.005 -20"><span class='ocrx_word' id='word_1_131' title='bbox 2315 603 2404 673; x_wconf 88' lang='lat' dir='ltr'><strong>qui</strong></span> <span class='ocrx_word' id='word_1_132' title='bbox 2433 604 2573 658; x_wconf 88' lang='lat' dir='ltr'><strong>inter</strong></span> <span class='ocrx_word' id='word_1_133' title='bbox 2600 604 2864 658; x_wconf 88' lang='lat' dir='ltr'><strong>bellorum</strong></span> <span class='ocrx_word' id='word_1_134' title='bbox 2899 603 3178 669; x_wconf 88' lang='lat' dir='ltr'><strong>tumultus,</strong></span> <span class='ocrx_word' id='word_1_135' title='bbox 3211 617 3315 659; x_wconf 89' lang='lat' dir='ltr'><strong>non</strong></span> <span class='ocrx_word' id='word_1_136' title='bbox 3348 602 3721 659; x_wconf 75' lang='lat' dir='ltr'><strong>examinatione</strong></span> <span class='ocrx_word' id='word_1_137' title='bbox 3744 620 3837 674; x_wconf 77' lang='lat' dir='ltr'><strong>per-</strong></span> 
     </span>
    </p>
   </div>
   <div class='ocr_carea' id='block_1_21' title="bbox 2315 695 3844 769">
    <p class='ocr_par' dir='ltr' id='par_1_21' title="bbox 2315 695 3844 769">
     <span class='ocr_line' id='line_1_21' title="bbox 2315 695 3844 769; baseline 0.005 -20"><span class='ocrx_word' id='word_1_138' title='bbox 2315 696 2597 765; x_wconf 85' lang='lat' dir='ltr'><strong>secutoris,</strong></span> <span class='ocrx_word' id='word_1_139' title='bbox 2622 697 2793 751; x_wconf 89' lang='lat' dir='ltr'><strong>electo</strong></span> <span class='ocrx_word' id='word_1_140' title='bbox 2819 704 2912 751; x_wconf 91' lang='lat' dir='ltr'><strong>tuo</strong></span> <span class='ocrx_word' id='word_1_141' title='bbox 2934 696 3279 767; x_wconf 75' lang='lat' dir='ltr'><strong>Sigismundo</strong></span> <span class='ocrx_word' id='word_1_142' title='bbox 3308 695 3633 766; x_wconf 81' lang='lat' dir='ltr'><strong>triumphum</strong></span> <span class='ocrx_word' id='word_1_143' title='bbox 3662 700 3844 769; x_wconf 77' lang='lat' dir='ltr'><strong>inartytii</strong></span> 
     </span>
    </p>
   </div>
   <div class='ocr_carea' id='block_1_22' title="bbox 2314 789 3843 861">
    <p class='ocr_par' dir='ltr' id='par_1_22' title="bbox 2314 789 3843 861">
     <span class='ocr_line' id='line_1_22' title="bbox 2314 789 3843 861; baseline 0 -17"><span class='ocrx_word' id='word_1_144' title='bbox 2314 790 2607 855; x_wconf 88' lang='lat' dir='ltr'><strong>contulisti,</strong></span> <span class='ocrx_word' id='word_1_145' title='bbox 2648 798 2701 845; x_wconf 89' lang='lat' dir='ltr'><strong>tu</strong></span> <span class='ocrx_word' id='word_1_146' title='bbox 2744 789 3107 860; x_wconf 87' lang='lat' dir='ltr'><strong>dispensando</strong></span> <span class='ocrx_word' id='word_1_147' title='bbox 3150 790 3478 861; x_wconf 88' lang='lat' dir='ltr'><strong>pauperibus</strong></span> <span class='ocrx_word' id='word_1_148' title='bbox 3506 790 3717 861; x_wconf 89' lang='lat' dir='ltr'><strong>pulsanti</strong></span> <span class='ocrx_word' id='word_1_149' title='bbox 3750 806 3843 860; x_wconf 52' lang='lat' dir='ltr'><strong>ape.</strong></span> 
     </span>
    </p>
   </div>
   <div class='ocr_carea' id='block_1_23' title="bbox 2314 883 3843 953">
    <p class='ocr_par' dir='ltr' id='par_1_23' title="bbox 2314 883 3843 953">
     <span class='ocr_line' id='line_1_23' title="bbox 2314 883 3843 953; baseline 0 -16"><span class='ocrx_word' id='word_1_150' title='bbox 2314 884 2422 937; x_wconf 87' lang='lat' dir='ltr'><strong>rirc</strong></span> <span class='ocrx_word' id='word_1_151' title='bbox 2450 883 2694 952; x_wconf 87' lang='lat' dir='ltr'><strong>dignatus</strong></span> <span class='ocrx_word' id='word_1_152' title='bbox 2720 899 2800 950; x_wconf 89' lang='lat' dir='ltr'><strong>es,</strong></span> <span class='ocrx_word' id='word_1_153' title='bbox 2831 893 3048 939; x_wconf 88' lang='lat' dir='ltr'><strong>secutus</strong></span> <span class='ocrx_word' id='word_1_154' title='bbox 3068 883 3316 953; x_wconf 78' lang='lat' dir='ltr'><strong>gratiam,</strong></span> <span class='ocrx_word' id='word_1_155' title='bbox 3350 890 3660 937; x_wconf 87' lang='lat' dir='ltr'><strong>consecutus</strong></span> <span class='ocrx_word' id='word_1_156' title='bbox 3685 883 3843 938; x_wconf 85' lang='lat' dir='ltr'><strong>miseri-</strong></span> 
     </span>
    </p>
   </div>
   <div class='ocr_carea' id='block_1_24' title="bbox 2316 972 3842 1044">
    <p class='ocr_par' dir='ltr' id='par_1_24' title="bbox 2316 972 3842 1044">
     <span class='ocr_line' id='line_1_24' title="bbox 2316 972 3842 1044; baseline 0 -15"><span class='ocrx_word' id='word_1_157' title='bbox 2316 974 2576 1041; x_wconf 84' lang='lat' dir='ltr'><strong>cordiam,</strong></span> <span class='ocrx_word' id='word_1_158' title='bbox 2606 984 2664 1029; x_wconf 93' lang='lat' dir='ltr'><strong>ut</strong></span> <span class='ocrx_word' id='word_1_159' title='bbox 2691 985 2810 1044; x_wconf 90' lang='lat' dir='ltr'><strong>post</strong></span> <span class='ocrx_word' id='word_1_160' title='bbox 2842 983 3069 1031; x_wconf 91' lang='lat' dir='ltr'><strong>mortem</strong></span> <span class='ocrx_word' id='word_1_161' title='bbox 3118 972 3373 1028; x_wconf 85' lang='lat' dir='ltr'><strong>ostendas</strong></span> <span class='ocrx_word' id='word_1_162' title='bbox 3406 974 3457 1029; x_wconf 92' lang='lat' dir='ltr'><strong>in</strong></span> <span class='ocrx_word' id='word_1_163' title='bbox 3501 975 3701 1041; x_wconf 86' lang='lat' dir='ltr'><strong>virtute,</strong></span> <span class='ocrx_word' id='word_1_164' title='bbox 3726 990 3842 1041; x_wconf 84' lang='lat' dir='ltr'><strong>quem</strong></span> 
     </span>
    </p>
   </div>
   <div class='ocr_carea' id='block_1_25' title="bbox 2313 1065 3841 1135">
    <p class='ocr_par' dir='ltr' id='par_1_25' title="bbox 2313 1065 3841 1135">
     <span class='ocr_line' id='line_1_25' title="bbox 2313 1065 3841 1135; baseline 0 -16"><span class='ocrx_word' id='word_1_165' title='bbox 2313 1077 2437 1122; x_wconf 87' lang='lat' dir='ltr'><strong>ante</strong></span> <span class='ocrx_word' id='word_1_166' title='bbox 2479 1076 2705 1121; x_wconf 88' lang='lat' dir='ltr'><strong>mortem</strong></span> <span class='ocrx_word' id='word_1_167' title='bbox 2740 1066 2968 1122; x_wconf 73' lang='lat' dir='ltr'><strong>firmasti</strong></span> <span class='ocrx_word' id='word_1_168' title='bbox 3017 1068 3067 1122; x_wconf 93' lang='lat' dir='ltr'><strong>in</strong></span> <span class='ocrx_word' id='word_1_169' title='bbox 3098 1066 3220 1122; x_wconf 80' lang='lat' dir='ltr'><strong>fide.</strong></span> <span class='ocrx_word' id='word_1_170' title='bbox 3255 1066 3369 1122; x_wconf 86' lang='lat' dir='ltr'><strong>Tua</strong></span> <span class='ocrx_word' id='word_1_171' title='bbox 3412 1068 3553 1122; x_wconf 90' lang='lat' dir='ltr'><strong>enim</strong></span> <span class='ocrx_word' id='word_1_172' title='bbox 3589 1065 3708 1119; x_wconf 83' lang='lat' dir='ltr'><strong>dona</strong></span> <span class='ocrx_word' id='word_1_173' title='bbox 3734 1077 3841 1135; x_wconf 86' lang='lat' dir='ltr'><strong>sunt,</strong></span> 
     </span>
    </p>
   </div>
   <div class='ocr_carea' id='block_1_26' title="bbox 2316 1157 3845 1229">
    <p class='ocr_par' dir='ltr' id='par_1_26' title="bbox 2316 1157 3845 1229">
     <span class='ocr_line' id='line_1_26' title="bbox 2316 1157 3845 1229; baseline 0.001 -17"><span class='ocrx_word' id='word_1_174' title='bbox 2316 1158 2572 1224; x_wconf 88' lang='lat' dir='ltr'><strong>Domine,</strong></span> <span class='ocrx_word' id='word_1_175' title='bbox 2630 1169 2685 1212; x_wconf 87' lang='lat' dir='ltr'><strong>ut</strong></span> <span class='ocrx_word' id='word_1_176' title='bbox 2747 1157 2800 1212; x_wconf 90' lang='lat' dir='ltr'><strong>in</strong></span> <span class='ocrx_word' id='word_1_177' title='bbox 2848 1160 3066 1213; x_wconf 89' lang='lat' dir='ltr'><strong>nomine</strong></span> <span class='ocrx_word' id='word_1_178' title='bbox 3114 1158 3269 1213; x_wconf 76' lang='lat' dir='ltr'><strong>electi</strong></span> <span class='ocrx_word' id='word_1_179' title='bbox 3325 1157 3405 1212; x_wconf 92' lang='lat' dir='ltr'><strong>tui</strong></span> <span class='ocrx_word' id='word_1_180' title='bbox 3450 1157 3745 1228; x_wconf 85' lang='lat' dir='ltr'><strong>Sigismundi</strong></span> <span class='ocrx_word' id='word_1_181' title='bbox 3782 1174 3845 1229; x_wconf 86' lang='lat' dir='ltr'><strong>per</strong></span> 
     </span>
    </p>
   </div>
   <div class='ocr_carea' id='block_1_27' title="bbox 2317 1249 3845 1321">
    <p class='ocr_par' dir='ltr' id='par_1_27' title="bbox 2317 1249 3845 1321">
     <span class='ocr_line' id='line_1_27' title="bbox 2317 1249 3845 1321; baseline -0.001 -16"><span class='ocrx_word' id='word_1_182' title='bbox 2317 1253 2752 1307; x_wconf 85' lang='lat' dir='ltr'><strong>communionem</strong></span> <span class='ocrx_word' id='word_1_183' title='bbox 2802 1252 3047 1321; x_wconf 88' lang='lat' dir='ltr'><strong>corporis</strong></span> <span class='ocrx_word' id='word_1_184' title='bbox 3095 1262 3147 1306; x_wconf 88' lang='lat' dir='ltr'><strong>et</strong></span> <span class='ocrx_word' id='word_1_185' title='bbox 3196 1251 3473 1321; x_wconf 87' lang='lat' dir='ltr'><strong>sanguinis</strong></span> <span class='ocrx_word' id='word_1_186' title='bbox 3508 1249 3700 1305; x_wconf 89' lang='lat' dir='ltr'><strong>Domini</strong></span> <span class='ocrx_word' id='word_1_187' title='bbox 3726 1250 3845 1304; x_wconf 87' lang='lat' dir='ltr'><strong>nostri</strong></span> 
     </span>
    </p>
   </div>
   <div class='ocr_carea' id='block_1_28' title="bbox 2320 1344 3845 1411">
    <p class='ocr_par' dir='ltr' id='par_1_28' title="bbox 2320 1344 3845 1411">
     <span class='ocr_line' id='line_1_28' title="bbox 2320 1344 3845 1411; baseline -0.003 -9"><span class='ocrx_word' id='word_1_188' title='bbox 2320 1345 2440 1402; x_wconf 69' lang='lat' dir='ltr'><strong>lesu</strong></span> <span class='ocrx_word' id='word_1_189' title='bbox 2470 1346 2672 1402; x_wconf 86' lang='lat' dir='ltr'><strong>Christi</strong></span> <span class='ocrx_word' id='word_1_190' title='bbox 2714 1345 2832 1401; x_wconf 85' lang='lat' dir='ltr'><strong>Filii</strong></span> <span class='ocrx_word' id='word_1_191' title='bbox 2878 1345 2951 1401; x_wconf 91' lang='lat' dir='ltr'><strong>tui</strong></span> <span class='ocrx_word' id='word_1_192' title='bbox 2993 1363 3023 1400; x_wconf 86' lang='lat' dir='ltr'><strong>a</strong></span> <span class='ocrx_word' id='word_1_193' title='bbox 3067 1344 3269 1401; x_wconf 86' lang='lat' dir='ltr'><strong>famulo</strong></span> <span class='ocrx_word' id='word_1_194' title='bbox 3318 1354 3413 1400; x_wconf 91' lang='lat' dir='ltr'><strong>tuo</strong></span> <span class='ocrx_word' id='word_1_195' title='bbox 3460 1345 3537 1400; x_wconf 90' lang='lat' dir='ltr'><strong>ill.</strong></span> <span class='ocrx_word' id='word_1_196' title='bbox 3584 1346 3845 1411; x_wconf 72' lang='lat' dir='ltr'><strong>tempestatis</strong></span> 
     </span>
    </p>
   </div>
   <div class='ocr_carea' id='block_1_29' title="bbox 2313 1437 3847 1510">
    <p class='ocr_par' dir='ltr' id='par_1_29' title="bbox 2313 1437 3847 1510">
     <span class='ocr_line' id='line_1_29' title="bbox 2313 1437 3847 1510; baseline -0.001 -15"><span class='ocrx_word' id='word_1_197' title='bbox 2313 1440 2532 1510; x_wconf 80' lang='lat' dir='ltr'><strong>frigora,</strong></span> <span class='ocrx_word' id='word_1_198' title='bbox 2570 1439 2795 1495; x_wconf 81' lang='lat' dir='ltr'><strong>febrium</strong></span> <span class='ocrx_word' id='word_1_199' title='bbox 2838 1439 3089 1495; x_wconf 88' lang='lat' dir='ltr'><strong>ardorem</strong></span> <span class='ocrx_word' id='word_1_200' title='bbox 3136 1437 3392 1509; x_wconf 86' lang='lat' dir='ltr'><strong>repellas,</strong></span> <span class='ocrx_word' id='word_1_201' title='bbox 3428 1448 3482 1493; x_wconf 90' lang='lat' dir='ltr'><strong>et</strong></span> <span class='ocrx_word' id='word_1_202' title='bbox 3527 1437 3589 1493; x_wconf 90' lang='lat' dir='ltr'><strong>ad</strong></span> <span class='ocrx_word' id='word_1_203' title='bbox 3628 1438 3847 1493; x_wconf 83' lang='lat' dir='ltr'><strong>sanitatem</strong></span> 
     </span>
    </p>
   </div>
   <div class='ocr_carea' id='block_1_30' title="bbox 2315 1527 3847 1601">
    <p class='ocr_par' dir='ltr' id='par_1_30' title="bbox 2315 1527 3847 1601">
     <span class='ocr_line' id='line_1_30' title="bbox 2315 1527 3847 1601; baseline -0.001 -17"><span class='ocrx_word' id='word_1_204' title='bbox 2315 1532 2593 1597; x_wconf 87' lang='lat' dir='ltr'><strong>pristinam</strong></span> <span class='ocrx_word' id='word_1_205' title='bbox 2623 1546 2879 1587; x_wconf 84' lang='lat' dir='ltr'><strong>revocare</strong></span> <span class='ocrx_word' id='word_1_206' title='bbox 2922 1529 3185 1601; x_wconf 86' lang='lat' dir='ltr'><strong>digneris.</strong></span> <span class='ocrx_word' id='word_1_207' title='bbox 3221 1529 3445 1596; x_wconf 78' lang='lat' dir='ltr'><strong>Praesta,</strong></span> <span class='ocrx_word' id='word_1_208' title='bbox 3482 1545 3631 1601; x_wconf 90' lang='lat' dir='ltr'><strong>quem</strong></span> <span class='ocrx_word' id='word_1_209' title='bbox 3656 1530 3700 1583; x_wconf 92' lang='lat' dir='ltr'><strong>in</strong></span> <span class='ocrx_word' id='word_1_210' title='bbox 3719 1527 3847 1584; x_wconf 85' lang='lat' dir='ltr'><strong>Trini-</strong></span> 
     </span>
    </p>
   </div>
   <div class='ocr_carea' id='block_1_31' title="bbox 2320 1621 3130 1690">
    <p class='ocr_par' dir='ltr' id='par_1_31' title="bbox 2320 1621 3130 1690">
     <span class='ocr_line' id='line_1_31' title="bbox 2320 1621 3130 1690; baseline -0.005 -11"><span class='ocrx_word' id='word_1_211' title='bbox 2320 1632 2431 1679; x_wconf 89' lang='lat' dir='ltr'><strong>tate</strong></span> <span class='ocrx_word' id='word_1_212' title='bbox 2458 1622 2677 1677; x_wconf 89' lang='lat' dir='ltr'><strong>laudant</strong></span> <span class='ocrx_word' id='word_1_213' title='bbox 2714 1636 2903 1678; x_wconf 90' lang='lat' dir='ltr'><strong>omnes</strong></span> <span class='ocrx_word' id='word_1_214' title='bbox 2933 1621 3130 1690; x_wconf 77' lang='lat' dir='ltr'><strong>angeli.</strong></span> 
     </span>
    </p>
   </div>
   <div class='ocr_carea' id='block_1_32' title="bbox 2648 1722 3599 1768">
    <p class='ocr_par' dir='ltr' id='par_1_32' title="bbox 2648 1722 3599 1768">
     <span class='ocr_line' id='line_1_32' title="bbox 2648 1722 3599 1768; baseline -0.002 0"><span class='ocrx_word' id='word_1_215' title='bbox 2648 1729 2799 1768; x_wconf 71' lang='lat' dir='ltr'><strong>MISSA</strong></span> <span class='ocrx_word' id='word_1_216' title='bbox 2838 1728 2890 1767; x_wconf 69' lang='lat' dir='ltr'><strong>IN</strong></span> <span class='ocrx_word' id='word_1_217' title='bbox 2930 1722 3248 1768; x_wconf 72' lang='lat' dir='ltr'><strong>SANC&#39;I&#39;ORUII</strong></span> <span class='ocrx_word' id='word_1_218' title='bbox 3286 1728 3599 1767; x_wconf 68' lang='lat' dir='ltr'><strong>IABTYBUI.</strong></span> 
     </span>
    </p>
   </div>
   <div class='ocr_carea' id='block_1_33' title="bbox 604 1798 3847 1875">
    <p class='ocr_par' dir='ltr' id='par_1_33' title="bbox 604 1798 3847 1875">
     <span class='ocr_line' id='line_1_33' title="bbox 604 1798 3847 1875; baseline -0.001 -20"><span class='ocrx_word' id='word_1_219' title='bbox 604 1801 805 1855; x_wconf 91' lang='lat' dir='ltr'><strong>mundo</strong></span> <span class='ocrx_word' id='word_1_220' title='bbox 832 1811 977 1857; x_wconf 89' lang='lat' dir='ltr'><strong>sunt.</strong></span> <span class='ocrx_word' id='word_1_221' title='bbox 1012 1802 1068 1857; x_wconf 89' lang='lat' dir='ltr'><strong>Si</strong></span> <span class='ocrx_word' id='word_1_222' title='bbox 1094 1802 1214 1871; x_wconf 86' lang='lat' dir='ltr'><strong>quis</strong></span> <span class='ocrx_word' id='word_1_223' title='bbox 1244 1802 1417 1875; x_wconf 79' lang='lat' dir='ltr'><strong>diligit</strong></span> <span class='ocrx_word' id='word_1_224' title='bbox 1447 1805 1726 1869; x_wconf 90' lang='lat' dir='ltr'><strong>mundum,</strong></span> <span class='ocrx_word' id='word_1_225' title='bbox 1763 1818 1866 1857; x_wconf 92' lang='lat' dir='ltr'><strong>non</strong></span> <span class='ocrx_word' id='word_1_226' title='bbox 1896 1812 1981 1858; x_wconf 83' lang='lat' dir='ltr'><strong>est</strong></span> <span class='ocrx_word' id='word_1_227' title='bbox 2007 1803 2206 1858; x_wconf 89' lang='lat' dir='ltr'><strong>caritas</strong></span> <span class='ocrx_word' id='word_1_228' title='bbox 2239 1798 2291 1860; x_wconf 89' lang='lat' dir='ltr'><strong>B</strong></span> <span class='ocrx_word' id='word_1_229' title='bbox 2318 1802 2490 1854; x_wconf 85' lang='lat' dir='ltr'><strong>Lectio</strong></span> <span class='ocrx_word' id='word_1_230' title='bbox 2508 1804 2824 1867; x_wconf 80' lang='lat' dir='ltr'><strong>Apocalypsis</strong></span> <span class='ocrx_word' id='word_1_231' title='bbox 2839 1806 2995 1855; x_wconf 87' lang='lat' dir='ltr'><strong>sancti</strong></span> <span class='ocrx_word' id='word_1_232' title='bbox 3012 1804 3258 1866; x_wconf 85' lang='lat' dir='ltr'><strong>Iohannis,</strong></span> <span class='ocrx_word' id='word_1_233' title='bbox 3280 1807 3331 1854; x_wconf 90' lang='lat' dir='ltr'><strong>in</strong></span> <span class='ocrx_word' id='word_1_234' title='bbox 3349 1802 3655 1855; x_wconf 76' lang='lat' dir='ltr'><strong>sanctorumd</strong></span> <span class='ocrx_word' id='word_1_235' title='bbox 3677 1803 3847 1866; x_wconf 83' lang='lat' dir='ltr'><strong>legenda.</strong></span> 
     </span>
    </p>
   </div>
   <div class='ocr_carea' id='block_1_34' title="bbox 602 1892 2201 1965">
    <p class='ocr_par' dir='ltr' id='par_1_34' title="bbox 602 1892 2201 1965">
     <span class='ocr_line' id='line_1_34' title="bbox 602 1892 2201 1965; baseline 0.002 -19"><span class='ocrx_word' id='word_1_236' title='bbox 602 1892 779 1947; x_wconf 87' lang='lat' dir='ltr'><strong>Patris</strong></span> <span class='ocrx_word' id='word_1_237' title='bbox 823 1893 876 1948; x_wconf 91' lang='lat' dir='ltr'><strong>in</strong></span> <span class='ocrx_word' id='word_1_238' title='bbox 903 1909 968 1949; x_wconf 88' lang='lat' dir='ltr'><strong>eo</strong></span> <span class='ocrx_word' id='word_1_239' title='bbox 1013 1913 1025 1947; x_wconf 91' lang='lat'>:</span> <span class='ocrx_word' id='word_1_240' title='bbox 1079 1894 1332 1965; x_wconf 90' lang='lat' dir='ltr'><strong>quoniam</strong></span> <span class='ocrx_word' id='word_1_241' title='bbox 1366 1911 1526 1951; x_wconf 89' lang='lat' dir='ltr'><strong>omne</strong></span> <span class='ocrx_word' id='word_1_242' title='bbox 1567 1897 1708 1965; x_wconf 87' lang='lat' dir='ltr'><strong>quod</strong></span> <span class='ocrx_word' id='word_1_243' title='bbox 1755 1904 1840 1951; x_wconf 89' lang='lat' dir='ltr'><strong>est</strong></span> <span class='ocrx_word' id='word_1_244' title='bbox 1884 1895 1936 1949; x_wconf 90' lang='lat' dir='ltr'><strong>in</strong></span> <span class='ocrx_word' id='word_1_245' title='bbox 1981 1895 2201 1961; x_wconf 89' lang='lat' dir='ltr'><strong>mundo,</strong></span> 
     </span>
    </p>
   </div>
   <div class='ocr_carea' id='block_1_35' title="bbox 604 1984 2202 2057">
    <p class='ocr_par' dir='ltr' id='par_1_35' title="bbox 604 1984 2202 2057">
     <span class='ocr_line' id='line_1_35' title="bbox 604 1984 2202 2057; baseline 0.003 -20"><span class='ocrx_word' id='word_1_246' title='bbox 604 1984 1041 2052; x_wconf 83' lang='lat' dir='ltr'><strong>concupiscentia</strong></span> <span class='ocrx_word' id='word_1_247' title='bbox 1079 1986 1289 2052; x_wconf 88' lang='lat' dir='ltr'><strong>carnis,</strong></span> <span class='ocrx_word' id='word_1_248' title='bbox 1324 1997 1377 2043; x_wconf 90' lang='lat' dir='ltr'><strong>et</strong></span> <span class='ocrx_word' id='word_1_249' title='bbox 1408 1988 1847 2057; x_wconf 87' lang='lat' dir='ltr'><strong>concupiscentia</strong></span> <span class='ocrx_word' id='word_1_250' title='bbox 1894 1987 2202 2055; x_wconf 91' lang='lat' dir='ltr'><strong>oculorum,</strong></span> 
     </span>
    </p>
   </div>
   <div class='ocr_carea' id='block_1_36' title="bbox 603 2076 1114 2145">
    <p class='ocr_par' dir='ltr' id='par_1_36' title="bbox 603 2076 1114 2145">
     <span class='ocr_line' id='line_1_36' title="bbox 603 2076 1114 2145; baseline 0.002 -14"><span class='ocrx_word' id='word_1_251' title='bbox 603 2088 655 2131; x_wconf 88' lang='lat' dir='ltr'><strong>ct</strong></span> <span class='ocrx_word' id='word_1_252' title='bbox 684 2076 935 2145; x_wconf 88' lang='lat' dir='ltr'><strong>superbia</strong></span> <span class='ocrx_word' id='word_1_253' title='bbox 969 2079 1114 2132; x_wconf 72' lang='lat' dir='ltr'><strong>vitze.</strong></span> 
     </span>
    </p>
   </div>
   <div class='ocr_carea' id='block_1_37' title="bbox 784 2166 2033 2234">
    <p class='ocr_par' dir='ltr' id='par_1_37' title="bbox 784 2166 2033 2234">
     <span class='ocr_line' id='line_1_37' title="bbox 784 2166 2033 2234; baseline 0.002 -18"><span class='ocrx_word' id='word_1_254' title='bbox 784 2166 953 2218; x_wconf 85' lang='lat' dir='ltr'><strong>Lectio</strong></span> <span class='ocrx_word' id='word_1_255' title='bbox 976 2170 1131 2218; x_wconf 78' lang='lat' dir='ltr'><strong>sancti</strong></span> <span class='ocrx_word' id='word_1_256' title='bbox 1158 2169 1414 2234; x_wconf 78' lang='lat' dir='ltr'><strong>Evangelii</strong></span> <span class='ocrx_word' id='word_1_257' title='bbox 1439 2171 1712 2222; x_wconf 89' lang='lat' dir='ltr'><strong>secundum</strong></span> <span class='ocrx_word' id='word_1_258' title='bbox 1735 2172 2033 2222; x_wconf 60' lang='lat' dir='ltr'><strong>Mattbaum.</strong></span> 
     </span>
    </p>
   </div>
   <div class='ocr_carea' id='block_1_38' title="bbox 671 2248 2207 2320">
    <p class='ocr_par' dir='ltr' id='par_1_38' title="bbox 671 2248 2207 2320">
     <span class='ocr_line' id='line_1_38' title="bbox 671 2248 2207 2320; baseline 0.005 -18"><span class='ocrx_word' id='word_1_259' title='bbox 671 2248 867 2305; x_wconf 88' lang='lat' dir='ltr'><strong>Diebus</strong></span> <span class='ocrx_word' id='word_1_260' title='bbox 916 2252 1043 2320; x_wconf 90' lang='lat' dir='ltr'><strong>illis,</strong></span> <span class='ocrx_word' id='word_1_261' title='bbox 1078 2253 1339 2307; x_wconf 86' lang='lat' dir='ltr'><strong>circuibat</strong></span> <span class='ocrx_word' id='word_1_262' title='bbox 1372 2252 1629 2309; x_wconf 90' lang='lat' dir='ltr'><strong>Dominus</strong></span> <span class='ocrx_word' id='word_1_263' title='bbox 1655 2253 1810 2309; x_wconf 83' lang='lat' dir='ltr'><strong>Jesus</strong></span> <span class='ocrx_word' id='word_1_264' title='bbox 1867 2263 2030 2309; x_wconf 88' lang='lat' dir='ltr'><strong>totam</strong></span> <span class='ocrx_word' id='word_1_265' title='bbox 2061 2254 2207 2310; x_wconf 80' lang='lat' dir='ltr'><strong>Guli-</strong></span> 
     </span>
    </p>
   </div>
   <div class='ocr_carea' id='block_1_39' title="bbox 603 2343 2206 2416">
    <p class='ocr_par' dir='ltr' id='par_1_39' title="bbox 603 2343 2206 2416">
     <span class='ocr_line' id='line_1_39' title="bbox 603 2343 2206 2416; baseline 0.003 -20"><span class='ocrx_word' id='word_1_266' title='bbox 603 2343 793 2408; x_wconf 72' lang='lat' dir='ltr'><strong>laaam,</strong></span> <span class='ocrx_word' id='word_1_267' title='bbox 847 2344 1047 2399; x_wconf 86' lang='lat' dir='ltr'><strong>docens</strong></span> <span class='ocrx_word' id='word_1_268' title='bbox 1100 2345 1151 2399; x_wconf 87' lang='lat' dir='ltr'><strong>in</strong></span> <span class='ocrx_word' id='word_1_269' title='bbox 1202 2346 1493 2416; x_wconf 84' lang='lat' dir='ltr'><strong>synagogis</strong></span> <span class='ocrx_word' id='word_1_270' title='bbox 1543 2361 1752 2412; x_wconf 87' lang='lat' dir='ltr'><strong>eorum,</strong></span> <span class='ocrx_word' id='word_1_271' title='bbox 1802 2356 1856 2400; x_wconf 91' lang='lat' dir='ltr'><strong>et</strong></span> <span class='ocrx_word' id='word_1_272' title='bbox 1906 2346 2206 2415; x_wconf 66' lang='lat' dir='ltr'><strong>pranlicans</strong></span> 
     </span>
    </p>
   </div>
   <div class='ocr_carea' id='block_1_40' title="bbox 600 2434 2208 2507">
    <p class='ocr_par' dir='ltr' id='par_1_40' title="bbox 600 2434 2208 2507">
     <span class='ocr_line' id='line_1_40' title="bbox 600 2434 2208 2507; baseline 0.002 -19"><span class='ocrx_word' id='word_1_273' title='bbox 600 2434 953 2506; x_wconf 81' lang='lat' dir='ltr'><strong>Evangelium</strong></span> <span class='ocrx_word' id='word_1_274' title='bbox 995 2436 1169 2507; x_wconf 88' lang='lat' dir='ltr'><strong>regni,</strong></span> <span class='ocrx_word' id='word_1_275' title='bbox 1201 2445 1256 2491; x_wconf 91' lang='lat' dir='ltr'><strong>et</strong></span> <span class='ocrx_word' id='word_1_276' title='bbox 1296 2451 1494 2491; x_wconf 89' lang='lat' dir='ltr'><strong>sanans</strong></span> <span class='ocrx_word' id='word_1_277' title='bbox 1537 2452 1755 2492; x_wconf 90' lang='lat' dir='ltr'><strong>omnem</strong></span> <span class='ocrx_word' id='word_1_278' title='bbox 1802 2437 2111 2506; x_wconf 87' lang='lat' dir='ltr'><strong>languorem</strong></span> <span class='ocrx_word' id='word_1_279' title='bbox 2152 2447 2208 2491; x_wconf 89' lang='lat' dir='ltr'><strong>et</strong></span> 
     </span>
    </p>
   </div>
   <div class='ocr_carea' id='block_1_41' title="bbox 600 2527 2206 2598">
    <p class='ocr_par' dir='ltr' id='par_1_41' title="bbox 600 2527 2206 2598">
     <span class='ocr_line' id='line_1_41' title="bbox 600 2527 2206 2598; baseline 0.001 -17"><span class='ocrx_word' id='word_1_280' title='bbox 600 2543 817 2583; x_wconf 86' lang='lat' dir='ltr'><strong>onmem</strong></span> <span class='ocrx_word' id='word_1_281' title='bbox 851 2529 1216 2583; x_wconf 81' lang='lat' dir='ltr'><strong>infirmitatem</strong></span> <span class='ocrx_word' id='word_1_282' title='bbox 1270 2530 1323 2583; x_wconf 91' lang='lat' dir='ltr'><strong>iu</strong></span> <span class='ocrx_word' id='word_1_283' title='bbox 1354 2529 1573 2598; x_wconf 91' lang='lat' dir='ltr'><strong>populo.</strong></span> <span class='ocrx_word' id='word_1_284' title='bbox 1609 2528 1676 2582; x_wconf 87' lang='lat' dir='ltr'><strong>Et</strong></span> <span class='ocrx_word' id='word_1_285' title='bbox 1707 2528 1837 2583; x_wconf 91' lang='lat' dir='ltr'><strong>abiit</strong></span> <span class='ocrx_word' id='word_1_286' title='bbox 1883 2529 2064 2598; x_wconf 91' lang='lat' dir='ltr'><strong>opinio</strong></span> <span class='ocrx_word' id='word_1_287' title='bbox 2089 2527 2206 2597; x_wconf 86' lang='lat' dir='ltr'><strong>ejus</strong></span> 
     </span>
    </p>
   </div>
   <div class='ocr_carea' id='block_1_42' title="bbox 602 2622 2209 2695">
    <p class='ocr_par' dir='ltr' id='par_1_42' title="bbox 602 2622 2209 2695">
     <span class='ocr_line' id='line_1_42' title="bbox 602 2622 2209 2695; baseline 0.001 -20"><span class='ocrx_word' id='word_1_288' title='bbox 602 2622 656 2676; x_wconf 90' lang='lat' dir='ltr'><strong>in</strong></span> <span class='ocrx_word' id='word_1_289' title='bbox 701 2630 865 2675; x_wconf 89' lang='lat' dir='ltr'><strong>totam</strong></span> <span class='ocrx_word' id='word_1_290' title='bbox 894 2622 1131 2695; x_wconf 83' lang='lat' dir='ltr'><strong>Syriam,</strong></span> <span class='ocrx_word' id='word_1_291' title='bbox 1168 2631 1224 2678; x_wconf 90' lang='lat' dir='ltr'><strong>et</strong></span> <span class='ocrx_word' id='word_1_292' title='bbox 1263 2623 1579 2679; x_wconf 90' lang='lat' dir='ltr'><strong>obtulerunt</strong></span> <span class='ocrx_word' id='word_1_293' title='bbox 1616 2622 1669 2679; x_wconf 88' lang='lat' dir='ltr'><strong>ei</strong></span> <span class='ocrx_word' id='word_1_294' title='bbox 1709 2639 1897 2679; x_wconf 90' lang='lat' dir='ltr'><strong>omnes</strong></span> <span class='ocrx_word' id='word_1_295' title='bbox 1936 2623 2076 2679; x_wconf 86' lang='lat' dir='ltr'><strong>male</strong></span> <span class='ocrx_word' id='word_1_296' title='bbox 2114 2624 2209 2677; x_wconf 80' lang='lat' dir='ltr'><strong>ha-</strong></span> 
     </span>
    </p>
   </div>
   <div class='ocr_carea' id='block_1_43' title="bbox 600 2712 2204 2786">
    <p class='ocr_par' dir='ltr' id='par_1_43' title="bbox 600 2712 2204 2786">
     <span class='ocr_line' id='line_1_43' title="bbox 600 2712 2204 2786; baseline 0.002 -19"><span class='ocrx_word' id='word_1_297' title='bbox 600 2712 794 2767; x_wconf 88' lang='lat' dir='ltr'><strong>bentes</strong></span> <span class='ocrx_word' id='word_1_298' title='bbox 816 2715 979 2769; x_wconf 86' lang='lat' dir='ltr'><strong>variis</strong></span> <span class='ocrx_word' id='word_1_299' title='bbox 1008 2714 1357 2785; x_wconf 88' lang='lat' dir='ltr'><strong>languoribus</strong></span> <span class='ocrx_word' id='word_1_300' title='bbox 1386 2726 1441 2771; x_wconf 90' lang='lat' dir='ltr'><strong>et</strong></span> <span class='ocrx_word' id='word_1_301' title='bbox 1468 2715 1748 2771; x_wconf 89' lang='lat' dir='ltr'><strong>tormentis</strong></span> <span class='ocrx_word' id='word_1_302' title='bbox 1777 2716 2204 2786; x_wconf 83' lang='lat' dir='ltr'><strong>conprehensus,</strong></span> 
     </span>
    </p>
   </div>
   <div class='ocr_carea' id='block_1_44' title="bbox 601 2804 1037 2863">
    <p class='ocr_par' dir='ltr' id='par_1_44' title="bbox 601 2804 1037 2863">
     <span class='ocr_line' id='line_1_44' title="bbox 601 2804 1037 2863; baseline 0 -4"><span class='ocrx_word' id='word_1_303' title='bbox 601 2815 657 2860; x_wconf 86' lang='lat' dir='ltr'><strong>et</strong></span> <span class='ocrx_word' id='word_1_304' title='bbox 686 2804 895 2861; x_wconf 82' lang='lat' dir='ltr'><strong>curavit</strong></span> <span class='ocrx_word' id='word_1_305' title='bbox 921 2821 1037 2863; x_wconf 89' lang='lat' dir='ltr'><strong>eos.</strong></span> 
     </span>
    </p>
   </div>
   <div class='ocr_carea' id='block_1_45' title="bbox 1228 2911 1590 2950">
    <p class='ocr_par' dir='ltr' id='par_1_45' title="bbox 1228 2911 1590 2950">
     <span class='ocr_line' id='line_1_45' title="bbox 1228 2911 1590 2950; baseline -0.003 -3"><span class='ocrx_word' id='word_1_306' title='bbox 1228 2912 1402 2950; x_wconf 74' lang='lat' dir='ltr'><strong>INCIPIT</strong></span> <span class='ocrx_word' id='word_1_307' title='bbox 1436 2911 1590 2948; x_wconf 71' lang='lat' dir='ltr'><strong>IISSA.</strong></span> 
     </span>
    </p>
   </div>
   <div class='ocr_carea' id='block_1_46' title="bbox 673 2983 2208 3054">
    <p class='ocr_par' dir='ltr' id='par_1_46' title="bbox 673 2983 2208 3054">
     <span class='ocr_line' id='line_1_46' title="bbox 673 2983 2208 3054; baseline 0 -14"><span class='ocrx_word' id='word_1_308' title='bbox 673 2983 1111 3054; x_wconf 89' lang='lat' dir='ltr'><strong>Omnipotentem</strong></span> <span class='ocrx_word' id='word_1_309' title='bbox 1161 2983 1445 3039; x_wconf 91' lang='lat' dir='ltr'><strong>Dominum</strong></span> <span class='ocrx_word' id='word_1_310' title='bbox 1477 3027 1493 3052; x_wconf 89' lang='lat'><strong>,</strong></span> <span class='ocrx_word' id='word_1_311' title='bbox 1546 2983 1637 3054; x_wconf 91' lang='lat' dir='ltr'><strong>qui</strong></span> <span class='ocrx_word' id='word_1_312' title='bbox 1687 2997 1782 3053; x_wconf 91' lang='lat' dir='ltr'><strong>per</strong></span> <span class='ocrx_word' id='word_1_313' title='bbox 1832 2983 2104 3054; x_wconf 89' lang='lat' dir='ltr'><strong>apostolos</strong></span> <span class='ocrx_word' id='word_1_314' title='bbox 2152 2992 2208 3040; x_wconf 91' lang='lat' dir='ltr'><strong>et</strong></span> 
     </span>
    </p>
   </div>
   <div class='ocr_carea' id='block_1_47' title="bbox 602 3073 2205 3148">
    <p class='ocr_par' dir='ltr' id='par_1_47' title="bbox 602 3073 2205 3148">
     <span class='ocr_line' id='line_1_47' title="bbox 602 3073 2205 3148; baseline 0 -17"><span class='ocrx_word' id='word_1_315' title='bbox 602 3084 867 3147; x_wconf 90' lang='lat' dir='ltr'><strong>martyres</strong></span> <span class='ocrx_word' id='word_1_316' title='bbox 909 3090 1035 3131; x_wconf 91' lang='lat' dir='ltr'><strong>suos</strong></span> <span class='ocrx_word' id='word_1_317' title='bbox 1060 3073 1289 3136; x_wconf 62' lang='lat' dir='ltr'><strong>diversa.</strong></span> <span class='ocrx_word' id='word_1_318' title='bbox 1313 3075 1605 3131; x_wconf 86' lang='lat' dir='ltr'><strong>sanitatum</strong></span> <span class='ocrx_word' id='word_1_319' title='bbox 1638 3075 1777 3129; x_wconf 83' lang='lat' dir='ltr'><strong>dona</strong></span> <span class='ocrx_word' id='word_1_320' title='bbox 1821 3075 2065 3148; x_wconf 86' lang='lat' dir='ltr'><strong>largitur,</strong></span> <span class='ocrx_word' id='word_1_321' title='bbox 2100 3075 2205 3131; x_wconf 83' lang='lat' dir='ltr'><strong>fra-</strong></span> 
     </span>
    </p>
   </div>
   <div class='ocr_carea' id='block_1_48' title="bbox 603 3165 2284 3254">
    <p class='ocr_par' dir='ltr' id='par_1_48' title="bbox 603 3165 2284 3254">
     <span class='ocr_line' id='line_1_48' title="bbox 603 3165 2284 3254; baseline -0.001 -30"><span class='ocrx_word' id='word_1_322' title='bbox 603 3178 714 3226; x_wconf 90' lang='lat' dir='ltr'><strong>tres</strong></span> <span class='ocrx_word' id='word_1_323' title='bbox 745 3167 1099 3235; x_wconf 86' lang='lat' dir='ltr'><strong>dilectissimi,</strong></span> <span class='ocrx_word' id='word_1_324' title='bbox 1130 3168 1505 3237; x_wconf 90' lang='lat' dir='ltr'><strong>deprecemur,</strong></span> <span class='ocrx_word' id='word_1_325' title='bbox 1540 3177 1597 3221; x_wconf 92' lang='lat' dir='ltr'><strong>ut</strong></span> <span class='ocrx_word' id='word_1_326' title='bbox 1623 3165 1749 3223; x_wconf 88' lang='lat' dir='ltr'><strong>huic</strong></span> <span class='ocrx_word' id='word_1_327' title='bbox 1792 3183 1950 3223; x_wconf 81' lang='lat' dir='ltr'><strong>servo</strong></span> <span class='ocrx_word' id='word_1_328' title='bbox 1979 3183 2077 3223; x_wconf 93' lang='lat' dir='ltr'><strong>suo</strong></span> <span class='ocrx_word' id='word_1_329' title='bbox 2125 3168 2199 3223; x_wconf 77' lang='lat' dir='ltr'><strong>ill.</strong></span> <span class='ocrx_word' id='word_1_330' title='bbox 2232 3188 2284 3254; x_wconf 72' lang='grc' dir='ltr'>α</span> 
     </span>
    </p>
   </div>
   <div class='ocr_carea' id='block_1_49' title="bbox 602 3258 2207 3333">
    <p class='ocr_par' dir='ltr' id='par_1_49' title="bbox 602 3258 2207 3333">
     <span class='ocr_line' id='line_1_49' title="bbox 602 3258 2207 3333; baseline -0.001 -16"><span class='ocrx_word' id='word_1_331' title='bbox 602 3262 691 3333; x_wconf 91' lang='lat' dir='ltr'><strong>qui</strong></span> <span class='ocrx_word' id='word_1_332' title='bbox 725 3261 1104 3333; x_wconf 88' lang='lat' dir='ltr'><strong>typiquartani</strong></span> <span class='ocrx_word' id='word_1_333' title='bbox 1153 3261 1436 3317; x_wconf 80' lang='lat' dir='ltr'><strong>vexatiOne</strong></span> <span class='ocrx_word' id='word_1_334' title='bbox 1490 3258 1758 3332; x_wconf 84' lang='lat' dir='ltr'><strong>fatigatur,</strong></span> <span class='ocrx_word' id='word_1_335' title='bbox 1794 3260 1967 3316; x_wconf 83' lang='lat' dir='ltr'><strong>ﬁdelis</strong></span> <span class='ocrx_word' id='word_1_336' title='bbox 2016 3260 2207 3317; x_wconf 75' lang='lat' dir='ltr'><strong>famuli</strong></span> 
     </span>
    </p>
   </div>
   <div class='ocr_carea' id='block_1_50' title="bbox 602 3351 2204 3426">
    <p class='ocr_par' dir='ltr' id='par_1_50' title="bbox 602 3351 2204 3426">
     <span class='ocr_line' id='line_1_50' title="bbox 602 3351 2204 3426; baseline -0.002 -16"><span class='ocrx_word' id='word_1_337' title='bbox 602 3356 684 3410; x_wconf 84' lang='lat' dir='ltr'><strong>sui</strong></span> <span class='ocrx_word' id='word_1_338' title='bbox 716 3352 1041 3426; x_wconf 88' lang='lat' dir='ltr'><strong>Sigismuudi</strong></span> <span class='ocrx_word' id='word_1_339' title='bbox 1075 3353 1322 3423; x_wconf 90' lang='lat' dir='ltr'><strong>precibus</strong></span> <span class='ocrx_word' id='word_1_340' title='bbox 1353 3352 1645 3409; x_wconf 88' lang='lat' dir='ltr'><strong>clementer</strong></span> <span class='ocrx_word' id='word_1_341' title='bbox 1675 3361 1955 3419; x_wconf 88' lang='lat' dir='ltr'><strong>occurrat;</strong></span> <span class='ocrx_word' id='word_1_342' title='bbox 1993 3362 2049 3408; x_wconf 87' lang='lat' dir='ltr'><strong>et</strong></span> <span class='ocrx_word' id='word_1_343' title='bbox 2075 3351 2204 3408; x_wconf 89' lang='lat' dir='ltr'><strong>dum</strong></span> 
     </span>
    </p>
   </div>
   <div class='ocr_carea' id='block_1_51' title="bbox 603 3445 2090 3512">
    <p class='ocr_par' dir='ltr' id='par_1_51' title="bbox 603 3445 2090 3512">
     <span class='ocr_line' id='line_1_51' title="bbox 603 3445 2090 3512; baseline -0.003 -7"><span class='ocrx_word' id='word_1_344' title='bbox 603 3450 755 3505; x_wconf 85' lang='lat' dir='ltr'><strong>nobis</strong></span> <span class='ocrx_word' id='word_1_345' title='bbox 784 3449 928 3505; x_wconf 90' lang='lat' dir='ltr'><strong>illius</strong></span> <span class='ocrx_word' id='word_1_346' title='bbox 957 3446 1082 3503; x_wconf 81' lang='lat' dir='ltr'><strong>facit</strong></span> <span class='ocrx_word' id='word_1_347' title='bbox 1112 3445 1325 3512; x_wconf 89' lang='lat' dir='ltr'><strong>merita,</strong></span> <span class='ocrx_word' id='word_1_348' title='bbox 1355 3447 1445 3500; x_wconf 90' lang='lat' dir='ltr'><strong>isti</strong></span> <span class='ocrx_word' id='word_1_349' title='bbox 1474 3445 1719 3501; x_wconf 90' lang='lat' dir='ltr'><strong>conferat</strong></span> <span class='ocrx_word' id='word_1_350' title='bbox 1748 3445 2090 3502; x_wconf 90' lang='lat' dir='ltr'><strong>medicinam.</strong></span> 
     </span>
    </p>
   </div>
   <div class='ocr_carea' id='block_1_52' title="bbox 1292 3541 1518 3591">
    <p class='ocr_par' dir='ltr' id='par_1_52' title="bbox 1292 3541 1518 3591">
     <span class='ocr_line' id='line_1_52' title="bbox 1292 3541 1518 3591; baseline 0 0"><span class='ocrx_word' id='word_1_351' title='bbox 1292 3541 1518 3591; x_wconf 89' lang='lat' dir='ltr'><strong>Secreta.</strong></span> 
     </span>
    </p>
   </div>
   <div class='ocr_carea' id='block_1_53' title="bbox 672 3624 2205 3699">
    <p class='ocr_par' dir='ltr' id='par_1_53' title="bbox 672 3624 2205 3699">
     <span class='ocr_line' id='line_1_53' title="bbox 672 3624 2205 3699; baseline -0.003 -15"><span class='ocrx_word' id='word_1_352' title='bbox 672 3630 892 3693; x_wconf 79' lang='lat' dir='ltr'><strong>inclina,</strong></span> <span class='ocrx_word' id='word_1_353' title='bbox 926 3630 1176 3694; x_wconf 83' lang='lat' dir='ltr'><strong>Domine,</strong></span> <span class='ocrx_word' id='word_1_354' title='bbox 1210 3626 1324 3699; x_wconf 88' lang='lat' dir='ltr'><strong>pias</strong></span> <span class='ocrx_word' id='word_1_355' title='bbox 1356 3642 1542 3697; x_wconf 85' lang='lat' dir='ltr'><strong>preces</strong></span> <span class='ocrx_word' id='word_1_356' title='bbox 1582 3636 1604 3665; x_wconf 79' lang='grc' dir='ltr'><strong>ο</strong></span> <span class='ocrx_word' id='word_1_357' title='bbox 1646 3625 1712 3681; x_wconf 89' lang='lat' dir='ltr'><strong>ad</strong></span> <span class='ocrx_word' id='word_1_358' title='bbox 1759 3624 2029 3681; x_wconf 89' lang='lat' dir='ltr'><strong>desideria</strong></span> <span class='ocrx_word' id='word_1_359' title='bbox 2079 3638 2205 3695; x_wconf 87' lang='lat' dir='ltr'><strong>sup-</strong></span> 
     </span>
    </p>
   </div>
   <div class='ocr_carea' id='block_1_54' title="bbox 603 3718 2206 3793">
    <p class='ocr_par' dir='ltr' id='par_1_54' title="bbox 603 3718 2206 3793">
     <span class='ocr_line' id='line_1_54' title="bbox 603 3718 2206 3793; baseline -0.002 -16"><span class='ocrx_word' id='word_1_360' title='bbox 603 3723 931 3793; x_wconf 88' lang='lat' dir='ltr'><strong>plicantium,</strong></span> <span class='ocrx_word' id='word_1_361' title='bbox 962 3729 1018 3777; x_wconf 91' lang='lat' dir='ltr'><strong>et</strong></span> <span class='ocrx_word' id='word_1_362' title='bbox 1042 3737 1159 3791; x_wconf 84' lang='lat' dir='ltr'><strong>quae</strong></span> <span class='ocrx_word' id='word_1_363' title='bbox 1192 3720 1387 3776; x_wconf 85' lang='lat' dir='ltr'><strong>devoto</strong></span> <span class='ocrx_word' id='word_1_364' title='bbox 1419 3720 1582 3774; x_wconf 84' lang='lat' dir='ltr'><strong>corde</strong></span> <span class='ocrx_word' id='word_1_365' title='bbox 1610 3719 1903 3788; x_wconf 87' lang='lat' dir='ltr'><strong>poscimus,</strong></span> <span class='ocrx_word' id='word_1_366' title='bbox 1942 3718 2206 3787; x_wconf 87' lang='lat' dir='ltr'><strong>benignus</strong></span> 
     </span>
    </p>
   </div>
   <div class='ocr_carea' id='block_1_55' title="bbox 603 3812 2206 3884">
    <p class='ocr_par' dir='ltr' id='par_1_55' title="bbox 603 3812 2206 3884">
     <span class='ocr_line' id='line_1_55' title="bbox 603 3812 2206 3884; baseline -0.002 -14"><span class='ocrx_word' id='word_1_367' title='bbox 603 3818 855 3882; x_wconf 90' lang='lat' dir='ltr'><strong>admitte;</strong></span> <span class='ocrx_word' id='word_1_368' title='bbox 884 3827 939 3870; x_wconf 90' lang='lat' dir='ltr'><strong>ut</strong></span> <span class='ocrx_word' id='word_1_369' title='bbox 972 3830 1130 3871; x_wconf 88' lang='lat' dir='ltr'><strong>servo</strong></span> <span class='ocrx_word' id='word_1_370' title='bbox 1164 3826 1255 3869; x_wconf 91' lang='lat' dir='ltr'><strong>tuo</strong></span> <span class='ocrx_word' id='word_1_371' title='bbox 1282 3814 1357 3868; x_wconf 93' lang='lat' dir='ltr'><strong>ill.</strong></span> <span class='ocrx_word' id='word_1_372' title='bbox 1382 3814 1476 3883; x_wconf 88' lang='lat' dir='ltr'><strong>&#39;qui</strong></span> <span class='ocrx_word' id='word_1_373' title='bbox 1504 3812 1616 3884; x_wconf 80' lang='lat' dir='ltr'><strong>typi</strong></span> <span class='ocrx_word' id='word_1_374' title='bbox 1642 3814 1890 3883; x_wconf 89' lang='lat' dir='ltr'><strong>quartani</strong></span> <span class='ocrx_word' id='word_1_375' title='bbox 1918 3813 2206 3868; x_wconf 80' lang='lat' dir='ltr'><strong>vexatione</strong></span> 
     </span>
    </p>
   </div>
   <div class='ocr_carea' id='block_1_56' title="bbox 604 3903 2207 3977">
    <p class='ocr_par' dir='ltr' id='par_1_56' title="bbox 604 3903 2207 3977">
     <span class='ocr_line' id='line_1_56' title="bbox 604 3903 2207 3977; baseline -0.001 -15"><span class='ocrx_word' id='word_1_376' title='bbox 604 3909 873 3977; x_wconf 82' lang='lat' dir='ltr'><strong>fatigatur,</strong></span> <span class='ocrx_word' id='word_1_377' title='bbox 905 3906 1079 3962; x_wconf 75' lang='lat' dir='ltr'><strong>fidelis</strong></span> <span class='ocrx_word' id='word_1_378' title='bbox 1128 3903 1313 3961; x_wconf 90' lang='lat' dir='ltr'><strong>famuli</strong></span> <span class='ocrx_word' id='word_1_379' title='bbox 1345 3906 1418 3959; x_wconf 91' lang='lat' dir='ltr'><strong>tui</strong></span> <span class='ocrx_word' id='word_1_380' title='bbox 1450 3905 1779 3975; x_wconf 86' lang='lat' dir='ltr'><strong>Sigismundi</strong></span> <span class='ocrx_word' id='word_1_381' title='bbox 1813 3906 2065 3977; x_wconf 91' lang='lat' dir='ltr'><strong>precibus</strong></span> <span class='ocrx_word' id='word_1_382' title='bbox 2095 3906 2207 3961; x_wconf 89' lang='lat' dir='ltr'><strong>cle-</strong></span> 
     </span>
    </p>
   </div>
   <div class='ocr_carea' id='block_1_57' title="bbox 604 3998 2199 4067">
    <p class='ocr_par' dir='ltr' id='par_1_57' title="bbox 604 3998 2199 4067">
     <span class='ocr_line' id='line_1_57' title="bbox 604 3998 2199 4067; baseline -0.001 -12"><span class='ocrx_word' id='word_1_383' title='bbox 604 4010 814 4056; x_wconf 89' lang='lat' dir='ltr'><strong>menter</strong></span> <span class='ocrx_word' id='word_1_384' title='bbox 861 4015 1112 4057; x_wconf 89' lang='lat' dir='ltr'><strong>occurras</strong></span> <span class='ocrx_word' id='word_1_385' title='bbox 1160 4016 1175 4053; x_wconf 90' lang='lat'><strong>:</strong></span> <span class='ocrx_word' id='word_1_386' title='bbox 1240 4000 1397 4054; x_wconf 90' lang='lat' dir='ltr'><strong>nobis</strong></span> <span class='ocrx_word' id='word_1_387' title='bbox 1446 4000 1591 4053; x_wconf 91' lang='lat' dir='ltr'><strong>illius</strong></span> <span class='ocrx_word' id='word_1_388' title='bbox 1642 3998 1930 4067; x_wconf 86' lang='lat' dir='ltr'><strong>patefacias</strong></span> <span class='ocrx_word' id='word_1_389' title='bbox 1983 4002 2199 4067; x_wconf 90' lang='lat' dir='ltr'><strong>merita,</strong></span> 
     </span>
    </p>
   </div>
   <div class='ocr_carea' id='block_1_58' title="bbox 606 4090 1734 4165">
    <p class='ocr_par' dir='ltr' id='par_1_58' title="bbox 606 4090 1734 4165">
     <span class='ocr_line' id='line_1_58' title="bbox 606 4090 1734 4165; baseline -0.004 -16"><span class='ocrx_word' id='word_1_390' title='bbox 606 4095 855 4165; x_wconf 86' lang='lat' dir='ltr'><strong>praesenti</strong></span> <span class='ocrx_word' id='word_1_391' title='bbox 882 4102 1071 4164; x_wconf 89' lang='lat' dir='ltr'><strong>agroto</strong></span> <span class='ocrx_word' id='word_1_392' title='bbox 1101 4091 1349 4148; x_wconf 89' lang='lat' dir='ltr'><strong>conferas</strong></span> <span class='ocrx_word' id='word_1_393' title='bbox 1378 4090 1734 4146; x_wconf 89' lang='lat' dir='ltr'><strong>medicinam.</strong></span> 
     </span>
    </p>
   </div>
   <div class='ocr_carea' id='block_1_59' title="bbox 1228 4182 1546 4234">
    <p class='ocr_par' dir='ltr' id='par_1_59' title="bbox 1228 4182 1546 4234">
     <span class='ocr_line' id='line_1_59' title="bbox 1228 4182 1546 4234; baseline -0.006 0"><span class='ocrx_word' id='word_1_394' title='bbox 1228 4182 1546 4234; x_wconf 84' lang='lat' dir='ltr'><strong>Contestatio.</strong></span> 
     </span>
    </p>
   </div>
   <div class='ocr_carea' id='block_1_60' title="bbox 680 4274 2204 4359">
    <p class='ocr_par' dir='ltr' id='par_1_60' title="bbox 680 4274 2204 4359">
     <span class='ocr_line' id='line_1_60' title="bbox 680 4274 2204 4359; baseline -0.005 -21"><span class='ocrx_word' id='word_1_395' title='bbox 680 4281 819 4337; x_wconf 80' lang='lat' dir='ltr'><strong>Vere</strong></span> <span class='ocrx_word' id='word_1_396' title='bbox 843 4280 1060 4350; x_wconf 91' lang='lat' dir='ltr'><strong>dignum</strong></span> <span class='ocrx_word' id='word_1_397' title='bbox 1091 4287 1147 4334; x_wconf 93' lang='lat' dir='ltr'><strong>et</strong></span> <span class='ocrx_word' id='word_1_398' title='bbox 1171 4278 1374 4348; x_wconf 88' lang='lat' dir='ltr'><strong>justum</strong></span> <span class='ocrx_word' id='word_1_399' title='bbox 1408 4284 1525 4359; x_wconf 10' lang='lat' dir='ltr'><strong>est,»</strong></span> <span class='ocrx_word' id='word_1_400' title='bbox 1541 4276 1884 4346; x_wconf 90' lang='lat' dir='ltr'><strong>omnipotens</strong></span> <span class='ocrx_word' id='word_1_401' title='bbox 1908 4274 2071 4345; x_wconf 88' lang='lat' dir='ltr'><strong>Deus,</strong></span> <span class='ocrx_word' id='word_1_402' title='bbox 2102 4292 2204 4331; x_wconf 84' lang='lat' dir='ltr'><strong>no-</strong></span> 
     </span>
    </p>
   </div>
   <div class='ocr_carea' id='block_1_61' title="bbox 606 4374 2205 4445">
    <p class='ocr_par' dir='ltr' id='par_1_61' title="bbox 606 4374 2205 4445">
     <span class='ocr_line' id='line_1_61' title="bbox 606 4374 2205 4445; baseline -0.003 -10"><span class='ocrx_word' id='word_1_403' title='bbox 606 4395 727 4435; x_wconf 90' lang='lat' dir='ltr'><strong>men</strong></span> <span class='ocrx_word' id='word_1_404' title='bbox 778 4389 923 4434; x_wconf 91' lang='lat' dir='ltr'><strong>tuum</strong></span> <span class='ocrx_word' id='word_1_405' title='bbox 975 4378 1216 4441; x_wconf 86' lang='lat' dir='ltr'><strong>laudare,</strong></span> <span class='ocrx_word' id='word_1_406' title='bbox 1268 4378 1421 4445; x_wconf 86' lang='lat' dir='ltr'><strong>cujus</strong></span> <span class='ocrx_word' id='word_1_407' title='bbox 1472 4374 1810 4445; x_wconf 83' lang='lat' dir='ltr'><strong>majestatem</strong></span> <span class='ocrx_word' id='word_1_408' title='bbox 1862 4383 2005 4431; x_wconf 88' lang='lat' dir='ltr'><strong>tuam</strong></span> <span class='ocrx_word' id='word_1_409' title='bbox 2058 4383 2205 4431; x_wconf 91' lang='lat' dir='ltr'><strong>tanto</strong></span> 
     </span>
    </p>
   </div>
   <div class='ocr_carea' id='block_1_62' title="bbox 608 4467 2205 4542">
    <p class='ocr_par' dir='ltr' id='par_1_62' title="bbox 608 4467 2205 4542">
     <span class='ocr_line' id='line_1_62' title="bbox 608 4467 2205 4542; baseline -0.003 -17"><span class='ocrx_word' id='word_1_410' title='bbox 608 4472 776 4542; x_wconf 89' lang='lat' dir='ltr'><strong>magis</strong></span> <span class='ocrx_word' id='word_1_411' title='bbox 806 4470 1022 4526; x_wconf 80' lang='lat' dir='ltr'><strong>obnoxii</strong></span> <span class='ocrx_word' id='word_1_412' title='bbox 1046 4483 1254 4535; x_wconf 90' lang='lat' dir='ltr'><strong>sumus,</strong></span> <span class='ocrx_word' id='word_1_413' title='bbox 1281 4476 1542 4537; x_wconf 91' lang='lat' dir='ltr'><strong>quantum</strong></span> <span class='ocrx_word' id='word_1_414' title='bbox 1573 4467 1647 4521; x_wconf 89' lang='lat' dir='ltr'><strong>illi</strong></span> <span class='ocrx_word' id='word_1_415' title='bbox 1679 4481 1774 4533; x_wconf 84' lang='lat' dir='ltr'><strong>pro</strong></span> <span class='ocrx_word' id='word_1_416' title='bbox 1803 4475 2046 4537; x_wconf 90' lang='lat' dir='ltr'><strong>suscepta</strong></span> <span class='ocrx_word' id='word_1_417' title='bbox 2078 4482 2205 4521; x_wconf 90' lang='lat' dir='ltr'><strong>nos-</strong></span> 
     </span>
    </p>
   </div>
   <div class='ocr_carea' id='block_1_63' title="bbox 2390 1884 3845 1954">
    <p class='ocr_par' dir='ltr' id='par_1_63' title="bbox 2390 1884 3845 1954">
     <span class='ocr_line' id='line_1_63' title="bbox 2390 1884 3845 1954; baseline -0.002 -11"><span class='ocrx_word' id='word_1_418' title='bbox 2390 1885 2534 1954; x_wconf 85' lang='lat' dir='ltr'><strong>Vidi,</strong></span> <span class='ocrx_word' id='word_1_419' title='bbox 2567 1895 2623 1944; x_wconf 90' lang='lat' dir='ltr'><strong>et</strong></span> <span class='ocrx_word' id='word_1_420' title='bbox 2653 1903 2780 1943; x_wconf 88' lang='lat' dir='ltr'><strong>ecce</strong></span> <span class='ocrx_word' id='word_1_421' title='bbox 2809 1890 2946 1942; x_wconf 89' lang='lat' dir='ltr'><strong>unus</strong></span> <span class='ocrx_word' id='word_1_422' title='bbox 2975 1887 3041 1943; x_wconf 86' lang='lat' dir='ltr'><strong>de</strong></span> <span class='ocrx_word' id='word_1_423' title='bbox 3070 1888 3379 1943; x_wconf 90' lang='lat' dir='ltr'><strong>senioribus</strong></span> <span class='ocrx_word' id='word_1_424' title='bbox 3405 1886 3585 1942; x_wconf 90' lang='lat' dir='ltr'><strong>dicens</strong></span> <span class='ocrx_word' id='word_1_425' title='bbox 3628 1885 3736 1941; x_wconf 90' lang='lat' dir='ltr'><strong>mihi</strong></span> <span class='ocrx_word' id='word_1_426' title='bbox 3773 1884 3845 1940; x_wconf 83' lang='lat' dir='ltr'><strong>:lii</strong></span> 
     </span>
    </p>
   </div>
   <div class='ocr_carea' id='block_1_64' title="bbox 2312 1977 3846 2050">
    <p class='ocr_par' dir='ltr' id='par_1_64' title="bbox 2312 1977 3846 2050">
     <span class='ocr_line' id='line_1_64' title="bbox 2312 1977 3846 2050; baseline -0.001 -16"><span class='ocrx_word' id='word_1_427' title='bbox 2312 1980 2402 2050; x_wconf 91' lang='lat' dir='ltr'><strong>qui</strong></span> <span class='ocrx_word' id='word_1_428' title='bbox 2434 1979 2617 2034; x_wconf 90' lang='lat' dir='ltr'><strong>amicti</strong></span> <span class='ocrx_word' id='word_1_429' title='bbox 2649 1988 2777 2034; x_wconf 89' lang='lat' dir='ltr'><strong>sunt</strong></span> <span class='ocrx_word' id='word_1_430' title='bbox 2824 1980 2991 2034; x_wconf 91' lang='lat' dir='ltr'><strong>stolas</strong></span> <span class='ocrx_word' id='word_1_431' title='bbox 3020 1979 3191 2043; x_wconf 89' lang='lat' dir='ltr'><strong>albas.</strong></span> <span class='ocrx_word' id='word_1_432' title='bbox 3218 1980 3313 2050; x_wconf 90' lang='lat' dir='ltr'><strong>qui</strong></span> <span class='ocrx_word' id='word_1_433' title='bbox 3342 1990 3467 2034; x_wconf 90' lang='lat' dir='ltr'><strong>sunt</strong></span> <span class='ocrx_word' id='word_1_434' title='bbox 3510 1988 3564 2035; x_wconf 90' lang='lat' dir='ltr'><strong>et</strong></span> <span class='ocrx_word' id='word_1_435' title='bbox 3592 1977 3713 2033; x_wconf 89' lang='lat' dir='ltr'><strong>unde</strong></span> <span class='ocrx_word' id='word_1_436' title='bbox 3734 1994 3846 2034; x_wconf 76' lang='lat' dir='ltr'><strong>vene-</strong></span> 
     </span>
    </p>
   </div>
   <div class='ocr_carea' id='block_1_65' title="bbox 2310 2069 3843 2135">
    <p class='ocr_par' dir='ltr' id='par_1_65' title="bbox 2310 2069 3843 2135">
     <span class='ocr_line' id='line_1_65' title="bbox 2310 2069 3843 2135; baseline 0 -10"><span class='ocrx_word' id='word_1_437' title='bbox 2310 2070 2473 2125; x_wconf 80' lang='lat' dir='ltr'><strong>runt?</strong></span> <span class='ocrx_word' id='word_1_438' title='bbox 2506 2069 2572 2125; x_wconf 88' lang='lat' dir='ltr'><strong>Et</strong></span> <span class='ocrx_word' id='word_1_439' title='bbox 2599 2070 2707 2125; x_wconf 82' lang='lat' dir='ltr'><strong>dixi</strong></span> <span class='ocrx_word' id='word_1_440' title='bbox 2740 2070 2818 2125; x_wconf 91' lang='lat' dir='ltr'><strong>illi</strong></span> <span class='ocrx_word' id='word_1_441' title='bbox 2845 2089 2857 2124; x_wconf 89' lang='lat'><strong>:</strong></span> <span class='ocrx_word' id='word_1_442' title='bbox 2883 2070 3107 2127; x_wconf 90' lang='lat' dir='ltr'><strong>Domine</strong></span> <span class='ocrx_word' id='word_1_443' title='bbox 3134 2072 3227 2135; x_wconf 89' lang='lat' dir='ltr'><strong>mi,</strong></span> <span class='ocrx_word' id='word_1_444' title='bbox 3257 2081 3311 2127; x_wconf 91' lang='lat' dir='ltr'><strong>tu</strong></span> <span class='ocrx_word' id='word_1_445' title='bbox 3340 2072 3467 2128; x_wconf 90' lang='lat' dir='ltr'><strong>scis.</strong></span> <span class='ocrx_word' id='word_1_446' title='bbox 3504 2071 3565 2127; x_wconf 86' lang='lat' dir='ltr'><strong>Et</strong></span> <span class='ocrx_word' id='word_1_447' title='bbox 3591 2071 3709 2127; x_wconf 83' lang='lat' dir='ltr'><strong>dixit</strong></span> <span class='ocrx_word' id='word_1_448' title='bbox 3732 2070 3843 2126; x_wconf 87' lang='lat' dir='ltr'><strong>mihi:</strong></span> 
     </span>
    </p>
   </div>
   <div class='ocr_carea' id='block_1_66' title="bbox 2314 2162 3840 2235">
    <p class='ocr_par' dir='ltr' id='par_1_66' title="bbox 2314 2162 3840 2235">
     <span class='ocr_line' id='line_1_66' title="bbox 2314 2162 3840 2235; baseline 0 -18"><span class='ocrx_word' id='word_1_449' title='bbox 2314 2162 2377 2217; x_wconf 91' lang='lat' dir='ltr'><strong>Hi</strong></span> <span class='ocrx_word' id='word_1_450' title='bbox 2408 2173 2532 2217; x_wconf 88' lang='lat' dir='ltr'><strong>sunt</strong></span> <span class='ocrx_word' id='word_1_451' title='bbox 2561 2164 2651 2232; x_wconf 92' lang='lat' dir='ltr'><strong>qui</strong></span> <span class='ocrx_word' id='word_1_452' title='bbox 2686 2164 2912 2218; x_wconf 84' lang='lat' dir='ltr'><strong>veniunt</strong></span> <span class='ocrx_word' id='word_1_453' title='bbox 2944 2164 3010 2219; x_wconf 85' lang='lat' dir='ltr'><strong>de</strong></span> <span class='ocrx_word' id='word_1_454' title='bbox 3039 2164 3390 2221; x_wconf 89' lang='lat' dir='ltr'><strong>tribulatione</strong></span> <span class='ocrx_word' id='word_1_455' title='bbox 3436 2180 3639 2235; x_wconf 89' lang='lat' dir='ltr'><strong>magna,</strong></span> <span class='ocrx_word' id='word_1_456' title='bbox 3666 2174 3713 2218; x_wconf 89' lang='lat' dir='ltr'><strong>et</strong></span> <span class='ocrx_word' id='word_1_457' title='bbox 3738 2163 3840 2217; x_wconf 79' lang='lat' dir='ltr'><strong>lare-</strong></span> 
     </span>
    </p>
   </div>
   <div class='ocr_carea' id='block_1_67' title="bbox 2312 2254 3845 2327">
    <p class='ocr_par' dir='ltr' id='par_1_67' title="bbox 2312 2254 3845 2327">
     <span class='ocr_line' id='line_1_67' title="bbox 2312 2254 3845 2327; baseline 0 -18"><span class='ocrx_word' id='word_1_458' title='bbox 2312 2268 2437 2309; x_wconf 86' lang='lat' dir='ltr'><strong>runt</strong></span> <span class='ocrx_word' id='word_1_459' title='bbox 2504 2259 2671 2310; x_wconf 90' lang='lat' dir='ltr'><strong>stolas</strong></span> <span class='ocrx_word' id='word_1_460' title='bbox 2722 2271 2868 2322; x_wconf 88' lang='lat' dir='ltr'><strong>suas,</strong></span> <span class='ocrx_word' id='word_1_461' title='bbox 2901 2268 2954 2310; x_wconf 86' lang='lat' dir='ltr'><strong>et</strong></span> <span class='ocrx_word' id='word_1_462' title='bbox 2986 2254 3375 2313; x_wconf 83' lang='lat' dir='ltr'><strong>dealbaverunt</strong></span> <span class='ocrx_word' id='word_1_463' title='bbox 3422 2273 3513 2313; x_wconf 89' lang='lat' dir='ltr'><strong>eas</strong></span> <span class='ocrx_word' id='word_1_464' title='bbox 3560 2257 3607 2313; x_wconf 92' lang='lat' dir='ltr'><strong>in</strong></span> <span class='ocrx_word' id='word_1_465' title='bbox 3652 2257 3845 2327; x_wconf 80' lang='lat' dir='ltr'><strong>sanguine</strong></span> 
     </span>
    </p>
   </div>
   <div class='ocr_carea' id='block_1_68' title="bbox 2312 2347 3840 2421">
    <p class='ocr_par' dir='ltr' id='par_1_68' title="bbox 2312 2347 3840 2421">
     <span class='ocr_line' id='line_1_68' title="bbox 2312 2347 3840 2421; baseline -0.001 -17"><span class='ocrx_word' id='word_1_466' title='bbox 2312 2347 2474 2421; x_wconf 71' lang='lat' dir='ltr'><strong>Agui.</strong></span> <span class='ocrx_word' id='word_1_467' title='bbox 2506 2349 2633 2404; x_wconf 85' lang='lat' dir='ltr'><strong>Ideo</strong></span> <span class='ocrx_word' id='word_1_468' title='bbox 2662 2361 2787 2405; x_wconf 90' lang='lat' dir='ltr'><strong>sunt</strong></span> <span class='ocrx_word' id='word_1_469' title='bbox 2808 2358 2933 2403; x_wconf 87' lang='lat' dir='ltr'><strong>ante</strong></span> <span class='ocrx_word' id='word_1_470' title='bbox 2966 2347 3216 2406; x_wconf 88' lang='lat' dir='ltr'><strong>thronum</strong></span> <span class='ocrx_word' id='word_1_471' title='bbox 3250 2351 3369 2419; x_wconf 90' lang='lat' dir='ltr'><strong>Dei,</strong></span> <span class='ocrx_word' id='word_1_472' title='bbox 3402 2361 3457 2407; x_wconf 90' lang='lat' dir='ltr'><strong>et</strong></span> <span class='ocrx_word' id='word_1_473' title='bbox 3482 2351 3701 2406; x_wconf 89' lang='lat' dir='ltr'><strong>serviunt</strong></span> <span class='ocrx_word' id='word_1_474' title='bbox 3723 2351 3759 2404; x_wconf 88' lang='lat' dir='ltr'><strong>ei</strong></span> <span class='ocrx_word' id='word_1_475' title='bbox 3781 2348 3840 2403; x_wconf 82' lang='lat' dir='ltr'><strong>die</strong></span> 
     </span>
    </p>
   </div>
   <div class='ocr_carea' id='block_1_69' title="bbox 2314 2440 3837 2512">
    <p class='ocr_par' dir='ltr' id='par_1_69' title="bbox 2314 2440 3837 2512">
     <span class='ocr_line' id='line_1_69' title="bbox 2314 2440 3837 2512; baseline 0.001 -19"><span class='ocrx_word' id='word_1_476' title='bbox 2314 2455 2377 2493; x_wconf 92' lang='lat' dir='ltr'><strong>ac</strong></span> <span class='ocrx_word' id='word_1_477' title='bbox 2406 2449 2561 2493; x_wconf 84' lang='lat' dir='ltr'><strong>nocte</strong></span> <span class='ocrx_word' id='word_1_478' title='bbox 2594 2442 2645 2492; x_wconf 88' lang='lat' dir='ltr'><strong>in</strong></span> <span class='ocrx_word' id='word_1_479' title='bbox 2679 2440 2876 2509; x_wconf 90' lang='lat' dir='ltr'><strong>templo</strong></span> <span class='ocrx_word' id='word_1_480' title='bbox 2904 2441 3053 2509; x_wconf 90' lang='lat' dir='ltr'><strong>ejus;</strong></span> <span class='ocrx_word' id='word_1_481' title='bbox 3101 2449 3155 2495; x_wconf 87' lang='lat' dir='ltr'><strong>et</strong></span> <span class='ocrx_word' id='word_1_482' title='bbox 3184 2442 3275 2512; x_wconf 92' lang='lat' dir='ltr'><strong>qui</strong></span> <span class='ocrx_word' id='word_1_483' title='bbox 3305 2444 3460 2499; x_wconf 92' lang='lat' dir='ltr'><strong>sedet</strong></span> <span class='ocrx_word' id='word_1_484' title='bbox 3492 2445 3542 2498; x_wconf 90' lang='lat' dir='ltr'><strong>in</strong></span> <span class='ocrx_word' id='word_1_485' title='bbox 3573 2444 3738 2498; x_wconf 87' lang='lat' dir='ltr'><strong>throno</strong></span> <span class='ocrx_word' id='word_1_486' title='bbox 3770 2442 3837 2494; x_wconf 80' lang='lat' dir='ltr'><strong>lia-</strong></span> 
     </span>
    </p>
   </div>
   <div class='ocr_carea' id='block_1_70' title="bbox 2314 2533 3841 2607">
    <p class='ocr_par' dir='ltr' id='par_1_70' title="bbox 2314 2533 3841 2607">
     <span class='ocr_line' id='line_1_70' title="bbox 2314 2533 3841 2607; baseline -0.001 -20"><span class='ocrx_word' id='word_1_487' title='bbox 2314 2534 2507 2588; x_wconf 86' lang='lat' dir='ltr'><strong>bitabit</strong></span> <span class='ocrx_word' id='word_1_488' title='bbox 2533 2546 2699 2603; x_wconf 87' lang='lat' dir='ltr'><strong>super</strong></span> <span class='ocrx_word' id='word_1_489' title='bbox 2728 2533 2867 2589; x_wconf 91' lang='lat' dir='ltr'><strong>illos.</strong></span> <span class='ocrx_word' id='word_1_490' title='bbox 2918 2533 3033 2588; x_wconf 83' lang='lat' dir='ltr'><strong>Non</strong></span> <span class='ocrx_word' id='word_1_491' title='bbox 3065 2537 3311 2591; x_wconf 83' lang='lat' dir='ltr'><strong>esuriem</strong></span> <span class='ocrx_word' id='word_1_492' title='bbox 3360 2550 3533 2607; x_wconf 87' lang='lat' dir='ltr'><strong>neque</strong></span> <span class='ocrx_word' id='word_1_493' title='bbox 3574 2537 3731 2591; x_wconf 83' lang='lat' dir='ltr'><strong>sitient</strong></span> <span class='ocrx_word' id='word_1_494' title='bbox 3764 2549 3841 2587; x_wconf 82' lang='lat' dir='ltr'><strong>am-</strong></span> 
     </span>
    </p>
   </div>
   <div class='ocr_carea' id='block_1_71' title="bbox 2313 2626 3839 2702">
    <p class='ocr_par' dir='ltr' id='par_1_71' title="bbox 2313 2626 3839 2702">
     <span class='ocr_line' id='line_1_71' title="bbox 2313 2626 3839 2702; baseline 0.001 -25"><span class='ocrx_word' id='word_1_495' title='bbox 2313 2626 2474 2694; x_wconf 86' lang='lat' dir='ltr'><strong>plius,</strong></span> <span class='ocrx_word' id='word_1_496' title='bbox 2500 2641 2673 2697; x_wconf 88' lang='lat' dir='ltr'><strong>neque</strong></span> <span class='ocrx_word' id='word_1_497' title='bbox 2698 2626 2855 2681; x_wconf 84' lang='lat' dir='ltr'><strong>cadet</strong></span> <span class='ocrx_word' id='word_1_498' title='bbox 2882 2640 3043 2695; x_wconf 87' lang='lat' dir='ltr'><strong>super</strong></span> <span class='ocrx_word' id='word_1_499' title='bbox 3068 2629 3189 2684; x_wconf 89' lang='lat' dir='ltr'><strong>illos</strong></span> <span class='ocrx_word' id='word_1_500' title='bbox 3216 2632 3322 2698; x_wconf 87' lang='lat' dir='ltr'><strong>sel,</strong></span> <span class='ocrx_word' id='word_1_501' title='bbox 3351 2644 3526 2702; x_wconf 86' lang='lat' dir='ltr'><strong>neque</strong></span> <span class='ocrx_word' id='word_1_502' title='bbox 3554 2630 3677 2685; x_wconf 89' lang='lat' dir='ltr'><strong>ullus</strong></span> <span class='ocrx_word' id='word_1_503' title='bbox 3697 2636 3839 2683; x_wconf 72' lang='lat' dir='ltr'><strong>estus:</strong></span> 
     </span>
    </p>
   </div>
   <div class='ocr_carea' id='block_1_72' title="bbox 2314 2717 3837 2791">
    <p class='ocr_par' dir='ltr' id='par_1_72' title="bbox 2314 2717 3837 2791">
     <span class='ocr_line' id='line_1_72' title="bbox 2314 2717 3837 2791; baseline 0.001 -22"><span class='ocrx_word' id='word_1_504' title='bbox 2314 2719 2567 2785; x_wconf 87' lang='lat' dir='ltr'><strong>quoniam</strong></span> <span class='ocrx_word' id='word_1_505' title='bbox 2599 2720 2805 2788; x_wconf 87' lang='lat' dir='ltr'><strong>Agnus,</strong></span> <span class='ocrx_word' id='word_1_506' title='bbox 2836 2719 2929 2790; x_wconf 84' lang='lat' dir='ltr'><strong>qui</strong></span> <span class='ocrx_word' id='word_1_507' title='bbox 2961 2720 3011 2774; x_wconf 92' lang='lat' dir='ltr'><strong>in</strong></span> <span class='ocrx_word' id='word_1_508' title='bbox 3040 2720 3216 2774; x_wconf 90' lang='lat' dir='ltr'><strong>medio</strong></span> <span class='ocrx_word' id='word_1_509' title='bbox 3250 2720 3433 2775; x_wconf 87' lang='lat' dir='ltr'><strong>throni</strong></span> <span class='ocrx_word' id='word_1_510' title='bbox 3458 2731 3557 2789; x_wconf 86' lang='lat' dir='ltr'><strong>est,</strong></span> <span class='ocrx_word' id='word_1_511' title='bbox 3585 2728 3714 2791; x_wconf 85' lang='lat' dir='ltr'><strong>reget</strong></span> <span class='ocrx_word' id='word_1_512' title='bbox 3736 2717 3837 2782; x_wconf 75' lang='lat' dir='ltr'><strong>illos,</strong></span> 
     </span>
    </p>
   </div>
   <div class='ocr_carea' id='block_1_73' title="bbox 2312 2810 3833 2887">
    <p class='ocr_par' dir='ltr' id='par_1_73' title="bbox 2312 2810 3833 2887">
     <span class='ocr_line' id='line_1_73' title="bbox 2312 2810 3833 2887; baseline 0.001 -23"><span class='ocrx_word' id='word_1_513' title='bbox 2312 2820 2367 2864; x_wconf 88' lang='lat' dir='ltr'><strong>et</strong></span> <span class='ocrx_word' id='word_1_514' title='bbox 2394 2810 2624 2867; x_wconf 89' lang='lat' dir='ltr'><strong>deducet</strong></span> <span class='ocrx_word' id='word_1_515' title='bbox 2651 2825 2747 2868; x_wconf 87' lang='lat' dir='ltr'><strong>eos</strong></span> <span class='ocrx_word' id='word_1_516' title='bbox 2776 2814 2842 2867; x_wconf 86' lang='lat' dir='ltr'><strong>ad</strong></span> <span class='ocrx_word' id='word_1_517' title='bbox 2868 2814 2993 2869; x_wconf 66' lang='lat' dir='ltr'><strong>vitta</strong></span> <span class='ocrx_word' id='word_1_518' title='bbox 3026 2814 3197 2869; x_wconf 88' lang='lat' dir='ltr'><strong>fontes</strong></span> <span class='ocrx_word' id='word_1_519' title='bbox 3226 2829 3509 2887; x_wconf 87' lang='lat' dir='ltr'><strong>aquarum,</strong></span> <span class='ocrx_word' id='word_1_520' title='bbox 3549 2824 3601 2873; x_wconf 87' lang='lat' dir='ltr'><strong>et</strong></span> <span class='ocrx_word' id='word_1_521' title='bbox 3625 2815 3833 2883; x_wconf 78' lang='lat' dir='ltr'><strong>absterget</strong></span> 
     </span>
    </p>
   </div>
   <div class='ocr_carea' id='block_1_74' title="bbox 2313 2901 3537 2965">
    <p class='ocr_par' dir='ltr' id='par_1_74' title="bbox 2313 2901 3537 2965">
     <span class='ocr_line' id='line_1_74' title="bbox 2313 2901 3537 2965; baseline 0.006 -6"><span class='ocrx_word' id='word_1_522' title='bbox 2313 2901 2457 2959; x_wconf 87' lang='lat' dir='ltr'><strong>Deus</strong></span> <span class='ocrx_word' id='word_1_523' title='bbox 2480 2918 2697 2959; x_wconf 88' lang='lat' dir='ltr'><strong>omnem</strong></span> <span class='ocrx_word' id='word_1_524' title='bbox 2725 2906 3001 2961; x_wconf 85' lang='lat' dir='ltr'><strong>lacrimam</strong></span> <span class='ocrx_word' id='word_1_525' title='bbox 3030 2920 3095 2961; x_wconf 75' lang='lat' dir='ltr'><strong>ex</strong></span> <span class='ocrx_word' id='word_1_526' title='bbox 3126 2909 3297 2964; x_wconf 84' lang='lat' dir='ltr'><strong>oculis</strong></span> <span class='ocrx_word' id='word_1_527' title='bbox 3327 2924 3537 2965; x_wconf 87' lang='lat' dir='ltr'><strong>eorum.</strong></span> 
     </span>
    </p>
   </div>
   <div class='ocr_carea' id='block_1_75' title="bbox 2629 3015 3598 3082">
    <p class='ocr_par' dir='ltr' id='par_1_75' title="bbox 2629 3015 3598 3082">
     <span class='ocr_line' id='line_1_75' title="bbox 2629 3015 3598 3082; baseline 0.002 -13"><span class='ocrx_word' id='word_1_528' title='bbox 2629 3015 2849 3082; x_wconf 85' lang='lat' dir='ltr'><strong>Epistola</strong></span> <span class='ocrx_word' id='word_1_529' title='bbox 2873 3017 3011 3070; x_wconf 86' lang='lat' dir='ltr'><strong>Pauli</strong></span> <span class='ocrx_word' id='word_1_530' title='bbox 3039 3019 3245 3082; x_wconf 83' lang='lat' dir='ltr'><strong>apostoli</strong></span> <span class='ocrx_word' id='word_1_531' title='bbox 3274 3022 3333 3071; x_wconf 90' lang='lat' dir='ltr'><strong>ad</strong></span> <span class='ocrx_word' id='word_1_532' title='bbox 3354 3022 3598 3073; x_wconf 58' lang='lat' dir='ltr'><strong>Hebraeos.</strong></span> 
     </span>
    </p>
   </div>
   <div class='ocr_carea' id='block_1_76' title="bbox 2400 3122 3837 3201">
    <p class='ocr_par' dir='ltr' id='par_1_76' title="bbox 2400 3122 3837 3201">
     <span class='ocr_line' id='line_1_76' title="bbox 2400 3122 3837 3201; baseline -0.001 -21"><span class='ocrx_word' id='word_1_533' title='bbox 2400 3123 2639 3195; x_wconf 87' lang='lat' dir='ltr'><strong>Fratres,</strong></span> <span class='ocrx_word' id='word_1_534' title='bbox 2684 3128 2855 3183; x_wconf 89' lang='lat' dir='ltr'><strong>sancti</strong></span> <span class='ocrx_word' id='word_1_535' title='bbox 2888 3143 2980 3197; x_wconf 92' lang='lat' dir='ltr'><strong>per</strong></span> <span class='ocrx_word' id='word_1_536' title='bbox 3008 3127 3167 3184; x_wconf 82' lang='lat' dir='ltr'><strong>fidem</strong></span> <span class='ocrx_word' id='word_1_537' title='bbox 3204 3131 3450 3185; x_wconf 84' lang='lat' dir='ltr'><strong>vicerunt</strong></span> <span class='ocrx_word' id='word_1_538' title='bbox 3498 3145 3662 3201; x_wconf 83' lang='lat' dir='ltr'><strong>regna,</strong></span> <span class='ocrx_word' id='word_1_539' title='bbox 3691 3122 3837 3197; x_wconf 83' lang='lat' dir='ltr'><strong>operati</strong></span> 
     </span>
    </p>
   </div>
   <div class='ocr_carea' id='block_1_77' title="bbox 2315 3218 3836 3294">
    <p class='ocr_par' dir='ltr' id='par_1_77' title="bbox 2315 3218 3836 3294">
     <span class='ocr_line' id='line_1_77' title="bbox 2315 3218 3836 3294; baseline -0.002 -22"><span class='ocrx_word' id='word_1_540' title='bbox 2315 3228 2440 3273; x_wconf 90' lang='lat' dir='ltr'><strong>sunt</strong></span> <span class='ocrx_word' id='word_1_541' title='bbox 2465 3218 2753 3289; x_wconf 87' lang='lat' dir='ltr'><strong>justitiam,</strong></span> <span class='ocrx_word' id='word_1_542' title='bbox 2786 3219 2966 3289; x_wconf 89' lang='lat' dir='ltr'><strong>adepti</strong></span> <span class='ocrx_word' id='word_1_543' title='bbox 3013 3230 3140 3276; x_wconf 88' lang='lat' dir='ltr'><strong>sunt</strong></span> <span class='ocrx_word' id='word_1_544' title='bbox 3189 3223 3639 3294; x_wconf 82' lang='lat' dir='ltr'><strong>repromissiones,</strong></span> <span class='ocrx_word' id='word_1_545' title='bbox 3671 3219 3836 3274; x_wconf 78' lang='lat' dir='ltr'><strong>obtura-</strong></span> 
     </span>
    </p>
   </div>
   <div class='ocr_carea' id='block_1_78' title="bbox 2320 3307 3836 3386">
    <p class='ocr_par' dir='ltr' id='par_1_78' title="bbox 2320 3307 3836 3386">
     <span class='ocr_line' id='line_1_78' title="bbox 2320 3307 3836 3386; baseline -0.003 -19"><span class='ocrx_word' id='word_1_546' title='bbox 2320 3322 2517 3368; x_wconf 84' lang='lat' dir='ltr'><strong>verunt</strong></span> <span class='ocrx_word' id='word_1_547' title='bbox 2542 3330 2635 3369; x_wconf 91' lang='lat' dir='ltr'><strong>ora</strong></span> <span class='ocrx_word' id='word_1_548' title='bbox 2672 3311 2910 3381; x_wconf 90' lang='lat' dir='ltr'><strong>leonum,</strong></span> <span class='ocrx_word' id='word_1_549' title='bbox 2944 3315 3290 3370; x_wconf 81' lang='lat' dir='ltr'><strong>extinxerunt</strong></span> <span class='ocrx_word' id='word_1_550' title='bbox 3321 3319 3569 3386; x_wconf 84' lang='lat' dir='ltr'><strong>impetum</strong></span> <span class='ocrx_word' id='word_1_551' title='bbox 3595 3313 3724 3385; x_wconf 86' lang='lat' dir='ltr'><strong>ignis,</strong></span> <span class='ocrx_word' id='word_1_552' title='bbox 3749 3307 3836 3365; x_wconf 64' lang='grc' dir='ltr'><strong>θῆαι</strong></span> 
     </span>
    </p>
   </div>
   <div class='ocr_carea' id='block_1_79' title="bbox 2312 3401 3834 3476">
    <p class='ocr_par' dir='ltr' id='par_1_79' title="bbox 2312 3401 3834 3476">
     <span class='ocr_line' id='line_1_79' title="bbox 2312 3401 3834 3476; baseline -0.005 -15"><span class='ocrx_word' id='word_1_553' title='bbox 2312 3416 2501 3475; x_wconf 89' lang='lat' dir='ltr'><strong>gerunt</strong></span> <span class='ocrx_word' id='word_1_554' title='bbox 2522 3406 2691 3460; x_wconf 89' lang='lat' dir='ltr'><strong>aciem</strong></span> <span class='ocrx_word' id='word_1_555' title='bbox 2720 3406 2905 3476; x_wconf 88' lang='lat' dir='ltr'><strong>gladii,</strong></span> <span class='ocrx_word' id='word_1_556' title='bbox 2935 3408 3331 3466; x_wconf 85' lang='lat' dir='ltr'><strong>convaluerunt</strong></span> <span class='ocrx_word' id='word_1_557' title='bbox 3357 3410 3423 3466; x_wconf 90' lang='lat' dir='ltr'><strong>de</strong></span> <span class='ocrx_word' id='word_1_558' title='bbox 3444 3409 3736 3468; x_wconf 83' lang='lat' dir='ltr'><strong>inﬁrmitate,</strong></span> <span class='ocrx_word' id='word_1_559' title='bbox 3759 3401 3834 3456; x_wconf 49' lang='lat' dir='ltr'><strong>lor.</strong></span> 
     </span>
    </p>
   </div>
   <div class='ocr_carea' id='block_1_80' title="bbox 2314 3497 2974 3556">
    <p class='ocr_par' dir='ltr' id='par_1_80' title="bbox 2314 3497 2974 3556">
     <span class='ocr_line' id='line_1_80' title="bbox 2314 3497 2974 3556; baseline 0.005 -3"><span class='ocrx_word' id='word_1_560' title='bbox 2314 3510 2394 3554; x_wconf 89' lang='lat' dir='ltr'><strong>tes</strong></span> <span class='ocrx_word' id='word_1_561' title='bbox 2421 3497 2546 3554; x_wconf 90' lang='lat' dir='ltr'><strong>facti</strong></span> <span class='ocrx_word' id='word_1_562' title='bbox 2574 3508 2698 3554; x_wconf 90' lang='lat' dir='ltr'><strong>sunt</strong></span> <span class='ocrx_word' id='word_1_563' title='bbox 2728 3501 2780 3555; x_wconf 94' lang='lat' dir='ltr'><strong>in</strong></span> <span class='ocrx_word' id='word_1_564' title='bbox 2809 3500 2974 3556; x_wconf 90' lang='lat' dir='ltr'><strong>bello.</strong></span> 
     </span>
    </p>
   </div>
   <div class='ocr_carea' id='block_1_81' title="bbox 2490 3610 3709 3677">
    <p class='ocr_par' dir='ltr' id='par_1_81' title="bbox 2490 3610 3709 3677">
     <span class='ocr_line' id='line_1_81' title="bbox 2490 3610 3709 3677; baseline 0.002 -18"><span class='ocrx_word' id='word_1_565' title='bbox 2490 3610 2660 3660; x_wconf 88' lang='lat' dir='ltr'><strong>Lectio</strong></span> <span class='ocrx_word' id='word_1_566' title='bbox 2680 3614 2833 3663; x_wconf 84' lang='lat' dir='ltr'><strong>sancti</strong></span> <span class='ocrx_word' id='word_1_567' title='bbox 2860 3613 3115 3677; x_wconf 81' lang='lat' dir='ltr'><strong>Evangelii</strong></span> <span class='ocrx_word' id='word_1_568' title='bbox 3138 3616 3413 3667; x_wconf 88' lang='lat' dir='ltr'><strong>secundum</strong></span> <span class='ocrx_word' id='word_1_569' title='bbox 3437 3616 3709 3667; x_wconf 59' lang='lat' dir='ltr'><strong>latlhaum.</strong></span> 
     </span>
    </p>
   </div>
   <div class='ocr_carea' id='block_1_82' title="bbox 2384 3716 3832 3789">
    <p class='ocr_par' dir='ltr' id='par_1_82' title="bbox 2384 3716 3832 3789">
     <span class='ocr_line' id='line_1_82' title="bbox 2384 3716 3832 3789; baseline -0.003 -17"><span class='ocrx_word' id='word_1_570' title='bbox 2384 3716 2583 3773; x_wconf 82' lang='lat' dir='ltr'><strong>Videris</strong></span> <span class='ocrx_word' id='word_1_571' title='bbox 2614 3717 2874 3775; x_wconf 89' lang='lat' dir='ltr'><strong>Dominus</strong></span> <span class='ocrx_word' id='word_1_572' title='bbox 2911 3719 3071 3776; x_wconf 80' lang='lat' dir='ltr'><strong>Jesus</strong></span> <span class='ocrx_word' id='word_1_573' title='bbox 3120 3721 3332 3789; x_wconf 83' lang='lat' dir='ltr'><strong>turbas,</strong></span> <span class='ocrx_word' id='word_1_574' title='bbox 3372 3720 3603 3777; x_wconf 87' lang='lat' dir='ltr'><strong>ascendit</strong></span> <span class='ocrx_word' id='word_1_575' title='bbox 3645 3718 3689 3772; x_wconf 89' lang='lat' dir='ltr'><strong>in</strong></span> <span class='ocrx_word' id='word_1_576' title='bbox 3723 3724 3832 3768; x_wconf 76' lang='lat' dir='ltr'><strong>Ill0ll&#39;</strong></span> 
     </span>
    </p>
   </div>
   <div class='ocr_carea' id='block_1_83' title="bbox 2312 3800 3829 3881">
    <p class='ocr_par' dir='ltr' id='par_1_83' title="bbox 2312 3800 3829 3881">
     <span class='ocr_line' id='line_1_83' title="bbox 2312 3800 3829 3881; baseline -0.002 -14"><span class='ocrx_word' id='word_1_577' title='bbox 2312 3820 2417 3867; x_wconf 90' lang='lat' dir='ltr'><strong>tem</strong></span> <span class='ocrx_word' id='word_1_578' title='bbox 2444 3826 2461 3864; x_wconf 87' lang='lat'><strong>:</strong></span> <span class='ocrx_word' id='word_1_579' title='bbox 2488 3819 2543 3865; x_wconf 92' lang='lat' dir='ltr'><strong>et</strong></span> <span class='ocrx_word' id='word_1_580' title='bbox 2571 3825 2693 3866; x_wconf 90' lang='lat' dir='ltr'><strong>cum</strong></span> <span class='ocrx_word' id='word_1_581' title='bbox 2735 3814 2988 3881; x_wconf 88' lang='lat' dir='ltr'><strong>sedisset,</strong></span> <span class='ocrx_word' id='word_1_582' title='bbox 3020 3824 3375 3872; x_wconf 88' lang='lat' dir='ltr'><strong>accesserunt</strong></span> <span class='ocrx_word' id='word_1_583' title='bbox 3418 3816 3481 3871; x_wconf 87' lang='lat' dir='ltr'><strong>ad</strong></span> <span class='ocrx_word' id='word_1_584' title='bbox 3508 3830 3621 3871; x_wconf 88' lang='lat' dir='ltr'><strong>eum</strong></span> <span class='ocrx_word' id='word_1_585' title='bbox 3643 3800 3829 3874; x_wconf 79' lang='lat' dir='ltr'><strong>discipuli</strong></span> 
     </span>
    </p>
   </div>
   <div class='ocr_carea' id='block_1_84' title="bbox 2309 3892 3830 3972">
    <p class='ocr_par' dir='ltr' id='par_1_84' title="bbox 2309 3892 3830 3972">
     <span class='ocr_line' id='line_1_84' title="bbox 2309 3892 3830 3972; baseline -0.002 -16"><span class='ocrx_word' id='word_1_586' title='bbox 2309 3902 2450 3971; x_wconf 83' lang='lat' dir='ltr'><strong>ejus,</strong></span> <span class='ocrx_word' id='word_1_587' title='bbox 2480 3913 2535 3959; x_wconf 92' lang='lat' dir='ltr'><strong>et</strong></span> <span class='ocrx_word' id='word_1_588' title='bbox 2562 3905 2809 3972; x_wconf 85' lang='lat' dir='ltr'><strong>aperiens</strong></span> <span class='ocrx_word' id='word_1_589' title='bbox 2837 3919 2899 3960; x_wconf 86' lang='lat' dir='ltr'><strong>os</strong></span> <span class='ocrx_word' id='word_1_590' title='bbox 2936 3919 3090 3960; x_wconf 90' lang='lat' dir='ltr'><strong>suum</strong></span> <span class='ocrx_word' id='word_1_591' title='bbox 3118 3907 3350 3963; x_wconf 86' lang='lat' dir='ltr'><strong>docebat</strong></span> <span class='ocrx_word' id='word_1_592' title='bbox 3377 3921 3470 3963; x_wconf 90' lang='lat' dir='ltr'><strong>eos</strong></span> <span class='ocrx_word' id='word_1_593' title='bbox 3509 3905 3701 3961; x_wconf 81' lang='lat' dir='ltr'><strong>dicens:</strong></span> <span class='ocrx_word' id='word_1_594' title='bbox 3721 3892 3830 3953; x_wconf 75' lang='lat' dir='ltr'><strong>Beati</strong></span> 
     </span>
    </p>
   </div>
   <div class='ocr_carea' id='block_1_85' title="bbox 2312 3999 3830 4071">
    <p class='ocr_par' dir='ltr' id='par_1_85' title="bbox 2312 3999 3830 4071">
     <span class='ocr_line' id='line_1_85' title="bbox 2312 3999 3830 4071; baseline -0.003 -19"><span class='ocrx_word' id='word_1_595' title='bbox 2312 4012 2577 4067; x_wconf 82' lang='lat' dir='ltr'><strong>pauperes</strong></span> <span class='ocrx_word' id='word_1_596' title='bbox 2607 3999 2816 4067; x_wconf 90' lang='lat' dir='ltr'><strong>spiritu,</strong></span> <span class='ocrx_word' id='word_1_597' title='bbox 2866 3999 3121 4069; x_wconf 88' lang='lat' dir='ltr'><strong>quoniam</strong></span> <span class='ocrx_word' id='word_1_598' title='bbox 3171 4002 3413 4071; x_wconf 88' lang='lat' dir='ltr'><strong>ipsorum</strong></span> <span class='ocrx_word' id='word_1_599' title='bbox 3439 4009 3521 4057; x_wconf 88' lang='lat' dir='ltr'><strong>est</strong></span> <span class='ocrx_word' id='word_1_600' title='bbox 3547 4009 3733 4069; x_wconf 87' lang='lat' dir='ltr'><strong>regnum</strong></span> <span class='ocrx_word' id='word_1_601' title='bbox 3756 4004 3830 4046; x_wconf 72' lang='lat' dir='ltr'><strong>ce-</strong></span> 
     </span>
    </p>
   </div>
   <div class='ocr_carea' id='block_1_86' title="bbox 2310 4090 3831 4166">
    <p class='ocr_par' dir='ltr' id='par_1_86' title="bbox 2310 4090 3831 4166">
     <span class='ocr_line' id='line_1_86' title="bbox 2310 4090 3831 4166; baseline -0.006 -22"><span class='ocrx_word' id='word_1_602' title='bbox 2310 4090 2507 4145; x_wconf 85' lang='lat' dir='ltr'><strong>lorum.</strong></span> <span class='ocrx_word' id='word_1_603' title='bbox 2554 4091 2702 4147; x_wconf 84' lang='lat' dir='ltr'><strong>Beati</strong></span> <span class='ocrx_word' id='word_1_604' title='bbox 2747 4092 2925 4156; x_wconf 88' lang='lat' dir='ltr'><strong>mites,</strong></span> <span class='ocrx_word' id='word_1_605' title='bbox 2967 4094 3222 4163; x_wconf 86' lang='lat' dir='ltr'><strong>quoniam</strong></span> <span class='ocrx_word' id='word_1_606' title='bbox 3270 4094 3373 4165; x_wconf 86' lang='lat' dir='ltr'><strong>ipsi</strong></span> <span class='ocrx_word' id='word_1_607' title='bbox 3406 4090 3721 4166; x_wconf 87' lang='lat' dir='ltr'><strong>possidebunt</strong></span> <span class='ocrx_word' id='word_1_608' title='bbox 3757 4094 3831 4137; x_wconf 83' lang='lat' dir='ltr'><strong>ter-</strong></span> 
     </span>
    </p>
   </div>
   <div class='ocr_carea' id='block_1_87' title="bbox 2308 4175 3830 4256">
    <p class='ocr_par' dir='ltr' id='par_1_87' title="bbox 2308 4175 3830 4256">
     <span class='ocr_line' id='line_1_87' title="bbox 2308 4175 3830 4256; baseline -0.001 -21"><span class='ocrx_word' id='word_1_609' title='bbox 2308 4197 2446 4236; x_wconf 86' lang='lat' dir='ltr'><strong>ram.</strong></span> <span class='ocrx_word' id='word_1_610' title='bbox 2472 4181 2619 4238; x_wconf 90' lang='lat' dir='ltr'><strong>Beati</strong></span> <span class='ocrx_word' id='word_1_611' title='bbox 2649 4184 2739 4251; x_wconf 91' lang='lat' dir='ltr'><strong>qui</strong></span> <span class='ocrx_word' id='word_1_612' title='bbox 2771 4185 3024 4241; x_wconf 89' lang='lat' dir='ltr'><strong>esuriunt</strong></span> <span class='ocrx_word' id='word_1_613' title='bbox 3051 4193 3108 4242; x_wconf 89' lang='lat' dir='ltr'><strong>et</strong></span> <span class='ocrx_word' id='word_1_614' title='bbox 3132 4185 3328 4241; x_wconf 88' lang='lat' dir='ltr'><strong>sitiunt</strong></span> <span class='ocrx_word' id='word_1_615' title='bbox 3345 4186 3615 4256; x_wconf 86' lang='lat' dir='ltr'><strong>justitiam,</strong></span> <span class='ocrx_word' id='word_1_616' title='bbox 3643 4175 3830 4250; x_wconf 82' lang='lat' dir='ltr'><strong>quoniam</strong></span> 
     </span>
    </p>
   </div>
   <div class='ocr_carea' id='block_1_88' title="bbox 2308 4262 3830 4349">
    <p class='ocr_par' dir='ltr' id='par_1_88' title="bbox 2308 4262 3830 4349">
     <span class='ocr_line' id='line_1_88' title="bbox 2308 4262 3830 4349; baseline 0.005 -20"><span class='ocrx_word' id='word_1_617' title='bbox 2308 4275 2411 4345; x_wconf 88' lang='lat' dir='ltr'><strong>ipsi</strong></span> <span class='ocrx_word' id='word_1_618' title='bbox 2437 4278 2842 4332; x_wconf 90' lang='lat' dir='ltr'><strong>saturabuntur.</strong></span> <span class='ocrx_word' id='word_1_619' title='bbox 2898 4279 3041 4334; x_wconf 87' lang='lat' dir='ltr'><strong>Beati</strong></span> <span class='ocrx_word' id='word_1_620' title='bbox 3088 4279 3483 4345; x_wconf 88' lang='lat' dir='ltr'><strong>misericordes,</strong></span> <span class='ocrx_word' id='word_1_621' title='bbox 3512 4275 3727 4349; x_wconf 88' lang='lat' dir='ltr'><strong>quoniam</strong></span> <span class='ocrx_word' id='word_1_622' title='bbox 3760 4262 3830 4336; x_wconf 62' lang='lat' dir='ltr'><strong>iliSi</strong></span> 
     </span>
    </p>
   </div>
   <div class='ocr_carea' id='block_1_89' title="bbox 2310 4360 3827 4443">
    <p class='ocr_par' dir='ltr' id='par_1_89' title="bbox 2310 4360 3827 4443">
     <span class='ocr_line' id='line_1_89' title="bbox 2310 4360 3827 4443; baseline -0.003 -17"><span class='ocrx_word' id='word_1_623' title='bbox 2310 4370 2735 4426; x_wconf 89' lang='lat' dir='ltr'><strong>misericordiam</strong></span> <span class='ocrx_word' id='word_1_624' title='bbox 2783 4384 3204 4443; x_wconf 89' lang='lat' dir='ltr'><strong>consequentur.</strong></span> <span class='ocrx_word' id='word_1_625' title='bbox 3266 4374 3412 4430; x_wconf 86' lang='lat' dir='ltr'><strong>Beati</strong></span> <span class='ocrx_word' id='word_1_626' title='bbox 3459 4371 3643 4427; x_wconf 91' lang='lat' dir='ltr'><strong>mundo</strong></span> <span class='ocrx_word' id='word_1_627' title='bbox 3686 4360 3827 4421; x_wconf 63' lang='lat' dir='ltr'><strong>corde.</strong></span> 
     </span>
    </p>
   </div>
   <div class='ocr_carea' id='block_1_90' title="bbox 2308 4457 3829 4533">
    <p class='ocr_par' dir='ltr' id='par_1_90' title="bbox 2308 4457 3829 4533">
     <span class='ocr_line' id='line_1_90' title="bbox 2308 4457 3829 4533; baseline -0.003 -18"><span class='ocrx_word' id='word_1_628' title='bbox 2308 4461 2559 4531; x_wconf 91' lang='lat' dir='ltr'><strong>quoniam</strong></span> <span class='ocrx_word' id='word_1_629' title='bbox 2609 4461 2713 4532; x_wconf 90' lang='lat' dir='ltr'><strong>ipsi</strong></span> <span class='ocrx_word' id='word_1_630' title='bbox 2766 4463 2937 4519; x_wconf 89' lang='lat' dir='ltr'><strong>Deum</strong></span> <span class='ocrx_word' id='word_1_631' title='bbox 2982 4464 3259 4521; x_wconf 83' lang='lat' dir='ltr'><strong>videbunt.</strong></span> <span class='ocrx_word' id='word_1_632' title='bbox 3296 4464 3444 4520; x_wconf 84' lang='lat' dir='ltr'><strong>Beati</strong></span> <span class='ocrx_word' id='word_1_633' title='bbox 3492 4457 3691 4533; x_wconf 84' lang='lat' dir='ltr'><strong>paciﬁci,</strong></span> <span class='ocrx_word' id='word_1_634' title='bbox 3729 4463 3829 4522; x_wconf 62' lang='lat' dir='ltr'><strong>quo&#39;</strong></span> 
     </span>
    </p>
   </div>
   <div class='ocr_carea' id='block_1_91' title="bbox 608 4549 3829 4635">
    <p class='ocr_par' dir='ltr' id='par_1_91' title="bbox 608 4549 3829 4635">
     <span class='ocr_line' id='line_1_91' title="bbox 608 4549 3829 4635; baseline -0.005 -16"><span class='ocrx_word' id='word_1_635' title='bbox 608 4565 675 4619; x_wconf 88' lang='lat' dir='ltr'><strong>tri</strong></span> <span class='ocrx_word' id='word_1_636' title='bbox 726 4564 968 4635; x_wconf 90' lang='lat' dir='ltr'><strong>corporis</strong></span> <span class='ocrx_word' id='word_1_637' title='bbox 1018 4561 1319 4618; x_wconf 76' lang='lat' dir='ltr'><strong>humilitate</strong></span> <span class='ocrx_word' id='word_1_638' title='bbox 1360 4561 1641 4624; x_wconf 89' lang='lat' dir='ltr'><strong>debemus,</strong></span> <span class='ocrx_word' id='word_1_639' title='bbox 1687 4562 1991 4632; x_wconf 81' lang='lat' dir='ltr'><strong>exemplum</strong></span> <span class='ocrx_word' id='word_1_640' title='bbox 2043 4562 2199 4617; x_wconf 87' lang='lat' dir='ltr'><strong>nobis</strong></span> <span class='ocrx_word' id='word_1_641' title='bbox 2226 4575 2280 4635; x_wconf 77' lang='grc' dir='ltr'>ο</span> <span class='ocrx_word' id='word_1_642' title='bbox 2308 4558 2448 4613; x_wconf 91' lang='lat' dir='ltr'><strong>niam</strong></span> <span class='ocrx_word' id='word_1_643' title='bbox 2492 4558 2585 4612; x_wconf 80' lang='lat' dir='ltr'><strong>lilii</strong></span> <span class='ocrx_word' id='word_1_644' title='bbox 2611 4559 2706 4614; x_wconf 89' lang='lat' dir='ltr'><strong>Dei</strong></span> <span class='ocrx_word' id='word_1_645' title='bbox 2744 4560 3103 4615; x_wconf 86' lang='lat' dir='ltr'><strong>vocabuntur.</strong></span> <span class='ocrx_word' id='word_1_646' title='bbox 3152 4559 3298 4616; x_wconf 86' lang='lat' dir='ltr'><strong>Beati</strong></span> <span class='ocrx_word' id='word_1_647' title='bbox 3344 4559 3434 4631; x_wconf 91' lang='lat' dir='ltr'><strong>qui</strong></span> <span class='ocrx_word' id='word_1_648' title='bbox 3475 4549 3829 4629; x_wconf 73' lang='lat' dir='ltr'><strong>persecutionem</strong></span> 
     </span>
    </p>
   </div>
   <div class='ocr_carea' id='block_1_92' title="bbox 608 4654 2201 4730">
    <p class='ocr_par' dir='ltr' id='par_1_92' title="bbox 608 4654 2201 4730">
     <span class='ocr_line' id='line_1_92' title="bbox 608 4654 2201 4730; baseline -0.002 -17"><span class='ocrx_word' id='word_1_649' title='bbox 608 4657 935 4730; x_wconf 85' lang='lat' dir='ltr'><strong>relinquetis,</strong></span> <span class='ocrx_word' id='word_1_650' title='bbox 973 4668 1030 4713; x_wconf 90' lang='lat' dir='ltr'><strong>ut</strong></span> <span class='ocrx_word' id='word_1_651' title='bbox 1059 4656 1356 4727; x_wconf 85' lang='lat' dir='ltr'><strong>sequamini</strong></span> <span class='ocrx_word' id='word_1_652' title='bbox 1402 4655 1622 4725; x_wconf 83' lang='lat' dir='ltr'><strong>vestigla</strong></span> <span class='ocrx_word' id='word_1_653' title='bbox 1650 4654 1768 4725; x_wconf 89' lang='lat' dir='ltr'><strong>ejus</strong></span> <span class='ocrx_word' id='word_1_654' title='bbox 1797 4656 1886 4725; x_wconf 92' lang='lat' dir='ltr'><strong>qui</strong></span> <span class='ocrx_word' id='word_1_655' title='bbox 1926 4664 2201 4725; x_wconf 84' lang='lat' dir='ltr'><strong>peccatum</strong></span> 
     </span>
    </p>
   </div>
   <div class='ocr_carea' id='block_1_93' title="bbox 606 4746 2204 4817">
    <p class='ocr_par' dir='ltr' id='par_1_93' title="bbox 606 4746 2204 4817">
     <span class='ocr_line' id='line_1_93' title="bbox 606 4746 2204 4817; baseline -0.002 -12"><span class='ocrx_word' id='word_1_656' title='bbox 606 4765 714 4805; x_wconf 87' lang='lat' dir='ltr'><strong>non</strong></span> <span class='ocrx_word' id='word_1_657' title='bbox 744 4748 893 4816; x_wconf 85' lang='lat' dir='ltr'><strong>fecit,</strong></span> <span class='ocrx_word' id='word_1_658' title='bbox 926 4762 1024 4805; x_wconf 89' lang='lat' dir='ltr'><strong>nec</strong></span> <span class='ocrx_word' id='word_1_659' title='bbox 1050 4749 1204 4804; x_wconf 90' lang='lat' dir='ltr'><strong>dolus</strong></span> <span class='ocrx_word' id='word_1_660' title='bbox 1231 4748 1481 4803; x_wconf 85' lang='lat' dir='ltr'><strong>inventus</strong></span> <span class='ocrx_word' id='word_1_661' title='bbox 1507 4756 1592 4803; x_wconf 87' lang='lat' dir='ltr'><strong>est</strong></span> <span class='ocrx_word' id='word_1_662' title='bbox 1620 4747 1677 4801; x_wconf 91' lang='lat' dir='ltr'><strong>in</strong></span> <span class='ocrx_word' id='word_1_663' title='bbox 1701 4761 1797 4802; x_wconf 91' lang='lat' dir='ltr'><strong>ore</strong></span> <span class='ocrx_word' id='word_1_664' title='bbox 1824 4746 1961 4817; x_wconf 89' lang='lat' dir='ltr'><strong>ejus.</strong></span> <span class='ocrx_word' id='word_1_665' title='bbox 1989 4746 2121 4815; x_wconf 87' lang='lat' dir='ltr'><strong>Quis</strong></span> <span class='ocrx_word' id='word_1_666' title='bbox 2148 4746 2204 4802; x_wconf 90' lang='lat' dir='ltr'><strong>in</strong></span> 
     </span>
    </p>
   </div>
   <div class='ocr_carea' id='block_1_94' title="bbox 608 4838 2201 4912">
    <p class='ocr_par' dir='ltr' id='par_1_94' title="bbox 608 4838 2201 4912">
     <span class='ocr_line' id='line_1_94' title="bbox 608 4838 2201 4912; baseline -0.003 -15"><span class='ocrx_word' id='word_1_667' title='bbox 608 4843 711 4897; x_wconf 89' lang='lat' dir='ltr'><strong>hoc</strong></span> <span class='ocrx_word' id='word_1_668' title='bbox 750 4841 949 4897; x_wconf 88' lang='lat' dir='ltr'><strong>mundo</strong></span> <span class='ocrx_word' id='word_1_669' title='bbox 992 4843 1062 4897; x_wconf 89' lang='lat' dir='ltr'><strong>ita</strong></span> <span class='ocrx_word' id='word_1_670' title='bbox 1109 4838 1304 4909; x_wconf 90' lang='lat' dir='ltr'><strong>poterit</strong></span> <span class='ocrx_word' id='word_1_671' title='bbox 1346 4841 1521 4912; x_wconf 90' lang='lat' dir='ltr'><strong>sequi,</strong></span> <span class='ocrx_word' id='word_1_672' title='bbox 1563 4848 1625 4895; x_wconf 90' lang='lat' dir='ltr'><strong>ut</strong></span> <span class='ocrx_word' id='word_1_673' title='bbox 1666 4855 1767 4895; x_wconf 90' lang='lat' dir='ltr'><strong>nec</strong></span> <span class='ocrx_word' id='word_1_674' title='bbox 1797 4839 1951 4895; x_wconf 91' lang='lat' dir='ltr'><strong>dolus</strong></span> <span class='ocrx_word' id='word_1_675' title='bbox 1992 4840 2042 4894; x_wconf 90' lang='lat' dir='ltr'><strong>in</strong></span> <span class='ocrx_word' id='word_1_676' title='bbox 2084 4854 2201 4908; x_wconf 83' lang='lat' dir='ltr'><strong>ore,</strong></span> 
     </span>
    </p>
   </div>
   <div class='ocr_carea' id='block_1_95' title="bbox 606 4930 2204 5003">
    <p class='ocr_par' dir='ltr' id='par_1_95' title="bbox 606 4930 2204 5003">
     <span class='ocr_line' id='line_1_95' title="bbox 606 4930 2204 5003; baseline -0.002 -15"><span class='ocrx_word' id='word_1_677' title='bbox 606 4948 708 4989; x_wconf 90' lang='lat' dir='ltr'><strong>nec</strong></span> <span class='ocrx_word' id='word_1_678' title='bbox 741 4942 1015 5003; x_wconf 90' lang='lat' dir='ltr'><strong>peccatum</strong></span> <span class='ocrx_word' id='word_1_679' title='bbox 1052 4933 1169 5003; x_wconf 91' lang='lat' dir='ltr'><strong>ejus</strong></span> <span class='ocrx_word' id='word_1_680' title='bbox 1210 4932 1517 4988; x_wconf 86' lang='lat' dir='ltr'><strong>inveniatur</strong></span> <span class='ocrx_word' id='word_1_681' title='bbox 1557 4933 1610 4986; x_wconf 91' lang='lat' dir='ltr'><strong>in</strong></span> <span class='ocrx_word' id='word_1_682' title='bbox 1654 4931 1854 5001; x_wconf 77' lang='lat' dir='ltr'><strong>opere?</strong></span> <span class='ocrx_word' id='word_1_683' title='bbox 1883 4930 1979 4986; x_wconf 91' lang='lat' dir='ltr'><strong>sed</strong></span> <span class='ocrx_word' id='word_1_684' title='bbox 2022 4930 2075 4985; x_wconf 90' lang='lat' dir='ltr'><strong>in</strong></span> <span class='ocrx_word' id='word_1_685' title='bbox 2113 4946 2204 4998; x_wconf 83' lang='lat' dir='ltr'><strong>pa-</strong></span> 
     </span>
    </p>
   </div>
   <div class='ocr_carea' id='block_1_96' title="bbox 608 5022 2202 5095">
    <p class='ocr_par' dir='ltr' id='par_1_96' title="bbox 608 5022 2202 5095">
     <span class='ocr_line' id='line_1_96' title="bbox 608 5022 2202 5095; baseline -0.004 -12"><span class='ocrx_word' id='word_1_686' title='bbox 608 5026 814 5095; x_wconf 87' lang='lat' dir='ltr'><strong>tientia,</strong></span> <span class='ocrx_word' id='word_1_687' title='bbox 844 5040 964 5095; x_wconf 70' lang='lat' dir='ltr'><strong>quae</strong></span> <span class='ocrx_word' id='word_1_688' title='bbox 991 5026 1129 5081; x_wconf 88' lang='lat' dir='ltr'><strong>Deus</strong></span> <span class='ocrx_word' id='word_1_689' title='bbox 1158 5035 1321 5090; x_wconf 90' lang='lat' dir='ltr'><strong>amat,</strong></span> <span class='ocrx_word' id='word_1_690' title='bbox 1350 5023 1606 5094; x_wconf 83' lang='lat' dir='ltr'><strong>majestas</strong></span> <span class='ocrx_word' id='word_1_691' title='bbox 1635 5023 1813 5078; x_wconf 87' lang='lat' dir='ltr'><strong>divina</strong></span> <span class='ocrx_word' id='word_1_692' title='bbox 1840 5022 2202 5079; x_wconf 90' lang='lat' dir='ltr'><strong>commendat.</strong></span> 
     </span>
    </p>
   </div>
   <div class='ocr_carea' id='block_1_97' title="bbox 682 5183 1640 5259">
    <p class='ocr_par' dir='ltr' id='par_1_97' title="bbox 682 5183 1640 5259">
     <span class='ocr_line' id='line_1_97' title="bbox 682 5183 1640 5259; baseline -0.008 -15"><span class='ocrx_word' id='word_1_693' title='bbox 682 5198 708 5227; x_wconf 66' lang='grc' dir='ltr'><strong>α</strong></span> <span class='ocrx_word' id='word_1_694' title='bbox 741 5185 1061 5259; x_wconf 87' lang='lat' dir='ltr'><strong>Legendum_</strong></span> <span class='ocrx_word' id='word_1_695' title='bbox 1081 5184 1289 5259; x_wconf 84' lang='lat' dir='ltr'><strong>videtur</strong></span> <span class='ocrx_word' id='word_1_696' title='bbox 1314 5183 1640 5259; x_wconf 65' lang='lat' dir='ltr'><strong>nominatius.</strong></span> 
     </span>
    </p>
   </div>
   <div class='ocr_carea' id='block_1_98' title="bbox 679 5250 2199 5328">
    <p class='ocr_par' dir='ltr' id='par_1_98' title="bbox 679 5250 2199 5328">
     <span class='ocr_line' id='line_1_98' title="bbox 679 5250 2199 5328; baseline -0.01 -11"><span class='ocrx_word' id='word_1_697' title='bbox 679 5259 705 5298; x_wconf 71' lang='grc' dir='ltr'>δ</span> <span class='ocrx_word' id='word_1_698' title='bbox 728 5250 1023 5328; x_wconf 71' lang='grc' dir='ltr'><strong>εθίῖυεηιθε</strong></span> <span class='ocrx_word' id='word_1_699' title='bbox 1042 5255 1324 5312; x_wconf 83' lang='lat' dir='ltr'><strong>Lectiones</strong></span> <span class='ocrx_word' id='word_1_700' title='bbox 1353 5271 1447 5328; x_wconf 88' lang='lat' dir='ltr'><strong>pro</strong></span> <span class='ocrx_word' id='word_1_701' title='bbox 1473 5253 1634 5328; x_wconf 73' lang='lat' dir='ltr'><strong>missa</strong></span> <span class='ocrx_word' id='word_1_702' title='bbox 1660 5250 1829 5306; x_wconf 91' lang='lat' dir='ltr'><strong>sancti</strong></span> <span class='ocrx_word' id='word_1_703' title='bbox 1869 5250 2199 5328; x_wconf 78' lang='lat' dir='ltr'><strong>Sigismundi</strong></span> 
     </span>
    </p>
   </div>
   <div class='ocr_carea' id='block_1_99' title="bbox 610 5321 2199 5402">
    <p class='ocr_par' dir='ltr' id='par_1_99' title="bbox 610 5321 2199 5402">
     <span class='ocr_line' id='line_1_99' title="bbox 610 5321 2199 5402; baseline -0.007 -16"><span class='ocrx_word' id='word_1_704' title='bbox 610 5332 771 5400; x_wconf 75' lang='lat' dir='ltr'><strong>regis,</strong></span> <span class='ocrx_word' id='word_1_705' title='bbox 821 5321 849 5383; x_wconf 73' lang='grc' dir='ltr'><strong>ἰ</strong></span> <span class='ocrx_word' id='word_1_706' title='bbox 881 5344 1038 5399; x_wconf 90' lang='lat' dir='ltr'><strong>quem</strong></span> <span class='ocrx_word' id='word_1_707' title='bbox 1089 5328 1143 5402; x_wconf 81' lang='lat' dir='ltr'><strong>in</strong></span> <span class='ocrx_word' id='word_1_708' title='bbox 1184 5321 1515 5402; x_wconf 67' lang='lat' dir='ltr'><strong>consortium</strong></span> <span class='ocrx_word' id='word_1_709' title='bbox 1547 5324 1865 5402; x_wconf 68' lang='lat' dir='ltr'><strong>Sanctorum</strong></span> <span class='ocrx_word' id='word_1_710' title='bbox 1913 5321 2199 5402; x_wconf 50' lang='lat' dir='ltr'><strong>adscitunm,</strong></span> 
     </span>
    </p>
   </div>
   <div class='ocr_carea' id='block_1_100' title="bbox 609 5390 2200 5471">
    <p class='ocr_par' dir='ltr' id='par_1_100' title="bbox 609 5390 2200 5471">
     <span class='ocr_line' id='line_1_100' title="bbox 609 5390 2200 5471; baseline -0.008 -16"><span class='ocrx_word' id='word_1_711' title='bbox 609 5390 723 5470; x_wconf 63' lang='lat' dir='ltr'><strong>ipsa</strong></span> <span class='ocrx_word' id='word_1_712' title='bbox 749 5390 834 5457; x_wconf 76' lang='lat' dir='ltr'><strong>res</strong></span> <span class='ocrx_word' id='word_1_713' title='bbox 863 5390 982 5471; x_wconf 75' lang='lat' dir='ltr'><strong>quae</strong></span> <span class='ocrx_word' id='word_1_714' title='bbox 1004 5400 1208 5468; x_wconf 89' lang='lat' dir='ltr'><strong>geritur</strong></span> <span class='ocrx_word' id='word_1_715' title='bbox 1235 5397 1558 5471; x_wconf 81' lang='lat' dir='ltr'><strong>manifestat,</strong></span> <span class='ocrx_word' id='word_1_716' title='bbox 1602 5414 1619 5447; x_wconf 76' lang='grc' dir='ltr'>ι</span> <span class='ocrx_word' id='word_1_717' title='bbox 1674 5395 1749 5447; x_wconf 93' lang='lat' dir='ltr'><strong>ait</strong></span> <span class='ocrx_word' id='word_1_718' title='bbox 1773 5392 2062 5462; x_wconf 89' lang='lat' dir='ltr'><strong>Gregorius</strong></span> <span class='ocrx_word' id='word_1_719' title='bbox 2092 5390 2200 5471; x_wconf 70' lang='lat' dir='ltr'><strong>T_t_i-</strong></span> 
     </span>
    </p>
   </div>
   <div class='ocr_carea' id='block_1_101' title="bbox 610 5462 2190 5543">
    <p class='ocr_par' dir='ltr' id='par_1_101' title="bbox 610 5462 2190 5543">
     <span class='ocr_line' id='line_1_101' title="bbox 610 5462 2190 5543; baseline -0.005 -17"><span class='ocrx_word' id='word_1_720' title='bbox 610 5462 958 5543; x_wconf 35' lang='lat' dir='ltr'><strong>r&#39;unensisfiu</strong></span> <span class='ocrx_word' id='word_1_721' title='bbox 1006 5462 1101 5526; x_wconf 74' lang='lat' dir='ltr'><strong>lib.</strong></span> <span class='ocrx_word' id='word_1_722' title='bbox 1154 5485 1168 5524; x_wconf 95' lang='lat' dir='ltr'><strong>l</strong></span> <span class='ocrx_word' id='word_1_723' title='bbox 1219 5469 1287 5543; x_wconf 80' lang='lat' dir='ltr'><strong>de</strong></span> <span class='ocrx_word' id='word_1_724' title='bbox 1331 5468 1513 5543; x_wconf 82' lang='lat' dir='ltr'><strong>Gloria</strong></span> <span class='ocrx_word' id='word_1_725' title='bbox 1547 5474 1883 5543; x_wconf 73' lang='lat' dir='ltr'><strong>martyrum,</strong></span> <span class='ocrx_word' id='word_1_726' title='bbox 1936 5477 2071 5543; x_wconf 78' lang='lat' dir='ltr'><strong>cap._</strong></span> <span class='ocrx_word' id='word_1_727' title='bbox 2106 5462 2190 5517; x_wconf 84' lang='lat'><strong>75.</strong></span> 
     </span>
    </p>
   </div>
   <div class='ocr_carea' id='block_1_102' title="bbox 615 5533 2198 5611">
    <p class='ocr_par' dir='ltr' id='par_1_102' title="bbox 615 5533 2198 5611">
     <span class='ocr_line' id='line_1_102' title="bbox 615 5533 2198 5611; baseline -0.004 -18"><span class='ocrx_word' id='word_1_728' title='bbox 615 5564 631 5593; x_wconf 77' lang='grc' dir='ltr'>ι</span> <span class='ocrx_word' id='word_1_729' title='bbox 675 5543 804 5596; x_wconf 81' lang='lat' dir='ltr'><strong>Nam</strong></span> <span class='ocrx_word' id='word_1_730' title='bbox 852 5541 897 5597; x_wconf 91' lang='lat' dir='ltr'><strong>si</strong></span> <span class='ocrx_word' id='word_1_731' title='bbox 928 5543 1016 5611; x_wconf 90' lang='lat' dir='ltr'><strong>qui</strong></span> <span class='ocrx_word' id='word_1_732' title='bbox 1054 5556 1196 5595; x_wconf 89' lang='lat' dir='ltr'><strong>nunc</strong></span> <span class='ocrx_word' id='word_1_733' title='bbox 1222 5540 1503 5611; x_wconf 82' lang='lat' dir='ltr'><strong>frigoritici</strong></span> <span class='ocrx_word' id='word_1_734' title='bbox 1546 5537 1596 5590; x_wconf 92' lang='lat' dir='ltr'><strong>in</strong></span> <span class='ocrx_word' id='word_1_735' title='bbox 1628 5534 1747 5611; x_wconf 76' lang='lat' dir='ltr'><strong>ejus</strong></span> <span class='ocrx_word' id='word_1_736' title='bbox 1776 5533 1974 5611; x_wconf 76' lang='lat' dir='ltr'><strong>honore</strong></span> <span class='ocrx_word' id='word_1_737' title='bbox 2003 5533 2198 5611; x_wconf 69' lang='lat' dir='ltr'><strong>missas</strong></span> 
     </span>
    </p>
   </div>
   <div class='ocr_carea' id='block_1_103' title="bbox 609 5602 2197 5686">
    <p class='ocr_par' dir='ltr' id='par_1_103' title="bbox 609 5602 2197 5686">
     <span class='ocr_line' id='line_1_103' title="bbox 609 5602 2197 5686; baseline -0.006 -19"><span class='ocrx_word' id='word_1_738' title='bbox 609 5615 801 5669; x_wconf 77' lang='lat' dir='ltr'><strong>devote</strong></span> <span class='ocrx_word' id='word_1_739' title='bbox 846 5602 1139 5686; x_wconf 79' lang='lat' dir='ltr'><strong>celebrent,</strong></span> <span class='ocrx_word' id='word_1_740' title='bbox 1182 5602 1423 5686; x_wconf 69' lang='lat' dir='ltr'><strong>ejusque</strong></span> <span class='ocrx_word' id='word_1_741' title='bbox 1453 5623 1548 5677; x_wconf 91' lang='lat' dir='ltr'><strong>pro</strong></span> <span class='ocrx_word' id='word_1_742' title='bbox 1596 5602 1782 5686; x_wconf 77' lang='lat' dir='ltr'><strong>requie</strong></span> <span class='ocrx_word' id='word_1_743' title='bbox 1814 5605 1928 5686; x_wconf 81' lang='lat' dir='ltr'><strong>Deo</strong></span> <span class='ocrx_word' id='word_1_744' title='bbox 1967 5602 2197 5658; x_wconf 74' lang='lat' dir='ltr'><strong>offerant</strong></span> 
     </span>
    </p>
   </div>
   <div class='ocr_carea' id='block_1_104' title="bbox 608 5677 2192 5749">
    <p class='ocr_par' dir='ltr' id='par_1_104' title="bbox 608 5677 2192 5749">
     <span class='ocr_line' id='line_1_104' title="bbox 608 5677 2192 5749; baseline -0.005 -14"><span class='ocrx_word' id='word_1_745' title='bbox 608 5686 955 5747; x_wconf 81' lang='lat' dir='ltr'><strong>oblationem,</strong></span> <span class='ocrx_word' id='word_1_746' title='bbox 985 5677 1257 5738; x_wconf 59' lang='lat' dir='ltr'><strong>statim..l.</strong></span> <span class='ocrx_word' id='word_1_747' title='bbox 1276 5677 1514 5749; x_wconf 82' lang='lat' dir='ltr'><strong>pristinae</strong></span> <span class='ocrx_word' id='word_1_748' title='bbox 1541 5677 1753 5749; x_wconf 86' lang='lat' dir='ltr'><strong>sanitati</strong></span> <span class='ocrx_word' id='word_1_749' title='bbox 1781 5677 2192 5749; x_wconf 62' lang='lat' dir='ltr'><strong>restituuntur.»</strong></span> 
     </span>
    </p>
   </div>
   <div class='ocr_carea' id='block_1_105' title="bbox 609 5746 2199 5816">
    <p class='ocr_par' dir='ltr' id='par_1_105' title="bbox 609 5746 2199 5816">
     <span class='ocr_line' id='line_1_105' title="bbox 609 5746 2199 5816; baseline -0.006 -5"><span class='ocrx_word' id='word_1_750' title='bbox 609 5758 697 5811; x_wconf 85' lang='lat' dir='ltr'><strong>Sic</strong></span> <span class='ocrx_word' id='word_1_751' title='bbox 742 5758 794 5810; x_wconf 91' lang='lat' dir='ltr'><strong>in</strong></span> <span class='ocrx_word' id='word_1_752' title='bbox 838 5746 1031 5810; x_wconf 75' lang='lat' dir='ltr'><strong>MisSali</strong></span> <span class='ocrx_word' id='word_1_753' title='bbox 1072 5746 1411 5809; x_wconf 83' lang='lat' dir='ltr'><strong>Mozarabum</strong></span> <span class='ocrx_word' id='word_1_754' title='bbox 1456 5748 1791 5805; x_wconf 80' lang='lat' dir='ltr'><strong>Sacrificium</strong></span> <span class='ocrx_word' id='word_1_755' title='bbox 1835 5746 2058 5802; x_wconf 73' lang='lat' dir='ltr'><strong>oﬂertur</strong></span> <span class='ocrx_word' id='word_1_756' title='bbox 2107 5763 2199 5816; x_wconf 86' lang='lat' dir='ltr'><strong>pro</strong></span> 
     </span>
    </p>
   </div>
   <div class='ocr_carea' id='block_1_106' title="bbox 604 5816 2197 5890">
    <p class='ocr_par' dir='ltr' id='par_1_106' title="bbox 604 5816 2197 5890">
     <span class='ocr_line' id='line_1_106' title="bbox 604 5816 2197 5890; baseline -0.006 -8"><span class='ocrx_word' id='word_1_757' title='bbox 604 5827 870 5889; x_wconf 73' lang='lat' dir='ltr'><strong>spiritibus</strong></span> <span class='ocrx_word' id='word_1_758' title='bbox 913 5826 1241 5890; x_wconf 82' lang='lat' dir='ltr'><strong>pausautium</strong></span> <span class='ocrx_word' id='word_1_759' title='bbox 1262 5822 1482 5886; x_wconf 76' lang='lat' dir='ltr'><strong>Hilarii,</strong></span> <span class='ocrx_word' id='word_1_760' title='bbox 1507 5819 1799 5890; x_wconf 81' lang='lat' dir='ltr'><strong>Athanasii,</strong></span> <span class='ocrx_word' id='word_1_761' title='bbox 1822 5816 2061 5890; x_wconf 77' lang='lat' dir='ltr'><strong>Martini,</strong></span> <span class='ocrx_word' id='word_1_762' title='bbox 2088 5826 2197 5875; x_wconf 86' lang='lat' dir='ltr'><strong>etc.</strong></span> 
     </span>
    </p>
   </div>
   <div class='ocr_carea' id='block_1_107' title="bbox 2312 4638 3829 4723">
    <p class='ocr_par' dir='ltr' id='par_1_107' title="bbox 2312 4638 3829 4723">
     <span class='ocr_line' id='line_1_107' title="bbox 2312 4638 3829 4723; baseline -0.005 -18"><span class='ocrx_word' id='word_1_763' title='bbox 2312 4651 2581 4722; x_wconf 87' lang='lat' dir='ltr'><strong>patiuntur</strong></span> <span class='ocrx_word' id='word_1_764' title='bbox 2627 4662 2845 4722; x_wconf 89' lang='lat' dir='ltr'><strong>propter</strong></span> <span class='ocrx_word' id='word_1_765' title='bbox 2888 4650 3176 4720; x_wconf 89' lang='lat' dir='ltr'><strong>justitiam,</strong></span> <span class='ocrx_word' id='word_1_766' title='bbox 3228 4653 3475 4723; x_wconf 88' lang='lat' dir='ltr'><strong>quoniam</strong></span> <span class='ocrx_word' id='word_1_767' title='bbox 3528 4649 3732 4718; x_wconf 88' lang='lat' dir='ltr'><strong>ipsorum</strong></span> <span class='ocrx_word' id='word_1_768' title='bbox 3771 4638 3829 4688; x_wconf 71' lang='grc' dir='ltr'><strong>εει</strong></span> 
     </span>
    </p>
   </div>
   <div class='ocr_carea' id='block_1_108' title="bbox 2310 4736 3826 4815">
    <p class='ocr_par' dir='ltr' id='par_1_108' title="bbox 2310 4736 3826 4815">
     <span class='ocr_line' id='line_1_108' title="bbox 2310 4736 3826 4815; baseline -0.01 -15"><span class='ocrx_word' id='word_1_769' title='bbox 2310 4761 2531 4815; x_wconf 86' lang='lat' dir='ltr'><strong>regnum</strong></span> <span class='ocrx_word' id='word_1_770' title='bbox 2570 4747 2845 4801; x_wconf 67' lang='lat' dir='ltr'><strong>crelorum.</strong></span> <span class='ocrx_word' id='word_1_771' title='bbox 2881 4746 3026 4801; x_wconf 91' lang='lat' dir='ltr'><strong>Beati</strong></span> <span class='ocrx_word' id='word_1_772' title='bbox 3069 4746 3199 4802; x_wconf 87' lang='lat' dir='ltr'><strong>estis</strong></span> <span class='ocrx_word' id='word_1_773' title='bbox 3239 4762 3359 4802; x_wconf 91' lang='lat' dir='ltr'><strong>cum</strong></span> <span class='ocrx_word' id='word_1_774' title='bbox 3401 4736 3735 4801; x_wconf 81' lang='lat' dir='ltr'><strong>maledixeriut</strong></span> <span class='ocrx_word' id='word_1_775' title='bbox 3762 4741 3826 4780; x_wconf 37' lang='lat' dir='ltr'><strong>vos</strong></span> 
     </span>
    </p>
   </div>
   <div class='ocr_carea' id='block_1_109' title="bbox 2312 4821 3825 4907">
    <p class='ocr_par' dir='ltr' id='par_1_109' title="bbox 2312 4821 3825 4907">
     <span class='ocr_line' id='line_1_109' title="bbox 2312 4821 3825 4907; baseline -0.011 -16"><span class='ocrx_word' id='word_1_776' title='bbox 2312 4836 2415 4903; x_wconf 92' lang='lat' dir='ltr'><strong>bis,</strong></span> <span class='ocrx_word' id='word_1_777' title='bbox 2442 4845 2497 4892; x_wconf 92' lang='lat' dir='ltr'><strong>et</strong></span> <span class='ocrx_word' id='word_1_778' title='bbox 2517 4839 2781 4907; x_wconf 89' lang='lat' dir='ltr'><strong>persecuti</strong></span> <span class='ocrx_word' id='word_1_779' title='bbox 2809 4854 2902 4892; x_wconf 89' lang='lat' dir='ltr'><strong>vos</strong></span> <span class='ocrx_word' id='word_1_780' title='bbox 2933 4837 3148 4903; x_wconf 85' lang='lat' dir='ltr'><strong>fuerint,</strong></span> <span class='ocrx_word' id='word_1_781' title='bbox 3183 4851 3236 4894; x_wconf 89' lang='lat' dir='ltr'><strong>et</strong></span> <span class='ocrx_word' id='word_1_782' title='bbox 3266 4838 3492 4895; x_wconf 86' lang='lat' dir='ltr'><strong>dixerint</strong></span> <span class='ocrx_word' id='word_1_783' title='bbox 3513 4847 3655 4889; x_wconf 87' lang='lat' dir='ltr'><strong>omne</strong></span> <span class='ocrx_word' id='word_1_784' title='bbox 3682 4821 3825 4881; x_wconf 85' lang='lat' dir='ltr'><strong>malum</strong></span> 
     </span>
    </p>
   </div>
   <div class='ocr_carea' id='block_1_110' title="bbox 2313 4915 3824 5001">
    <p class='ocr_par' dir='ltr' id='par_1_110' title="bbox 2313 4915 3824 5001">
     <span class='ocr_line' id='line_1_110' title="bbox 2313 4915 3824 5001; baseline -0.009 -19"><span class='ocrx_word' id='word_1_785' title='bbox 2313 4929 2594 4983; x_wconf 84' lang='lat' dir='ltr'><strong>adversum</strong></span> <span class='ocrx_word' id='word_1_786' title='bbox 2645 4945 2758 4995; x_wconf 88' lang='lat' dir='ltr'><strong>vos,</strong></span> <span class='ocrx_word' id='word_1_787' title='bbox 2795 4931 3137 4997; x_wconf 88' lang='lat' dir='ltr'><strong>mentientes,</strong></span> <span class='ocrx_word' id='word_1_788' title='bbox 3174 4940 3393 5001; x_wconf 87' lang='lat' dir='ltr'><strong>propter</strong></span> <span class='ocrx_word' id='word_1_789' title='bbox 3437 4943 3555 4983; x_wconf 90' lang='lat' dir='ltr'><strong>me:</strong></span> <span class='ocrx_word' id='word_1_790' title='bbox 3582 4920 3769 4995; x_wconf 85' lang='lat' dir='ltr'><strong>gaudete</strong></span> <span class='ocrx_word' id='word_1_791' title='bbox 3790 4915 3824 4963; x_wconf 62' lang='grc' dir='ltr'>εἰ</span> 
     </span>
    </p>
   </div>
   <div class='ocr_carea' id='block_1_111' title="bbox 2314 5004 3820 5093">
    <p class='ocr_par' dir='ltr' id='par_1_111' title="bbox 2314 5004 3820 5093">
     <span class='ocr_line' id='line_1_111' title="bbox 2314 5004 3820 5093; baseline -0.013 -17"><span class='ocrx_word' id='word_1_792' title='bbox 2314 5021 2570 5088; x_wconf 76' lang='lat' dir='ltr'><strong>exultate,</strong></span> <span class='ocrx_word' id='word_1_793' title='bbox 2598 5023 2847 5093; x_wconf 92' lang='lat' dir='ltr'><strong>quoniam</strong></span> <span class='ocrx_word' id='word_1_794' title='bbox 2870 5037 3073 5078; x_wconf 87' lang='lat' dir='ltr'><strong>merces</strong></span> <span class='ocrx_word' id='word_1_795' title='bbox 3096 5032 3271 5078; x_wconf 86' lang='lat' dir='ltr'><strong>vestra</strong></span> <span class='ocrx_word' id='word_1_796' title='bbox 3296 5022 3506 5093; x_wconf 86' lang='lat' dir='ltr'><strong>copiosa</strong></span> <span class='ocrx_word' id='word_1_797' title='bbox 3533 5025 3610 5074; x_wconf 88' lang='lat' dir='ltr'><strong>est</strong></span> <span class='ocrx_word' id='word_1_798' title='bbox 3628 5014 3671 5070; x_wconf 90' lang='lat' dir='ltr'><strong>iu</strong></span> <span class='ocrx_word' id='word_1_799' title='bbox 3697 5004 3820 5064; x_wconf 71' lang='lat' dir='ltr'><strong>cells.</strong></span> 
     </span>
    </p>
   </div>
   <div class='ocr_carea' id='block_1_112' title="bbox 2319 5180 2899 5237">
    <p class='ocr_par' dir='ltr' id='par_1_112' title="bbox 2319 5180 2899 5237">
     <span class='ocr_line' id='line_1_112' title="bbox 2319 5180 2899 5237; baseline 0.002 -1"><span class='ocrx_word' id='word_1_800' title='bbox 2319 5180 2370 5236; x_wconf 92' lang='lat' dir='ltr'><strong>id</strong></span> <span class='ocrx_word' id='word_1_801' title='bbox 2401 5190 2481 5236; x_wconf 90' lang='lat' dir='ltr'><strong>est</strong></span> <span class='ocrx_word' id='word_1_802' title='bbox 2511 5183 2899 5237; x_wconf 74' lang='lat' dir='ltr'><strong>confessorum.</strong></span> 
     </span>
    </p>
   </div>
   <div class='ocr_carea' id='block_1_113' title="bbox 2396 5254 3191 5319">
    <p class='ocr_par' dir='ltr' id='par_1_113' title="bbox 2396 5254 3191 5319">
     <span class='ocr_line' id='line_1_113' title="bbox 2396 5254 3191 5319; baseline 0.003 -11"><span class='ocrx_word' id='word_1_803' title='bbox 2396 5264 2419 5292; x_wconf 71' lang='grc' dir='ltr'><strong>ο</strong></span> <span class='ocrx_word' id='word_1_804' title='bbox 2446 5254 2751 5319; x_wconf 75' lang='lat' dir='ltr'><strong>Legendum</strong></span> <span class='ocrx_word' id='word_1_805' title='bbox 2786 5254 2994 5309; x_wconf 86' lang='lat' dir='ltr'><strong>videtur</strong></span> <span class='ocrx_word' id='word_1_806' title='bbox 3022 5270 3191 5311; x_wconf 61' lang='lat' dir='ltr'><strong>aures.</strong></span> 
     </span>
    </p>
   </div>
   <div class='ocr_carea' id='block_1_114' title="bbox 2382 5319 3817 5399">
    <p class='ocr_par' dir='ltr' id='par_1_114' title="bbox 2382 5319 3817 5399">
     <span class='ocr_line' id='line_1_114' title="bbox 2382 5319 3817 5399; baseline -0.003 -19"><span class='ocrx_word' id='word_1_807' title='bbox 2382 5324 2408 5361; x_wconf 74' lang='grc' dir='ltr'>ά</span> <span class='ocrx_word' id='word_1_808' title='bbox 2456 5326 2552 5380; x_wconf 83' lang='lat' dir='ltr'><strong>Hic</strong></span> <span class='ocrx_word' id='word_1_809' title='bbox 2606 5326 2791 5393; x_wconf 84' lang='lat' dir='ltr'><strong>incipit</strong></span> <span class='ocrx_word' id='word_1_810' title='bbox 2827 5324 3122 5399; x_wconf 81' lang='lat' dir='ltr'><strong>Commune</strong></span> <span class='ocrx_word' id='word_1_811' title='bbox 3183 5327 3263 5399; x_wconf 87' lang='lat' dir='ltr'><strong>(ut</strong></span> <span class='ocrx_word' id='word_1_812' title='bbox 3300 5319 3817 5399; x_wconf 58' lang='lat' dir='ltr'><strong>vocant)_satlcl¢fflfff};</strong></span> 
     </span>
    </p>
   </div>
   <div class='ocr_carea' id='block_1_115' title="bbox 2310 5384 3822 5467">
    <p class='ocr_par' dir='ltr' id='par_1_115' title="bbox 2310 5384 3822 5467">
     <span class='ocr_line' id='line_1_115' title="bbox 2310 5384 3822 5467; baseline -0.006 -18"><span class='ocrx_word' id='word_1_813' title='bbox 2310 5403 2437 5463; x_wconf 71' lang='lat' dir='ltr'><strong>Quae</strong></span> <span class='ocrx_word' id='word_1_814' title='bbox 2488 5411 2615 5451; x_wconf 82' lang='lat' dir='ltr'><strong>vero</strong></span> <span class='ocrx_word' id='word_1_815' title='bbox 2664 5384 2961 5467; x_wconf 70' lang='lat' dir='ltr'><strong>sequuntur</strong></span> <span class='ocrx_word' id='word_1_816' title='bbox 3007 5384 3289 5454; x_wconf 71' lang='lat' dir='ltr'><strong>Lectiones</strong></span> <span class='ocrx_word' id='word_1_817' title='bbox 3331 5384 3632 5450; x_wconf 83' lang='lat' dir='ltr'><strong>conveniunt</strong></span> <span class='ocrx_word' id='word_1_818' title='bbox 3672 5384 3822 5467; x_wconf 45' lang='lat'><strong>5392‘]:</strong></span> 
     </span>
    </p>
   </div>
   <div class='ocr_carea' id='block_1_116' title="bbox 2312 5440 3818 5535">
    <p class='ocr_par' dir='ltr' id='par_1_116' title="bbox 2312 5440 3818 5535">
     <span class='ocr_line' id='line_1_116' title="bbox 2312 5440 3818 5535; baseline -0.001 -16"><span class='ocrx_word' id='word_1_819' title='bbox 2312 5440 2654 5535; x_wconf 56' lang='lat' dir='ltr'><strong>martyribus,</strong></span> <span class='ocrx_word' id='word_1_820' title='bbox 2687 5440 2758 5520; x_wconf 45' lang='lat' dir='ltr'><strong>d3.</strong></span> <span class='ocrx_word' id='word_1_821' title='bbox 2784 5468 2973 5535; x_wconf 85' lang='lat' dir='ltr'><strong>quibus</strong></span> <span class='ocrx_word' id='word_1_822' title='bbox 3002 5479 3084 5523; x_wconf 82' lang='lat' dir='ltr'><strong>est</strong></span> <span class='ocrx_word' id='word_1_823' title='bbox 3105 5471 3273 5523; x_wconf 72' lang='lat' dir='ltr'><strong>~llliSSti</strong></span> <span class='ocrx_word' id='word_1_824' title='bbox 3303 5479 3552 5535; x_wconf 86' lang='lat' dir='ltr'><strong>sequens;</strong></span> <span class='ocrx_word' id='word_1_825' title='bbox 3598 5440 3818 5535; x_wconf 51' lang='grc' dir='ltr'><strong>υθηψὶίξξι</strong></span> 
     </span>
    </p>
   </div>
   <div class='ocr_carea' id='block_1_117' title="bbox 2307 5521 3817 5608">
    <p class='ocr_par' dir='ltr' id='par_1_117' title="bbox 2307 5521 3817 5608">
     <span class='ocr_line' id='line_1_117' title="bbox 2307 5521 3817 5608; baseline -0.012 -17"><span class='ocrx_word' id='word_1_826' title='bbox 2307 5538 2375 5591; x_wconf 91' lang='lat' dir='ltr'><strong>de</strong></span> <span class='ocrx_word' id='word_1_827' title='bbox 2421 5521 2702 5593; x_wconf 45' lang='lat' dir='ltr'><strong>C&#39;ommu&#39;ni</strong></span> <span class='ocrx_word' id='word_1_828' title='bbox 2745 5521 3486 5608; x_wconf 17' lang='lat' dir='ltr'><strong>apostolorum,vneqiuidem</strong></span> <span class='ocrx_word' id='word_1_829' title='bbox 3539 5521 3585 5587; x_wconf 86' lang='lat' dir='ltr'><strong>in</strong></span> <span class='ocrx_word' id='word_1_830' title='bbox 3620 5521 3817 5608; x_wconf 46' lang='lat' dir='ltr'><strong>causa</strong></span> 
     </span>
    </p>
   </div>
   <div class='ocr_carea' id='block_1_118' title="bbox 2303 5599 3819 5685">
    <p class='ocr_par' dir='ltr' id='par_1_118' title="bbox 2303 5599 3819 5685">
     <span class='ocr_line' id='line_1_118' title="bbox 2303 5599 3819 5685; baseline 0 -23"><span class='ocrx_word' id='word_1_831' title='bbox 2303 5611 2613 5685; x_wconf 77' lang='lat' dir='ltr'><strong>Quanquam</strong></span> <span class='ocrx_word' id='word_1_832' title='bbox 2637 5599 2871 5685; x_wconf 61' lang='lat' dir='ltr'><strong>nomine</strong></span> <span class='ocrx_word' id='word_1_833' title='bbox 2905 5599 3201 5685; x_wconf 78' lang='lat' dir='ltr'><strong>martyrum</strong></span> <span class='ocrx_word' id='word_1_834' title='bbox 3236 5599 3396 5667; x_wconf 81' lang='lat' dir='ltr'><strong>etiam</strong></span> <span class='ocrx_word' id='word_1_835' title='bbox 3441 5599 3686 5685; x_wconf 61' lang='grc' dir='ltr'><strong>³908101οξ</strong></span> 
     </span>
    </p>
   </div>
   <div class='ocr_carea' id='block_1_119' title="bbox 2307 5655 3818 5751">
    <p class='ocr_par' dir='ltr' id='par_1_119' title="bbox 2307 5655 3818 5751">
     <span class='ocr_line' id='line_1_119' title="bbox 2307 5655 3818 5751; baseline -0.005 -17"><span class='ocrx_word' id='word_1_836' title='bbox 2307 5655 2597 5746; x_wconf 57' lang='grc' dir='ltr'><strong>ἶτθιιεῖιδοε</strong></span> <span class='ocrx_word' id='word_1_837' title='bbox 2631 5655 3068 5751; x_wconf 46' lang='grc' dir='ltr'><strong>ἵυίςεέᾖᾎίέῖἑῖ</strong></span> <span class='ocrx_word' id='word_1_838' title='bbox 3085 5655 3549 5751; x_wconf 43' lang='grc' dir='ltr'><strong>ἰίίέξεξξξψιθηῖῂ</strong></span> <span class='ocrx_word' id='word_1_839' title='bbox 3581 5680 3681 5744; x_wconf 59' lang='lat' dir='ltr'><strong>qua!</strong></span> <span class='ocrx_word' id='word_1_840' title='bbox 3702 5655 3818 5715; x_wconf 58' lang='lat' dir='ltr'><strong>Vide‘</strong></span> 
     </span>
    </p>
   </div>
   <div class='ocr_carea' id='block_1_120' title="bbox 2306 5752 3173 5815">
    <p class='ocr_par' dir='ltr' id='par_1_120' title="bbox 2306 5752 3173 5815">
     <span class='ocr_line' id='line_1_120' title="bbox 2306 5752 3173 5815; baseline 0.01 -9"><span class='ocrx_word' id='word_1_841' title='bbox 2306 5760 2395 5807; x_wconf 81' lang='lat' dir='ltr'><strong>t‘ur</strong></span> <span class='ocrx_word' id='word_1_842' title='bbox 2423 5767 2544 5807; x_wconf 90' lang='lat' dir='ltr'><strong>esse</strong></span> <span class='ocrx_word' id='word_1_843' title='bbox 2570 5752 2639 5807; x_wconf 92' lang='lat' dir='ltr'><strong>de</strong></span> <span class='ocrx_word' id='word_1_844' title='bbox 2666 5755 2917 5810; x_wconf 88' lang='lat' dir='ltr'><strong>omnibus</strong></span> <span class='ocrx_word' id='word_1_845' title='bbox 2949 5756 3173 5815; x_wconf 61' lang='lat' dir='ltr'><strong>sanctiss</strong></span> 
     </span>
    </p>
   </div>
  </div>
