4060 6346
265 263 374 327 525

879 411 1048 451 INCIPIT
1079 417 1227 454 IISSA.

336 472 500 541 Deus,
528 477 620 547 qui
652 493 708 533 in
729 491 1034 541 sanctorum
1057 494 1268 544 tuorum
1291 491 1544 548 cordibus
1565 494 1737 549 sancti
1763 507 1858 548 ca-

259 565 392 624 loris
420 566 494 622 tui
522 567 671 640 ignes
698 575 1018 642 accendens,
1051 595 1222 650 usque
1250 583 1316 637 ad
1345 586 1591 654 martyrii
1622 601 1714 641 eos
1741 585 1858 657 glo-

259 656 402 728 riosa
431 662 723 720 certamina
754 669 1040 738 sustulisti,
1073 681 1129 728 ut
1173 673 1226 729 in
1260 678 1527 745 supplicio
1556 656 1852 746 constituti,

257 763 633 821 persecutores
663 765 782 814 tuos
827 768 880 816 te
906 763 1152 822 vincente
1179 767 1540 839 despicerent,
1575 786 1763 843 pinnas
1802 783 1856 831 te

256 842 596 902 eonfurtante
633 858 1065 923 contemnerent,
1104 861 1322 926 prcmia
1371 871 1424 918 te
1470 842 1851 923 remttnerante

255 936 595 1006 perciperent
661 941 712 996 in
757 945 968 1014 gloria;
1025 964 1120 1017 per
1187 951 1394 1008 illorum
1465 963 1548 1023 te,
1603 956 1836 1030 Domine,

257 1027 587 1097 triumphum
616 1031 990 1104 deprecamur,
1023 1048 1081 1095 ut
1129 1043 1282 1101 nobis
1331 1046 1705 1103 remissionem
1754 1027 1848 1104 tri;-

255 1115 394 1174 huas
421 1131 782 1190 peccatorum.

941 1223 1162 1277 Secreta.

325 1296 675 1369 Omnipotens
703 1303 843 1362 Deus
883 1318 1086 1376 noster,
1120 1319 1176 1367 tu
1224 1313 1400 1371 tribue
1429 1325 1489 1372 ut
1525 1317 1845 1377 intercessio

248 1389 684 1451 beatissimorum
712 1399 1158 1470 patriarcharum,
1194 1406 1598 1475 prophetarum,
1626 1419 1843 1480 aposto-

249 1484 450 1556 lorum,
479 1497 794 1562 martyrum,
826 1494 1216 1566 euniessorum,
1251 1499 1538 1570 virginum,
1571 1513 1625 1557 et
1661 1518 1843 1560 sacer-

245 1573 457 1642 dotum,
491 1581 834 1652 omniumque
863 1596 1190 1654 sanctorum,
1229 1600 1536 1646 nostrarum
1571 1593 1842 1662 profectus

244 1670 321 1724 sit
340 1673 657 1744 animarum,
674 1689 728 1733 et
742 1680 937 1749 cultus,
961 1699 1119 1753 quem
1144 1687 1250 1742 illis
1277 1687 1574 1748 deferimus
1590 1693 1657 1748 ad
1672 1691 1842 1748 hono-

244 1777 387 1829 rem,
405 1765 559 1821 nobis
582 1769 900 1836 proﬁciatad
915 1775 1163 1844 salutem,
1185 1779 1836 1840 utintercessioneeorum
1865 1795 1917 1859 Β

241 1854 474 1926 gratiam
506 1868 648 1915 tuam
676 1872 728 1919 et
755 1879 942 1933 pacem
970 1867 1022 1923 in
1055 1871 1211 1926 nobis
1236 1871 1402 1930 facias
1425 1889 1762 1944 permanere.

809 1953 1076 2009 Immulatio
1106 1962 1285 2012 missa».

329 2033 464 2091 Vere
500 2035 720 2109 dignum
764 2049 818 2094 et
859 2040 1065 2110 justum
1116 2054 1232 2112 est,
1282 2047 1620 2118 omnipotens
1674 2049 1832 2108 Deus.

243 2122 368 2180 Tibi
415 2127 580 2196 enim,
634 2128 877 2198 Domine,
926 2133 1060 2190 festa
1109 2137 1446 2196 sollemnitas
1491 2143 1688 2214 agitur,
1741 2143 1838 2200 tibi

242 2215 362 2273 dies
410 2230 620 2278 sacrata
668 2222 1012 2291 celebratur,
1079 2242 1240 2298 quam
1292 2230 1569 2288 beatorum
1623 2245 1836 2292 tuorum

240 2311 696 2386 patriarcharum,
743 2317 1147 2389 prophetarum,
1193 2326 1584 2395 apostolorum,
1635 2340 1837 2401 marty-

239 2416 388 2468 rum,
429 2413 483 2460 et
529 2407 918 2477 confessorum,
973 2415 1242 2486 virginum
1278 2426 1335 2473 et
1381 2420 1744 2488 sacerdotum,
1777 2424 1834 2480 in

238 2496 483 2553 veritatis
513 2507 614 2562 tuae
645 2502 1015 2562 testiﬁcatione
1047 2507 1314 2578 profusis,
1343 2514 1624 2583 magniﬁco
1653 2517 1829 2572 numi-

237 2586 325 2644 nis
359 2589 432 2645 tui
456 2590 660 2648 honore
689 2593 934 2665 signavit,
960 2597 1013 2652 in
1036 2614 1142 2670 quo
1169 2603 1382 2658 unicum
1413 2605 1600 2668 salutis
1630 2621 1834 2666 nostra

235 2683 572 2758 praesidium,
602 2686 760 2744 Pater
785 2699 1008 2759 aeterne,
1042 2695 1292 2762 posuisti.
1325 2697 1466 2752 Tuas
1515 2700 1696 2770 igitur,
1724 2701 1834 2756 Do-

236 2776 406 2848 mine,
444 2780 686 2846 virtutes,
736 2791 961 2854 tuasque
1005 2786 1257 2846 victorias
1305 2791 1657 2862 admiramur,
1690 2810 1829 2866 quoi-

237 2869 379 2926 tiens
403 2872 456 2926 in
480 2872 718 2930 Ecclesia
741 2884 827 2932 tua
857 2879 1054 2934 horum
1079 2881 1284 2937 dierum
1305 2881 1443 2940 festa
1467 2886 1828 2959 celebrans,

234 2975 374 3031 quos
398 2963 633 3036 insignes
652 2977 959 3024 sanctorum
989 2980 1198 3028 tuorum
1231 2975 1419 3044 palmae
1448 2978 1514 3031 ad
1539 2994 1831 3048 perennem

233 3057 554 3111 memoriam
567 3059 989 3134 sollemnemque
1003 3062 1242 3120 laetitiam
1256 3066 1503 3125 ﬁdelibus
1516 3072 1724 3140 populis
1743 3086 1831 3128 sa-

233 3161 525 3207 craverunt
538 3153 909 3224 perChristum
929 3158 1208 3215 Dominum
1225 3171 1488 3219 nostrum.
1503 3164 1597 3221 Cui
1612 3169 1824 3223 merito.
1857 3187 1906 3251 ς

701 3261 850 3304 ηειδελ
893 3263 1046 3305 υιηιυε
1084 3267 1367 3309 IAB‘I‘YRIS.

315 3333 529 3394 Epistula
553 3335 698 3388 Pauli
718 3340 922 3400 apostoli
948 3341 1006 3392 ad
1027 3341 1320 3408 Corinthios,
1344 3349 1488 3398 unius
1517 3352 1753 3413 martyris.

311 3417 558 3486 Fratres,
611 3419 867 3479 Dominus
918 3425 1047 3480 mihi
1097 3428 1343 3496 adstitit;
1405 3441 1461 3487 et
1505 3433 1832 3493 conlortavit

232 3527 344 3578 me,
374 3524 430 3567 ut.
460 3529 554 3584 per
601 3529 687 3572 me
731 3516 1039 3587 praedicatio
1088 3522 1393 3593 impleatur,
1425 3536 1479 3582 et
1527 3539 1583 3583 ut
1609 3531 1831 3588 audiant

230 3621 420 3664 uinnes
470 3615 658 3678 gentes
708 3611 829 3678 quia
884 3611 1142 3670 liberatus
1197 3630 1315 3671 smn
1366 3620 1436 3674 de
1490 3636 1586 3677 ore
1632 3623 1824 3678 leonis.

229 3697 504 3754 Liberavit
535 3701 680 3757 enim
722 3718 809 3759 me
837 3704 1116 3774 Dominus,
1146 3718 1201 3763 et
1227 3709 1293 3763 ab
1320 3714 1466 3766 omni
1497 3728 1659 3782 opere
1686 3717 1828 3775 malo

228 3790 438 3848 salvum
471 3793 627 3850 laciet
660 3796 712 3850 in
741 3812 967 3868 regnum
997 3815 1154 3855 suum
1186 3805 1430 3870 eieleste,
1461 3807 1546 3861 cui
1571 3809 1742 3879 gloria
1773 3812 1827 3868 in

228 3886 428 3942 saecula
458 3888 794 3944 saeculorum.

409 3977 578 4029 Lectio
599 3983 750 4030 sancti
774 3981 1026 4046 Evangelii
1049 3987 1320 4039 secundum
1343 3989 1645 4045 Mattheum.

306 4061 495 4119 Omnis
523 4081 650 4133 ergo
677 4066 765 4134 qui
795 4069 1134 4125 conﬁtebitur
1164 4086 1249 4127 me
1274 4087 1457 4130 coram
1490 4076 1822 4150 hominibus,

225 4155 528 4214 conﬁtebor
563 4165 618 4216 et.
645 4173 746 4229 ego
773 4172 894 4213 eum
943 4176 1122 4216 coram
1156 4162 1313 4221 Patre
1362 4182 1502 4235 meo,
1536 4170 1624 4241 qui
1654 4185 1732 4227 est
1769 4175 1819 4228 in

227 4251 399 4306 czelis.
449 4251 552 4320 Qui
592 4262 773 4308 autem
827 4256 1103 4325 negaverit
1151 4273 1238 4314 me
1282 4274 1464 4316 coram
1494 4263 1821 4334 hominibus,

229 4347 437 4416 negabo
485 4357 537 4400 et
584 4362 684 4417 ego
729 4364 853 4403 eum
903 4364 1084 4404 coram
1113 4351 1272 4408 Patre
1321 4369 1467 4422 meo,
1517 4359 1606 4428 qui
1636 4370 1719 4416 est
1767 4363 1820 4416 iit

226 4437 398 4493 etelis.
440 4439 540 4505 Qui
585 4449 730 4495 amat
775 4452 974 4510 patrem
1017 4452 1110 4499 aut
1137 4455 1362 4501 matrem
1400 4451 1676 4520 plusquam
1710 4470 1817 4522 me,

228 4546 336 4586 non
377 4546 461 4587 εει
500 4548 584 4588 me
623 4531 814 4602 dignus
847 4553 859 4587 :
890 4548 942 4591 et
983 4538 1072 4607 qui
1119 4547 1264 4592 amat
1302 4539 1466 4596 filium
1514 4554 1604 4600 aut
1647 4545 1809 4603 ﬁliam
1842 4572 1900 4634 ι)

225 4638 389 4692 super
424 4640 525 4689 me,
561 4641 665 4680 non
705 4637 785 4682 est
824 4643 906 4682 me
948 4628 1156 4699 dignus.
1195 4632 1295 4698 Qui
1339 4633 1540 4690 invenit
1584 4640 1817 4695 animant

225 4732 404 4782 suam,
437 4718 623 4786 perdet
653 4720 831 4788 illam;
875 4732 924 4774 et
955 4721 1044 4791 qui
1077 4721 1372 4792 perdiderit
1405 4729 1635 4784 anintam
1665 4747 1819 4787 suam

228 4820 447 4880 propter
482 4827 588 4881 me,
624 4809 859 4868 inveniet
888 4830 1028 4869 eam.
1061 4817 1160 4882 Qui
1198 4819 1388 4889 recipit
1415 4836 1532 4889 vos,
1565 4837 1651 4880 me
1681 4826 1818 4881 reei-

228 4903 339 4974 pit;
381 4917 434 4960 et
476 4907 563 4976 qui
606 4923 691 4963 me
740 4909 947 4977 recipit,
981 4909 1170 4981 recipit
1214 4927 1336 4968 eum
1379 4915 1468 4984 qui
1516 4931 1601 4971 me
1649 4919 1811 4974 misit.

226 4983 327 5067 Qui
367 4999 556 5068 recipit
587 4998 895 5068 prophetam
943 5002 994 5064 in
1033 5003 1248 5057 nomine
1277 5006 1572 5075 prophetae,
1608 5024 1814 5066 merce-

224 5089 347 5147 dem
383 5091 652 5162 propltetae
683 5091 942 5162 accipiet;
973 5104 1027 5149 et
1060 5095 1151 5166 qui
1188 5097 1378 5165 recipit
1399 5098 1602 5168 justum
1635 5100 1689 5155 in
1721 5117 1819 5157 no-

224 5185 372 5242 mine
393 5185 545 5257 jusd,
580 5186 879 5242 mercedem
920 5189 1050 5256 justi
1088 5189 1334 5258 accipiet.
1383 5193 1447 5245 Et
1491 5193 1816 5265 quicumque

224 5292 405 5352 potum
455 5280 664 5336 dederit
712 5283 892 5337 uniex
945 5283 1180 5338 minimis
1233 5287 1356 5341 istis.
1396 5288 1618 5344 calicem
1665 5307 1818 5361 aqua:

221 5353 428 5442 trigidae
459 5380 660 5426 tantum
694 5373 747 5428 in
780 5375 997 5429 nomine
1023 5375 1292 5447 discipuli,
1324 5393 1480 5434 amen
1511 5381 1632 5438 dico
1661 5353 1814 5441 vobis

224 5484 329 5523 non
361 5467 546 5538 perdet
573 5469 876 5525 mercedem
905 5483 1080 5524 suam.

227 5680 232 5687 ,
301 5636 325 5663 ι
367 5626 424 5682 In
449 5638 636 5688 nostro
655 5627 945 5696 exetnplari
974 5628 1170 5697 passim
1202 5627 1461 5698 scriptum
1487 5640 1569 5684 est
1609 5634 1667 5686 ιι.
1697 5650 1804 5689 non

219 5697 303 5784 fit.
332 5698 444 5784 Nos
469 5708 646 5756 tamen
667 5699 936 5770 vulgarem
955 5701 1170 5754 modum
1203 5697 1576 5758 substituimus
1596 5703 1808 5774 adjecta

219 5768 472 5895 mimihi;
492 5852 753 5897 centones
781 5857 850 5898 ex
875 5846 1036 5900 variis
1064 5845 1356 5914 Scriptura
1381 5843 1530 5901 locis.
1555 5844 1684 5901 Nam
1712 5849 1802 5902 bs-

839 279 1479 345 SACBAMEHTABIUM
1519 285 1986 348 αΑιιιοΑΝυΜ.
2009 322 2081 336 -
2108 292 2486 364 LEGTIONES
2524 307 2993 377 QUOTIDIANAE.

1883 415 1936 470 Δ

3443 322 3547 390 5’26

2612 441 2778 482 INCIPIT
2806 447 2954 486 MISSA.

2035 497 2232 556 Sancte
2274 504 2513 578 Domine,
2561 515 2710 583 cujus
2761 527 2863 571 tam
2917 515 3080 574 multa
3124 531 3208 576 est
3253 524 3547 594 iiiise'rdzio,

1961 604 2120 660 quam
2152 599 2365 667 copiosa
2398 605 2675 673 redemtio,
2707 611 2978 681 propicius
3020 630 3081 670 ac
3129 611 3390 688 benignus
3440 621 3541 674 ex-

1959 685 2080 740 audi
2110 699 2294 756 preces
2324 706 2551 764 nostras,
2578 711 2630 754 et
2657 701 2722 756 da
2753 703 3228 764 intercessionibus
3249 685 3546 768 beatissimi

1959 783 2210 852 martyris
2242 786 2315 840 tui
2343 781 2421 843 ill.
2457 798 2481 828 υ
2519 795 2573 846 ut
2603 797 2723 863 qua:
2755 813 2850 866 pro
2894 791 3210 858 alterutrum
3244 806 3538 876 poscimus,

1955 873 2116 927 etiam
2147 887 2244 945 pro
2271 882 2471 938 nostris
2501 887 2816 945 criminibus
2850 891 3215 962 impetremus.

2620 999 2853 1053 Collectic

2028 1071 2191 1140 Deus,
2220 1075 2309 1166 qui
2343 1087 2438 1134 nos
2469 1077 2534 1136 d‘e
2566 1097 2659 1151 spe
2693 1083 3077 1146 misericordim
3105 1087 3214 1148 tuae
3240 1091 3340 1150 hac
3370 1097 3541 1166 prima

1952 1163 2159 1220 ratione
2189 1157 2401 1224 Voluisti
2435 1172 2701 1241 conﬁteri,
2733 1190 2788 1232 ut
2819 1189 3115 1253 martyrum
3143 1195 3377 1254 tuorum,
3408 1205 3540 1259 quo-

1951 1269 2066 1310 rum
2097 1259 2183 1313 hic
2211 1259 2462 1330 reliquias
2520 1269 2864 1337 veneramur,
2913 1282 2968 1328 et
3016 1277 3333 1346 praesentia,
3368 1290 3419 1334 et
3448 1281 3540 1335 ati-

1948 1349 2074 1405 xiliu
2103 1353 2488 1426 circumdares,
2519 1369 2575 1415 ut
2604 1361 2826 1421 haberet
2856 1359 2910 1422 et
2942 1368 3111 1424 oratio
3139 1365 3318 1426 nostra
3348 1373 3540 1429 δυσί-εις

1947 1443 2111 1512 gium,
2144 1457 2200 1500 et
2230 1445 2334 1500 vita
2368 1451 2748 1520 patrocinium,
2781 1447 2909 1512 illud
2941 1451 3247 1516 sanctorum
3278 1461 3537 1519 interces-

1947 1534 2122 1604 sione,
2169 1537 2270 1593 hoc
2314 1545 2556 1598 inlinere.
2609 1545 2827 1602 Custodi
2861 1549 3038 1620 igitur,
3071 1555 3398 1624 qitméumus,
3431 1555 3538 1613 D6-

1947 1631 2118 1698 minc,
2149 1631 2442 1693 Ecclesium
2494 1637 2671 1708 tuam,
2723 1647 2932 1700 custodi
2977 1645 3153 1703 locum
3202 1651 3397 1718 istum,
3450 1653 3537 1713 vel

1945 1737 2132 1780 omnes
2173 1731 2555 1789 convenientes
2604 1736 2654 1789 in
2697 1751 2762 1792 eo
2788 1738 3039 1812 suﬁ‘ragio
3081 1746 3251 1800 sancti
3283 1749 3535 1820 martyris

2164 1822 2358 1893 ﬁatque
2389 1829 2542 1883 nobis
2571 1831 2683 1900 ipse
2709 1834 2992 1890 auxiliator
3016 1851 3047 1892 e
3073 1839 3227 1912 caelo,
3263 1843 3350 1910 qui
3383 1823 3447 1896 ad
3481 1851 3534 1900 te

1945 1915 2194 1978 praesenti
2242 1917 2493 1988 migravit
2541 1938 2572 1977 e
2617 1918 2850 1994 saeculo;
2906 1928 3082 1998 sitque
3129 1929 3242 1985 haec
3295 1931 3531 1990 ticissiut

1940 2003 2225 2062 retributio
2243 2003 2942 2079 moneristui,utmereatur
2974 2021 3062 2075 hic
3093 2003 3248 2080 locus
3279 2027 3532 2098 martyris

1941 2099 2188 2172 gratiam,
2222 2102 2308 2170 qui
2341 2104 2487 2158 misit
2527 2107 2772 2161 eumdem
2813 2107 3101 2182 Martyrem
3133 2115 3201 2168 ad
3243 2129 3521 2174 coronam.

2556 2218 2671 2270 Post
2693 2225 2898 2272 nomina.

2013 2293 2228 2354 Munera
2256 2311 2466 2367 nostra,
2498 2318 2826 2372 quaesumus,
2857 2297 3102 2376 Doinine,
3129 2309 3408 2380 dignanter
3431 2310 3528 2367 ad-

1939 2384 2130 2458 Sumé;
2175 2400 2231 2446 ut
2274 2389 2414 2461 quod
2463 2393 2514 2447 in
2565 2393 2765 2450 honore
2812 2400 2980 2452 sancti
3015 2400 3264 2472 Martyris
3313 2404 3388 2458 tui
3437 2403 3519 2460 ili.

1937 2485 2310 2541 venerabiliter
2354 2497 2696 2556 exsecuntur,
2749 2491 2995 2560 impetret
3023 2494 3269 2551 ﬁdelibus
3300 2495 3408 2553 tuis
3430 2512 3526 2555 au-

1937 2579 2121 2634 xilium
2153 2580 2322 2635 oratio
2345 2577 2490 2650 justa
2518 2592 2845 2639 sanctorum.

2587 2675 2660 2725 Ad
2687 2688 2872 2740 pacem.

2007 2757 2236 2814 Oramus
2269 2768 2338 2826 te,
2373 2758 2530 2815 Pater
2558 2769 2764 2826 sancte,
2809 2774 2863 2816 ut
2894 2780 2990 2819 nos
3030 2781 3217 2822 servos
3245 2777 3365 2824 tuos
3396 2774 3523 2826 hea-

1937 2850 2128 2906 tissimi
2179 2852 2427 2922 martyris
2478 2851 2555 2908 tui
2600 2853 2675 2908 ill.
2721 2854 2914 2924 jubeas
2958 2872 3080 2913 esse
3107 2869 3424 2927 consiirtes,
3470 2863 3524 2926 in

1935 2943 2272 3007 confessione
2316 2945 2622 3016 participes,
2662 2947 2715 3000 in
2759 2946 2864 3004 ﬁde
2909 2950 3151 3014 stabiles,
3173 2953 3236 3030 in
3268 2968 3523 3022 persecu-

1938 3037 2080 3091 tione
2111 3036 2318 3100 ﬁrmos,
2350 3039 2402 3092 in
2437 3040 2780 3096 tribulatione
2831 3042 3116 3111 patientes.
3169 3045 3222 3100 in
3271 3061 3524 3103 consum-

1936 3130 2170 3185 matione
2193 3130 2455 3200 victores;
2499 3141 2556 3187 ut
2594 3133 2633 3187 si
2667 3148 2766 3188 nos
2793 3134 2905 3188 dies
2933 3139 3320 3204 persecutionis
3368 3141 3522 3202 inve:

1936 3221 2096 3284 nerit,
2135 3219 2324 3293 jungat
2365 3226 2757 3280 consummatio
2785 3227 3059 3296 virtutum,
3095 3243 3191 3298 par
3220 3233 3523 3302 praemium,

1935 3324 1992 3369 et
2017 3329 2218 3371 corona
2244 3316 2492 3373 caelestis.

2573 3421 2888 3475 Contestatto.

2028 3499 2167 3556 Vere
2215 3499 2431 3572 dignum
2482 3510 2537 3558 et
2581 3503 2785 3572 justum
2814 3515 2918 3571 est,
2966 3508 3306 3579 omnipotens
3359 3511 3522 3584 Deus,

1933 3591 2209 3648 dedicatur
2229 3596 2492 3666 martyrii,
2518 3595 2791 3666 inspector
2817 3598 2962 3666 belli,
2992 3600 3213 3672 largitor
3240 3603 3522 3674 triumphi.

1933 3688 2032 3754 Qui
2058 3689 2198 3744 inter
2227 3691 2544 3760 spiritalium
2573 3707 2824 3763 agonum,
2860 3710 2965 3752 non
2996 3697 3258 3756 eﬂ‘usione
3307 3705 3521 3770 sangui-

1933 3779 2038 3850 nis,
2073 3797 2177 3836 non
2215 3791 2390 3838 morte
2432 3783 2684 3854 hominis,
2725 3786 2820 3842 sed
2851 3790 3123 3856 praeconio
3170 3794 3440 3862 veritatis,
3469 3803 3524 3853 et

1929 3873 2020 3942 pio
2067 3874 2122 3928 in
2169 3884 2222 3930 te
2267 3877 2504 3932 caritatis
2551 3879 2732 3935 ofﬁcio
2781 3880 3090 3949 delectaris,
3130 3885 3525 3944 adtesuntilius

1930 3966 2138 4023 meritis
2178 3967 2468 4024 beatissimi
2492 3970 2742 4042 Martyris
2787 3975 2862 4028 tui
2910 3974 2986 4028 ill.
3019 3976 3188 4046 Cujus
3216 3978 3374 4034 hodie
3411 3979 3524 4050 glo-

1927 4061 2128 4115 riosam
2175 4061 2440 4130 passionis
2487 4063 2770 4120 victoriam
2838 4069 3145 4124 recolentes
3171 4113 3186 4137 ,
3243 4083 3524 4140 sperantes

1928 4167 2026 4224 per
2057 4154 2174 4223 i-jus
2201 4153 2452 4227 sumagia
2481 4166 2539 4212 ut
2569 4167 2779 4214 nostras
2806 4174 3024 4230 quoque
3052 4177 3211 4218 voces
3235 4165 3519 4222 admittere

1923 4251 2114 4319 jubeas
2163 4266 2286 4304 cum
2336 4253 2538 4306 sanctis
2569 4255 2772 4324 angelis
2801 4267 2962 4325 atque
3002 4257 3343 4329 archangelis
3392 4262 3521 4329 tuis,

1926 4343 2015 4412 qui
2065 4341 2158 4397 tibi
2193 4343 2450 4414 hymnum
2483 4347 2744 4415 perpetim
2777 4350 3018 4418 supplice
3067 4349 3410 4408 confessione
3438 4353 3520 4408 di-

1925 4444 2130 4500 centes,
2163 4433 2414 4490 Sanctus.

2322 4545 2472 4584 IISSA
2510 4545 2578 4584 ΒΕ
2619 4547 2722 4585 υΝο
2761 4546 3112 4588 ουαπεςεοιιε.

2301 4641 2470 4691 Lectlo
2495 4641 2523 4680 ι)
2564 4641 2829 4691 Hieremias
2868 4643 3138 4705 prophetae.

2000 4725 2124 4780 Haec
2149 4724 2279 4779 dicit
2305 4725 2559 4780 Dominus
2592 4743 2604 4777 :
2641 4725 2948 4781 Benedictio
2980 4727 3188 4782 Domini
3235 4741 3399 4798 super
3423 4742 3516 4786 ca-

1925 4829 2020 4888 put
2046 4817 2197 4888 jnsti.
2232 4818 2580 4888 Eleemosyna
2633 4818 2774 4873 illius
2816 4831 2919 4874 non
2951 4820 3053 4875 erit
3099 4821 3154 4875 in
3193 4822 3468 4879 oblivione
3497 4866 3515 4892 ,

1923 4911 2103 4962 omnia
2132 4922 2292 4975 opera
2321 4907 2438 4978 ejus
2468 4909 2608 4963 sicut
2638 4909 2726 4964 lux
2771 4911 2823 4965 in
2863 4921 3156 4983 conspecto
3206 4915 3300 4970 Dei
3345 4916 3513 4986 iulge-

1923 5001 2074 5056 hunt.
2108 5000 2292 5056 Manus
2317 5015 2441 5056 suas
2472 5003 2678 5070 aperuit
2703 5003 3040 5072 pauperibus,
3073 5005 3302 5061 fructum
3331 5017 3511 5064 autem

1921 5094 2157 5164 porrexit
2190 5094 2356 5166 inopi.
2409 5095 2464 5150 In
2500 5096 2865 5153 fortitudinem
2906 5109 2962 5154 et
2991 5101 3240 5156 decorem
3291 5101 3510 5164 indutus

1917 5197 2022 5250 est,
2068 5196 2120 5242 et
2171 5186 2377 5241 laetatus
2425 5199 2508 5243 est
2559 5188 2612 5242 in
2640 5190 2832 5245 diebus
2866 5188 3197 5247 novissimis.
3245 5195 3320 5247 Os
3352 5208 3509 5248 suum

1917 5280 2124 5348 aperuit
2172 5278 2225 5333 in
2272 5279 2672 5348 praedicatione,
2721 5290 2776 5336 et
2816 5284 3058 5338 ordinem
3093 5285 3268 5352 pusnit
3310 5285 3506 5353 lingua:

1919 5385 2030 5426 sua:
2063 5389 2074 5423 :
2104 5372 2255 5427 cibos
2297 5381 2475 5428 autem
2528 5375 2710 5445 pigros
2754 5377 3006 5432 comedit.
3061 5377 3295 5448 [Omnia]
3335 5379 3508 5436 factus

1918 5473 2002 5518 est
2032 5464 2301 5531 omnibus,
2341 5475 2399 5519 ut
2419 5479 2605 5520 omnes
2629 5467 2811 5522 salvos
2839 5471 3059 5524 faceret.

1917 5630 2137 5681 nedictio
2162 5627 2368 5683 Domini
2395 5645 2510 5699 sup.
2540 5638 2690 5699 caput
2718 5629 2851 5698 justi
2896 5643 2979 5700 ex,
3000 5631 3166 5700 Prov.
3201 5647 3253 5695 ι,
3286 5631 3341 5700 ϐ,
3371 5631 3503 5686 etce-

1917 5716 2127 5770 mosynu
2156 5700 2334 5781 illius,
2361 5710 2490 5781 etc..,
2524 5714 2586 5752 ex
2623 5699 2786 5781 Eccli:
2817 5699 3047 5781 _tn,_15.
3103 5701 3218 5781 Alia
3268 5699 3333 5758 ett
3363 5701 3502 5781 .aliis

1918 5771 2072 5838 locis,
2098 5772 2240 5841 quod
2269 5771 2431 5826 etiam
2462 5773 2513 5824 in
2545 5772 2787 5841 sequenti
2817 5771 3044 5828 lectione
3079 5771 3499 5830 observandum.
