4060 6346
248 290 351 347 5‘29

820 284 1459 351 SACBAMENTARIUM
1497 277 1971 341 GALLICANUM.
1994 306 2067 322 —
2087 281 2465 342 LECTIONES
2504 276 2961 352 QUOTlDlANxE.

3429 298 3532 357 550

248 407 464 466 Domini
493 407 666 479 potuit
691 422 904 478 aequare
948 408 1202 469 virtutes,
1230 405 1478 477 dignetur
1524 404 1579 459 in
1622 399 1844 457 tribula-
1872 396 1928 458 Α
1949 399 2040 466 qui
2064 401 2320 470 gaudent,
2341 410 2613 471 tamquam
2636 416 2742 456 non
2770 402 3066 470 gaudentes
3094 417 3108 467 ;
3140 410 3195 456 et
3215 401 3305 470 qui
3326 412 3535 471 emunt,

250 504 399 559 tione
427 502 739 571 defendere,
769 502 859 572 qui
893 511 1083 572 potens
1119 500 1217 555 fuit
1243 509 1484 555 mortuos
1522 497 1803 553 suscitare.

933 592 1185 644 Collectio.

327 680 493 745 Deus,
523 679 677 748 cujus
716 692 815 749 per
860 692 1131 733 summum
1160 676 1455 733 antistitem
1486 683 1541 730 et
1567 674 1847 731 confesso-

258 789 380 831 rem
403 781 550 829 tuum
566 772 847 827 Martinam
874 768 1096 838 fulgoris
1114 770 1188 823 tui
1221 770 1400 825 lumen
1428 766 1661 834 effulsit;
1689 768 1844 837 cujus

251 866 414 923 hodie
436 865 647 921 felicem
677 863 1166 934 transmigrationis
1191 863 1330 917 diem
1355 861 1715 928 celebrantes,
1734 860 1847 917 cle-

248 958 511 1016 mentiam
558 967 704 1013 tuam
758 958 1027 1027 supplices
1077 970 1386 1021 exoramus,
1441 964 1501 1009 ut
1546 953 1847 1009 Ecclesiam

250 1060 403 1107 tuam
453 1057 863 1104 conversantem
904 1049 958 1102 in
1003 1046 1352 1103 tribulatione
1380 1046 1628 1117 dignetur
1656 1044 1847 1100 defen-

252 1142 410 1209 dere,
441 1142 581 1197 cuia
610 1148 664 1195 te
691 1140 821 1197 satis
850 1140 996 1211 larga
1020 1140 1223 1211 pietate
1242 1154 1557 1197 concessum
1577 1149 1663 1196 est
1684 1138 1848 1196 etiam

254 1243 499 1291 mortuos
528 1234 811 1290 suscitare.

876 1326 992 1376 Post
1012 1328 1223 1377 nomina.

330 1411 557 1481 Largam
609 1410 707 1467 Dei
761 1410 937 1465 Patris
982 1410 1367 1479 omnipotentis
1396 1409 1846 1475 misericordiam,

254 1505 453 1562 fratres
473 1504 757 1569 carissimi,
788 1504 1166 1573 deprecemur,
1192 1513 1249 1558 ut
1275 1504 1661 1559 intercessione
1676 1502 1852 1558 sancti

255 1615 327 1656 ac
369 1599 663 1654 beatissimi
709 1596 962 1654 antistitis
1000 1599 1082 1654 sui
1115 1599 1350 1663 Martini,
1401 1598 1556 1670 cujus
1589 1598 1848 1653 hodierna

255 1692 352 1749 die
377 1689 612 1746 officium
644 1690 1176 1746 commemorationis
1209 1689 1590 1758 impendimus,
1621 1688 1739 1758 ejus
1768 1689 1854 1743 iu-

1947 500 2218 563 tatnquam
2242 509 2346 549 non
2368 494 2734 563 possidentes;
2757 502 2811 549 et
2827 493 2917 563 qui
2933 500 3155 547 utuntur
3176 493 3280 547 hoc
3303 494 3531 569 mundo,

1948 595 2220 656 tamquam
2252 601 2359 641 non
2399 594 2652 651 utantur;
2703 586 2939 653 praeterit
2977 584 3121 639 enim
3166 583 3333 653 figura
3378 583 3537 653 hujus

1949 678 2157 734 mundi.
2201 678 2336 733 Volo
2375 688 2555 734 autem
2600 694 2698 734 vos
2725 680 2842 735 sine
2868 678 3226 735 sollicitudine
3256 676 3537 743 esse.rQui

1958 770 2079 827 sine
2108 786 2279 828 uxore
2323 780 2424 836 est,
2452 772 2713 827 sollicitus
2739 781 2822 827 est
2851 787 2970 842 quae
2994 770 3209 826 Domini
3236 780 3382 836 sunt,
3409 783 3542 839 quo-
3584 800 3587 803 -

1950 863 2112 919 modo
2140 864 2348 932 placeat
2375 862 2508 917 Deo.
2538 862 2639 928 Qui
2682 870 2861 916 autem
2904 875 3026 916 eum
3057 875 3225 915 uxore
3254 867 3358 927 est,
3387 857 3541 913 Solli-

1948 953 2089 1009 citus
2118 961 2204 1009 est
2231 969 2350 1023 qua:
2400 964 2526 1008 sunt
2557 946 2763 1020 mundi,
2796 951 3068 1023 quomodo
3100 952 3314 1020 placeat
3359 950 3537 1017 uxori,

1951 1054 2007 1101 et
2026 1044 2233 1101 divisus
2252 1054 2354 1101 est.
2371 1045 2439 1101 Et
2457 1045 2647 1101 mulier
2668 1046 2908 1116 innupta,
2932 1054 2987 1099 et
3012 1043 3165 1116 virgo
3191 1043 3393 1115 cogitat
3421 1056 3545 1114 quae

1950 1149 2077 1198 sunt
2107 1140 2345 1209 Domini,
2369 1150 2430 1196 ut
2455 1142 2524 1196 sit
2546 1150 2732 1197 sancta
2752 1155 2976 1210 corpore
2998 1149 3053 1194 et
3077 1140 3295 1209 spiritu.

2127 1232 2298 1284 Lectio
2319 1234 2471 1284 sancti
2494 1233 2752 1295 Evangelii
2775 1234 3045 1284 secundum
3063 1233 3366 1282 Mattheeum.
3535 1303 3538 1306 ῃ

2024 1318 2214 1375 Simile
2262 1321 2367 1374 erit
2415 1335 2639 1391 regnum
2691 1322 2946 1377 caelorum
2994 1322 3182 1376 decem
3224 1318 3545 1390 virginibus,

1953 1425 2075 1481 quae
2129 1411 2456 1481 accipientes
2507 1410 2780 1482 lampades
2827 1427 2984 1480 suas,
3039 1412 3285 1467 exierunt
3328 1412 3546 1467 obviam

1955 1514 2157 1569 Sponso
2178 1510 2233 1557 et
2253 1517 2484 1572 sponsae.
2516 1502 2765 1573 Quinque
2785 1512 2964 1559 autem
2992 1518 3060 1560 ex
3078 1504 3156 1558 eis
3184 1511 3335 1558 erant
3362 1503 3544 1572 fatuae,

1956 1601 2012 1649 et
2054 1595 2287 1663 quinque
2311 1594 2617 1662 prudentes.
2672 1595 2781 1651 Sed
2810 1596 3045 1665 quinque
3092 1595 3249 1650 fatuae
3308 1597 3548 1665 acceptis

1957 1687 2297 1758 lampadibus
2320 1704 2425 1744 non
2457 1699 2766 1745 sumserunt
2795 1690 2976 1746 oleum
3002 1703 3185 1744 secum
3212 1706 3225 1742 :
3252 1689 3547 1757 prudentes

258 1791 511 1840 terventu
571 1798 666 1851 per
714 1782 1141 1838 misericordiam
1200 1781 1412 1837 Domini
1466 1781 1851 1852 indulgentiam
1880 1790 2088 1855 Bvero
2128 1791 2450 1851 acceperunt
2494 1782 2673 1837 oleum
2724 1781 2779 1837 in
2822 1780 2968 1837 vasis
3017 1795 3139 1835 cum
3187 1778 3545 1848 lampadibus.

256 1874 520 1946 consequi
566 1888 888 1930 mereamur.

917 1969 989 2019 Ad
1013 1981 1197 2031 pacem.

337 2053 573 2122 Exaudi,
625 2054 873 2118 Domine,
918 2067 1107 2123 preces
1158 2061 1394 2118 nostras,
1434 2066 1567 2123 quas
1599 2053 1654 2107 in
1682 2052 1857 2109 sancti

258 2145 591 2203 confessoris
619 2155 673 2202 et
716 2145 1015 2201 sacerdotis
1060 2145 1299 2215 episcopi
1342 2145 1418 2201 tui
1459 2146 1668 2201 Martini
1706 2160 1856 2201 com-

261 2240 655 2296 memoratione
684 2238 996 2304 deferimus,
1042 2246 1098 2293 et
1133 2245 1353 2309 praesta,
1404 2247 1464 2293 ut
1513 2238 1652 2293 sicut
1682 2237 1771 2294 ille
1800 2238 1856 2294 iu

261 2343 559 2405 conspectu
589 2342 679 2390 tuo
715 2335 805 2404 qui
848 2334 941 2389 tibi
986 2333 1145 2403 digne
1169 2333 1370 2388 meruit
1397 2332 1641 2389 famulari
1676 2331 1855 2388 clarus

263 2444 480 2500 semper
504 2428 701 2495 extitit,
729 2430 802 2483 ita
823 2428 941 2499 ejus
984 2442 1082 2483 nos
1112 2427 1437 2498 supplicatio
1466 2428 1522 2482 in
1547 2427 1703 2483 bonis
1722 2423 1855 2483 acti-

263 2522 367 2579 bus
391 2521 625 2590 adjuvet.
660 2520 783 2576 Per.

898 2590 1215 2643 Contestatio.

345 2675 483 2732 Vere
511 2676 730 2747 dignum
770 2683 824 2731 et
848 2675 1052 2745 justum
1093 2685 1197 2743 est,
1241 2675 1581 2746 omnipotens
1607 2673 1769 2740 Deus,
1800 2681 1856 2730 te

263 2768 322 2826 in
350 2768 563 2824 Martini
594 2769 669 2822 tui
694 2767 939 2823 laudibus
970 2769 1252 2831 honorare,
1288 2766 1379 2836 qui
1408 2767 1580 2822 sancti
1612 2765 1851 2835 Spiritus

264 2861 341 2916 tui
362 2859 503 2915 dono
531 2873 844 2925 succensus,
887 2859 956 2913 ita
1002 2860 1055 2912 in
1100 2858 1219 2927 ipso
1247 2857 1492 2913 tirocinio
1522 2857 1647 2913 fidei
1676 2856 1855 2927 perfe-

265 2962 385 3010 ctus
434 2952 681 3008 inventus
709 2960 813 3019 est,
846 2960 903 3006 ut
931 2950 1206 3006 Christum
1239 2950 1463 3005 texisset
1489 2951 1540 3004 in
1577 2965 1851 3020 paupere;

266 3056 322 3104 et
350 3055 577 3115 vestem,
611 3059 767 3115 quam
800 3058 1002 3113 egenus
1031 3052 1333 3111 acceperat,
1379 3040 1565 3096 mundi
1596 3041 1855 3098 Dominus

268 3140 554 3196 induisset.
594 3137 639 3193 Ο
662 3138 786 3193 felix
818 3136 1053 3208 largitas,
1079 3135 1133 3190 in
1159 3150 1266 3205 qua
1292 3134 1542 3190 divinitas
1577 3134 1848 3204 operitur!

270 3247 303 3290 ο
324 3232 587 3303 clamydis
610 3230 841 3299 gloriosa
873 3229 1086 3295 divisio,
1129 3243 1248 3296 qua:
1278 3226 1502 3281 militem
1533 3227 1665 3280 texit
1689 3234 1744 3280 et
1768 3241 1856 3281 re-

270 3327 430 3397 gem!
464 3323 841 3381 inaestimabile
889 3321 1088 3376 donum
1137 3319 1399 3390 estquod
1445 3320 1641 3375 vestire
1686 3319 1859 3375 Deum

270 3418 468 3475 meruit
519 3415 756 3470 Deitatis.
808 3414 977 3484 Digne
1023 3413 1145 3468 huic
1190 3411 1544 3467 confessionis
1589 3422 1693 3465 tuae
1724 3424 1861 3482 pras-

271 3511 438 3565 tniutn
468 3506 819 3569 commisisti;
850 3505 1011 3575 digne
1036 3505 1387 3560 Arrianortnn
1440 3519 1547 3559 non
1599 3504 1864 3570 subjacuit

271 3600 504 3657 feritati:
538 3598 697 3669 digne
736 3606 942 3655 tantum
992 3612 1181 3652 amore
1210 3597 1471 3653 Martinus
1503 3599 1862 3665 persecutoris

273 3701 543 3748 tormenta
574 3706 681 3745 non
707 3691 883 3745 timuit
930 3705 1151 3745 securus
1187 3707 1199 3744 :
1226 3690 1346 3760 quia
1379 3699 1525 3744 tanta
1548 3699 1633 3747 est
1656 3692 1863 3761 gloriﬁ-

275 3785 415 3841 catio
460 3782 745 3852 passionis,
794 3792 851 3836 ut
899 3797 996 3852 per
1034 3782 1385 3852 quantitatem
1433 3784 1601 3837 vestis
1652 3783 1864 3852 exigua:

275 3877 475 3933 vestire
496 3876 769 3930 Christum
789 3875 986 3929 meruit
1007 3884 1059 3929 et
1093 3874 1297 3929 videre.
1324 3873 1369 3929 0
1392 3876 1587 3929 anima:
1609 3874 1865 3930 imitanda

276 3968 613 4045 benignitas!
643 3980 676 4021 o
702 3966 959 4021 virtutum
1000 3965 1305 4021 veneranda
1337 3967 1607 4037 potentia!
1651 3968 1729 4023 sic
1756 3970 1868 4040 egit

276 4062 510 4132 suscepti
537 4063 875 4133 pontificatus
903 4063 1169 4130 officium,
1192 4073 1249 4119 ut
1277 4080 1374 4136 per
1405 4064 1635 4120 formam
1674 4064 1869 4133 proba-

277 4158 401 4217 bilis
432 4159 559 4214 vitaa
584 4158 979 4214 observantiam
1005 4163 1245 4230 exegerit
1264 4159 1585 4230 disciplinae.
1610 4160 1701 4216 Sic
1728 4175 1866 4230 apo-

278 4257 468 4313 stolica
489 4256 688 4310 virtute
707 4255 1045 4325 sperantibus
1060 4256 1283 4311 contulit
1299 4256 1646 4322 medicinam,
1661 4257 1868 4313 utalios
1954 4274 1957 4279 ί

279 4348 784 4419 supplicationibus,
817 4348 954 4403 alios
974 4348 1092 4403 visu
1122 4348 1360 4403 salvarit.
1383 4348 1510 4402 Haec
1534 4357 1618 4403 tua
1640 4358 1740 4414 est,
1761 4349 1870 4404 Do-

280 4440 451 4509 tnine,
498 4440 1091 4509 veneranda'potentia,
1126 4440 1211 4495 cui
1235 4454 1356 4496 cum
1389 4440 1563 4511 lingua
1597 4455 1706 4495 non
1736 4454 1867 4509 sup-

280 4530 445 4602 pleat,
485 4530 691 4585 meritis
732 4541 949 4597 exorat,
1010 4546 1103 4599 per
1153 4531 1422 4588 Christum
1483 4533 1789 4589 Dominum.

760 4638 909 4678 MISSA
951 4638 1102 4678 UNIUS
1141 4638 1385 4680 VIRGINIS.

599 4715 813 4777 Epistola
839 4717 973 4767 Pauli
997 4717 1197 4779 apostoli
1220 4719 1281 4767 ad
1304 4718 1559 4771 Romanos.

355 4798 591 4867 Fratres,
624 4800 691 4854 de
720 4799 1013 4870 virginibus
1037 4810 1360 4870 praeceptum
1392 4803 1603 4858 Domini
1636 4818 1742 4859 non
1774 4804 1869 4859 ha-

281 4896 407 4960 beo,
435 4894 716 4949 consilium
764 4904 945 4948 autem
987 4893 1077 4959 do,
1127 4903 1395 4963 tamquam
1442 4897 1867 4953 misericordiam

282 4999 604 5042 consecutus
626 5000 656 5039 a
682 4986 933 5053 Domino,
963 4996 1022 5041 ut
1049 4989 1148 5040 sint
1176 4987 1367 5042 fidelis.
1403 4988 1661 5043 Existimo
1688 4997 1867 5045 autem

284 5076 389 5131 hoc
433 5077 632 5132 bonum
690 5092 810 5132 esse
856 5087 1073 5146 propter
1121 5080 1405 5134 instantem
1463 5082 1862 5149 necessitatem,

283 5170 538 5240 quoniam
587 5169 785 5225 bonum
838 5182 919 5226 est
968 5172 1170 5227 homini
1201 5174 1279 5230 sic
1309 5189 1448 5229 esse.
1499 5176 1762 5246 Alligatus
1805 5192 1864 5234 es

287 5258 483 5314 uxori?
507 5259 613 5315 noli
637 5276 877 5329 quaerere
897 5263 1239 5318 solutionem.
1263 5265 1480 5322 Solutus
1498 5282 1560 5323 es
1579 5269 1645 5323 ab
1666 5271 1867 5326 uxore?

291 5351 403 5406 noli
429 5366 670 5420 quaerere
695 5369 945 5411 uxorem.
989 5354 1047 5409 Si
1089 5365 1265 5411 autem
1315 5362 1585 5430 acceperis
1625 5377 1873 5433 uxorem,

296 5456 402 5495 non
428 5444 679 5511 peccasti.
705 5444 771 5498 Et
791 5446 834 5500 si
862 5447 1101 5515 nupserit
1129 5447 1425 5517 virgo,non
1456 5454 1699 5521 peccabit
1732 5471 1743 5508 :
1774 5455 1876 5511 tri-

290 5529 616 5586 bulationem
645 5533 824 5588 carnis
869 5534 1139 5591 habebunt
1186 5538 1512 5607 hujusmodi,
1569 5556 1669 5613 ego
1697 5555 1875 5600 autem

289 5623 443 5678 vobis
475 5638 655 5692 parco.
685 5625 801 5680 Hoc
828 5628 1007 5697 itaque
1033 5629 1176 5697 dico,
1225 5630 1440 5696 fratres,
1477 5642 1687 5705 tempus
1714 5638 1877 5694 breve

295 5726 395 5770 cst.
414 5715 695 5787 Reliquum
719 5728 800 5775 est
825 5730 883 5775 ut
906 5722 995 5791 qui
1028 5722 1225 5780 habent
1248 5738 1450 5780 uxores
1481 5735 1744 5797 tamquam
1768 5745 1875 5786 non

298 5807 559 5867 habentes
580 5812 721 5880 sint;
754 5820 809 5869 et
835 5815 923 5884 qui
952 5814 1101 5884 ﬂent,
1136 5825 1402 5889 tamquam
1431 5836 1533 5877 non
1570 5822 1787 5887 flentes;
1821 5834 1875 5881 et

1959 1874 2163 1937 Moram
2184 1885 2364 1928 autem
2400 1874 2631 1931 faciente
2659 1889 2880 1942 sponso,
2911 1875 3340 1929 dormitaverunt
3360 1885 3552 1928 omnes

1956 1976 2013 2023 et
2034 1967 2391 2024 dormierunt.
2408 1967 2576 2023 Media
2595 1978 2777 2023 autem
2807 1975 2983 2031 nocte,
3000 1968 3204 2023 clamor
3232 1966 3404 2021 factus
3425 1974 3509 2021 est
3533 1982 3550 2019 :

1958 2058 2099 2115 Ecce
2125 2073 2357 2129 sponsus
2383 2061 2562 2127 venit,
2592 2060 2737 2115 exite
2768 2060 2983 2115 obviam
3008 2060 3077 2115 ei.
3115 2059 3265 2114 Tune
3291 2072 3551 2115 surrexe-

1958 2160 2084 2207 runt
2108 2166 2301 2207 omnes
2326 2152 2562 2220 virgines
2609 2152 2753 2219 illae,
2803 2160 2861 2207 et
2909 2160 3240 2207 ornaverunt
3277 2150 3553 2220 lampades

1959 2258 2105 2299 suas.
2130 2243 2311 2299 Fatua:
2338 2251 2516 2299 autem
2541 2244 2876 2314 sapientibus
2906 2245 3201 2300 dixerunt:
3237 2244 3372 2299 Date
3393 2242 3553 2298 nobis

1957 2340 2028 2396 de
2053 2340 2176 2396 oleo
2200 2347 2405 2405 vestro,
2435 2341 2557 2407 quia
2588 2339 2864 2409 lampades
2894 2349 3094 2395 nostrae
3140 2339 3546 2408 extinguuntur.

1956 2431 2374 2502 Responderunt
2404 2430 2699 2499 prudentes
2721 2429 2961 2485 dicentes
2990 2448 3002 2482 :
3035 2429 3115 2485 Ne
3144 2427 3285 2484 forte
3312 2442 3418 2482 non
3446 2426 3554 2482 suf-

1960 2527 2110 2582 ﬁciat
2156 2525 2312 2580 nobis
2359 2534 2413 2579 et
2468 2523 2643 2589 vobis,
2689 2524 2763 2578 ite
2794 2523 2968 2592 p0tius
3005 2522 3073 2577 ad
3126 2520 3445 2586 vendentes,
3496 2524 3553 2574 et

1959 2619 2125 2675 emite
2144 2617 2316 2673 vobis.
2351 2616 2486 2670 Dum
2517 2625 2695 2671 autem
2722 2616 3082 2681 irentemere,
3108 2613 3263 2669 venit
3283 2626 3552 2684 sponsus;

1958 2721 2015 2768 et
2037 2727 2157 2781 quae
2184 2717 2384 2780 paratae
2406 2716 2559 2763 erant
2586 2709 2921 2763 intraverunt
2951 2721 3075 2760 cum
3106 2720 3171 2761 eo
3202 2705 3269 2760 ad
3301 2704 3541 2773 nuptias,

1958 2811 2015 2860 et
2034 2803 2214 2857 clausa
2244 2811 2325 2865 est
2346 2801 2527 2870 janua.
2554 2799 2860 2855 Novissime
2891 2806 3156 2854 venerunt
3185 2796 3412 2865 reliquae
3441 2795 3551 2849 vir-

1959 2893 2110 2964 gines
2134 2892 2417 2947 dicentes:
2454 2890 2701 2959 Domine,
2750 2890 2997 2957 Domine,
3048 2888 3200 2958 aperi
3243 2888 3420 2943 nobis.
3479 2888 3550 2943 At

1959 2984 2050 3039 ille
2093 2984 2423 3053 respondens
2467 2984 2579 3037 ait:
2615 2986 2787 3038 Amen
2841 2982 2964 3037 dico
3008 2980 3185 3044 vobis,
3218 2980 3400 3036 nescio
3429 2993 3548 3035 vos.

1958 3077 2188 3148 Vigilate
2215 3077 2411 3146 itaque,
2442 3076 2566 3145 quia
2595 3076 2815 3130 nescitis
2841 3075 2984 3130 diem
3018 3087 3194 3143 neque
3223 3073 3436 3127 horam.

2582 3181 2751 3216 INCIPIT
2784 3181 2933 3217 MISSA.

2033 3251 2355 3321 Propitiare,
2407 3251 2660 3317 Domine,
2689 3248 3171 3318 supplicationibus
3226 3246 3449 3312 nostris,
3496 3255 3557 3302 et

1964 3349 2233 3404 flammam
2267 3350 2322 3402 in
2354 3347 2508 3403 nobis
2538 3356 2643 3402 tuae
2670 3347 2913 3401 caritatis
2942 3346 3216 3410 accende;
3250 3354 3305 3400 ut
3351 3353 3555 3400 sancta:

1964 3451 2068 3498 tua:
2107 3441 2326 3512 virginis
2355 3440 2432 3494 ill.
2466 3441 2552 3495 vel
2580 3439 2851 3510 martyris,
2885 3452 3006 3508 quae
3051 3452 3237 3492 sexum
3289 3450 3410 3491 cum
3442 3450 3549 3490 sa:-

1966 3538 2087 3596 culo
2122 3537 2271 3601 vicit,
2315 3537 2468 3607 cujus
2496 3551 2595 3592 nos
2624 3536 2799 3592 fecisti
2839 3549 2960 3592 esse
3002 3532 3333 3598 imitatores,
3363 3530 3558 3602 iubeas

1966 3645 2089 3688 esse
2107 3638 2409 3687 εοηεοισῑθε.
2876 3680 2879 3683 λ

2636 3719 2887 3770 Collectio.

2040 3819 2201 3883 Deus,
2229 3819 2317 3888 qui
2347 3815 2684 3872 candidatam
2718 3826 2860 3871 tuam
2906 3814 2985 3871 ill.
3010 3810 3321 3884 virginitate
3355 3809 3558 3879 pariter

1968 3920 2022 3966 et
2049 3908 2310 3979 martyrio
2350 3910 2407 3963 in
2440 3910 2587 3963 fonte
2615 3908 2719 3962 vivi
2746 3904 3057 3962 certaminis
3078 3901 3313 3970 abluisti,
3344 3911 3400 3955 ut
3422 3915 3559 3955 eon-

1970 4002 2216 4059 fessionis
2246 4001 2469 4071 gloriam
2498 4015 2655 4055 roseo
2683 4001 2766 4055 sui
2816 3997 3094 4068 sanguinis
3123 3996 3319 4050 decore
3347 4000 3563 4058 ornata,

1972 4110 2067 4165 spe
2093 4101 2313 4149 caneret
2340 4093 2599 4157 victoriae,
2616 4101 2672 4147 et
2699 4092 2956 4147 mundum
2978 4090 3031 4144 in
3054 4088 3165 4144 suis
3196 4086 3559 4143 dormientem

1972 4187 2206 4256 peccatis
2233 4186 2297 4238 ad
2331 4184 2722 4239 confessionem
2772 4183 2845 4238 tui
2889 4180 3121 4236 nominis
3165 4179 3459 4241 excitaret;
3492 4175 3560 4231 da

1971 4279 2091 4350 ejus
2120 4278 2414 4348 patrocinio
2443 4276 2677 4347 peccatis
2702 4275 2897 4330 nostris
2920 4270 3329 4342 indulgentiam,
3358 4269 3449 4338 qui
3471 4267 3561 4324 de-

1971 4370 2097 4427 disti
2125 4370 2350 4425 certanti
2373 4382 2649 4424 coronam.

2594 4459 2712 4508 Post
2734 4459 2943 4506 nomina.

1892 4553 1949 4614 D
2045 4554 2533 4627 Supplicationibus
2566 4550 2764 4606 nostris
2785 4590 2799 4613 ,
2832 4545 3088 4609 Domine,
3118 4541 3445 4613 propiciatus
3473 4540 3557 4595 in-

1978 4648 2137 4704 tende
2160 4687 2174 4713 ,
2204 4662 2337 4717 quas
2382 4644 2434 4699 in
2477 4650 2677 4699 sanctae
2726 4650 2828 4695 tua:
2858 4637 2933 4690 ill.
2967 4635 3186 4705 virginis
3216 4641 3271 4687 et
3309 4631 3564 4702 martyris

1975 4736 2487 4794 commemoratione
2510 4730 2835 4792 deferimus;
2858 4736 2911 4783 et
2933 4729 3035 4781 hoc
3051 4722 3371 4779 sacrificium
3400 4736 3565 4791 super

1982 4829 2202 4884 inlatum
2248 4827 2318 4881 ita
2349 4824 2644 4879 clementer
2687 4818 2954 4873 adtende:
2986 4824 3045 4870 ut
3085 4814 3175 4883 qui
3216 4813 3464 4868 ﬁdumam
3493 4811 3562 4867 de

1978 4919 2191 4990 propria
2216 4917 2423 4986 justitia
2454 4931 2559 4968 non
2591 4912 2848 4967 habemus
2874 4952 2889 4977 ,
2930 4910 3045 4979 ejus
3072 4921 3191 4978 quae
3222 4906 3314 4962 tibi
3346 4905 3560 4976 placere

1980 5009 2175 5066 meruit
2198 5007 2444 5078 precibus
2467 5003 2807 5073 adjuvemur.
2838 5001 2965 5057 Per.

2630 5097 2704 5147 Ad
2730 5108 2915 5159 pacem.

2052 5186 2280 5252 Exaudi,
2311 5184 2558 5251 Domine,
2592 5198 2778 5254 preces
2807 5193 3018 5238 nostras
3045 5180 3097 5237 in
3124 5180 3209 5235 die
3234 5173 3569 5232 sollemnita-

1982 5280 2052 5336 tis
2079 5277 2360 5349 tnagnifico
2388 5287 2587 5333 sancta:
2613 5275 2833 5345 virginis
2852 5282 2906 5329 et
2934 5272 3185 5342 martyris
3208 5311 3223 5335 ,
3257 5281 3378 5336 quae
3407 5279 3563 5318 mun-

1980 5374 2105 5429 dum
2154 5372 2286 5427 vicit
2325 5386 2447 5426 cum
2495 5369 2667 5439 fragili
2707 5384 2876 5434 sexu,
2922 5375 2977 5421 et
3023 5366 3164 5419 dona
3195 5361 3313 5431 ejus
3350 5356 3490 5427 apud
3516 5366 3569 5412 te

1982 5466 2289 5521 interventu
2331 5463 2606 5531 placatus,
2655 5469 2713 5514 ut
2744 5458 2924 5515 cuncti
2965 5453 3422 5526 qui'adsistimus,
3450 5450 3568 5518 ejus

1981 5557 2298 5614 memoriam
2327 5556 2729 5627 frcquentantes
2752 5594 2766 5620 ,
2801 5553 2946 5623 pacis
2981 5559 3036 5605 et
3065 5547 3303 5603 caritatis
3350 5542 3566 5601 vinculo

1980 5648 2312 5718 colligemur.

2617 5735 2931 5786 Contestatio.

2057 5824 2192 5879 Vere
2220 5823 2435 5893 dignum
2477 5829 2531 5879 et
2556 5821 2757 5891 justum
2787 5830 2898 5889 est,
2928 5818 3265 5891 omnipotens
3309 5815 3481 5881 Deus,
3513 5811 3568 5871 in
