4060 6346
545 310 641 372 851

1339 313 1683 372 APPENDIX
1724 314 1814 368 AD
1857 312 2083 367 OPBRA
2131 310 2189 365 S.
2242 310 2546 369 GERMANI
2600 315 3048 374 PARISIENSIS.

3740 323 3846 380 5'5!

546 432 757 502 virgine
794 433 1053 490 decorosa
1086 445 1140 491 te
1164 436 1336 506 palma
1368 437 1604 491 laudare.
1635 435 1698 490 Et
1728 434 1851 489 ideo
1876 448 1972 503 pro
1997 448 2136 487 mur-
2164 430 2220 493 Α
2246 434 2568 489 conditionis
2619 445 2817 490 nostra:
2873 434 3049 489 infusa
3098 434 3312 491 virtutis
3363 446 3468 491 tua:
3521 436 3839 508 dignatione

545 535 665 597 tyre
695 534 779 580 tua
812 525 893 583 ill.
919 526 1003 583 vel
1025 529 1229 599 virgine
1256 529 1513 585 decorosa
1550 528 1772 582 honoris
1815 525 2126 595 obSeqninm

545 620 955 690 persolventes,
1018 621 1284 691 supplices
1340 620 1639 676 clementiae
1698 632 1802 673 tum
1863 618 2135 673 fundimus

545 729 757 786 preces,
782 723 1029 784 rogantes
1050 710 1105 767 nt
1130 728 1226 769 nos
1258 714 1508 769 exaudire
1536 713 1789 781 digneris,
1829 722 1879 766 et
1918 713 1970 766 in
2003 727 2133 765 san-

546 804 648 863 eta:
694 807 767 861 ili.
808 807 1165 861 sollemnitate
1207 806 1475 870 laetificos,
1509 822 1613 876 quo
1639 815 1821 861 sancta
1862 805 1937 859 ill.
1980 805 2131 875 virgo

548 898 677 953 dum
700 898 957 953 humanas
981 898 1188 967 nuptias
1213 897 1447 965 tempsit,
1470 911 1722 966 sponsum
1752 897 1873 961 sibi,
1898 896 1988 965 qui
2018 912 2137 966 per-

547 999 743 1060 petuus
785 989 1202 1044 innuortalitatis
1253 990 1474 1058 praemio
1518 1002 1692 1053 esset,
1741 988 2136 1057 adjnnxit:cui

548 1078 903 1136 confessionis
931 1080 1237 1134 testimonio
1268 1094 1326 1134 se
1361 1080 1520 1148 elegit
1563 1079 1837 1147 sanguinis
1880 1080 2138 1150 martyrio

547 1186 884 1237 consecrare,
911 1180 967 1224 ut
996 1170 1273 1242 virginalis
1302 1171 1580 1240 integritas
1604 1185 1669 1225 eo
1696 1177 1841 1223 esset
1863 1170 1915 1223 in
1943 1184 2135 1239 sponsa

546 1263 874 1333 praeclarior,
900 1280 1005 1334 quo
1028 1265 1299 1335 sanguinis
1324 1280 1481 1320 rosea
1507 1263 1753 1318 diadema
1786 1263 2039 1318 micabat.
2080 1265 2133 1319 In

545 1356 706 1427 hujus
747 1373 873 1427 ergo
922 1356 1028 1412 tale
1075 1360 1367 1429 gloriosum
1424 1368 1697 1411 certamen
1746 1366 1990 1410 votorum
2040 1358 2136 1413 tibi

543 1446 749 1504 hostias
778 1449 1117 1504 immolamus
1138 1493 1150 1514 ,
1179 1450 1363 1504 laudes
1395 1448 1487 1502 tibi
1525 1462 1643 1501 cum
1688 1446 1898 1510 angelis
1922 1448 2138 1503 concia-

543 1550 697 1595 mant
714 1541 993 1597 dicentes:
1026 1542 1251 1598 Sanctus
1277 1550 1323 1594 ⁸.

735 1670 1131 1712 COLLECTIONES
1171 1673 1221 1711 IN
1262 1670 1611 1712 DEDIC\TIONE
1654 1672 1939 1712 εεειεειλι.

671 1765 842 1817 Lectio
866 1775 973 1830 post
993 1769 1299 1831 prophetiam
1325 1769 1373 1817 in
1396 1768 1705 1819 dedicatione
1730 1768 1960 1821 Ecclesiae

620 1877 942 1942 Benedicite,
975 1880 1113 1933 Deus
1141 1886 1325 1932 sancte
1352 1877 1514 1932 israel
1579 1878 1669 1945 qui
1703 1879 1976 1932 caelestem
2010 1878 2137 1933 Hie-

545 1970 773 2023 rusalem
818 1971 1038 2024 cottidie
1082 1970 1376 2039 multiplice
1428 1969 1659 2024 aediﬁcas
1709 1971 2133 2039 congregatione

545 2069 873 2130 sanctorum,
903 2064 1107 2129 respice
1133 2076 1294 2131 super
1314 2061 1535 2117 domum
1568 2062 1728 2123 hanc,
1751 2064 1909 2130 cujus
1945 2062 2137 2118 natalis

543 2157 628 2204 est
650 2151 827 2215 ltodie,
858 2168 975 2221 quae
1007 2154 1058 2206 in
1089 2153 1293 2208 honore
1325 2161 1627 2224 martyrum
1655 2162 1864 2207 tuorum
1907 2154 1983 2208 ill.
2007 2168 2139 2209 con-

542 2240 651 2296 dita
673 2251 773 2305 est,
808 2250 860 2296 et
891 2252 1100 2310 prmsta,
1133 2256 1188 2297 ut
1218 2259 1405 2299 omnes
1434 2244 1748 2298 invocantes
1795 2254 1844 2298 te
1890 2245 1941 2297 in
1971 2259 2030 2297 ea
2054 2245 2137 2299 in-

542 2334 759 2387 veniant
785 2335 1032 2401 salutem,
1064 2337 1259 2391 infirmi
1290 2337 1631 2403 medicinam,
1659 2338 1927 2393 vulnerati
1962 2356 2137 2395 reme-

541 2424 710 2490 dium,
729 2438 1012 2483 mtereutes
1025 2430 1295 2498 gaudium,
1312 2430 1541 2485 reditum
1562 2431 1785 2499 captivi,
1809 2432 2135 2500 paenitentiae

540 2517 946 2588 indulgentiam,
976 2521 1054 2574 rei
1078 2522 1312 2590 veniam,
1348 2522 1511 2577 vincti
1542 2522 1893 2590 solutionem,
1920 2536 2136 2580 orantes

546 2614 877 2682 pt'aasidium.

1095 2682 1216 2733 item
1241 2684 1330 2735 alia
1357 2685 1598 2747 ejusdem.

617 2788 883 2845 Ascendet
908 2790 1079 2845 oratio
1107 2799 1286 2847 noctra
1318 2805 1412 2859 per
1439 2806 1629 2849 manus
1651 2794 1820 2849 sancti
1848 2794 2025 2864 angeli
2056 2802 2130 2851 tu.

543 2881 610 2937 ad
642 2881 882 2936 divinum
928 2881 1098 2936 altare
1128 2891 1299 2947 tuum,
1329 2883 1570 2951 Domine,
1603 2899 1725 2941 cum
1758 2885 1924 2941 odore
1954 2887 2134 2941 suavi-

541 2974 664 3028 tatis
699 2981 849 3045 .tuae,
898 2973 1309 3033 commendante
1353 2975 1613 3033 advocato
1656 2976 1886 3033 Domino
1939 2990 2133 3035 nostro

541 3066 667 3122 Jesu
693 3066 931 3131 Christo,
964 3081 1084 3122 cum
1127 3082 1232 3135 quo
1274 3068 1365 3122 tibi
1404 3078 1487 3123 est
1526 3068 1833 3137 imperium,
1863 3082 2129 3139 potestas,

543 3160 732 3224 honor,
765 3159 901 3225 laus,
930 3159 1202 3227 maiestas,
1230 3160 1420 3229 gloria,
1452 3161 1747 3227 aeternitas,
1782 3176 1905 3217 cum
1926 3163 2129 3233 Spiritu
2159 3189 2207 3257 α

546 3259 735 3303 sancto
769 3251 821 3304 in
850 3252 1045 3306 saecula
1076 3252 1417 3307 smeulorum.

1046 3359 1196 3399 UISSA
1237 3360 1337 3398 I’RO
1381 3360 1640 3400 εθιιθτιε.

701 3434 912 3497 Epistola
935 3435 1103 3487 Jacobi
1135 3436 1337 3501 apostoli
1365 3437 1423 3486 ad
1445 3443 1625 3497 gentes
1650 3449 1737 3500 pro
1761 3437 1978 3495 infimus.

606 3536 845 3601 Fratres,
876 3539 1175 3593 infirmatur
1202 3539 1396 3609 aliquis
1426 3540 1479 3593 in
1509 3541 1709 3603 vobis:
1753 3543 1972 3597 inducat
2010 3557 2132 3613 pre-

541 3630 788 3701 sbyteros
830 3630 1115 3694 Ecclesiae,
1168 3642 1222 3684 et
1263 3640 1418 3685 orent
1463 3646 1625 3701 super
1666 3634 1823 3687 eum?
1872 3644 2132 3705 tingentes

540 3741 659 3779 etnn
692 3727 812 3779 oleo
843 3726 894 3778 in
928 3724 1143 3778 nomine
1178 3726 1416 3789 Domini;
1453 3734 1507 3779 et
1537 3726 1712 3780 oratio
1744 3725 1867 3781 fidei
1907 3727 2135 3782 saivabit

535 3818 830 3879 infirmum,
860 3826 913 3870 et
950 3817 1209 3871 allevabit
1235 3833 1355 3872 eum
1389 3818 1685 3885 Dominus;
1716 3829 1771 3874 et
1799 3820 1841 3874 si
1867 3820 1918 3874 in
1943 3834 2131 3887 pecca-

538 3914 610 3968 tis
639 3915 726 3980 sit,
754 3914 1052 3968 dimittetnr
1075 3914 1146 3969 ei.
1177 3914 1517 3968 Confltemini
1550 3914 1867 3969 alterutrum
1910 3924 2128 3983 peccata

545 4016 722 4061 vestra
744 4048 759 4072 ,
793 4017 845 4060 et
873 4015 1023 4061 orate
1059 4021 1155 4075 pro
1185 4006 1412 4061 invicem
1437 4046 1451 4071 ,
1491 4015 1544 4060 et
1572 4006 1874 4060 salvemini.
1907 4005 2131 4060 Multum

547 4097 691 4151 enim
715 4098 857 4151 valet
884 4097 1192 4166 deprecatio
1214 4096 1344 4165 justi
1374 4096 1619 4151 adsidua.
1638 4096 1819 4150 Helias
1834 4107 1947 4150 erat
1971 4096 2133 4150 homo

542 4188 734 4243 similis
757 4188 911 4243 nobis
930 4188 1211 4258 passibilis,
1232 4197 1287 4242 et
1308 4190 1554 4243 oratione
1581 4188 1753 4241 oravit
1776 4196 1830 4240 ut
1857 4202 1961 4241 uo
1986 4189 2133 4255 pine-

542 4291 820 4350 ret'snper
845 4293 1037 4337 terram
1066 4300 1077 4333 :
1108 4292 1162 4336 et
1192 4297 1296 4335 non
1330 4282 1459 4351 pluit
1487 4295 1656 4334 annos
1696 4289 1807 4334 tres
1839 4289 1893 4334 et
1920 4293 2133 4335 menses

539 4392 657 4431 sex.
702 4376 765 4430 Et
814 4391 1025 4430 rursum
1073 4376 1279 4439 oravit,
1306 4386 1358 4430 et
1385 4375 1575 4429 caelum
1606 4373 1758 4429 dedit
1786 4374 2047 4442 pluviam,
2079 4383 2133 4428 et

540 4477 683 4521 terra
714 4466 859 4522 dedit
892 4469 1118 4521 fructum
1144 4480 1318 4519 suum.

765 4580 928 4630 Lectio
953 4582 1109 4629 sancti
1133 4578 1383 4641 Evangelii
1408 4577 1677 4628 secundum
1700 4578 1899 4629 Lucam.

615 4683 669 4738 In
704 4693 948 4753 tempore
978 4684 1068 4738 illo
1098 4683 1353 4737 Dominus
1376 4692 1558 4739 noster
1586 4680 1741 4738 Jesus
1774 4683 2017 4740 Christus
2048 4684 2126 4738 in-

536 4778 715 4832 troivit
746 4780 799 4831 in
829 4778 1043 4831 domum
1072 4777 1213 4831 Petri
1240 4792 1251 4829 :
1279 4791 1462 4829 socrus
1491 4785 1665 4829 autem
1696 4776 1930 4829 Simonis
1978 4784 2126 4830 tene-

535 4870 690 4925 batur
732 4871 936 4941 magnis
970 4870 1222 4923 febribus.
1258 4869 1321 4921 Et
1352 4876 1673 4938 rogaverunt
1718 4868 1864 4923 iilnm
1899 4882 1996 4936 pro
2034 4882 2119 4923 ea.

537 4964 602 5016 Et
624 4971 770 5016 stans
790 4977 951 5031 super
974 4962 1145 5029 illam,
1163 4962 1447 5031 imperavit
1482 4960 1633 5026 febri,
1659 4969 1715 5016 et
1731 4960 1935 5014 dimisit
1957 4959 2124 5015 illam.

539 5058 604 5110 Et
627 5055 878 5109 continuo
903 5068 1147 5123 surgens,
1182 5053 1518 5107 ministrabat
1547 5053 1673 5107 illis.
1697 5054 1826 5107 Cum
1847 5053 2124 5107 solantem

538 5148 851 5214 occidisset,
880 5160 1067 5200 omnes
1109 5147 1196 5215 qui
1231 5145 1500 5199 habebant
1530 5145 1769 5209 infirmos
1811 5144 1972 5197 variis
2015 5144 2132 5213 ian-

540 5240 818 5310 guoribus,
846 5238 1117 5292 ducebant
1145 5239 1259 5291 illos
1284 5237 1349 5290 ad
1381 5253 1523 5290 eum.
1552 5240 1615 5290 At
1644 5237 1733 5291 ille
1758 5236 1981 5307 singulis
2012 5249 2129 5289 ma-

542 5347 642 5384 nus
669 5332 1060 5400 ituponens.....

1157 5431 1326 5467 INCIPIT
1356 5429 1506 5465 MISSA.

616 5504 966 5571 Omnipotens
1020 5502 1347 5571 sempiterne
1406 5500 1584 5564 Dens,
1647 5498 1734 5567 qui
1788 5497 2126 5567 fragilitatem

622 5645 647 5673 ⁸
686 5634 783 5689 llic
803 5634 981 5689 deficit
1012 5633 1223 5687 Missale
1252 5630 1575 5701 Gothicum,
1598 5629 1649 5681 in
1680 5642 1784 5699 quo
1831 5627 2131 5701 postcum-

552 5723 713 5763 tuune
775 5706 1141 5758 ροιιτθδκυτιιιιι
1190 5710 1244 5755 et
1290 5702 1503 5753 missam
1547 5700 1616 5753 de
1670 5699 1855 5753 sancto
1904 5699 2130 5753 Martino

548 5787 839 5846 sequuntur
866 5791 959 5828 sex
992 5776 1165 5825 missa:
1183 5770 1530 5846 d._i_ittinicales
1553 5787 1566 5835 ;
1604 5782 1711 5825 tum
1739 5772 1892 5824 missa
1910 5771 2130 5831 Romen-

546 5850 617 5903 διε
630 5840 937 5911 cottidiana,
968 5858 1084 5914 quae
1112 5840 1296 5896 mutila
1324 5848 1424 5894 est.

2238 526 2558 592 confirmas,
2590 534 2645 580 ut
2670 525 2999 581 salutaribus
3032 526 3288 582 remediis
3317 528 3531 597 pietatis
3577 518 3689 583 tua:
3717 546 3838 586 cor-

2238 637 2368 693 pora
2397 629 2578 677 nostra
2619 629 2673 674 et
2717 620 2955 674 membra
2992 630 3331 691 vegeteutnr,
3370 635 3538 691 super
3581 622 3836 679 famulum

2239 712 2389 769 tuum
2415 712 2492 767 ill.
2530 711 2803 780 prepicius
2832 708 3072 777 intende,
3105 720 3162 765 ut
3192 713 3338 767 omni
3369 714 3696 771 necessitate
3724 732 3839 771 cor-

2239 820 2419 876 porea:
2468 803 2799 859 infirmitatis
2848 802 3088 871 exclusa,
3133 805 3302 873 gratia
3346 805 3398 859 in
3440 820 3567 861 eum
3604 808 3835 884 pristina.-

2240 894 2490 952 sanitatis
2524 893 2761 966 perfecta
2793 906 3092 964 reparetur.
3124 894 3243 950 Per.

2928 987 3180 1039 Coilectio.

2312 1076 2579 1132 Virtutum
2610 1076 2902 1132 caelestium
2933 1076 3106 1142 Deus,
3136 1077 3225 1145 qui
3264 1076 3331 1130 ab
3354 1075 3604 1132 humanis
3634 1094 3835 1148 corpo-

2238 1169 2388 1225 ribus
2414 1182 2626 1223 omuem
2658 1167 2967 1237 languorem
2991 1176 3045 1222 et
3071 1182 3285 1222 omnem
3307 1168 3679 1223 infirmitatem
3706 1188 3835 1240 pne-

2240 1266 2379 1334 cepti
2402 1264 2474 1318 tui
2495 1271 2755 1332 potestate
2780 1262 3228 1331 depellis,adesto
3248 1261 3509 1331 propitius
3526 1262 3732 1316 famulo
3753 1276 3835 1317 tuo

2242 1358 2345 1423 ill.,
2371 1368 2426 1411 ut
2449 1356 2637 1426 fugatis
2668 1356 3085 1419 infirmitatibus,
3114 1365 3166 1409 et
3188 1356 3388 1410 viribus
3420 1346 3711 1424 reparatis,
3742 1376 3835 1411 no-

2241 1452 2369 1509 mini
2399 1459 2584 1505 sancto
2603 1450 2999 1505 tuoinstaurata
3029 1450 3268 1518 protinus
3282 1450 3511 1505 sanitate
3532 1448 3835 1506 benedicat.

2864 1542 2981 1593 Post
3003 1544 3213 1593 nomina.

2312 1630 2512 1686 Adesto
2538 1628 3017 1699 supplicationibus
3042 1629 3261 1694 nostris,
3298 1627 3645 1695 omnipotens
3668 1628 3838 1697 Dens,

2240 1730 2295 1777 et
2324 1722 2463 1776 hanc
2504 1720 2830 1775 oblationem
2882 1734 2977 1790 pro
3017 1719 3385 1775 incolomitate
3425 1719 3614 1775 famuli
3646 1722 3727 1776 tui
3760 1723 3835 1776 ill.

2167 1808 2218 1876 Β
2245 1815 2477 1870 oblatam
2508 1815 2878 1879 sanctificans,
2929 1822 2985 1867 tu
3017 1812 3105 1881 qui
3148 1828 3207 1868 es
3238 1813 3485 1869 humanae
3536 1813 3842 1885 fragilitatis

2243 1908 2516 1975 singulare
2550 1906 2877 1974 praesidium,
2903 1904 3086 1959 auxilii
3117 1905 3191 1959 tui
3220 1906 3446 1960 ostende
3469 1906 3763 1971 virtutem;
3790 1914 3842 1961 ut

2243 2013 2345 2067 ope
2388 1996 2769 2052 misericordia:
2800 2006 2905 2051 tua:
2941 1995 3194 2067 adjutus,
3244 1997 3312 2051 ad
3358 1999 3541 2053 omnia
3590 2000 3841 2053 sanitatis

2243 2100 2528 2161 reparetur
2557 2089 2754 2143 officia.

2889 2159 2965 2210 Ad
2994 2172 3184 2223 pacem.

2316 2241 2618 2309 Sacriﬁcia,
2664 2242 2925 2309 Domine,
2974 2242 3071 2298 tibi
3116 2256 3237 2297 cum
3290 2240 3545 2298 Ecclesia
3587 2244 3839 2311 precibus

2242 2333 2594 2398 immolanda,
2628 2348 2941 2402 qumsnmus
2963 2375 2980 2399 ,
3011 2333 3175 2389 corda
3213 2344 3393 2389 nostra
3434 2334 3757 2404 purificent,
3789 2346 3837 2393 et

2243 2424 2584 2494 indulgentiae
2617 2435 2722 2479 tuae
2751 2426 2907 2481 nobis
2927 2425 3069 2483 dona
3094 2425 3380 2493 concilient
3402 2434 3455 2483 et
3487 2426 3557 2485 de
3589 2429 3836 2488 adversis

2256 2532 2513 2586 prospera
2540 2517 2741 2573 sentire
2765 2516 2984 2572 faciant.

2877 2612 3191 2663 Contestatio.

2314 2702 2449 2758 Vere
2491 2700 2709 2771 dignum
2752 2706 2803 2752 et
2828 2696 3030 2765 justum
3061 2705 3165 2762 est,
3206 2696 3543 2766 omnipotens
3573 2698 3753 2763 Dens,
3784 2706 3833 2755 te

2240 2796 2523 2852 Dominum
2556 2793 2715 2849 totius
2740 2791 3122 2847 misericordia:
3155 2792 3207 2846 in
3232 2793 3649 2849 necessitatibus
3682 2795 3832 2848 invo-

2240 2904 2361 2945 care
2387 2930 2401 2953 ,
2434 2888 2523 2958 qui
2553 2886 2851 2942 dominaris
2881 2887 3005 2941 vitae
3032 2894 3086 2941 et
3112 2886 3306 2955 morti,
3354 2887 3444 2956 qui
3484 2902 3545 2943 es
3594 2887 3831 2943 medicus

2239 2982 2562 3037 animarum.
2594 2979 2949 3035 Sanctificans
2994 2993 3123 3049 ergo
3174 2979 3313 3035 hanc
3358 2980 3689 3036 oblationem
3736 2996 3826 3051 pro

2239 3072 2605 3128 incolomitate
2637 3070 2817 3125 famuli
2851 3069 2924 3124 lui
2953 3070 3029 3125 ill.
3069 3070 3300 3125 oblatam
3327 3111 3343 3135 ,
3387 3085 3731 3137 quesnmus,
3774 3080 3827 3124 ut

2238 3167 2491 3237 respicias
2516 3165 2774 3236 propitius
2817 3162 2884 3219 de
2906 3173 3205 3234 przeparato
3229 3164 3529 3219 habitacqu
3551 3174 3646 3219 tuo
3675 3179 3828 3235 super

2236 3275 2357 3315 eum
2382 3300 2398 3327 ,
2427 3260 2515 3330 qui
2556 3258 2771 3313 diversa
2802 3256 3117 3326 aegritudine
3165 3256 3489 3323 continetur,
3538 3266 3594 3311 et
3639 3257 3823 3314 visites

2234 3369 2355 3410 eum
2382 3352 2691 3407 visitatione
2718 3359 2806 3404 tua
2830 3349 3056 3417 caelesti,
3085 3349 3221 3404 sicut
3245 3349 3463 3403 visitare
3489 3349 3747 3420 dignatus
3774 3363 3827 3406 es

2234 3462 2447 3503 socrum
2476 3445 2656 3511 Petri,
2693 3460 2914 3514 puerum
2942 3442 3300 3509 Centurionis,
3331 3454 3384 3499 et
3414 3444 3636 3499 Sarram
3662 3446 3825 3500 ancil-

2234 3538 2339 3595 lam
2371 3549 2533 3592 tuam.
2559 3538 2741 3593 Alleva
2771 3552 2915 3603 eum,
2934 3535 3177 3605 Domine,
3204 3535 3271 3590 de
3290 3544 3461 3590 strato
3484 3536 3692 3591 doloris
3710 3538 3788 3591 sui
3808 3580 3821 3599 ,

2234 3631 2483 3687 utsaivus
2506 3638 2665 3701 atque
2689 3630 2967 3685 incolomis
2986 3628 3038 3683 in
3061 3627 3299 3683 Ecclesia
3332 3628 3427 3683 tibi
3450 3644 3546 3685 ore
3572 3629 3741 3684 David
3763 3630 3829 3685 di-

2236 3739 2360 3779 cere
2390 3724 2559 3793 possit
2580 3740 2592 3776 :
2610 3721 2890 3793 Castigans
2912 3721 3191 3790 castigavit
3209 3736 3294 3775 me
3310 3720 3593 3787 Dominus,
3608 3724 3829 3777 etmorti

2235 3831 2341 3872 non
2380 3814 2602 3869 tradidit
2645 3828 2732 3869 me
2757 3855 2772 3879 ,
2807 3828 2902 3882 per
2926 3811 3197 3868 Christum
3248 3812 3531 3868 Dominum
3562 3823 3830 3870 nostrum.

2706 3918 2857 3959 NISSA
2897 3918 2949 3957 IN
2988 3920 3087 3958 »ευ
3097 3917 3362 3959 ΙΟΔΤΙΟΝΕ.

2266 3997 2436 4047 Lectio
2466 3997 2579 4047 libri
2602 3994 2812 4046 Genesis
2834 3995 3048 4055 legenda
3086 3996 3135 4042 in
3157 3993 3480 4044 Dedicatione
3498 3993 3739 4046 Eccledae
3758 3994 3805 4043 1».

2306 4102 2573 4172 Tempore
2599 4100 2714 4166 illo,
2745 4114 2995 4172 egressus
3019 4098 3186 4154 Iacob
3213 4098 3278 4153 de
3307 4098 3593 4161 Bersabee,
3633 4115 3827 4171 perge-

2232 4195 2327 4251 bat
2358 4197 2539 4250 Aram.
2569 4191 2809 4261 Cumque
2837 4192 3073 4245 venisset
3102 4190 3165 4245 ad
3195 4192 3479 4260 quemdam
3526 4191 3710 4247 locum
3735 4236 3746 4255 ,
3779 4201 3831 4247 et

2237 4288 2395 4343 vellet
2419 4288 2471 4341 in
2503 4301 2569 4341 eo
2597 4285 2942 4354 requiescere
2991 4288 3109 4352 post
3152 4284 3283 4337 solis
3335 4282 3677 4348 occubitum,
3709 4282 3831 4337 tulit

2236 4376 2306 4433 de
2333 4377 2618 4447 lapidibus,
2663 4388 2797 4445 quos
2828 4373 3134 4443 subponens
3161 4374 3321 4443 capiti
3349 4386 3445 4427 suo
3478 4373 3742 4429 dormivit
3776 4375 3830 4427 in

2238 4470 2427 4526 eodem
2460 4470 2613 4535 loco;
2642 4467 2884 4537 viditque
2918 4465 2969 4519 in
3001 4467 3205 4520 somnis
3236 4466 3436 4520 scalam
3476 4476 3712 4522 stantem
3746 4482 3831 4519 su-

2159 4590 2215 4654 D
2242 4581 2336 4636 per
2366 4575 2561 4619 terram
2587 4607 2601 4629 ,
2632 4571 2689 4617 et
2716 4576 2971 4617 cacumen
2999 4559 3116 4630 ejus
3148 4571 3368 4631 tangens
3395 4560 3585 4616 etelum
3606 4603 3619 4627 ,
3656 4570 3709 4614 et
3740 4576 3832 4614 an-

2237 4659 2385 4727 gelos
2414 4672 2626 4728 quoque
2654 4656 2748 4711 Dei
2778 4654 3129 4709 ascendentes
3176 4663 3230 4709 et
3277 4653 3679 4710 descendentes
3735 4670 3831 4724 per

2235 4766 2380 4815 eam,
2410 4758 2466 4804 et
2492 4748 2773 4803 Dominum
2799 4747 3039 4801 innixum
3065 4747 3226 4801 scalae
3250 4745 3519 4802 dicentem
3544 4746 3652 4801 sibi
3680 4764 3694 4800 :
3722 4747 3835 4816 Ego

2234 4858 2351 4898 sum
2401 4842 2658 4896 Dominus
2704 4840 2845 4895 Deus
2896 4839 3163 4893 Abraham
3216 4840 3379 4906 patris
3433 4844 3543 4906 tui,
3592 4849 3648 4895 et
3697 4841 3835 4895 Deus

2238 4936 2404 4990 Isaac.
2436 4934 2655 4989 Terram
2690 4932 2745 4987 in
2780 4947 2881 5002 qua
2915 4930 3121 4987 dormis
3143 4974 3156 4998 ,
3202 4930 3295 4985 tibi
3342 4930 3480 4986 dabo
3532 4942 3586 4986 et
3640 4934 3834 4987 semini

2238 5039 2371 5084 tuo:
2405 5026 2611 5094 eritque
2640 5040 2821 5080 semen
2852 5034 2997 5078 tuum
3029 5024 3182 5093 quasi
3214 5023 3388 5093 pulvis
3419 5032 3599 5080 terrm.
3636 5025 3836 5081 Dilata-

2241 5122 2388 5178 beris
2417 5120 2482 5174 ad
2511 5119 2839 5175 occidentem
2871 5130 2920 5171 et
2950 5118 3211 5173 orientem
3235 5161 3250 5185 ,
3294 5119 3739 5187 septemtrionem
3785 5134 3835 5177 et

2240 5214 2549 5277 meridiem;
2580 5220 2634 5266 et
2656 5209 3048 5267 benedicentur
3074 5212 3124 5265 in
3157 5220 3209 5267 te
3242 5221 3298 5268 et
3335 5215 3543 5268 semine
3582 5224 3679 5269 tuo
3707 5232 3834 5270 cuu-

2246 5317 2348 5362 etaa
2372 5305 2544 5361 tribus
2572 5312 2751 5369 terra),
2785 5312 2839 5357 et
2865 5317 2960 5357 ero
2989 5312 3169 5357 custos
3204 5313 3325 5358 tuus
3356 5320 3701 5377 quocumque
3727 5326 3831 5377 per-

2235 5398 2469 5454 rexeris.
2499 5395 2562 5449 Et
2584 5393 2836 5449 reducam
2865 5402 2915 5447 te
2944 5394 2998 5448 in
3026 5403 3223 5449 terram
3249 5384 3409 5462 hanc,
3441 5411 3539 5451 nec
3563 5396 3827 5452 dimittant

2218 5491 2342 5546 nisi
2370 5487 2716 5558 complevero
2762 5487 3010 5542 universa
3051 5501 3172 5558 quae
3202 5487 3332 5542 dixi.
3367 5485 3613 5558 Cumque
3662 5490 3827 5559 evigi-

2309 5625 2337 5665 ιι
2379 5625 2503 5681 Haec
2525 5623 2708 5679 Lectio
2734 5623 2860 5681 item
2872 5623 3173 5692 assignatur
3200 5622 3257 5684 in
3284 5622 3624 5683 Lectiones-io
3655 5627 3828 5682 Luse-

2241 5698 2538 5777 vieusiﬂpro
2580 5693 2947 5777 dedicatione,
3001 5692 3069 5755 de
3119 5711 3225 5766 qua
3253 5697 3500 5777 superius
3543 5698 3827 5771 assignate

2239 5778 2366 5824 sunt
2390 5766 2765 5822 Collectiones.
