4060 6346
345 310 451 371 555

912 314 1551 387 SACRAMENTARIUM
1589 314 2057 376 GALLICANUM.
2083 346 2151 358 -—-
2174 318 2550 379 LECTIONES
2586 322 3049 392 QUOTIDIANE.

3518 328 3627 387 554

344 423 507 495 lasset
545 422 713 495 Iacob
743 427 810 482 de
839 442 1058 496 somno,
1120 430 1233 487 ait:
1262 431 1401 488 Vere
1446 433 1705 489 Dominus
1749 444 1832 489 est
1876 435 1930 489 in
1960 434 2011 495 Δ
2036 431 2170 486 dixit
2197 433 2350 502 deos,
2382 436 2446 490 ad
2478 452 2612 507 quos
2643 454 2822 495 sermo
2850 441 2945 495 Dei
2974 440 3143 496 factus
3174 451 3277 508 est,
3308 449 3363 497 et
3391 459 3498 498 non
3528 461 3625 515 po-

341 518 463 585 loco
494 520 616 589 isto,
646 530 699 576 et
727 536 826 593 ego
855 522 1182 585 nesciebam.
1223 524 1539 595 Pavensque
1569 542 1582 579 :
1613 526 1784 592 Quam
1826 535 1933 582 ter-

340 613 535 680 ribilis,
568 614 757 683 inquit,
790 626 872 670 est
899 616 1048 671 locus
1079 617 1206 675 istel
1242 634 1347 673 non
1380 630 1464 675 est
1499 619 1585 675 hic
1615 620 1793 685 aliud,
1827 623 1928 677 nisi

337 704 531 771 donius
579 704 669 761 Dei
700 714 755 762 et
786 715 937 777 porta
967 709 1105 763 caeli.
1137 709 1372 783 Surgens
1426 725 1555 782 ergo
1608 727 1763 769 mane
1813 712 1931 771 tulit

338 796 601 875 lapidem,
636 814 793 868 quem
826 810 1182 870 supposuerat
1223 804 1381 871 capiti
1416 819 1517 859 suo
1541 844 1557 870 ,
1589 814 1641 860 et
1673 806 1845 867 erexit
1877 808 1927 879 in

341 888 549 943 titulum
571 931 586 955 ,
618 890 843 945 fundens
883 893 1061 948 oleum
1101 896 1370 965 desuper;
1404 896 1801 971 appellavitque
1831 914 1929 954 no-

336 995 460 1035 men
488 981 633 1036 urbis
660 982 847 1039 Bethel
870 1025 883 1048 ,
925 1000 1045 1054 qua;
1079 988 1226 1055 prius
1254 988 1395 1042 Luza
1428 990 1736 1045 vocabatur.
1768 990 1931 1047 Vovit

332 1070 499 1127 etiam
528 1083 710 1131 votum
734 1074 919 1132 dicens
943 1094 956 1131 :
977 1076 1033 1132 Si
1057 1077 1219 1135 fuerit
1250 1080 1390 1139 Deus
1420 1096 1649 1148 mecum,
1669 1090 1725 1138 et
1746 1092 1929 1140 custo-

256 1200 267 1207 .
330 1161 497 1223 dierit
521 1177 608 1220 me
635 1165 689 1221 in
718 1166 805 1222 via
831 1183 935 1238 qua
964 1171 1181 1226 ambulo
1202 1212 1216 1235 ,
1249 1181 1304 1227 et
1332 1158 1545 1229 dederit
1572 1173 1704 1229 mibi
1735 1189 1928 1244 panem

328 1254 401 1309 ad
426 1256 755 1312 vescendum
782 1300 797 1324 ,
831 1270 887 1315 et
915 1270 1125 1317 vestem
1153 1263 1219 1319 ad
1251 1264 1618 1332 induendum,
1646 1280 1928 1327 reversus-

330 1362 439 1417 que
467 1348 621 1403 fnero
651 1365 909 1421 prospere
938 1354 1003 1407 ad
1035 1354 1255 1419 domum
1290 1357 1464 1425 patris
1494 1360 1628 1425 mei;
1651 1360 1759 1416 erit
1795 1359 1927 1415 mihi

330 1438 593 1507 Dominus
621 1444 675 1498 in
695 1444 887 1513 Deum,
910 1455 965 1502 et
990 1449 1125 1517 lapis
1146 1448 1281 1515 iste,
1312 1466 1471 1521 quem
1503 1453 1652 1507 erexi
1695 1454 1751 1507 in
1797 1454 1926 1529 titu-

330 1532 464 1598 lum,
483 1535 763 1591 vocabitur
780 1538 972 1595 domus
1000 1540 1092 1595 Dei
1114 1558 1127 1605 ;
1154 1551 1208 1596 et
1227 1551 1548 1601 cunctorum
1571 1559 1690 1615 qua:
1705 1544 1926 1601 dederis

322 1627 483 1694 mihi,
516 1627 753 1684 decimas
779 1630 1002 1686 offeram
1037 1632 1149 1687 tibi.

615 1729 831 1792 Epistola
857 1732 995 1783 Pauli
1032 1733 1233 1796 apostoli
1272 1734 1334 1784 ad
1354 1734 1652 1787 Corinthios.

2038 533 2142 579 test
2166 526 2298 581 solvi
2323 526 2616 599 Scriptura,
2648 547 2806 601 quem
2831 531 2986 587 Pater
3015 533 3369 589 sanctificavit
3398 544 3452 590 et
3478 534 3625 590 misit

2038 615 2091 670 in
2123 619 2399 686 mundum,
2432 636 2527 676 vos
2552 621 2750 687 dicitis,
2782 624 2902 693 quia
2936 624 3298 694 blasphemas,
3327 629 3451 699 quia
3473 627 3615 682 dixi:

2037 707 2200 764 Filius
2228 711 2315 765 Dei
2338 713 2494 767 sum?
2523 711 2579 768 Si
2612 728 2718 769 non
2744 714 2881 771 facio
2900 731 3063 787 opera
3095 715 3272 772 Patris
3299 717 3430 784 mei,
3456 718 3625 775 nolite

2035 801 2253 858 credere
2278 804 2440 872 mihi;
2490 805 2535 860 si
2579 818 2754 863 autem
2788 808 2948 875 facio,
2983 818 3039 864 et
3085 809 3131 864 si
3162 809 3293 864 mihi
3328 824 3434 869 non
3463 810 3625 866 vultis

2032 894 2273 959 credere,
2296 897 2547 979 operibus
2572 898 2778 954 credite
2806 915 2819 954 :
2846 909 2904 956 ut
2929 902 3266 971 cognoscatis
3287 910 3342 959 et
3367 903 3623 969 credatis,

2032 980 2154 1059 quia
2180 989 2232 1046 in
2257 1007 2343 1046 me
2370 1002 2451 1047 est
2479 991 2656 1061 Pater,
2686 1002 2743 1048 et
2767 1009 2867 1066 ego
2895 994 2949 1049 in
2983 996 3165 1053 Patre.

2660 1100 2829 1136 INCIPIT
2851 1100 3002 1137 MISSA.

2105 1166 2271 1222 Deum
2293 1168 2384 1239 qui
2406 1170 2725 1239 templorum
2748 1170 2989 1227 condidit
3008 1182 3346 1239 ornamenta,
3365 1172 3454 1242 qui
3477 1187 3621 1227 mar-

2036 1260 2241 1332 tyribus
2264 1262 2375 1316 suis
2404 1271 2563 1332 atque
2593 1262 2994 1319 confessoribns
3021 1278 3173 1320 sacra
3198 1264 3466 1320 dedicavit
3491 1264 3626 1319 alta-

2032 1354 2134 1418 ria,
2166 1353 2362 1408 fratres
2392 1354 2753 1422 dilectissimi,
2790 1354 2983 1412 affectu
3013 1357 3255 1426 piissimo
3286 1370 3626 1425 veneremur,

2033 1462 2199 1515 prona
2229 1447 2530 1503 humilitate
2557 1458 2845 1521 poscentes
2875 1466 2889 1504 :
2920 1460 2978 1515 ut
3009 1449 3237 1520 templa,
3266 1464 3385 1520 qua:
3420 1449 3626 1504 nomini

2030 1552 2129 1593 suo
2158 1538 2402 1592 dedicata
2427 1528 2572 1602 sunt,
2603 1554 2827 1595 munere
2868 1522 3094 1613 spiritali
3125 1554 3374 1613 respersa
3417 1540 3621 1595 nostris

2029 1629 2236 1685 artibus
2268 1631 2611 1697 inserantur;
2663 1642 2716 1684 ut
2766 1632 2891 1687 dum
2933 1632 3075 1689 diem
3126 1632 3431 1688 festivitatis
3462 1632 3625 1702 hujus

2029 1724 2221 1778 annuis
2254 1724 2563 1779 recursibus
2596 1726 2953 1791 honoramus,
3008 1725 3109 1797 ipsi
3154 1725 3474 1796 templorum
3516 1741 3623 1782 ca:-

401 1813 639 1883 Fratres,
664 1815 759 1871 Det
781 1832 965 1872 sumus
985 1818 1281 1887 adjutores,
1304 1820 1398 1876 Dei
1423 1821 1744 1891 agricultura
1766 1824 1918 1893 estis,
1949 1825 1999 1887 Β
2026 1816 2239 1873 lestium
2291 1831 2447 1886 pares
2495 1814 2629 1871 effici
2678 1830 3003 1871 mereamur.
3041 1816 3330 1871 Precemur
3368 1816 3529 1872 etiam
3562 1828 3623 1875 ut

330 1908 423 1965 Dei
444 1909 729 1965 aedificatio
757 1911 907 1968 estis.
933 1912 1239 1969 Secundum
1266 1915 1492 1983 gratiam
1523 1915 1618 1971 Dei
1649 1932 1770 1986 quae
1788 1917 1918 1974 data

326 2010 411 2057 est
436 2001 589 2066 mihi,
621 2012 677 2057 ut
702 2006 919 2073 sapiens
946 2006 1276 2063 architectus
1306 2009 1717 2066 fundamentum
1733 2014 1915 2081 posui.

314 2094 482 2149 ‘Alius
511 2104 688 2151 autem
730 2098 1164 2167 superaedificat:
1197 2103 1566 2171 unusquisque
1614 2114 1797 2162 autem
1840 2108 1921 2161 vi;-

324 2186 451 2243 deat
499 2190 771 2258 quomodo
818 2192 1230 2261 supermdificet.
1284 2193 1714 2252 Fundamentum
1770 2198 1916 2253 enim

322 2281 471 2336 aliud
500 2296 658 2338 nemo
688 2291 866 2353 potest
894 2298 1093 2353 ponere
1133 2294 1328 2354 praeter
1375 2286 1423 2340 id
1445 2327 1458 2349 ,
1492 2290 1635 2357 quod
1682 2292 1917 2359 positum

322 2383 429 2441 est,
463 2375 602 2443 quod
646 2385 733 2430 est
773 2374 1019 2432 Christus
1048 2377 1232 2434 Jesus.
1260 2378 1317 2435 Si
1346 2380 1466 2449 quis
1506 2390 1686 2437 autem
1732 2397 1921 2454 super-

322 2466 552 2523 azdificat
579 2481 737 2537 supra
765 2468 1171 2527 fundamentum
1190 2512 1205 2537 ,
1232 2486 1423 2527 aurum
1446 2510 1463 2536 ,
1501 2483 1809 2543 argentum,
1836 2477 1915 2531 la-

319 2560 477 2629 pides
510 2562 809 2630 pretiosos;
838 2562 1013 2632 ligna,
1047 2562 1247 2620 fmnum
1269 2604 1285 2628 ,
1328 2564 1614 2634 stipulam;
1664 2568 1919 2625 uniuscu-

319 2650 516 2723 jusque
549 2669 686 2723 opus
719 2656 1062 2713 manifestum
1090 2657 1213 2713 erit.
1242 2656 1369 2712 Dies
1399 2658 1542 2713 enim
1580 2660 1913 2732 declarabit,

319 2744 444 2815 quia
492 2744 546 2799 in
592 2746 715 2815 igne
760 2746 1102 2815 revelabitur,
1153 2756 1209 2803 et
1254 2748 1679 2821 uniuscujusque
1728 2769 1913 2823 opus:

317 2838 480 2905 quale
505 2839 596 2903 sit,
622 2838 757 2908 ignis
790 2838 1057 2907 probabit.
1101 2840 1159 2897 Si
1183 2841 1447 2913 cujusque
1488 2859 1625 2915 opus
1652 2849 1917 2903 manserit

317 2929 461 2999 quod
507 2930 984 3000 superaedificavit,
1017 2934 1317 2989 mercedem
1361 2936 1605 3003 accipiet.
1653 2938 1711 2994 Si
1759 2940 1915 3010 cujus

316 3035 455 3091 opus
477 3023 688 3089 arserit,
706 3024 1085 3080 detrimentum
1110 3025 1343 3093 patietur
1365 3046 1377 3082 :
1396 3030 1511 3099 ipse
1531 3038 1709 3086 tamen
1731 3032 1915 3088 salvus

316 3113 424 3170 erit
446 3156 462 3181 ,
492 3115 569 3169 sic
602 3125 776 3172 tamen
813 3116 963 3187 quasi
994 3132 1089 3187 per
1131 3119 1329 3188 ignem.
1361 3119 1589 3177 Nescitis
1629 3124 1751 3193 quia
1780 3134 1915 3180 tem-

315 3208 464 3278 plum
494 3206 588 3265 Dei
619 3210 769 3275 estis,
793 3219 847 3264 et
877 3211 1763 3279 SpiritusDeihabitatinvobis?Si
1790 3218 1909 3288 quis
1938 3226 1987 3301 α

317 3310 495 3357 autem
539 3302 792 3371 templum
824 3302 916 3358 Dei
940 3304 1534 3375 violaverit,disperdet
1556 3308 1702 3363 illum
1730 3308 1912 3363 Demi-

317 3408 440 3452 nus.
463 3395 749 3466 Templum
773 3397 917 3453 enim
942 3397 1035 3454 Dei
1065 3408 1308 3455 sanctum
1330 3410 1444 3467 est,
1473 3402 1615 3471 quod
1632 3404 1764 3458 estis
1791 3419 1907 3461 vos.

494 3530 671 3584 Lectio
694 3535 849 3583 sancti
870 3532 1125 3597 Evangelii
1152 3536 1421 3586 secundum
1447 3535 1740 3588 Johannem.

390 3637 588 3695 Diebus
617 3638 723 3695 illis
746 3638 883 3693 facta
914 3649 1039 3694 sunt
1061 3639 1300 3695 encaenia
1330 3640 1382 3695 in
1412 3640 1827 3713 Hierusolymis,
1856 3651 1914 3700 et

317 3732 490 3789 hiems
520 3740 653 3790 erat.
677 3733 745 3788 Et
773 3734 1084 3793 ambulabat
1103 3732 1261 3795 .lesus
1286 3735 1336 3788 in
1369 3734 1588 3804 templo,
1618 3735 1671 3791 in
1703 3738 1912 3804 porticu

316 3824 642 3883 Salomonis.
674 3823 1165 3881 Circumdederunt
1193 3840 1322 3896 ergo
1353 3841 1474 3882 eum
1510 3826 1683 3883 Judaei
1707 3869 1721 3893 ,
1754 3838 1808 3883 et
1831 3828 1911 3883 di-

318 3913 512 3972 cebant
539 3917 588 3972 ei
616 3935 631 3972 :
666 3918 955 3987 Quousque
993 3918 1229 3974 animam
1260 3927 1499 3973 nostram
1541 3919 1732 3973 tollis?
1758 3920 1813 3975 Si
1855 3930 1915 3976 tu

318 4024 377 4064 es
404 4008 685 4073 Christus,
735 4009 822 4065 dic
868 4009 1023 4065 nobis
1050 4010 1249 4080 palam.
1281 4010 1580 4081 Respondit
1606 4013 1658 4067 ei
1703 4012 1904 4070 Iesus:

316 4101 533 4171 Loquor
573 4103 753 4169 vobis,
781 4111 835 4158 et
869 4119 973 4160 non
1007 4104 1250 4161 creditis.
1278 4106 1452 4175 Opera
1494 4120 1615 4176 quae
1638 4120 1740 4178 ego
1770 4107 1912 4163 facio

318 4197 370 4251 in
401 4198 617 4252 nomine
649 4196 821 4253 Patris
851 4198 1115 4265 mei,hmc
1138 4200 1506 4257 teStimonium
1538 4201 1823 4269 perhibent
1844 4202 1913 4257 de

318 4304 427 4346 me.
456 4288 561 4345 Sed
591 4304 687 4346 vos
714 4306 819 4346 non
851 4291 1105 4360 creditis,
1147 4294 1271 4363 quia
1310 4310 1415 4348 non
1448 4293 1579 4349 estis
1617 4310 1687 4349 ex
1722 4293 1913 4349 ovibus

318 4382 475 4437 meis.
498 4382 636 4438 Oves
657 4398 791 4439 meae
824 4399 1007 4439 vocem
1038 4399 1210 4441 meam
1234 4385 1479 4453 audiunt,
1505 4394 1558 4441 et
1585 4400 1684 4455 ego
1715 4400 1915 4456 cogno-

320 4489 413 4531 sco
434 4489 557 4541 eas,
590 4485 644 4532 et
669 4488 922 4532 secuntur
951 4494 1037 4534 me
1063 4520 1080 4547 ,
1125 4488 1180 4534 et
1216 4493 1317 4549 ego
1344 4479 1510 4533 vitam
1544 4488 1800 4549 aeternam
1843 4480 1914 4535 do
1957 4529 1965 4538 .

321 4566 429 4631 eis;
461 4574 516 4620 et
547 4580 654 4620 non
685 4564 934 4635 peribunt
981 4566 1036 4621 in
1083 4575 1389 4635 teternum,
1421 4575 1473 4624 et
1502 4581 1607 4624 non
1641 4570 1781 4638 rapit
1817 4584 1912 4625 eas

321 4658 599 4729 quisquam
625 4656 691 4713 de
719 4672 877 4714 manu
901 4673 1041 4715 mea.
1063 4659 1221 4715 Pater
1240 4675 1390 4715 meus
1418 4660 1560 4728 quod
1583 4660 1731 4717 dedit
1752 4662 1907 4729 mihi,

322 4746 496 4819 majus
536 4748 785 4805 omnibus
814 4757 930 4815 est,
962 4756 1018 4805 et
1043 4764 1204 4805 nemo
1234 4758 1411 4821 potest
1436 4765 1629 4822 rapere
1652 4750 1719 4808 de
1749 4767 1913 4809 manu

323 4838 498 4896 Patris
520 4841 646 4896 mei.
679 4842 791 4914 Ego
821 4850 875 4898 et
916 4842 1075 4898 Pater
1115 4859 1281 4899 unum
1317 4859 1521 4901 sumus.
1565 4847 1909 4903 Sustulerunt

324 4932 527 5005 lapides
555 4934 749 5003 Judaei,
785 4946 842 4991 ut
868 4936 1168 5007 lapidarent
1194 4953 1340 4995 eum.
1372 4938 1668 5012 Respondit
1710 4941 1788 4996 eis
1818 4940 1914 4997 Je-

325 5042 417 5085 sus
442 5047 453 5082 :
488 5027 649 5085 Multa
680 5044 843 5100 opera
867 5030 1006 5086 bona
1032 5032 1244 5087 ostendi
1270 5032 1422 5088 vobis
1460 5048 1525 5088 ex
1561 5033 1720 5089 Patre
1751 5033 1912 5090 meo‘:

326 5129 545 5192 propter
586 5122 730 5191 quod
757 5136 941 5178 eorum
971 5138 1108 5193 opus
1138 5138 1227 5179 me
1267 5122 1553 5194 lapidatis?
1599 5124 1916 5195 Responde-

272 5218 275 5219 '
326 5222 453 5268 runt
479 5213 527 5269 ei
556 5212 725 5270 Judaei
754 5231 768 5267 :
804 5215 877 5270 De
898 5216 1038 5271 bono
1057 5230 1221 5286 opere
1248 5232 1354 5272 non
1380 5216 1679 5288 lapidamus
1714 5226 1791 5287 te,
1818 5220 1914 5275 sed

326 5305 395 5363 de
435 5305 794 5374 blasphemia;
840 5315 895 5362 et
939 5308 1061 5377 quia
1107 5316 1161 5362 tu
1207 5311 1368 5367 homo
1396 5325 1517 5365 cum
1548 5312 1623 5365 sis
1646 5352 1661 5380 ,
1692 5312 1824 5366 facis
1861 5321 1912 5367 te

327 5399 504 5469 ipsum
534 5400 723 5467 Deum.
757 5399 1056 5471 Respondit
1081 5401 1160 5467 eis
1186 5400 1348 5459 Jesus
1375 5418 1390 5458 :
1421 5401 1613 5459 Nonne
1650 5404 1911 5475 scriptum

329 5500 414 5546 est
439 5492 492 5546 in
522 5492 641 5564 lege
658 5482 874 5561 vestra,
906 5493 1031 5565 quia
1058 5506 1159 5562 ego
1188 5492 1298 5548 dixi
1324 5511 1337 5546 :
1367 5492 1453 5548 Dii
1491 5496 1642 5549 estis.
1678 5495 1736 5550 Si
1789 5495 1914 5551 illos

400 5662 427 5690 ι
464 5651 741 5709 Pecularis
768 5652 1119 5710 dedicationis
1142 5654 1278 5709 ritus
1307 5660 1423 5708 erat
1443 5652 1570 5706 olim
1603 5653 1657 5708 in
1688 5654 1917 5711 ecclesia

332 5724 593 5793 Romana,
647 5725 837 5780 saltem
880 5726 1121 5781 diversus
1169 5725 1238 5780 ab
1288 5740 1375 5792 eo,
1428 5738 1585 5793 quem
1635 5725 1919 5785 Mediolani

332 5792 533 5850 servari
562 5792 679 5851 mos
701 5804 835 5861 erat,
868 5807 926 5850 ut
953 5812 1018 5851 ex
1049 5796 1319 5851 Ambrosii
1361 5792 1587 5865 epiStola
1630 5794 1698 5849 52
1728 5797 1919 5852 intelli-

330 5867 528 5936 gimus.
556 5885 577 5919 ι
604 5866 737 5922 Cum
767 5882 889 5937 ego,
914 5868 1011 5934 ait,
1059 5867 1333 5923 basilicam
1389 5866 1638 5923 dedicare
1696 5867 1911 5930 vellem.

2030 1912 2464 1967 beatissimorum
2512 1920 2807 1984 martyrum
2866 1911 3258 1981 intercessione
3308 1910 3617 1980 salvemur,

2029 2020 2260 2077 quorum
2284 2002 2339 2058 in
2364 2006 2467 2058 hoc
2494 2003 2610 2059 loco
2633 2011 2659 2041 ι
2684 2002 2935 2072 reliquias
2959 2003 3046 2072 pio
3068 2015 3253 2057 amore
3274 2016 3616 2057 veneramur.

2699 2091 2952 2143 Collectio.

2100 2165 2242 2234 Deus
2266 2179 2355 2248 qui
2386 2178 2451 2232 ad
2481 2180 2684 2234 cultum
2718 2188 2865 2234 tuum
2916 2192 3016 2250 pro
3065 2180 3241 2234 salute
3281 2177 3619 2235 credentium

2027 2272 2129 2328 loci
2158 2274 2315 2329 istius
2350 2272 2757 2343 amplitudinem
2804 2270 3163 2340 consecrasti,
3192 2272 3282 2329 ubi
3316 2272 3611 2329 cottidiana

2025 2364 2362 2421 invocatione
2392 2366 2622 2422 nominis
2649 2365 2727 2420 tui
2752 2365 2983 2421 caelestis
3008 2365 3305 2421 consolatio
3332 2362 3439 2421 nob
3461 2365 3616 2423 dees-

2024 2463 2109 2509 sct
2138 2474 2151 2508 :
2180 2470 2486 2527 quaesumus
2516 2457 2767 2526 pietatem
2792 2465 2956 2524 tuam,
2990 2464 3053 2512 ut
3078 2458 3354 2513 memoriae
3384 2474 3504 2528 qua:
3530 2473 3616 2513 sa-

2025 2547 2132 2601 cris
2163 2546 2463 2603 inferuntur
2493 2548 2771 2612 altaribus,
2799 2547 3007 2603 devotis
3037 2549 3312 2604 mentibus
3340 2549 3406 2604 ad
3436 2565 3613 2605 reme-

2024 2638 2169 2693 dium
2202 2650 2570 2707 prteparentur
2599 2639 2895 2693 animarum
2920 2650 2973 2694 et
3011 2638 3307 2710 supplicem
3346 2638 3606 2695 familiam

2022 2740 2167 2786 tuam
2196 2747 2314 2802 qua:
2347 2732 2441 2786 tibi
2461 2735 2513 2787 in
2545 2734 2746 2801 templo
2775 2731 2959 2802 gloriae
2976 2740 3081 2787 tute
3099 2730 3610 2808 sacrificiumlaudis

2002 2818 2351 2895 gratulantes
2374 2826 2654 2881 immolant
2674 2826 2901 2891 votis,in
2935 2825 3019 2879 illa
3049 2833 3234 2880 saneta
3272 2824 3612 2882 Hierusalem

2022 2917 2161 2973 inter
2208 2916 2377 2975 electa
2425 2918 2659 2974 orelestis
2710 2918 2869 2989 regia:
2918 2926 3232 2974 ornamenta
3279 2919 3601 2975 constituas.

2644 3009 2760 3060 Post
2785 3011 2992 3060 nomina.

2090 3096 2274 3152 Gloria
2307 3096 2403 3152 tibi
2436 3095 2664 3150 Domino
2696 3096 2807 3151 Deo
2838 3104 3053 3162 nostro,
3086 3096 3409 3153 saeculorum
3456 3098 3608 3168 regi,

2018 3186 2297 3243 hominum
2345 3186 2642 3253 conditori,
2687 3186 2776 3255 qui
2812 3187 2863 3240 in
2895 3186 3097 3241 cultum
3128 3189 3388 3259 perpetim
3420 3190 3610 3257 templi

2017 3279 2179 3347 hujus
2208 3279 2466 3335 ambitum
2486 3294 2608 3334 cum
2639 3287 2951 3333 sanctorum
2981 3282 3614 3351 martyrumpatrocinio

2020 3371 2374 3437 consecrasti,
2400 3370 2491 3425 ubi
2515 3370 2807 3425 cottidiana
2834 3370 3120 3426 devotione
3152 3376 3429 3441 prastaris
3457 3392 3484 3430 e
3506 3391 3612 3431 cae-

2017 3464 2103 3532 lis,
2134 3464 2277 3536 quod
2306 3463 2576 3535 petebaris
2609 3467 2659 3518 in
2693 3464 2868 3519 terris.
2897 3462 3128 3520 Introeat
3157 3480 3305 3535 ergo,
3338 3467 3598 3537 Domine,

1994 3556 2306 3628 postulatio
2354 3564 2540 3613 nostra
2586 3572 2768 3612 coram
2818 3566 2867 3611 te
2916 3555 3108 3626 hodie,
3150 3567 3204 3613 et
3234 3558 3286 3612 in
3314 3568 3609 3631 conspectu

2018 3649 2315 3719 majestatis
2349 3658 2451 3702 tute
2492 3646 2665 3703 oratio
2714 3649 2929 3704 contriti
2977 3646 3158 3702 cordis
3207 3650 3499 3721 ascendat;
3550 3668 3611 3707 ac

2016 3744 2349 3814 singulorum
2364 3743 2501 3797 votis
2515 3744 2566 3797 in
2583 3743 2784 3812 templo
2804 3744 2925 3810 hoc,
2944 3742 3099 3814 cujus
3118 3742 3312 3799 natalis
3326 3752 3408 3800 est
3425 3744 3604 3814 hodie,

2017 3852 2115 3909 pro
2144 3836 2491 3907 benignitatis
2552 3847 2655 3891 tua:
2681 3836 2970 3893 serenitate
3024 3838 3292 3908 reSponde
3316 3878 3331 3903 ,
3365 3848 3419 3894 et
3444 3838 3604 3897 fidem

2017 3927 2284 3984 credentis
2305 3927 2505 3984 eﬂ‘ectu
2536 3943 2797 3985 concesso
2852 3928 3124 3998 petitionis
3168 3928 3455 4002 amplifica.
3484 3930 3605 3989 Per.

2671 4017 2745 4067 Ad
2772 4030 2957 4079 pacem.

2091 4103 2267 4167 Deus,
2297 4103 2389 4174 qui
2433 4101 2592 4158 nobis
2625 4117 2720 4171 per
2749 4101 2986 4173 singulos
3025 4117 3194 4158 annos
3234 4104 3406 4160 sancti
3449 4104 3611 4175 hujus

2019 4196 2203 4267 templi
2228 4198 2301 4252 tui
2319 4196 2736 4253 consecrationis
2760 4210 2979 4267 reparas
2999 4196 3167 4264 diem,
3191 4207 3247 4254 et
3275 4198 3446 4255 sacris
3467 4215 3612 4256 sem-

2018 4305 2117 4363 per
2145 4290 2413 4360 mysteriis
2444 4298 2805 4359 repraesentas
2836 4288 3162 4355 incolomes;
3189 4291 3385 4347 exaudi
3416 4306 3606 4361 preces

2019 4381 2203 4453 populi
2232 4382 2306 4436 tui
2337 4391 2392 4436 et
2418 4391 2634 4452 praasta,
2657 4391 2715 4436 ut
2734 4383 2778 4436 si
2800 4382 2921 4451 quis
2944 4380 3053 4437 hoc
3077 4384 3333 4453 templum
3356 4383 3613 4441 beneficia

2021 4475 2281 4543 petiturus
2311 4473 2635 4545 ingreditur,
2664 4483 2858 4528 cuncta
2905 4488 2965 4529 se
3015 4475 3336 4544 impetrasse
3373 4474 3609 4534 laetetur.

2659 4573 2982 4625 Contestatlo.

1942 4619 1999 4681 Β
2099 4661 2240 4716 Vere
2264 4659 2484 4733 dignum
2514 4667 2570 4713 et
2592 4658 2795 4729 justum
2826 4666 2928 4722 est,
2960 4657 3297 4726 omnipotens
3328 4658 3493 4725 Deus,
3512 4674 3611 4731 pro

2023 4766 2198 4808 annua
2228 4751 2567 4806 dedicatione
2614 4748 2947 4803 tabernaculi
2985 4746 3141 4818 hujus
3163 4794 3176 4819 ,
3206 4749 3406 4819 gratias
3439 4750 3611 4806 hono-

2023 4859 2247 4914 remque
2282 4840 2505 4903 referre,
2537 4840 2691 4909 cujus
2722 4840 2889 4893 virtus
2917 4854 3128 4910 magna,
3163 4840 3335 4909 pietas
3361 4841 3602 4912 copiosa.

2026 4937 2272 5005 Respice,
2305 4948 2634 5007 quaesumus,
2662 4932 2729 4987 de
2757 4931 2923 4999 caelo,
2956 4941 3011 4987 et
3042 4932 3165 4988 vide
3186 4973 3202 4998 ,
3245 4942 3299 4989 et
3326 4934 3485 4989 visita
3512 4934 3614 4991 do-

2025 5043 2169 5085 mum
2204 5029 2392 5093 istam,
2424 5032 2483 5080 ut
2510 5026 2553 5078 si
2584 5026 2708 5095 quis
2736 5026 2789 5080 in
2820 5040 2883 5081 ea
2922 5026 3126 5082 nomini
3159 5034 3248 5082 tuo
3276 5027 3614 5098 supplicave-

2022 5121 2113 5188 rit,
2143 5120 2373 5176 libenter
2404 5117 2665 5174 exaudias
2691 5162 2705 5183 ,
2741 5127 2795 5174 et
2822 5118 3279 5175 satisfacientibus
3309 5122 3611 5177 clementer

2024 5218 2288 5289 ignoscas.
2333 5212 2430 5268 Hic
2471 5211 2563 5268 tibi
2606 5211 2914 5269 sacerdotes
2954 5213 3028 5268 tui
3058 5213 3378 5270 sacrificium
3432 5214 3611 5269 laudis

2020 5307 2285 5371 offerant;
2316 5306 2403 5359 hic
2429 5303 2600 5359 fidelis
2629 5303 2858 5375 populus
2892 5314 3016 5360 vota
3037 5303 3339 5375 persolvat;
3368 5305 3454 5361 hic
3485 5321 3614 5374 pec-

2022 5410 2263 5457 catorum
2292 5410 2460 5454 onera
2506 5397 2875 5469 deponantur;
2908 5396 2996 5452 hic
3025 5396 3159 5451 fides
3190 5398 3338 5466 lapsa
3385 5410 3481 5466 rep
3497 5411 3615 5453 are-

2023 5505 2137 5559 tur;
2178 5493 2262 5549 hic
2308 5491 2425 5562 ipse
2469 5488 2605 5546 inter
2648 5487 2849 5544 bonum
2899 5490 3206 5557 malumque
3258 5489 3611 5559 discernens,

2034 5654 2187 5710 multi
2220 5665 2509 5725 tamquam,
2535 5668 2641 5707 uno
2688 5668 2784 5709 ore
2822 5653 3168 5723 interpellare
3205 5666 3485 5725 coeperunt
3525 5655 3611 5710 di-

2030 5736 2253 5781 centes:
2300 5724 2451 5781 Sicut
2498 5724 2549 5777 in
2609 5725 2871 5791 Romano,
2921 5726 3002 5780 sic
3052 5724 3323 5782 basilicam
3369 5726 3608 5782 dedices.

2029 5796 2573 5869 Restiondizgfaciam
2587 5796 2629 5847 si
2669 5803 2962 5867 martyrum
2992 5797 3249 5869 reliquias
3276 5800 3549 5855 invenero.
3582 5815 3603 5850 ι

2027 5869 2101 5924 lta
2132 5871 2223 5925 ille
2252 5868 2316 5923 ad
2343 5866 2726 5922 Mareellinam.
