4060 6346
517 348 622 405 535

1300 341 1640 399 APPENDIX
1682 340 1773 396 AD
1816 338 2045 395 OPERA
2090 338 2151 393 S.
2209 337 2519 394 GERMANI
2566 335 3009 395 PARISIENSIS.

3697 327 3809 389 556

517 483 643 524 cuin
662 458 878 523 causam
901 463 1275 534 interpellatus
1293 462 1619 531 judicaveris
1643 476 1802 528 quam
1826 476 1930 514 non
1955 459 2103 528 igno—
2129 455 2183 517 Α
2208 454 2410 521 didisti,
2448 456 2644 526 quique
2666 455 2960 533 angelicam
2982 452 3336 510 substantiam
3354 449 3653 523 splendore
3672 461 3809 507 Con-

514 576 627 629 ras,
659 561 784 616 hinc
811 560 1127 629 simplicitas
1168 559 1408 613 absoluta
1441 558 1659 621 redeat,
1694 556 1815 609 hinc
1846 554 2101 623 impietas

513 654 799 712 emendata
826 652 1086 708 discedat.
1114 651 1354 707 Inveniat
1375 649 1511 720 apud
1541 659 1620 714 te,
1649 648 1896 711 Domine,
1922 648 2101 701 locum

514 746 687 802 veniae
737 746 1056 815 quicumque
1102 744 1168 799 ad
1227 744 1442 797 domum
1501 742 1657 796 istam
1717 739 2105 797 satisfactionis

517 836 836 908 confugerit,
868 846 923 893 et
949 838 1168 892 conscio
1193 836 1380 891 dolore
1410 836 1614 901 victus,
1651 834 1716 889 ad
1761 835 1948 889 altaria
1982 845 2101 903 tua,

517 929 655 985 rivis
681 945 896 985 suarum
929 929 1118 985 laverit
1149 929 1486 983 lacrimarum
1514 968 1529 994 ,
1558 927 1649 982 ubi
1680 928 1724 982 si
1766 928 1983 997 quando
2014 945 2108 997 po-

517 1022 676 1092 pulus
708 1030 831 1076 tuus
856 1022 1025 1077 tristis
1053 1029 1377 1089 maestusque
1420 1019 1773 1085 convenerit,
1820 1019 2108 1087 adquiesce

516 1114 719 1184 rogari,
736 1123 788 1168 et
806 1124 1020 1184 rogatus
1034 1113 1270 1184 indulge.
1298 1110 1519 1167 Custodi
1534 1112 1696 1167 etiam
1716 1112 1816 1165 sub
1838 1112 2102 1180 guberna.

520 1205 671 1262 tione
686 1206 918 1262 nominis
944 1206 1038 1261 tui.
1065 1205 1169 1261 Per
1188 1206 1467 1261 Christum
1507 1204 1793 1261 Dominum
1844 1213 2105 1261 nostrum.

1085 1297 1207 1349 Item
1233 1297 1549 1349 Contestatio.

598 1379 735 1437 Vere
760 1382 978 1452 dignum
1010 1393 1065 1438 et
1106 1382 1308 1452 justum
1336 1390 1439 1449 est,
1459 1381 1805 1451 omnipotens
1838 1381 1977 1437 Deus
2005 1423 2019 1447 ,
2052 1390 2112 1436 ut

512 1462 683 1526 altare
708 1472 810 1527 hoc
840 1472 1040 1528 sanctis
1070 1473 1257 1528 usibus
1299 1480 1661 1543 praeparatum
1704 1472 1907 1527 ccclesti
1951 1473 2110 1529 dedi-

496 1562 727 1619 .catione
764 1564 1094 1629 sanctiﬁces;
1136 1573 1193 1619 ut
1222 1564 1361 1619 sicut
1393 1564 1783 1620 Melchisedech
1818 1567 2113 1621 sacerdotis

520 1656 849 1714 oblationem
895 1659 1147 1729 dignam,
1195 1658 1268 1713 ita
1312 1670 1454 1711 novo
1498 1655 1622 1712 huic
1667 1658 1861 1713 altario
1888 1673 2111 1713 munera

518 1763 742 1816 semper
773 1759 996 1820 accepto
1032 1750 1173 1806 ferre
1201 1749 1437 1820 digneris
1465 1764 1481 1803 ε
1510 1758 1569 1805 ut
1610 1750 1836 1819 populus
1864 1758 1988 1805 tuus
2017 1765 2109 1805 ec-

520 1842 703 1899 clesiae
731 1842 948 1897 domum
977 1852 1217 1898 sanctam
1261 1843 1588 1899 conveniens
1608 1883 1622 1909 ,
1650 1857 1813 1913 super
1839 1842 1954 1899 haec
1980 1859 2111 1913 pura
2144 1854 2194 1915 Β

513 1932 777 1991 libamina
824 1936 1027 1992 caelesti
1075 1935 1499 1993 sanctiﬁcatione
1539 1937 1841 1992 animarum
1897 1952 2111 2009 quoque

520 2043 739 2085 suarum
784 2030 1009 2087 salutem
1058 2042 1369 2103 perpetuam
1408 2043 1794 2102 consequatur,
1826 2049 1922 2104 per
1950 2034 2111 2090 Chri-

522 2130 665 2178 stum
692 2123 979 2180 Dominum
1004 2136 1270 2182 nostrum.

808 2233 955 2275 MISSA
992 2235 1045 2275 IN
1082 2235 1296 2277 IIONORE
1335 2236 1523 2278 SANCTI
1562 2238 1856 2279 MICIIAIIEL.

814 2308 986 2361 Lectio
1008 2312 1320 2377 Apocalypsis
1349 2316 1501 2364 sancti
1527 2313 1764 2363 Johannis
1786 2316 1833 2364 ³.

592 2393 815 2449 Factum
842 2404 924 2450 est
950 2398 1200 2466 prtelium
1223 2398 1276 2451 in
1300 2397 1456 2462 caelo,
1481 2397 1706 2452 Michael
1726 2404 1781 2452 et
1798 2397 1975 2467 angeli
2001 2399 2121 2468 ejus

520 2488 909 2557 proeliabantur
953 2504 1075 2544 cum
1122 2490 1392 2556 dracone,
1443 2498 1497 2543 et
1526 2490 1689 2544 draco
1719 2490 2027 2559 pugnabat,
2062 2500 2120 2547 et

523 2578 698 2649 angeli
728 2579 879 2649 ejus;
909 2589 965 2634 et
998 2594 1102 2635 n0u
1137 2581 1442 2646 valuerunt,
1476 2595 1651 2649 neque
1681 2582 1829 2635 locus
1872 2581 2125 2637 inventus

526 2680 607 2726 est
632 2686 818 2726 eorum
849 2674 1081 2741 amplius
1110 2674 1161 2727 in
1191 2672 1346 2728 e:r:lo.
1392 2673 1457 2727 Et
1505 2673 1777 2743 projectus
1823 2683 1909 2727 est
1959 2673 2125 2729 draco

521 2764 617 2821 ille
644 2780 887 2833 magnus,
921 2779 1143 2835 serpens
1179 2765 1429 2834 antiquus
1454 2807 1468 2831 ,
1502 2766 1591 2834 qui
1622 2774 1847 2821 vocatur
1875 2764 2125 2821 diabolus

528 2867 584 2914 et
606 2860 869 2923 Satanas,
898 2860 987 2926 qui
1014 2859 1222 2915 seducit
1250 2860 1559 2915 universum
1592 2860 1811 2925 orbem,
1845 2859 2122 2931 proiectus

529 2959 614 3007 est
640 2951 693 3005 in
727 2961 922 3006 terram
944 2991 959 3015 ,
988 2962 1042 3005 et
1072 2950 1245 3021 angeli
1273 2950 1393 3019 ejus
1420 2950 1661 3018 cumgillo
1688 2950 1844 3005 missi
1876 2962 2021 3006 sunt.
2056 2951 2126 3008 Et

529 3042 704 3099 audivi
733 3056 919 3097 vocem
948 3056 1193 3112 magnam
1216 3042 1271 3096 in
1294 3042 1431 3097 caelo
1457 3041 1727 3098 dicentem
1761 3060 1772 3095 :
1803 3041 1954 3099 Nunc
1984 3043 2125 3097 facta

531 3144 614 3190 eSt
642 3134 805 3199 salus,
830 3143 887 3189 et
908 3135 1098 3199 virtus,
1124 3142 1181 3189 et
1204 3148 1428 3204 regnum
1463 3134 1558 3189 Dei
1586 3134 1778 3200 nostri,
1806 3143 1859 3189 et
1887 3144 2125 3205 potestas

529 3226 736 3284 Christi
777 3225 923 3297 ejus,
971 3227 1091 3297 quia
1124 3226 1399 3297 proiectus
1436 3236 1521 3282 est
1564 3236 1847 3282 accusator
1897 3228 2121 3283 fratrum
2150 3243 2199 3306 ο

530 3327 818 3385 nostrum,
853 3319 945 3389 qui
974 3318 1263 3374 accusabat
1300 3319 1425 3375 illos
1470 3327 1595 3374 ante
1633 3328 1982 3387 conspectum
2024 3320 2119 3376 Dei

531 3410 702 3466 nostri
733 3410 818 3466 die
844 3425 908 3467 ac
940 3422 1095 3468 nocte
1120 3427 1137 3466 :
1166 3421 1221 3467 et
1260 3411 1375 3483 ipsi
1414 3412 1663 3467 vicerunt
1714 3395 1862 3465 illum
1905 3422 2124 3481 propter

532 3504 849 3574 sanguinem
881 3505 1040 3574 Agni.
1065 3504 1167 3571 Qui
1194 3505 1354 3561 habet
1379 3521 1586 3572 aurem,
1616 3506 1797 3561 audiat
1824 3507 2123 3578 quid.......

695 3595 871 3647 Lectio
906 3599 1055 3647 sancti
1080 3597 1333 3655 Evangelii
1358 3601 1629 3649 secundum
1671 3598 1963 3650 Matthaaum.

604 3681 805 3739 Diebus
830 3683 959 3750 illis,
988 3684 1287 3753 adsumpsit
1316 3686 1572 3741 Dominus
1593 3687 1750 3742 .lesus
1783 3687 1999 3743 Petrum
2023 3729 2036 3751 ,
2072 3698 2128 3744 et

531 3779 814 3844 Iacobum,
847 3788 902 3835 et
920 3778 1218 3833 Iohannem
1246 3780 1463 3834 fratrem
1494 3780 1633 3850 ejus,
1659 3790 1714 3835 et
1740 3782 1897 3836 duxit
1924 3782 2047 3837 illos
2075 3782 2129 3839 in

531 3880 773 3927 montem
828 3869 1101 3925 excelsum
1149 3884 1393 3925 seorsum
1422 3915 1435 3936 ,
1487 3881 1543 3925 et
1590 3871 2003 3941 transfiguratus
2048 3881 2133 3926 est

533 3969 660 4017 ante
688 3975 803 4015 eos.
840 3960 908 4014 Et
931 3958 1265 4029 resplenduit
1289 3958 1450 4016 facies
1499 3960 1619 4031 ejus
1652 3963 1789 4017 sicut
1817 3962 1895 4017 sol
1923 3979 1937 4027 ;
1967 3964 2134 4018 vesti-

535 4066 720 4110 menta
748 4062 928 4109 autem
977 4051 1095 4121 ejus
1121 4050 1260 4105 facta
1288 4061 1411 4106 sunt
1441 4051 1559 4107 alba
1600 4052 1738 4107 sicut
1766 4053 1877 4106 nix.
1913 4052 1982 4107 Et
2007 4067 2133 4108 ecce

533 4152 898 4215 apparuerunt
926 4142 1033 4197 illis
1061 4142 1273 4213 Moyses
1295 4152 1350 4197 et
1377 4142 1557 4198 llelias
1588 4156 1707 4197 cum
1731 4156 1798 4197 eo
1828 4144 2132 4213 loquentes.

538 4234 896 4307 Respondeas
924 4246 1101 4291 autem
1136 4234 1348 4302 Petrus,
1372 4236 1509 4289 dixit
1534 4234 1598 4289 ad
1622 4235 1805 4290 .lesum
1834 4254 1845 4288 :
1881 4236 2135 4302 Domine,

534 4331 737 4386 bonum
786 4328 1108 4385 estuoslnc
1148 4340 1292 4383 esse.
1345 4326 1400 4383 Si
1456 4327 1560 4391 vis,
1616 4326 1700 4381 hic
1733 4325 1990 4383 faciamus
2035 4328 2140 4383 tria

535 4422 901 4487 tabernacula,
960 4418 1052 4475 tibi
1102 4435 1289 4484 unum,
1342 4428 1397 4473 et
1436 4418 1603 4489 Μοῖς’
1642 4433 1837 4484 unum,
1882 4428 1935 4475 et
1970 4420 2141 4476 lleliaa

536 4534 720 4575 unum.
755 4518 943 4575 Adhuc
971 4531 1037 4572 eo
1067 4516 1319 4585 loquente
1344 4554 1359 4575 ,
1384 4526 1512 4568 ecce
1542 4512 1708 4567 nubes
1736 4512 1915 4567 lucida
1947 4513 2144 4569 obum-

2211 547 2399 618 spicuo
2429 548 2791 616 potentialiter
2835 547 3130 609 adornasti,
3180 557 3233 601 te
3262 545 3535 616 supplices
3584 556 3805 614 quasn-

2209 656 2330 696 tnus
2357 649 2412 695 et
2440 655 2686 705 oramus,
2718 650 2777 694 ut
2831 643 2883 695 in
2933 640 3032 695 hac
3084 638 3470 705 sollemnitate,
3496 649 3662 703 quam
3707 635 3809 688 sub

2210 732 2287 789 tui
2332 733 2562 788 nominis
2618 734 2956 788 invocatione
2986 734 3040 787 in
3087 735 3297 787 honore
3336 726 3655 799 archangeli
3698 726 3805 780 Mi-

2208 827 2450 884 chahelis
2507 828 2892 901 [celebramus
2942 826 2987 893 Ἰ,
3042 834 3253 883 nostras
3303 839 3494 897 preces
3546 820 3807 879 exaudire

2210 921 2468 993 digneris.
2492 919 2613 976 Per.

2894 992 3116 1045 Secreta.

2288 1080 2482 1135 Preces
2514 1080 2691 1151 pepuli
2718 1078 2811 1145 tui,
2842 1079 3091 1140 Domine,
3118 1077 3402 1145 dignanter
3422 1071 3646 1137 exaudi.
3677 1082 3812 1139 quas

2215 1174 2270 1228 in
2299 1173 2443 1227 culto
2476 1172 2660 1241 templi
2692 1170 2849 1239 hujus
2877 1170 2947 1223 ob
2989 1169 3249 1223 honorem
3293 1164 3467 1221 sancti
3504 1159 3817 1231 archangeli

2216 1263 2293 1319 tui
2325 1262 2726 1317 Michahelis....
2777 1271 2832 1315 et
2885 1262 2957 1314 ita
3000 1260 3091 1313 tibi
3143 1274 3239 1327 pro
3286 1257 3400 1326 ejus
3448 1251 3818 1309 sollemnitate

2215 1355 2418 1412 oblatio
2448 1362 2629 1410 nostra
2659 1354 2748 1407 ﬁat
2776 1362 3015 1422 accepta.

2841 1446 3161 1497 Contestatio.
3226 1449 3245 1459 ‘

2290 1533 2429 1589 Vere
2456 1532 2674 1604 dignum
2724 1539 2777 1585 et
2801 1529 3004 1600 justum
3036 1539 3143 1597 est,
3170 1526 3510 1597 omnipotens
3536 1524 3715 1587 Deus,
3766 1522 3823 1577 in

2217 1629 2305 1684 die
2332 1628 2634 1685 festivitatis
2652 1625 2947 1691 hodierna},
2972 1640 3077 1695 quo
3108 1624 3165 1679 in
3188 1624 3392 1678 honore
3420 1621 3566 1677 beati
3588 1618 3821 1675 archan-

2216 1722 2323 1793 geli
2351 1721 2664 1779 Michahelis
2683 1719 2929 1775 dedicata
2960 1717 3163 1772 nomini
3193 1724 3284 1770 tuo
3316 1716 3433 1770 loca
3480 1712 3652 1768 sacris
3697 1718 3824 1767 sunt

2223 1816 2464 1872 instituta
2491 1814 2786 1887 mysteriis,
2810 1812 3046 1867 omnium
3075 1810 3333 1866 societate
3354 1817 3673 1863 sanctorum
3707 1806 3824 1876 ipsa

2220 1909 2373 1974 ﬁdes,
2404 1922 2522 1979 quas
2554 1907 2675 1961 illos
2706 1906 2799 1959 tibi
2818 1906 2941 1960 fecit
2967 1904 3168 1959 amicos
3188 1916 3329 1969 esse,
3360 1916 3457 1971 pro
3488 1901 3645 1957 nobis
3674 1899 3821 1970 apud

2219 2012 2273 2059 te
2300 2002 2455 2057 faciat
2498 2000 2807 2056 advocatos.
2834 1998 3050 2053 Illorum
3082 2012 3282 2053 corona
3308 2007 3493 2052 nostra
3521 1998 3596 2051 sit
3619 1996 3821 2062 venia;

2219 2096 2448 2151 imitatio
2474 2110 2571 2150 nos
2597 2108 2717 2149 esse
2758 2093 2915 2148 faciat
2960 2092 3077 2146 sine
3131 2104 3322 2158 perna,
3373 2090 3591 2145 illorum
3648 2088 3824 2144 oratio

2220 2185 2449 2239 salutem
2492 2182 2646 2239 nobis
2692 2182 2935 2238 conferat
2978 2185 3359 2252 sempiternam
3392 2196 3490 2251 per
3537 2178 3819 2236 Christum

2222 2279 2531 2335 Dominum.

2617 2389 2765 2429 IISSA
2805 2389 2907 2430 PRO
2952 2389 3077 2429 I’I'ER
3116 2386 3423 2430 AGEN'I'IBUS.

2538 2466 2756 2530 Epistola
2781 2468 2920 2517 Pauli
2945 2468 3149 2530 apostoli
3172 2468 3231 2516 ad
3258 2466 3511 2529 Ephesios.

2300 2551 2534 2616 Fratres,
2595 2552 2771 2607 videte
2815 2552 3083 2620 quomodo
3133 2560 3288 2606 caute
3337 2550 3649 2613 ambuletis,
3711 2564 3817 2606 non

2228 2646 2378 2715 quasi
2403 2644 2743 2714 insipientes,
2791 2645 2886 2698 sed
2928 2653 2986 2698 ut
3016 2643 3309 2712 sapientes,
3342 2642 3671 2698 redimentes
3696 2652 3821 2698 terni

2228 2755 2349 2810 pus,
2379 2730 2634 2807 quoniam
2663 2738 2780 2794 dies
2819 2738 2944 2792 mali
2967 2748 3090 2792 sunt
3121 2737 3242 2791 δη..

2389 2831 2555 2882 Lectio
2593 2833 2747 2882 sancti
2774 2830 3029 2893 Evangelii
3068 2829 3336 2880 secundum
3360 2828 3669 2878 Mattheum.

2304 2916 2363 2971 In
2387 2931 2776 2986 quamcumque
2821 2916 3091 2971 civitatein
3123 2924 3215 2968 aut
3254 2914 3533 2969 castellum
3589 2914 3819 2968 intrave-

2233 3012 2369 3077 ritis,
2402 3012 2729 3082 interrogate
2758 3012 2877 3080 quis
2899 3011 2953 3065 in
2974 3025 3039 3066 ea
3062 3010 3256 3079 dignus
3280 3010 3379 3073 sit;
3411 3020 3463 3063 et
3494 3007 3565 3063 ibi
3610 3019 3821 3064 manete

2234 3104 2406 3161 donec
2460 3106 2685 3161 exeatis.
2720 3105 2982 3160 lntrantes
3031 3114 3212 3159 autem
3263 3105 3314 3156 in
3341 3102 3559 3157 domum
3594 3104 3822 3159 salutate

2233 3214 2383 3265 eain;
2416 3201 2535 3254 etsi
2560 3197 2793 3269 quidem'
2830 3197 2991 3254 fuerit
3041 3198 3235 3253 domus
3264 3197 3456 3267 digna;
3505 3200 3692 3253 veniat
3726 3214 3819 3266 pax

2235 3301 2411 3348 vestra
2430 3306 2602 3360 .super
2624 3305 2775 3357 eam;
2826 3291 3089 3345 siautem
3134 3292 3238 3344 non
3289 3290 3447 3344 fuerit
3474 3289 3662 3359 digna,
3717 3304 3816 3359 pax

2230 3393 2409 3442 vestra
2441 3386 2507 3440 ad
2537 3400 2632 3439 vos
2660 3392 2981 3441 revertatur.
3015 3384 3080 3439 Et
3107 3384 3431 3452 quicumque
3475 3398 3581 3438 non
3606 3398 3825 3451 recepe-

2231 3480 2303 3533 rit
2350 3494 2469 3544 vos,
2523 3493 2699 3545 neque
2725 3478 2953 3533 audierit
2981 3490 3260 3533 sermones
3296 3484 3520 3541 vestros,
3570 3486 3829 3531 exeuntes

2232 3570 2379 3625 foras
2408 3571 2475 3625 de
2504 3570 2668 3624 domo
2696 3570 2781 3623 vel
2807 3569 2875 3624 de
2903 3568 3143 3633 civitate,
3191 3568 3428 3622 excutite
3456 3568 3737 3636 pulverem
3762 3567 3827 3626 de

2232 3666 2462 3736 pedibus
2488 3664 2707 3720 vestris.
2740 3666 2910 3718 Amen
2960 3664 3081 3718 dico
3112 3663 3287 3729 vobis,
3338 3663 3676 3718 tolerabilius
3723 3666 3827 3720 erit

2236 3770 2393 3815 terra:
2441 3758 2796 3814 Sodomorum
2845 3764 2901 3811 et
2930 3756 3349 3812 Gomorreorum
3402 3757 3455 3810 in
3508 3757 3596 3813 die
3624 3757 3832 3827 judicii,

2235 3868 2393 3922 quam
2416 3852 2511 3907 illi.
2540 3852 2642 3919 Qui
2673 3852 2835 3906 habet
2856 3861 3036 3905 autres
3060 3849 3309 3905 audiendi
3337 3890 3352 3913 ,
3382 3851 3581 3903 audiat.

2863 3981 3031 4017 INCII’I'II
3057 3980 3208 4017 MISSA.

2313 4072 2535 4135 Adesto,
2568 4072 2815 4136 Domine,
2845 4069 3321 4139 supplicationibus
3353 4077 3572 4131 nostris,
3600 4076 3656 4123 et
3687 4066 3826 4123 viam

2243 4164 2428 4219 famoli
2475 4164 2551 4219 tui
2600 4163 2679 4218 ill.
2728 4164 2780 4217 in
2820 4163 2990 4217 salute
3017 4170 3073 4217 et
3103 4160 3459 4230 prosperitate
3487 4161 3713 4231 dignare
3761 4163 3834 4215 di-

2246 4262 2443 4329 rigere,
2496 4268 2555 4312 ut
2599 4257 2740 4313 inter
2789 4271 2977 4311 omnes
3014 4255 3138 4310 vita:
3190 4255 3345 4325 hujus
3408 4254 3697 4310 varietates
3751 4265 3838 4312 tuo

2247 4364 2462 4420 semper
2490 4348 2688 4403 auxilio
2718 4356 3027 4418 protegatur

2918 4438 3172 4490 Collectio.

2323 4523 2554 4589 Exaudi,
2587 4522 2830 4586 Domine.
2885 4535 3217 4592 quaesumus,
3265 4536 3453 4591 preces
3498 4529 3740 4589 nostras,
3786 4531 3839 4579 et

538 4614 710 4668 bravit
735 4627 849 4669 eos.
891 4611 958 4667 Et
980 4624 1112 4666 ecce
1140 4624 1241 4664 V0!
1274 4606 1342 4661 ‘10
1374 4605 1515 4661 llch
1549 4605 1734 4661 άιεεηε
1764 4622 1780 4660 τ
1833 4605 1930 4661 ΙΙίο
1960 4613 2042 4661 εει
2071 4605 2136 4660 ίὶ·
2161 4637 2215 4696 ι)
2248 4614 2563 4687 profectioni
2591 4614 2773 4669 famuli
2802 4614 2876 4669 tui
2921 4613 2995 4668 ill.
3045 4612 3469 4669 misericordiam
3522 4628 3743 4684 semper
3789 4623 3839 4670 et

536 4705 641 4762 lius
672 4718 824 4761 meus
861 4702 1111 4765 dilectus,
1164 4701 1219 4755 in
1267 4713 1374 4768 quo
1418 4697 1547 4753 mihi
1597 4698 1926 4767 cmplacuit,
1959 4697 2135 4766 ipsum

536 4796 739 4853 audite.
784 4796 851 4851 Et
897 4794 1177 4850 audientes
1206 4790 1455 4857 discipuli
1501 4789 1813 4846 ceciderunt
1856 4791 1908 4845 in
1941 4789 2136 4845 facient

432 4916 449 4928 ο
537 4906 713 4955 suam,
739 4899 795 4945 et
824 4887 1120 4944 timuerunt
1142 4885 1297 4941 valde
1324 4885 1518 4939 timore
1544 4898 1759 4954 magno.
1812 4882 1880 4937 Et
1906 4884 2137 4938 accessit

537 4984 722 5049 Iesus,
743 4992 798 5038 et
820 4980 992 5050 tetigit
1016 4994 1134 5043 eos,
1178 4979 1424 5048 dixitque
1450 4979 1528 5033 eis
1556 4992 1570 5031 :
1603 4977 1843 5050 Surgite,
1875 4987 1928 5032 et
1971 4976 2137 5034 nolite

539 5077 755 5131 timere.
788 5072 1055 5128 Levantes
1096 5080 1274 5126 autem
1304 5071 1509 5135 oculos,
1547 5070 1815 5125 nemiuem
1858 5070 2128 5137 viderunt,

541 5166 644 5222 nisi
664 5166 841 5221 solum
883 5161 1089 5217 .lesum.
1124 5160 1193 5214 Et
1221 5160 1671 5215 descendentibus
1702 5160 1803 5215 illis
1837 5160 1904 5215 de
1932 5170 2139 5227 monte,

539 5258 797 5330 praecepit
833 5255 992 5311 Iesus
1038 5252 1223 5309 dicens
1254 5270 1267 5306 :
1313 5252 1525 5308 Nemini
1556 5251 1801 5308 dixeritis
1837 5254 2139 5320 visionem,

542 5354 716 5410 donec
741 5352 880 5407 ﬁlius
910 5348 1142 5406 hominis
1166 5365 1195 5403 a
1225 5351 1447 5406 mortuis
1478 5359 1743 5419 resurgat.

1165 5457 1334 5495 INCIPIT
1372 5457 1524 5493 IIISSA.

620 5530 865 5595 Etcrne,
890 5530 1231 5600 omnipotens
1262 5531 1420 5585 Deus.
1452 5528 1553 5596 Qui
1583 5527 1885 5583 universam
1911 5526 1966 5582 in
1992 5526 2142 5596 prin-

548 5622 691 5693 cipio
719 5630 1043 5689 creaturam,
1087 5608 1263 5676 Verbo
1289 5628 1635 5690 coeperante,
1685 5636 1751 5675 ex
1794 5618 1963 5675 nihilo
2012 5634 2143 5675 con-

628 5770 652 5797 α
692 5759 819 5814 Περ
847 5758 1000 5813 lectio
1023 5768 1173 5813 recte
1202 5756 1449 5813 convenit
1480 5757 1618 5811 festo
1640 5756 1809 5811 sancti
1837 5754 2137 5822 Michaelis;

550 5832 646 5886 sed
671 5827 955 5901 quomodo
989 5829 1333 5899 Evangeliuni
1379 5829 1557 5886 eidem
1607 5829 1775 5899 aptari
1808 5828 2000 5901 possit,
2033 5843 2142 5891 non

552 5898 707 5957 facile
736 5898 1071 5967 intelligitur.

2243 4708 2438 4777 ubique
2462 4706 2756 4775 praetende,
2786 4714 2843 4760 ut
2869 4708 2920 4761 in
2951 4706 3202 4762 omnibus
3221 4716 3307 4761 tua
3331 4706 3651 4761 defensione
3673 4705 3841 4776 justo-

2241 4814 2360 4853 rum
2392 4796 2781 4853 desideriorum
2816 4797 3052 4865 potiatur
3077 4796 3384 4863 effectibus,
3418 4804 3476 4851 ut
3500 4795 3571 4851 de
3629 4797 3841 4852 incolo-

2243 4889 2430 4944 mitate
2484 4888 2652 4957 ipsius
2715 4888 2891 4960 adque
2938 4889 3165 4945 victuria
3203 4888 3299 4944 tibi
3350 4888 3579 4944 Domino
3626 4903 3841 4960 semper

2242 4980 2441 5052 gratias
2467 4980 2790 5037 referamus.
2823 4981 2950 5037 Per.

2866 5071 2984 5122 Post
3010 5074 3219 5123 nomina.

2321 5156 2482 5220 Deus,
2515 5155 2606 5225 qui
2636 5154 2979 5225 diligentibus
3012 5164 3073 5210 'te
3126 5155 3182 5210 in
3212 5155 3357 5211 nulla
3386 5171 3446 5212 es
3473 5157 3699 5227 regione
3732 5157 3842 5213 Ion-

2247 5250 2497 5318 ginquus,
2525 5246 2695 5315 dirige
2720 5247 2861 5301 viam
2918 5245 3238 5302 famolorum
3270 5256 3483 5303 tuorum
3529 5249 3613 5304 ill.
3654 5249 3715 5304 in
3756 5264 3841 5303 vo-

2248 5346 2453 5399 luntate
2484 5353 2591 5409 tua,
2624 5350 2680 5397 ut
2725 5350 2778 5396 te
2808 5350 3148 5411 protectore,
3196 5350 3249 5397 te
3295 5342 3433 5398 duce
3480 5357 3580 5413 per
3618 5341 3841 5415 justitia

2249 5445 2353 5490 tua:
2379 5434 2601 5490 semitas
2630 5433 2748 5488 sine
2787 5433 3085 5489 offensione
3113 5433 3444 5504 gradiantur.

2902 5526 2975 5575 Ad
3000 5539 3188 5590 pacem.

2319 5612 2580 5681 Suscipe,
2628 5611 2876 5677 Domine,
2921 5612 3192 5681 prepicius
3250 5614 3550 5671 orationem
3601 5621 3836 5674 nostram
3885 5602 3897 5617 ’

2319 5756 2345 5797 b
2390 5757 2483 5833 llic
2523 5758 2725 5833 lacuna
2781 5771 2875 5810 seu
2925 5756 3154 5826 spatium
3199 5759 3436 5831 quinque
3491 5771 3749 5833 versuum
3785 5755 3835 5812 in

2248 5829 2537 5898 exemplari
2570 5844 2792 5885 vacuum
2821 5834 2927 5879 est.
