4060 6346
302 351 408 410 537

871 346 1503 410 SACRAMENTARIUM
1545 348 2013 409 GALLICANUM.
2038 379 2104 393 —-
2132 351 2509 411 LECTIONES
2546 354 3014 423 QUOTIDIANJE.

3482 353 3596 417 5'38

302 482 403 538 pro
432 465 630 521 famolo
657 472 749 520 tuo
779 464 858 520 ill.
882 466 971 535 qui
1018 465 1069 520 in
1095 465 1251 536 longa
1296 477 1560 522 terrarum
1594 468 1762 533 spatia
1793 462 1887 518 de-
1915 467 1967 524 A
1998 465 2144 519 viciis
2173 469 2436 534 contraxi,
2469 469 2588 539 pius
2616 479 2671 526 et
2703 471 2975 541 propicius
3002 484 3067 527 ac
3096 473 3383 529 miseratus
3410 471 3595 529 iudul‘

300 560 520 624 tinetur,
555 572 651 627 pro
696 572 802 627 quo
835 557 1099 627 Majestati
1157 570 1260 614 tua:
1294 558 1561 628 supplices
1611 556 1882 611 fundimus

299 667 511 723 preces,
533 660 591 706 ut
616 651 813 721 dirigas
834 651 884 706 ei
913 652 1173 722 Angelum
1195 654 1404 722 pietatis
1439 652 1667 722 tumqui
1683 667 1805 706 eum
1825 650 1892 704 ad

298 743 624 800 domicilium
647 758 803 799 suum
826 744 1031 800 salvum
1064 755 1120 801 et
1164 745 1466 801 ineolomen
1512 755 1885 815 repraesentet.

934 835 1248 888 Contestatio.

373 919 509 976 Vere
537 920 757 991 dignum
784 928 841 976 et
860 921 1062 991 justum
1092 930 1193 985 est,
1224 923 1565 992 omnipotens
1595 922 1758 980 Deus.
1789 922 1892 990 Qui

294 1022 624 1082 properante
671 1012 840 1069 Iacob
884 1015 984 1069 sub
1044 1013 1318 1069 felicitatis
1379 1015 1551 1085 gratia
1609 1017 1889 1071 commoda

294 1107 501 1162 itenera
530 1106 806 1173 direxisti;
839 1106 1033 1178 cuique
1061 1116 1116 1162 tu
1149 1108 1263 1178 ipse
1292 1123 1533 1173 cursum,
1566 1123 1749 1163 curam
1782 1111 1891 1166 sol-

292 1199 729 1267 licitudinemque
758 1214 946 1271 gerere
968 1200 1216 1271 dignatus
1241 1216 1332 1268 es;
1358 1216 1564 1257 necnon
1588 1212 1642 1258 et
1667 1202 1891 1259 Thohiae

296 1291 499 1348 famolo
534 1300 628 1347 tuo
657 1292 903 1361 angelum
933 1301 1082 1346 tuum
1112 1291 1304 1348 ducem
1334 1293 1587 1361 praevium
1639 1294 1891 1362 praestiti-

290 1386 384 1440 sti.
413 1384 754 1454 Quapropter
801 1385 1243 1454 omnipotentiam
1286 1394 1454 1452 tuam,
1502 1386 1743 1452 Domine,
1795 1387 1890 1440 hu-

291 1477 494 1532 militer
522 1478 868 1546 pustolamus,
926 1486 981 1531 ut
1014 1478 1103 1531 ita'
1132 1476 1518 1547 profectionem
1569 1477 1888 1535 famolorum

292 1578 508 1623 tuorum
534 1567 767 1638 dirigere
793 1582 887 1624 eos
918 1570 971 1623 in
1001 1569 1203 1624 itenere
1232 1579 1286 1625 et
1312 1571 1582 1627 custodire
1612 1571 1887 1641 digneris;

289 1659 545 1730 quatinus
573 1659 778 1714 nullum
805 1659 1101 1729 pericolum
1130 1657 1414 1733 [sentiant]
1447 1676 1545 1731 per
1570 1663 1742 1732 spatia
1778 1673 1888 1719 ter-

288 1764 496 1811 rarum,
545 1736 638 1804 aut
682 1750 808 1820 juga
860 1754 1145 1818 montium,
1194 1752 1280 1807 vel
1328 1764 1616 1822 eoaugusta
1671 1754 1887 1810 vallium

1996 575 2151 630 gcas,
2182 572 2235 616 et
2265 563 2439 618 locum
2471 565 2793 634 paenitentiae
2839 581 2903 621 ac
2930 565 3147 621 ﬂumina
3198 566 3537 622 lacrimarum
3569 610 3585 636 ,

1994 668 2303 711 concessam
2334 659 2565 726 veniam,
2598 674 2625 713 a
2656 671 2708 714 te
2735 675 2947 716 merear
2975 662 3237 731 accipere.

2615 770 2733 821 Post
2753 774 2960 823 nomina.

2064 849 2224 916 Deus,
2257 853 2344 921 qui
2378 853 2616 907 vivorum
2648 869 2707 909 es
2753 856 2988 911 salvator
3028 856 3291 925 omnium,
3342 857 3430 927 qui
3473 873 3581 913 non

1992 942 2076 997 vis
2106 954 2331 999 mortem
2365 948 2658 1012 peccatoris
2686 962 2783 1003 nec
2821 948 3022 1004 laetaris
3048 949 3104 1005 in
3136 949 3438 1020 perditione
3468 968 3588 1005 mo-

1992 1034 2262 1101 rientium,
2303 1047 2352 1092 te
2395 1039 2706 1107 suppliciter
2749 1040 3031 1110 deprecor,
3064 1049 3122 1095 ut
3150 1041 3419 1097 concedas
3451 1040 3584 1098 mibi

1992 1131 2199 1187 veniam
2231 1132 2565 1199 delictorum,
2610 1144 2667 1189 ut
2695 1136 2927 1191 admissa
2955 1136 3203 1203 deﬂeam,
3238 1146 3291 1193 et
3339 1137 3390 1192 in
3440 1149 3586 1207 post-

1992 1223 2207 1279 modum
2242 1241 2347 1279 non
2377 1226 2687 1294 admittam;
2733 1237 2787 1283 et
2813 1230 2950 1285 'cum
2991 1230 3125 1285 mihi
3172 1241 3414 1287 extrema
3473 1233 3590 1291 dies

1993 1312 2227 1383 ﬁnisque
2250 1316 2372 1369 vitae
2400 1316 2694 1384 advenerit,
2726 1320 3030 1377 emundatis
3059 1321 3271 1378 delictis
3313 1324 3584 1391 omnibus,

1992 1418 2079 1458 me
2109 1405 2331 1476 angelus
2362 1408 2665 1464 sanctitatis
2692 1410 2967 1479 suscipiat.
2998 1410 3119 1468 Per.

2643 1526 2715 1570 Att
2742 1535 2934 1585 pacem.

2068 1596 2212 1653 Deus
2237 1600 2477 1655 caritatis
2505 1609 2559 1657 et
2590 1606 2758 1672 pacis,
2790 1607 2879 1675 qui
2913 1621 3010 1676 pro
3038 1605 3208 1662 salute
3237 1608 3453 1677 generis
3485 1608 3587 1664 huc

1992 1688 2137 1743 mani
2163 1690 2337 1745 crucis
2365 1691 2657 1761 patibolum
2687 1694 2973 1763 pertulisti,
3003 1704 3057 1750 et
3085 1697 3397 1766 sanguinem
3434 1707 3585 1754 tuum

1994 1796 2093 1851 pro
2124 1783 2492 1853 redemptione
2523 1794 2701 1841 nostra
2736 1784 2949 1853 fudisti,
2982 1803 3168 1857 preces
3211 1799 3422 1845 nostras
3468 1791 3588 1860 pla-

288 1843 1097 1951 ξθδίξαυθ’ίῖυῐηίηυφνῃνθηθηδ
1118 1855 1469 1951 εθ-Γβθηξωωο
1494 1848 1576 1903 Ve'
1603 1848 1889 1951 _imp_e‘“"f
1922 1859 1968 1920 Β
1994 1843 2145 1929 catus
2174 1884 2229 1931 et
2270 1843 2535 1946 benignus
2565 1878 2806 1948 suscipe;
2839 1886 2895 1934 et
2926 1843 3028 1934 hoc
3068 1843 3416 1945 sacriﬁcium,
3444 1843 3588 1951 quod

292 1933 611 2002 bestiarum,
665 1942 757 1990 aut
802 1932 1121 1992 infestorum
1172 1935 1483 2003 hominum;
1522 1938 1617 1994 sed
1668 1941 1768 1994 sub
1815 1940 1891 1996 tui

287 2027 526 2083 notuinis
555 2026 868 2082 defensione
895 2027 961 2081 ad
990 2027 1165 2081 locum
1193 2026 1518 2082 destinatum
1549 2031 1888 2098 perveniant,

286 2125 344 2173 et
369 2121 617 2187 oportuni
637 2118 893 2188 temporis
919 2118 1140 2173 iteracto
1152 2118 1403 2187 repetito,
1428 2120 1492 2174 ad
1514 2122 1722 2189 prepria
1740 2123 1890 2177 habi-

287 2213 463 2269 tacula
485 2214 800 2270 revertendo
816 2212 1144 2285 suil‘ragiijtui
1168 2223 1476 2269 mereantur
1488 2215 1707 2284 adipisci
1723 2224 1894 2272 custo-

288 2304 438 2362 diam
468 2321 563 2376 per
591 2307 862 2362 Christum
894 2306 1179 2362 Dominum
1207 2317 1468 2363 nostrum.
1499 2307 1593 2363 Cui
1624 2308 1837 2365 merito.

416 2414 567 2455 HISSA
593 2414 843 2463 QUOMODO
871 2413 1138 2455 SACERDOS
1164 2414 1266 2454 PRO
1290 2415 1350 2454 SE
1381 2416 1556 2455 ORABE
1589 2417 1779 2456 DEBET.

460 2490 680 2553 Epistula
706 2490 871 2541 Jacobi
899 2491 1104 2554 apostoli
1130 2493 1191 2541 ad
1212 2492 1469 2543 duodecim
1492 2494 1651 2543 tribus
1668 2494 1714 2543 ⁸.

361 2573 577 2629 Fratres
619 2575 721 2629 mei
749 2574 954 2639 dilecti,
997 2576 1068 2629 sit
1097 2585 1274 2631 autem
1305 2578 1482 2631 omnis
1518 2577 1681 2633 homo
1728 2579 1887 2634 velox

288 2666 357 2722 ad
388 2665 737 2735 audiendum,
773 2668 960 2722 tardus
986 2678 1163 2724 autem
1191 2669 1256 2722 ad
1288 2670 1611 2740 loquendum
1632 2712 1647 2738 ,
1681 2680 1733 2724 et
1778 2680 1886 2727 tar-

289 2756 392 2814 dus
417 2758 484 2813 ad
508 2760 661 2813 iram.
689 2760 765 2814 Ita
788 2759 930 2815 enim
956 2759 1050 2813 viri
1074 2760 1335 2829 justitiam
1360 2761 1451 2814 Dei
1479 2776 1582 2815 non
1606 2773 1883 2832 operatur.

287 2852 515 2923 Propter
560 2852 703 2924 quod
750 2852 1042 2909 abicientes
1108 2868 1321 2908 omnem
1381 2852 1782 2910 immundiciam
1830 2865 1887 2912 et

222 2994 227 2995 κ
289 2946 671 3003 abundantiam
704 2947 942 3015 malitiaz,
977 2947 1028 3001 in
1058 2947 1465 3001 mansuetudine
1494 2948 1749 3017 suscipite
1795 2949 1881 3003 in-

287 3041 452 3099 situm
479 3040 724 3107 verbum,
757 3039 900 3111 quod
929 3048 1106 3109 potest
1137 3040 1346 3094 salvare
1396 3041 1603 3095 animas
1651 3050 1881 3097 nostras.

288 3132 349 3191 Si
376 3133 497 3203 quis
524 3141 702 3189 autem
727 3140 878 3203 putat
904 3147 962 3188 se
991 3132 1299 3202 religiosum
1326 3146 1469 3200 esse,
1501 3142 1553 3187 et
1583 3147 1690 3187 non
1718 3132 1886 3189 refre-

288 3224 688 3296 nansjinguam
733 3240 905 3291 suam,
939 3225 1032 3281 sed
1064 3225 1327 3279 seducens
1364 3239 1459 3279 cor
1498 3239 1676 3291 suum,

286 3325 539 3373 vana.est
564 3317 771 3387 religio.
818 3316 1025 3387 Religio
1064 3316 1261 3371 munda
1291 3325 1345 3371 et
1375 3318 1713 3373 immacolata
1740 3320 1879 3386 apud

288 3408 460 3467 Deum
497 3411 793 3466 et-Patrem
823 3411 937 3466 haec
963 3420 1064 3476 est,
1096 3409 1315 3465 visitare
1344 3410 1571 3480 popillos
1597 3421 1652 3465 et
1695 3408 1881 3465 viduas

288 3501 346 3559 In
373 3502 735 3558 tribulatione.

508 3592 681 3646 Lectio
710 3595 866 3645 sancti
889 3594 1143 3655 Evangelii
1181 3594 1446 3644 secundum
1466 3593 1661 3645 Lucam.

361 3684 490 3754 Quis
516 3700 581 3740 ex
623 3684 775 3741 vobis
821 3686 982 3740 homo
1027 3686 1116 3755 qui
1152 3685 1313 3741 habet
1339 3693 1552 3741 centum
1584 3699 1734 3751 oves,
1762 3694 1814 3741 et
1839 3685 1887 3740 si

290 3776 583 3847 perdiderit
626 3792 784 3831 unam
815 3792 876 3832 ex
925 3776 1058 3843 illis,
1109 3790 1289 3832 nonne
1330 3777 1551 3833 dimittit
1600 3778 1887 3848 nonaginta

289 3883 483 3925 novem
507 3869 560 3922 in
588 3868 817 3934 deserto,
852 3877 903 3924 et
928 3868 1073 3923 vadit
1094 3869 1158 3922 ad
1180 3868 1327 3923 illam
1358 3884 1480 3940 quae
1510 3870 1889 3940 perierat,',do-

292 3974 393 4016 nec
419 3959 654 4015 inveniat
682 3960 845 4014 eam?
875 3959 940 4014 Et
970 3974 1090 4015 cum
1138 3960 1403 4016 invenerit
1446 3975 1588 4026 eam,
1641 3960 1793 4030 ponit
1834 3959 1888 4015 in

289 4050 549 4107 humeros
579 4062 705 4105 suos
729 4048 1001 4119 gaudens;
1034 4060 1089 4105 et
1118 4051 1337 4106 veniens
1360 4050 1601 4115 domum,
1631 4060 1893 4106 convocat

289 4142 493 4198 amicos
518 4151 574 4196 et
598 4142 823 4206 vicinos,
846 4140 1030 4197 dicens
1060 4142 1163 4197 illis
1193 4160 1205 4195 :
1238 4140 1697 4212 Congratulamiui
1728 4142 1885 4208 mihi,

290 4234 412 4306 quia
430 4233 608 4291 inveni
622 4248 776 4289 ovem
800 4247 973 4289 meam
991 4248 1107 4303 qure
1125 4232 1376 4303 perierat.
1405 4234 1535 4289 Dico
1555 4234 1731 4303 vobis,
1748 4234 1892 4304 quod

292 4328 367 4383 ita
393 4327 645 4397 gaudium
673 4327 778 4383 erit
802 4326 854 4381 in
881 4326 1014 4381 c.elo
1042 4341 1203 4397 super
1246 4342 1353 4382 uno
1396 4334 1678 4397 peccatore
1721 4327 1888 4397 paeni-

294 4420 511 4475 tentiam
531 4418 780 4487 habente,
803 4433 962 4490 quam
986 4434 1146 4490 super
1167 4420 1454 4491 nonaginta
1485 4433 1676 4477 novem
1700 4419 1889 4490 justis,

296 4516 385 4585 qui
420 4529 526 4570 non
560 4513 803 4585 indigent
828 4515 1160 4585 paenitentia.

913 4620 1082 4657 INCIPIT
1116 4618 1267 4657 MISSA.

366 4690 770 4762 Suppliciterte,
787 4691 930 4747 Deus
950 4691 1109 4746 Pater
1119 4688 1586 4761 omnipotensfqui
1601 4706 1660 4746 es
1683 4700 1896 4747 creator

294 4784 533 4841 omnium
564 4798 763 4849 rerum,
790 4783 1074 4854 deprecor,
1104 4793 1161 4838 ut
1185 4783 1312 4839 dum
1349 4797 1436 4838 me
1456 4780 1717 4839 famolum
1746 4791 1895 4838 tuum

294 4892 479 4934 coram
501 4877 883 4948 omnipotentia
907 4877 1205 4947 maiestatis
1225 4885 1330 4931 tua:
1354 4876 1587 4945 graviter
1601 4876 1896 4944 deliquisse

294 4972 577 5037 conﬁteor,
602 4985 794 5024 munus
814 4969 1198 5026 misericordiae
1224 4977 1327 5022 tua:
1350 4977 1409 5023 ut
1436 4967 1568 5022 mihi
1590 4981 1845 5037 porregas
1877 4983 1891 5019 :

296 5064 546 5134 quatinus
566 5062 689 5116 dum
706 5059 842 5116 hanc
861 5061 1186 5117 oblationem
1209 5071 1313 5115 tum
1327 5060 1510 5129 pietati
1546 5058 1736 5127 oilero,
1752 5055 1894 5128 quod

298 5154 548 5225 nequiter
576 5152 787 5219 admisi,
816 5152 1237 5208 clementissime
1265 5151 1499 5222 digneris
1513 5149 1818 5205 absolvere.

965 5243 1220 5294 Collectio.

371 5328 511 5385 Deus
538 5325 940 5391 misericordiae,
974 5326 1113 5383 Deus
1144 5327 1381 5396 pietatis,
1422 5326 1565 5382 Deus
1612 5325 1892 5397 indulgen-

298 5420 407 5485 tiae,
450 5419 687 5489 indulge,
716 5433 927 5491 quaeso,
981 5427 1036 5473 et
1085 5418 1343 5473 miserere
1389 5420 1497 5473 mei
1528 5437 1540 5473 :
1571 5419 1889 5474 sacriﬁcium

299 5529 536 5586 quoque,
568 5514 710 5584 quod
759 5513 973 5581 pietatis
1008 5521 1114 5568 tua:
1158 5511 1331 5582 gratia
1379 5512 1651 5567 humiliter
1697 5510 1885 5577 oll‘ero,

300 5606 532 5677 benigne
552 5603 773 5676 dignare
797 5606 1093 5677 suscipere,
1117 5613 1171 5658 et
1192 5612 1407 5673 peccata
1438 5618 1558 5672 quze
1590 5602 1892 5658 labentibus

376 5756 400 5783 ει
435 5746 700 5801 lacertum
730 5752 813 5799 est
839 5758 905 5797 an
939 5743 1021 5797 h'e
1039 5742 1450 5799 Lectionesduze
1468 5740 1532 5795 ad
1562 5742 1894 5809 superiorem

301 5831 368 5869 an
394 5818 457 5871 ad
484 5817 898 5886 subsequentem
921 5815 1136 5886 missam
1157 5815 1476 5886 pertineant.
1501 5811 1607 5867 Sed
1626 5813 1745 5880 quia
1771 5812 1899 5865 mis-

299 5901 416 5944 sam
443 5888 620 5944 solent
648 5884 950 5958 praecedere
966 5885 1271 5955 Lectiones,
1297 5884 1475 5954 potius
1504 5886 1568 5940 ad
1585 5891 1899 5954 sequentem

1994 1970 2100 2018 tua:
2124 1964 2314 2034 gratim
2340 1964 2526 2033 offero,
2560 1981 2777 2034 sereno,
2812 1969 2956 2023 vultu
3008 1968 3246 2039 digneris
3292 1971 3589 2039 respicere,

1994 2064 2052 2112 et
2081 2057 2502 2113 misericordiam
2532 2069 2674 2114 tuam
2705 2060 2834 2115 mihi
2863 2063 3166 2129 concedas;
3199 2074 3253 2118 nt
3281 2065 3493 2134 quando
3520 2065 3591 2122 de

1993 2165 2223 2220 corpore
2253 2167 2339 2206 me
2377 2152 2531 2208 exire
2566 2152 2816 2222 jusseris,
2867 2170 2990 2223 pars
3024 2153 3203 2224 iniqua
3251 2156 3301 2210 in
3347 2171 3435 2213 me
3481 2173 3589 2214 non

1992 2241 2191 2297 habeat
2216 2249 2557 2313 potestatem,
2590 2243 2683 2298 sed
2715 2243 2937 2313 angelus
2968 2253 3089 2299 tuus
3120 2246 3259 2299 inter
3289 2257 3504 2301 sanctos
3535 2257 3589 2304 et

1992 2338 2197 2393 electos
2226 2337 2503 2404 conlocet,
2530 2338 2619 2393 ubi
2647 2340 2734 2393 lux
2767 2348 3064 2409 permanet,
3093 2347 3146 2395 et
3176 2340 3282 2395 vita
3310 2351 3503 2413 regnat
3533 2342 3587 2397 in

1991 2434 2188 2489 szecula
2214 2433 2557 2489 saeculorum.

2628 2524 2948 2575 Contestatio.

2062 2608 2202 2664 Vere
2231 2609 2451 2680 dignum
2478 2618 2534 2665 et
2558 2609 2759 2680 jusmm
2784 2618 2889 2678 est,
2923 2610 3265 2679 omnipotens
3296 2609 3458 2675 Dens,
3494 2624 3587 2679 per

1991 2701 2266 2758 Christum
2297 2703 2578 2757 Dominum
2608 2712 2872 2757 nostrum.
2913 2702 3014 2769 Qui
3044 2718 3138 2768 pre
3186 2716 3369 2757 amore
3408 2700 3584 2757 homi-

1991 2811 2120 2851 num
2151 2795 2324 2851 factus
2373 2796 2424 2849 in
2453 2795 2857 2850 similitudinem
2906 2794 3133 2864 peccati,
3170 2794 3394 2847 formam
3437 2793 3581 2849 servi

1992 2885 2247 2942 Dominus
2273 2885 2570 2954 adsumpsit
2594 2896 2648 2941 et
2683 2886 2915 2953 speciem
2952 2904 2965 2939 :
2998 2886 3307 2941 vulneratus
3338 2885 3579 2940 medicus

1991 2978 2300 3042 ambolavit,
2333 2978 2419 3033 hic
2446 2978 2599 3033 nobis
2623 2978 2871 3032 dominus
2898 2987 2953 3032 et
2984 2978 3227 3033 minister
3249 2976 3460 3045 salutis,
3489 2978 3585 3032 ad-

1990 3084 2230 3136 vocatus,
2268 3069 2466 3138 judex,
2515 3068 2790 3133 sacerdos,
2831 3076 2885 3122 et
2933 3067 3275 3121 sacriﬁcium.
3315 3067 3415 3121 Per
3444 3066 3587 3122 hunc

1992 3173 2064 3229 te,
2096 3171 2282 3217 sancte
2310 3160 2492 3229 Pater,
2525 3160 2839 3229 suppliciter
2868 3174 3066 3225 exoro,
3101 3167 3158 3212 ut
3202 3158 3328 3212 dum
3374 3167 3586 3213 reatum

1726 3225 1883 3293 ¹¹¹¹Ῑ¹¹⁵
1915 3251 1962 3316 C
1991 3253 2334 3311 conscientias
2362 3267 2497 3309 mea:
2542 3266 2889 3321 recognosco,
2939 3259 2992 3304 et
3042 3251 3093 3305 in
3144 3248 3429 3320 prceceptis
3475 3248 3583 3305 tuis

1989 3345 2376 3417 pmvaricator
2402 3343 2811 3414 perstiti,etper
2829 3341 3145 3396 delictorum
3167 3340 3369 3395 facinus
3395 3339 3587 3398 conrui

1990 3442 2045 3496 in
2076 3440 2250 3503 ruina,
2282 3448 2336 3493 tu
2366 3453 2471 3503 me,
2504 3436 2751 3503 Domine,
2789 3434 2935 3504 erige
2968 3432 3176 3496 elismn,
3206 3446 3363 3501 quem
3406 3430 3587 3500 lapsus

1990 3532 2194 3605 peccati
2217 3529 2544 3603 prostravit:
2566 3527 2826 3584 inlumina
2848 3540 3071 3591 caecum,
3096 3537 3252 3593 quem
3282 3533 3435 3578 terra:
3461 3537 3587 3592 pce-

1992 3636 2235 3684 catorum
2257 3620 2524 3696 caligines
2546 3623 2995 3683 obscuraverunt;
3021 3618 3171 3674 solve
3195 3616 3534 3685 conpeditum
3564 3657 3580 3682 ,

1990 3732 2148 3789 quem
2194 3716 2399 3772 vineola
2438 3723 2781 3785 peccatorum
2813 3711 3204 3781 constringunt.
3243 3708 3443 3763 Prmsta
3483 3722 3581 3776 per

1994 3822 2237 3864 sanetum
2280 3816 2339 3863 et
2374 3805 2663 3876 gloriasum
2712 3812 2766 3859 et
2792 3801 3121 3858 anrandum
3157 3799 3440 3855 Dominum
3492 3815 3588 3854 no-

1993 3910 2165 3958 strum
2208 3900 2388 3956 .‘esum
2417 3898 2690 3954 Christum
2715 3896 2909 3953 Filium
2965 3906 3132 3961 tuum,
3156 3908 3313 3963 quem
3370 3892 3587 3947 laudant

1994 3995 2169 4066 angeli
2194 4002 2354 4065 atque
2377 3992 2707 4063 archangeli.
2736 3990 2995 4047 cherubin
3041 4004 3254 4060 quoque
3280 4002 3343 4043 ac
3360 3989 3582 4044 seraﬁn.

2544 4120 2692 4162 IIISSA
2719 4119 3013 4161 OMNIHODA.

2172 4198 2385 4261 Epistola
2407 4197 2577 4249 Jacobi
2602 4196 2804 4253 apostoli
2826 4197 2886 4247 ad
2907 4196 3170 4249 duodecim
3202 4196 3363 4246 tribas
3385 4196 3422 4245 ι).

2071 4282 2309 4349 Fratres,
2339 4282 2382 4337 si
2405 4282 2697 4337 dixerimus
2730 4280 2855 4351 quia
2879 4290 3155 4350 peccatum
3172 4293 3277 4335 non
3307 4278 3583 4342 habemus,

1998 4376 2099 4446 ipsi
2132 4387 2228 4429 nos
2256 4373 2584 4439 seducimus,
2616 4382 2671 4427 et
2699 4372 2900 4427 veritas
2924 4371 2978 4427 in
3028 4372 3180 4427 nobis
3228 4385 3334 4425 non
3376 4379 3477 4426 est.
3530 4370 3589 4425 Si

1998 4478 2179 4526 autem
2202 4468 2433 4524 confessi
2462 4467 2720 4523 fuerimus
2750 4474 2966 4535 peccata
2996 4475 3199 4529 nostra,
3231 4463 3403 4519 fidelis
3431 4473 3592 4519 estet

1996 4562 2173 4633 justus
2200 4561 2472 4624 Dominus,
2498 4560 2588 4630 qui
2619 4558 2773 4614 nobis
2796 4569 3011 4627 peccata
3033 4557 3290 4623 dimittat,
3319 4566 3373 4610 et
3401 4570 3592 4610 cmun-

1920 4644 1979 4708 1)
2001 4656 2093 4713 det
2120 4669 2218 4711 nos
2247 4656 2314 4709 ab
2343 4654 2490 4708 omni
2518 4652 2818 4709 iniquitate.
2850 4649 2956 4705 Sed
3004 4650 3050 4704 si
3098 4649 3219 4718 quis
3261 4648 3585 4717 peccaverit,

1999 4748 2316 4805 advocatum
2347 4744 2607 4800 habemus
2648 4742 2791 4812 apud
2837 4741 3049 4796 Patrem
3070 4744 3251 4795 Jcsum
3271 4739 3538 4794 Christum
3569 4755 3586 4794 :

1998 4853 2055 4899 et
2081 4843 2195 4913 ipse
2224 4848 2305 4896 est
2332 4838 2643 4908 propiciatio
2674 4849 2772 4906 pro
2800 4834 3030 4904 peccatis
3077 4843 3313 4893 nostris;
3340 4848 3445 4887 non
3492 4846 3589 4902 pro

2000 4933 2199 4989 nostris
2226 4939 2404 4985 autem
2434 4936 2667 4993 tantum,
2696 4926 2792 4982 sed
2829 4924 2990 4981 etiam
3024 4939 3119 4992 pro
3166 4924 3329 4981 totius
3380 4923 3582 4979 mundi.

2000 5028 2068 5082 Et
2093 5027 2143 5081 in
2172 5025 2275 5079 hee
2297 5023 2498 5077 scimus
2525 5019 2778 5089 quoniam
2806 5018 3156 5089 cognovimus
3178 5031 3325 5082 cum,
3355 5017 3398 5071 si
3434 5030 3587 5070 man-

1998 5118 2121 5173 data
2149 5115 2268 5187 ejus
2311 5114 2678 5170 observemus.
2712 5110 2769 5167 Si
2799 5110 2918 5182 quis
2947 5108 3077 5166 dicit
3103 5124 3164 5165 se
3212 5122 3372 5165 nosse
3396 5107 3586 5174 Deum,

1997 5218 2059 5266 et
2090 5206 2337 5263 mandata
2367 5205 2486 5276 ejus
2515 5218 2619 5260 non
2650 5203 2907 5271 custodit,
2949 5202 3175 5258 mendax
3222 5210 3339 5266 est;
3385 5202 3437 5254 in
3488 5199 3589 5254 hoc

1997 5302 2193 5357 veritas
2222 5314 2325 5354 non
2351 5306 2454 5353 est.
2486 5296 2590 5365 Qui
2619 5306 2796 5352 autem
2826 5304 3005 5351 servat
3028 5294 3254 5374 verbum
3283 5292 3424 5357 eius,
3456 5304 3587 5345 vere

1996 5395 2051 5451 in
2082 5409 2146 5449 eo
2169 5392 2365 5447 caritas
2395 5389 2487 5444 Dei
2516 5389 2749 5459 perlecta
2781 5396 2864 5444 est
2891 5387 2945 5441 in
2974 5384 3190 5441 Christo
3216 5375 3381 5440 Iesu.

2185 5504 2353 5555 Lectio
2376 5502 2525 5553 sancti
2551 5500 2800 5565 Evangelii
2819 5498 3086 5551 secundum
3105 5497 3401 5548 Iatthzeum.

2072 5600 2266 5655 Diebus
2288 5599 2391 5654 illis
2420 5612 2541 5652 eum
2565 5596 2821 5651 transiret
2845 5580 3101 5648 Dominus
3124 5589 3300 5657 Iesus,
3333 5589 3467 5645 vidit
3490 5589 3587 5644 ho-

2001 5750 2333 5803 revocamus,
2366 5747 2667 5804 quanquam
2718 5731 2770 5785 in
2823 5730 3002 5804 missis
3047 5728 3456 5804 dominicalibus
3484 5727 3590 5804 Le-

2001 5811 2206 5866 ctiones
2235 5800 2471 5862 secundo
2504 5800 2619 5858 loco
2650 5811 2767 5869 post
2789 5802 3003 5856 missam
3040 5801 3226 5871 positae
3265 5810 3391 5855 sunt
3420 5800 3580 5856 inira.

2074 5880 2101 5919 δ
2130 5880 2243 5935 Imo
2286 5875 2506 5933 Joannis
2535 5874 2762 5945 apostoli
2791 5874 2982 5945 prima.
