4060 6346
548 313 655 373 559

1313 310 1657 379 IPPENDIX
1706 312 1797 369 AD
1861 308 2086 364 OPEli.\
2140 308 2197 363 S.
2240 309 2544 363 GEliifstNl
2608 308 3048 369 PARISIENSIS.

3730 314 3836 369 5m

545 432 743 489 minem
778 437 804 475 β
833 427 1109 487 sedentem
1136 427 1189 485 in
1213 427 1451 494 teloneo,
1482 427 1789 484 Mattbaeum
1820 426 2051 492 nomine,
2077 435 2129 480 et
2158 429 2210 497 Α
2234 434 2398 480 stram
2428 426 2664 481 omnium
2695 426 3048 491 humilitatem
3076 426 3344 493 intendas,
3373 428 3600 489 crimina
3625 430 3833 487 relaxes

546 528 619 581 ait
650 524 757 581 illi:
789 522 1028 593 Sequere
1058 538 1165 580 me.
1218 522 1284 578 Et
1324 538 1546 593 surgens
1598 531 1812 579 secutus
1855 532 1937 576 est
1981 537 2124 575 etllll.

546 618 766 674 Factum
794 626 876 671 est
903 631 1025 671 cum
1055 614 1395 672 accumberet
1424 614 1677 670 Dominus
1700 613 1857 671 Jesus
1886 614 1940 669 in
1970 612 2132 668 domo

548 711 710 773 illius,
742 708 892 763 multi
923 707 1187 777 publicani
1220 716 1274 762 et
1302 718 1607 777 peccatores
1637 708 1795 762 simul
1827 705 2131 761 discumbe-

548 802 674 858 bant
703 816 826 857 cum
858 801 982 856 .lesu
1014 808 1066 855 et
1095 799 1339 869 discipuli
1384 800 1522 868 ejus.
1573 799 1739 855 Erant
1784 800 1927 854 enim
1979 799 2130 859 multi

548 895 635 962 qui
664 901 718 949 et
740 893 1100 964 sequebantur
1129 906 1274 947 eum.
1306 891 1372 947 Et
1397 892 1598 948 Scribat
1645 902 1698 945 et
1748 891 2003 946 Pharisaei
2051 894 2131 944 vi-

548 985 739 1041 dentes
764 986 883 1055 quia
914 982 1255 1040 manducaret
1283 998 1403 1039 cum
1429 983 1795 1050 peccatoribus
1817 990 1873 1039 et
1892 982 2128 1053 publica-

548 1079 653 1147 nis,
701 1076 947 1132 dicebam
979 1074 1223 1143 discipuli
1255 1076 1407 1144 ejus:
1445 1075 1621 1141 Quare
1671 1091 1789 1130 cum
1842 1074 2135 1143 publicanis

547 1177 602 1226 et
634 1168 999 1239 peccatoribus
1046 1166 1333 1223 manducat
1371 1169 1624 1237 magister
1652 1166 1865 1223 vester?
1896 1164 2007 1219 Hoc
2035 1181 2132 1218 au-

544 1261 678 1330 dito,
707 1260 861 1317 1e5us
888 1260 961 1315 ait
986 1259 1088 1317 illis
1122 1278 1132 1311 :
1168 1260 1279 1314 Non
1312 1274 1534 1315 necesse
1574 1258 1771 1315 habent
1810 1259 1925 1313 sani
1962 1255 2133 1311 medi-

546 1369 689 1420 cum,
717 1353 815 1410 sed
842 1356 929 1423 qui
960 1355 1098 1413 male
1148 1354 1365 1415 habent.
1421 1351 1537 1409 Non
1587 1353 1732 1409 enim
1777 1352 1898 1408 veni
1944 1364 2136 1407 vocare

546 1450 737 1517 iustos,
758 1445 851 1501 scd
880 1454 1210 1516 peccatores.

1166 1550 1336 1587 ιιοιῐιιτ
1369 1548 1501 1585 IISSA
1508 1573 1519 1584 .

615 1621 968 1690 Omnipotens
1014 1627 1215 1675 aeterne
1266 1619 1405 1675 Deus
1434 1660 1449 1685 ,
1502 1626 1607 1674 tua:
1649 1618 1832 1689 gloriae
1883 1620 2135 1691 pietatem

545 1710 773 1783 supplici
820 1710 1107 1766 devotione
1152 1711 1422 1779 deposco,
1475 1718 1533 1764 ut
1580 1710 1819 1765 onmium
1872 1710 2135 1765 malorum

544 1820 788 1873 meorum
814 1803 1023 1859 vincula
1056 1804 1251 1872 solvas,
1284 1804 1596 1875 cunctisque
1644 1804 1778 1859 meis
1824 1802 2138 1859 criminibus
2168 1823 2217 1886 Β

548 1904 707 1965 atque
733 1895 967 1964 peccatis
994 1896 1285 1951 clementer
1308 1896 1585 1965 ignoscas;
1620 1904 1677 1949 ut
1708 1896 1831 1967 quia
1863 1909 1949 1950 me
1994 1895 2137 1950 iudi—

547 2003 711 2061 gnum
736 1997 792 2043 et
819 1999 1149 2059 peccatorem
1178 1989 1242 2043 ad
1276 1988 1630 2044 ministerium
1662 1997 1807 2042 tuum
1836 2003 2030 2043 vocare
2053 1987 2138 2043 di-

546 2092 739 2153 gnatus
767 2097 846 2149 es,
875 2083 952 2137 sic
982 2098 1063 2137 me
1096 2082 1346 2137 idoneum
1377 2082 1467 2138 tibi
1498 2081 1805 2137 ministrum
1831 2080 2055 2149 efficias,
2086 2088 2143 2134 ut

546 2173 865 2230 sacrificium
887 2174 953 2230 de
977 2175 1219 2229 manibus
1248 2174 1380 2229 meis
1404 2174 1596 2244 placite
1624 2189 1685 2227 ac
1712 2173 1945 2244 benigne
1968 2172 2143 2228 susci-

546 2268 695 2340 pias;
727 2268 1019 2325 electorum
1051 2269 1387 2322 sacerdotum
1418 2283 1502 2322 me
1530 2268 1844 2338 participem
1870 2266 2057 2332 facias,
2087 2274 2143 2321 et

546 2360 615 2418 de
647 2361 928 2431 praeceptis
962 2364 1063 2415 tuis
1092 2363 1142 2416 in
1173 2362 1319 2415 nullo
1348 2361 1599 2417 aberrare
1631 2364 1931 2433 permittas.

1220 2453 1469 2503 Collectio.

626 2536 887 2599 Adtende,
917 2535 1159 2601 Domine,
1193 2536 1462 2606 propicins
1502 2551 1637 2591 mea:
1675 2537 1948 2591 servitutis
1980 2537 2141 2597 obse-

553 2633 757 2706 quium,
772 2640 826 2689 ct
849 2631 1102 2686 miserere
1116 2630 1363 2685 fidelibus
1379 2629 1587 2686 famulis
1610 2630 1713 2685 tuis
1735 2630 1813 2685 ill.
1832 2647 1847 2696 ;
1871 2632 2143 2686 utcunctis

552 2740 735 2781 eorum
763 2724 1057 2780 sceleribus
1095 2725 1409 2792 amputatis,
1440 2724 1507 2777 ita
1539 2722 1645 2777 sint
1676 2730 1778 2777 tum
1808 2722 2140 2777 miserationi

555 2816 865 2874 defensione
896 2817 1116 2886 protecti
1142 2856 1155 2881 ,
1189 2823 1246 2869 ut
1272 2816 1324 2869 in
1358 2813 1736 2869 observatione
1768 2816 2141 2870 mandatorum

561 2918 775 2965 tuorum
821 2915 1126 2964 mereantur
1154 2922 1273 2963 esse
1302 2906 1522 2979 perfecti
1556 2924 1570 2961 :
1602 2907 1850 2977 quatinus
1877 2917 1931 2963 et
1958 2907 2011 2962 in
2043 2910 2143 2963 hac

556 3000 663 3054 vita
694 3001 947 3055 universa
976 2998 1206 3053 facinora
1236 2998 1496 3065 caveant',
1542 3007 1594 3052 et
1638 3006 1763 3053 ante
1792 3008 2141 3067 conspectum

554 3093 739 3164 gloriae
769 3101 874 3148 tute
909 3091 1230 3163 quandoque
1260 3090 1377 3146 sine
1416 3089 1729 3145 confusione
1756 3090 2091 3161 perveniant.

1167 3182 1285 3232 Post
1308 3184 1520 3231 nomina.

626 3264 844 3335 Accipe,
882 3265 1019 3320 Deus
1050 3264 1307 3334 piissime,
1333 3272 1547 3318 tuorum
1578 3262 1877 3333 supplicum
1910 3269 2053 3329 vota,
2088 3270 2143 3317 et

554 3356 765 3410 nomina
793 3372 911 3427 qua:
959 3366 1048 3413 tuo
1079 3370 1258 3411 coram
1292 3356 1480 3410 altario
1529 3354 1795 3424 conspicis
1844 3354 2137 3420 recenseri,

555 3445 605 3500 in
636 3459 837 3502 teterno
878 3450 997 3501 vitae
1029 3448 1167 3503 libro
1198 3448 1498 3503 conscribe.
1534 3446 1785 3502 Concede
1815 3446 1977 3501 etiam
2012 3446 2143 3501 mihi

554 3535 771 3607 indigno
795 3547 849 3592 et
878 3538 1145 3602 omnibus,
1180 3553 1274 3606 pro
1301 3537 1493 3607 quibus
1532 3546 1581 3591 te
1627 3536 1853 3606 supplex
1882 3537 2091 3605 postulo
2127 3556 2139 3593 :

555 3637 864 3699 perpetuam
892 3629 1129 3699 requiem
1153 3628 1324 3682 tribue
1344 3627 1664 3682 famulorum
1693 3635 1903 3682 tuorum
1929 3626 2033 3696 ill.,
2058 3629 2143 3684 vel

556 3720 795 3774 omnium
822 3719 1055 3773 fidelium
1085 3719 1484 3784 defunctorum,
1515 3726 1573 3773 ut
1605 3719 1657 3772 in
1691 3719 1919 3774 Abrahae
1942 3720 2147 3789 gremio

556 3812 842 3879 conlocati,
869 3812 973 3866 illic
1023 3826 1206 3879 poenas
1231 3811 1461 3877 evadant
1491 3810 1802 3876 inferorum,
1829 3819 1882 3865 et
1903 3825 2145 3865 resurre-

555 3906 750 3962 ctionis
768 3915 1007 3976 tempore
1025 3903 1253 3960 coetibus
1274 3920 1367 3957 eos
1384 3903 1577 3957 sociari
1594 3902 1783 3973 jubeas
1808 3902 2139 3972 angelorum.

1204 3992 1277 4042 Ad
1303 4005 1487 4053 pacem.

634 4080 793 4143 Deus,
821 4078 911 4148 qui
942 4076 1178 4132 caritatis
1208 4091 1267 4131 es
1294 4085 1502 4138 auster,
1533 4084 1589 4130 et
1620 4090 1764 4142 purae
1792 4077 1935 4143 pacis
1961 4090 2024 4131 ac
2052 4092 2147 4131 ot-

553 4170 802 4228 lectionis
830 4176 1057 4235 amator,
1088 4169 1299 4237 suscipe
1326 4166 1666 4222 nderentium
1708 4166 2056 4234 oblationem,
2088 4176 2147 4221 et

556 4261 794 4317 omnium
827 4259 1157 4314 infirmorum
1204 4258 1639 4315 Christianorum
1688 4274 1812 4313 sana
1856 4260 2142 4329 languores

552 4354 659 4422 ill.,
692 4368 797 4423 quo
827 4361 879 4408 te
904 4352 1201 4407 medicante
1228 4351 1455 4407 salutem
1483 4351 1764 4422 recipiant,
1791 4360 1845 4407 et
1873 4353 1977 4407 tuis
2004 4367 2145 4409 sem-

560 4463 659 4518 per
685 4448 801 4504 sani
828 4446 1158 4518 jussionibus
1187 4453 1499 4517 appareant.
1533 4446 1588 4500 Id
1617 4446 1852 4516 denique
1881 4448 2146 4504 obnoxius

556 4555 763 4611 quaeso,
783 4550 840 4595 ut
868 4552 1057 4595 omnes
1078 4549 1221 4594 metu
1249 4536 1485 4603 territos,
1505 4538 1680 4609 inopia
1710 4538 1958 4605 afflictos,
1976 4540 2143 4595 tribu-

553 4631 755 4688 latione
766 4641 1006 4697 vexatos,
1027 4629 1228 4686 morbis
1248 4630 1490 4697 obrutos,
1509 4629 1785 4701 suppliciis
1807 4630 2036 4699 deditos,
2051 4632 2145 4687 de.

554 4724 681 4781 bitis
704 4726 988 4797 obligatos,
1013 4724 1066 4779 in
1090 4724 1399 4794 captivitate
1420 4733 1474 4778 et
1496 4724 1923 4794 peregrinatione
1945 4725 2145 4781 consti-

556 4822 719 4885 tutos,
737 4826 961 4874 cunctos
975 4818 1302 4888 indulgentia
1318 4825 1422 4873 tua:
1436 4818 1646 4887 pietatis
1658 4818 1922 4883 absolvat,
1936 4834 2143 4877 morum

524 4936 527 4937 ν
556 4908 930 4965 emendatione
942 4912 1166 4975 relevat,
1181 4918 1234 4964 et
1247 4907 1518 4964 miseratio
1528 4908 1833 4979 quotidiana
1845 4909 2144 4967 confoveat.

1197 4999 1512 5049 Contestatio.

629 5081 771 5137 Vere
794 5080 1010 5150 dignum
1039 5089 1097 5136 et
1115 5081 1317 5151 justum
1356 5092 1461 5151 est,
1486 5082 1824 5152 omnipotens
1855 5082 2017 5150 Deus,
2051 5099 2146 5154 per

554 5174 829 5230 Christum
867 5173 1148 5229 Dominum
1190 5182 1450 5232 nostrum.
1503 5173 1700 5233 Verum
1743 5176 2048 5245 pontificem
2091 5185 2148 5232 et

556 5270 731 5327 solum
752 5270 870 5325 sine
898 5269 1107 5338 peccati
1138 5268 1344 5324 macula
1373 5268 1735 5334 sacerdmem;
1768 5284 1860 5339 per
1881 5285 2044 5339 quem
2070 5279 2145 5336 te,

556 5370 757 5417 aeterne
785 5361 943 5416 Pater
968 5373 1022 5415 et
1071 5360 1313 5425 Domine,
1362 5360 1673 5417 omnimoda
1712 5360 2010 5419 intentione
2048 5362 2146 5418 de-

556 5468 743 5522 posco,
772 5462 830 5509 ut
856 5452 1179 5513 oblationem
1208 5453 1377 5520 hanc,
1421 5467 1580 5522 quam
1629 5466 1727 5523 pro
1775 5452 1987 5507 famulis
2037 5454 2143 5507 tuis

555 5545 833 5601 oderimus
860 5547 973 5615 ill.,
1023 5546 1250 5617 benigne
1294 5545 1575 5615 suscipias,
1622 5544 1992 5613 aegrotandum
2033 5559 2147 5600 me-

559 5635 755 5689 dellam
784 5635 1025 5690 sanitatis
1053 5634 1341 5704 inpertias,
1375 5638 1548 5690 locum
1601 5635 1735 5689 lucis
1778 5647 1834 5689 et
1881 5634 2143 5705 refrigerii

561 5726 840 5781 animabus
881 5727 1250 5781 defunctorum
1282 5728 1335 5781 in
1367 5741 1499 5797 pace
1523 5727 1726 5781 vocatis
1758 5727 1964 5781 tribuas
1984 5768 1998 5789 .
2048 5741 2145 5783 no-

636 5850 661 5878 ι
691 5843 861 5907 Super
884 5843 1019 5896 hanc
1048 5855 1230 5898 vocem
1260 5842 1451 5908 legitur
1478 5839 1633 5901 Levin
1657 5841 1813 5910 Alfet'.

2234 530 2287 575 et
2335 531 2548 591 peccata
2600 522 2867 587 dimittas;
2923 521 3189 592 simulque
3245 523 3490 577 oratione
3554 524 3830 590 exaudias,

2234 623 2288 671 et
2315 614 2506 683 ubique
2537 628 2632 669 nos
2676 614 3008 685 prategendo
3036 612 3308 670 custodias
3342 633 3355 668 ς
3383 624 3441 671 ιιι
3470 616 3612 669 eruti
3646 618 3833 671 adver—

2235 703 2477 758 sitatibus
2507 704 2709 773 mundi,
2746 704 2829 761 hic
2865 714 2920 760 et
2965 704 3018 761 in
3067 713 3330 761 retentum
3372 706 3723 770 sanctificati,
3781 717 3828 760 t:

2236 796 2625 852 incessabiliter
2671 813 2792 850 cum
2824 798 3028 871 angelis
3058 807 3113 857 et
3157 800 3498 871 archangelis
3542 802 3833 855 conlaude-

2238 903 2355 944 mus
2388 888 2457 943 ita
2486 886 2748 956 dicentes,
2784 887 3033 947 Sanctus.

2833 986 2987 1027 IISSA
3014 985 3231 1027 VO‘I'WA.

2545 1059 2759 1123 Epistola
2781 1060 2924 1111 Pauli
2947 1062 3154 1125 apostoli
3181 1064 3239 1113 ad
3258 1062 3515 1125 Romanos.

2312 1144 2545 1213 Fratres,
2578 1149 2804 1203 obsecro
2828 1162 2925 1202 vos
2954 1165 3048 1220 per
3077 1150 3360 1206 Dominum
3385 1162 3633 1207 nostrum
3655 1151 3839 1207 Iesum

2238 1237 2505 1293 Chrismtn
2534 1248 2589 1293 et
2633 1254 2727 1308 per
2770 1241 3047 1296 caritatem
3091 1240 3325 1311 Spiritus
3356 1245 3548 1309 sancti,
3586 1254 3646 1303 ut
3688 1246 3843 1315 adju-

2237 1331 2376 1384 vetis
2424 1346 2508 1385 me
2540 1333 2588 1384 in
2620 1332 2957 1388 orationibus
2988 1349 3085 1405 pro
3111 1350 3199 1391 me
3226 1334 3293 1390 ad
3339 1335 3657 1402 Dominum,
3693 1350 3755 1393 ut
3786 1339 3847 1390 li-

2238 1422 2395 1477 berer
2422 1423 2489 1476 ab
2520 1422 2825 1479 infidelibus
2856 1424 2945 1495 qui
2980 1435 3107 1480 sunt
3136 1426 3188 1481 in
3220 1425 3402 1481 Judaza
3432 1468 3447 1493 ,
3492 1438 3547 1483 et
3597 1425 3849 1498 obsequii

2241 1513 2341 1567 tnei
2374 1512 2572 1567 oblatio
2610 1525 2829 1587 accepta
2871 1514 2963 1569 fiat
3006 1515 3372 1590 Hierosolyma
3398 1520 3624 1581 sanctis,
3654 1530 3716 1574 ut
3752 1536 3849 1574 ve-

2240 1606 2381 1659 niam
2424 1604 2490 1659 ad
2518 1620 2613 1661 vos
2640 1621 2734 1677 per
2773 1606 3102 1663 voluntatem
3156 1608 3277 1677 Dei,
3312 1620 3367 1664 ut
3408 1610 3712 1683 refrigerer
3759 1626 3852 1665 vo-

2240 1696 2465 1751 biscum.
2502 1696 2648 1751 Deus
2677 1707 2853 1752 autem
2884 1699 3029 1769 pacis
3060 1701 3128 1755 sit
3158 1714 3279 1753 cum
3310 1702 3561 1756 omnibus
3595 1702 3777 1757 vobis.

2466 1784 2640 1836 Lectio
2663 1788 2819 1837 sancti
2844 1786 3100 1851 Evangelii
3128 1790 3397 1839 secundum
3423 1787 3621 1840 Lucam.

2314 1866 2577 1937 Tempore
2608 1868 2723 1933 illo,
2756 1869 3159 1939 perambulabat
3193 1869 3453 1926 Dominus
3482 1870 3643 1927 Jesus
3674 1872 3851 1928 Hieri-

2240 1960 2366 2028 cho,
2396 1970 2449 2015 et
2473 1975 2598 2016 ecce
2628 1962 2709 2015 vir
2739 1962 2954 2018 nomine
2983 1963 3292 2031 Zaccbteus,
3336 1972 3391 2019 et
3417 1964 3505 2019 hic
3551 1975 3670 2019 erat
3702 1970 3851 2035 prin-

2244 2066 2369 2122 ceps
2400 2053 2827 2123 publicanorum,
2854 2066 2907 2109 et
2927 2054 3041 2125 ipse
3070 2053 3219 2110 dives
3247 2074 3257 2108 :
3288 2064 3344 2110 et
3362 2056 3644 2127 quaerebat
3663 2056 3849 2113 Jesum

2244 2145 2425 2201 videre
2450 2147 2569 2216 quis
2588 2155 2752 2210 esset,
2777 2156 2829 2201 et
2854 2162 2957 2201 non
2992 2156 3204 2217 poterat
3236 2164 3342 2218 prae
3366 2148 3556 2214 turba,-
3580 2150 3710 2220 quia
3743 2162 3847 2205 sta-

2245 2250 2359 2293 tura
2392 2238 2611 2310 pusillus
2653 2250 2785 2294 erat.
2835 2240 2899 2294 Et
2945 2255 3279 2310 praecurrens
3310 2242 3557 2297 ascendit
3599 2242 3655 2295 in
3687 2244 3846 2297 arbo-

2245 2346 2356 2385 rem
2402 2331 2751 2402 sycimorum,
2804 2342 2858 2386 ut
2910 2331 3117 2387 videret
3168 2332 3356 2400 illum,
3388 2334 3513 2403 quia
3557 2334 3684 2389 inde
3736 2345 3846 2389 erat

2246 2426 2584 2481 transiturus.
2622 2427 2687 2480 Et
2739 2441 2858 2481 cum
2909 2426 3140 2482 venisset
3186 2427 3252 2479 ad
3301 2428 3500 2495 locum,
3539 2429 3844 2497 suspiciens

2244 2518 2401 2575 Iesus
2431 2520 2563 2574 vidit
2590 2519 2758 2586 illum,
2788 2530 2843 2576 et
2885 2520 3026 2575 dixit
3056 2521 3122 2575 ad
3162 2536 3283 2577 eum
3318 2540 3332 2576 :
3366 2520 3648 2586 Zacchme,
3700 2524 3846 2577 festi-

2245 2627 2380 2668 nans
2409 2611 2697 2677 descende,
2742 2612 2865 2683 quia
2900 2612 3059 2667 hodie
3088 2612 3142 2667 in
3191 2612 3354 2667 domo
3395 2622 3481 2666 tua
3515 2602 3732 2683 oportet
3763 2629 3846 2668 me

2255 2719 2495 2761 manere.
2526 2704 2590 2759 Et
2608 2703 2868 2758 festinans
2897 2703 3193 2767 descendit,
3220 2714 3271 2759 et
3302 2705 3511 2775 excepit
3538 2706 3691 2759 illum
3720 2721 3846 2776 gau.

2249 2800 2403 2855 dens.
2438 2798 2506 2852 Et
2536 2814 2656 2851 cum
2687 2798 2931 2853 viderent
2961 2812 3173 2861 omnes,
3207 2798 3633 2864 murmurabant,
3667 2796 3846 2851 dicen-

2248 2903 2351 2960 tes,
2381 2892 2523 2964 quod
2552 2893 2617 2946 ad
2649 2892 2919 2948 hominem
2954 2901 3290 2963 peccatorem
3324 2892 3656 2947 divertisset.
3688 2893 3846 2947 Stans

2246 2992 2422 3040 autem
2454 2984 2741 3039 Zacchteus
2765 2983 2898 3038 dixit
2928 2984 2993 3037 ad
3028 2983 3311 3039 Dominum
3347 3002 3358 3037 :
3391 2984 3534 3040 Ecce
3563 2984 3845 3040 dimidium

2248 3077 2507 3132 bonorum
2540 3091 2796 3139 meorum,
2835 3075 3081 3143 Domine,
3108 3075 3176 3130 do
3220 3077 3562 3145 pauperibus,
3594 3087 3651 3132 et
3693 3078 3737 3132 si
3766 3080 3845 3132 cui

2169 3200 2218 3281 ς
2248 3169 2446 3241 aliquid
2473 3168 2815 3281 defraudavij,
2842 3168 3009 3281 reddo
3038 3168 3415 3281 quadruplum.
3457 3169 3551 3281 fit
3585 3170 3844 3226 Dominus

2249 3262 2315 3315 ad
2357 3277 2511 3323 eum,
2539 3260 2661 3331 quia
2694 3258 2853 3314 hodie
2896 3258 3039 3313 salus
3069 3258 3252 3313 domui
3284 3260 3405 3314 ltuic
3456 3260 3591 3316 facta
3636 3273 3751 3328 est,
3785 3278 3845 3317 eo

2247 3352 2387 3424 quod
2417 3360 2470 3407 et
2498 3350 2613 3420 ipse
2638 3349 2777 3405 filius
2804 3359 2888 3405 est
2927 3349 3179 3405 Abrahm.
3218 3350 3375 3407 Venit
3401 3352 3545 3408 enim
3579 3354 3729 3411 filius
3755 3356 3845 3417 ho-

2249 3444 2407 3498 minis
2437 3457 2699 3511 quterere,
2729 3450 2784 3496 et
2812 3440 3015 3497 salvum
3048 3441 3223 3497 facere
3256 3442 3395 3512 quod
3424 3446 3683 3513 perierat.

2867 3556 3037 3593 INCIPIT
3074 3556 3205 3593 κιδςι
3214 3582 3227 3594 .

2320 3626 2593 3682 Exultatio
2612 3626 2814 3697 divina,
2841 3638 3060 3700 paterna
3090 3629 3281 3698 pietas,
3304 3629 3551 3685 inmensa
3576 3631 3847 3704 maiestas,

2249 3728 2301 3773 te
2326 3719 2615 3788 supplices,
2652 3730 2942 3775 trementes
2968 3720 3185 3791 quidem
3235 3737 3515 3793 precamur
3545 3738 3646 3794 pro
3697 3739 3846 3781 servo

2252 3824 2340 3871 tuo
2372 3814 2472 3881 ill.,
2504 3825 2563 3870 ut
2591 3815 2685 3870 des
2726 3817 2797 3884 ei,
2853 3816 3103 3884 Domine,
3137 3828 3371 3872 mentem
3404 3834 3620 3891 puram,
3657 3822 3847 3875 carita~

2252 3920 2357 3977 tem
2386 3910 2703 3989 perfectam,
2737 3911 2791 3979 in
2821 3911 3027 3966 actibus
3053 3910 3438 3978 sinceritatem,
3474 3912 3530 3967 in
3560 3913 3731 3968 corde
3760 3929 3847 3985 pu-

2248 4012 2486 4076 ritatem,
2520 4009 2576 4064 in
2606 4023 2770 4080 opere
2794 4012 3074 4075 virtutem,
3104 4010 3157 4063 in
3191 4008 3606 4065 necessitatibus
3641 4008 3847 4064 fortitu~

2247 4102 2451 4173 dinem,
2482 4102 2535 4155 in
2568 4100 2806 4156 moribus
2847 4099 3215 4170 disciplinam;
3248 4108 3299 4154 et
3329 4098 3471 4170 quod
3505 4114 3606 4170 pro
3628 4100 3845 4173 justitim

2248 4202 2353 4255 tum
2402 4194 2618 4256 timore,
2650 4192 2860 4263 integra
2901 4198 3081 4249 mente
3110 4191 3193 4245 vel
3243 4189 3530 4245 devotione
3579 4204 3681 4260 pro
3738 4189 3845 4261 ips0

2249 4286 2341 4341 tibi
2372 4284 2668 4351 oderimus,
2702 4284 2917 4354 pietatis
2962 4292 3070 4338 tute
3099 4283 3390 4340 obtinenda
3424 4295 3745 4354 cognoscat.

2929 4376 3133 4427 Secreta
3159 4373 3209 4424 δ.

2322 4466 2610 4531 lteramus,
2645 4464 2984 4533 omnipotens
3030 4462 3189 4529 Deus,
3246 4462 3693 4535 deprecationem
3747 4480 3839 4517 no-

2248 4567 2412 4613 stram
2443 4566 2570 4611 ante
2590 4569 2937 4626 conspectum
2963 4556 3257 4625 majestatis
3286 4564 3415 4623 tute,
3441 4570 3603 4624 quam
3633 4557 3840 4626 specia-

2253 4653 2376 4707 liter
2408 4666 2502 4723 pro
2533 4648 2735 4707 famuio
2766 4659 2857 4705 tuo
2884 4648 2960 4703 ill.
2992 4648 3321 4704 oblationem
3352 4663 3451 4720 pro
3490 4651 3736 4719 peccatis
3764 4649 3839 4705 vel

2250 4759 2350 4817 pro
2379 4742 2579 4801 auxilio
2603 4742 2721 4814 ejus
2748 4741 3043 4806 oderimus,
3079 4751 3199 4796 vota
3230 4740 3500 4812 perficias.
3548 4742 3839 4798 Petitiones

2248 4835 2366 4906 ejus
2388 4835 2685 4901 ascendant
2708 4834 2775 4890 ad
2806 4850 2962 4891 aures
2991 4833 3295 4893 clementiae
3320 4842 3448 4901 tuae,
3478 4842 3533 4890 et
3555 4835 3839 4891 descendat

2252 4940 2413 4998 super
2437 4939 2559 4981 eum
2590 4926 2672 4998 pia
2702 4924 3005 4981 benedictio
3039 4933 3165 4993 tua;
3200 4936 3258 4980 ut
3287 4926 3388 4980 sub
3419 4926 3611 4981 umbra
3638 4927 3838 4981 alarum

2252 5028 2462 5075 tuarum
2512 5019 2566 5074 in
2614 5018 2857 5074 omnibus
2889 5026 3219 5088 protegatur,
3250 5028 3305 5075 et
3336 5019 3610 5077 orationes
3644 5032 3835 5076 nostra:

2245 5120 2300 5181 te
2329 5112 2659 5183 propiciante
2690 5125 2786 5182 pro
2832 5110 2948 5181 ipso
2977 5125 3082 5166 non
3114 5111 3417 5167 refutentur
3464 5128 3494 5165 a
3546 5123 3836 5183 cmispectu

2246 5205 2457 5272 pietatis
2481 5214 2603 5268 tuae,
2636 5202 2729 5258 sed
2755 5203 2808 5258 in
2837 5203 3088 5271 omnibus
3118 5202 3170 5259 ei
3200 5204 3445 5259 auxiliari
3477 5213 3639 5273 atque
3661 5205 3835 5261 defen-

2244 5296 2373 5352 dere
2399 5294 2653 5365 digneris.

2886 5366 3201 5415 Contestatio.

2319 5448 2457 5507 Vere
2470 5448 2684 5519 dignum
2705 5457 2760 5504 et
2783 5448 2984 5518 justum
3003 5457 3104 5512 est,
3134 5446 3475 5516 omnipotens
3499 5445 3662 5511 Dens,
3689 5445 3833 5516 cujus

2247 5541 2480 5613 potentia
2510 5540 2842 5609 deprecanda
2870 5549 2973 5605 est,
3005 5537 3368 5594 misericordia
3398 5539 3698 5605 adoranda,
3728 5541 3829 5609 pie.

2248 5644 2329 5689 tas
2358 5632 2750 5703 amplectenda.
2783 5630 2911 5699 Quis
2953 5632 3095 5688 enim
3141 5631 3416 5702 diaputare
3464 5634 3663 5703 poterit
3705 5646 3828 5702 opus

2248 5725 2650 5796 omnipotentiae
2691 5735 2795 5780 tua:
2815 5764 2832 5781 .
2862 5738 2960 5782 nec
2985 5739 3143 5781 aures
3176 5726 3451 5783 hominum
3480 5726 3670 5783 audire
3691 5767 3708 5793 ,
3738 5739 3827 5781 nec

2320 5839 2347 5879 δ
2374 5839 2497 5896 llaec
2527 5838 2745 5911 propius
2788 5837 2853 5893 ad
2882 5836 3039 5894 ritum
3089 5836 3386 5895 Romanum
3414 5881 3430 5910 ,
3463 5839 3683 5896 omissis
3714 5853 3826 5895 ora-
