4060 6346
310 327 410 385 541

883 323 1517 383 εΑοιιΑηεΝτΑιιωυ
1553 321 1892 380 αΑιιιοᾹΝ

2007 362 2020 375 .
2046 338 2116 363 -‘-
2140 320 2518 380 LECTIONES
2555 320 3022 392 QUOI’IDIANJE.

3489 322 3600 381 δια

309 452 363 507 in
393 463 488 505 cor
535 447 768 503 hominis
816 445 1163 512 adscendere,
1198 422 1297 501 nec
1337 445 1574 500 stimatio
1622 446 1896 499 hominum
1925 444 1977 507 Α
2001 443 2077 499 ill.
2109 444 2434 501 oblationem
2460 446 2744 515 dignanter
2778 446 3031 515 accipias,
3057 454 3115 502 et
3155 446 3207 500 in
3233 448 3351 518 ejus
3377 445 3591 503 humili-

308 541 505 613 poterit
527 539 787 602 invenire,
820 549 1014 607 quanta
1040 537 1111 592 sit
1138 537 1306 606 pietas
1340 538 1727 593 misericordia:
1772 547 1898 605 tute,

307 639 566 701 quantum
610 643 880 700 prepares
926 626 1126 683 sanctis
1172 640 1231 683 et
1277 628 1463 684 electis
1510 630 1634 685 tuis.
1687 629 1794 685 Sed
1846 632 1899 683 in

304 732 564 794 quantum
597 738 880 793 possumus
923 722 1137 788 miseri,
1167 722 1342 777 territi
1391 722 1605 791 quidem
1654 724 1720 777 de
1765 738 1900 777 con-

304 816 552 877 scieutia,
586 813 683 869 sed
711 814 803 870 ﬁdi
832 814 899 869 de
929 823 1016 868 tua
1062 813 1452 880 misericordia,
1488 814 1697 869 veniam
1739 815 1898 869 mise-

302 908 550 976 rationis,
581 917 635 963 et
665 905 929 975 refugium
972 905 1322 975 postulantes,
1358 914 1516 976 atque
1558 906 1608 959 in
1660 920 1898 961 comme-

302 1002 606 1057 moratione
649 1009 954 1055 sanctorum
998 1008 1211 1055 tuorum
1258 1001 1401 1056 Petri
1448 1008 1502 1056 et
1551 1000 1752 1068 Pauli,
1802 1016 1897 1072 per

303 1110 531 1167 quorum
563 1094 810 1164 suffragia
838 1102 1118 1163 sperantes
1150 1095 1385 1161 veniam,
1419 1108 1698 1164 precamur
1728 1105 1785 1150 ut
1815 1096 1893 1150 fa-

300 1190 449 1247 mulo
480 1200 570 1244 tuo
598 1189 675 1243 ill.
716 1188 1087 1243 remissionem
1120 1188 1321 1242 tribuas
1353 1196 1725 1258 peccatorum,-
1761 1204 1896 1258 opus

300 1284 421 1355 ejus
448 1282 712 1353 perficias,
742 1289 860 1334 Vola
909 1279 1200 1335 condones.
1255 1280 1398 1336 Dena
1444 1280 1696 1352 idemque
1736 1266 1897 1339 servo

299 1384 395 1432 tuo
418 1376 492 1431 ill.
519 1374 972 1431 intercedentibus
995 1358 1194 1429 sanctis
1221 1374 1517 1431 remedium
1541 1377 1735 1431 anima:
1756 1393 1892 1447 suae,

298 1468 443 1539 Quod
472 1469 821 1539 postulamus,
847 1477 904 1523 ut
926 1476 1047 1521 vota
1069 1467 1458 1523 desideriorum
1481 1470 1597 1538 ejus
1622 1454 1891 1541 perﬁcias.

297 1561 527 1627 Praesta,
556 1562 895 1632 omnipotens
919 1562 1077 1627 Deus,
1103 1561 1527 1629 supplicantibus
1548 1563 1697 1617 nobis
1717 1563 1895 1627 indii-

295 1654 531 1726 gentiam
564 1653 869 1720 postulanti.
903 1654 1113 1707 veniam
1146 1653 1406 1723 poscenti.
1444 1654 1669 1725 Protege
1704 1654 1753 1711 ei
1785 1673 1889 1713 uo-

298 1750 421 1801 men
452 1744 545 1799 Dei
573 1743 757 1809 Jacob,
791 1745 940 1798 mitte
967 1743 1016 1798 ei
1045 1743 1302 1797 auxilium
1351 1746 1536 1800 salutis
1582 1747 1649 1801 de
1683 1758 1887 1812 sam-to,

296 1836 441 1892 etde
473 1836 597 1893 Sion
624 1844 681 1891 tu
731 1835 875 1905 erige
931 1851 1072 1891 eum.
1128 1835 1336 1893 Memor
1390 1847 1526 1903 esto,
1584 1840 1891 1898 misericors
1924 1822 1972 1899 ﬁ

297 1927 465 1993 Deus,
492 1927 811 1983 sacrificium
834 1929 971 1998 ejus,
996 1940 1044 1983 et
1077 1928 1450 1985 holocaustum
1474 1931 1591 2001 ejus
1614 1942 1740 1988 ante
1763 1949 1891 1988 con-

296 2033 535 2091 spectuin
568 2023 805 2077 omnium
832 2033 1138 2078 sanctorum
1169 2032 1382 2079 tuorum
1418 2025 1610 2095 pingue
1642 2026 1752 2080 ﬁat.
1789 2026 1892 2081 Per

294 2113 565 2170 Christum
595 2113 877 2168 Dominum
908 2124 1172 2171 nostrum.

308 2206 311 2209 ⁴
901 2222 1048 2264 mssa
1087 2223 1296 2264 vo'rrva.

639 2298 813 2350 Lectio
836 2299 947 2351 libri
969 2300 1544 2363 SapientiarSalomouis.

367 2384 496 2451 Fili,
528 2385 570 2439 si
604 2384 727 2455 quid
758 2385 950 2440 vovisti
982 2386 1110 2447 Deo,
1132 2401 1199 2442 ne
1232 2386 1459 2441 moreris
1490 2386 1736 2442 reddere.
1772 2386 1887 2441 Dis-

294 2477 456 2548 plicet
484 2478 626 2532 enim
654 2478 702 2531 ei
730 2476 957 2531 infidelis
984 2483 1037 2531 et
1061 2478 1218 2531 stulta
1263 2477 1547 2548 promissio
1569 2495 1582 2531 :
1603 2478 1695 2533 sed
1717 2479 1884 2547 quod-

295 2582 522 2636 cumque
565 2567 813 2631 voveris,
847 2566 1031 2622 redde.
1084 2568 1358 2637 Multoque
1407 2568 1595 2622 melius
1650 2577 1735 2624 est
1781 2584 1887 2624 non

295 2674 511 2725 vovere,
539 2673 697 2729 quam
729 2667 848 2728 post
896 2660 1080 2713 votum
1117 2656 1376 2728 promissa
1408 2674 1512 2712 non
1544 2658 1788 2715 reddere.
1810 2658 1889 2715 Ne

295 2751 507 2807 dederis
535 2765 595 2805 os
626 2758 794 2817 tuum,
829 2759 885 2804 ut
918 2764 1137 2818 peccare
1162 2751 1331 2805 facias
1354 2766 1573 2806 carnem
1602 2759 1771 2817 tuam,
1804 2768 1889 2807 ne-

293 2856 399 2914 que
425 2841 573 2896 dicas
618 2855 797 2895 coram
828 2841 1019 2912 angelo
1053 2860 1064 2893 :
1098 2840 1211 2895 Non
1264 2851 1345 2896 est
1400 2843 1729 2911 providentia
1752 2886 1766 2910 ,
1820 2859 1888 2899 ne

293 2935 430 2992 forte
461 2936 627 2989 iratus
658 2933 798 2989 Deus
829 2949 1277 3003 supersermones
1297 2935 1886 3004 tuos,dissipetcuncta

294 3036 455 3098 Opera
480 3043 731 3083 manuum
765 3038 994 3082 tuarum.
1024 3024 1123 3083 Ubi
1144 3028 1309 3081 multa
1338 3028 1883 3097 suntsomnia,pluri-

294 3134 379 3177 ma
401 3122 629 3186 vanitas,
653 3128 707 3175 et
727 3135 1003 3175 sermones
1024 3121 1310 3186 innumeri;
1330 3131 1383 3175 tu
1405 3136 1534 3177 vero
1554 3121 1719 3176 Deum
1736 3123 1882 3177 time.

526 3209 699 3263 Lectio
722 3214 873 3262 sancti
896 3211 1155 3276 Evangelii
1179 3212 1443 3262 secundum
1467 3212 1664 3263 Lucam.

368 3295 565 3351 Diebus
593 3296 713 3360 illis,
747 3295 880 3349 dixit
904 3294 1059 3349 .Iesus
1091 3312 1103 3347 :
1135 3295 1264 3363 Quis
1296 3304 1532 3351 vestrum
1567 3296 1726 3351 habet
1755 3297 1887 3352 ami—

294 3401 439 3453 cum,
464 3388 628 3443 etibit
648 3387 711 3441 ad
736 3387 880 3441 illum
906 3388 1076 3441 media
1098 3396 1275 3454 nocte,
1300 3396 1355 3443 et
1375 3388 1518 3445 dicet
1538 3387 1615 3443 illi
1642 3405 1657 3443 :
1681 3390 1885 3456 Amice,

296 3480 572 3537 commoda
616 3479 747 3534 mihi
797 3489 904 3534 tres
946 3494 1130 3549 panes,
1184 3480 1437 3548 quoniam
1485 3479 1688 3537 amicus
1737 3496 1889 3537 meus

294 3574 439 3629 venit
466 3571 532 3627 de
557 3573 640 3626 via
671 3571 737 3627 ad
774 3587 880 3636 me,
910 3582 961 3626 et
990 3587 1094 3626 non
1118 3572 1289 3627 habeo
1336 3572 1477 3641 quod
1527 3588 1721 3644 ponam
1763 3584 1888 3629 ante

293 3666 465 3722 illum,
499 3666 567 3721 Et
605 3667 697 3722 ille
744 3666 957 3721 deintus
1004 3667 1334 3737 respondens
1382 3667 1524 3722 dicat
1558 3685 1572 3721 :
1603 3666 1720 3722 Noli
1756 3669 1888 3723 mihi

297 3760 553 3815 molestus
582 3773 722 3825 esse,
744 3759 854 3828 jam
887 3761 1082 3813 ostium
1109 3759 1349 3814 clausum
1376 3768 1483 3826 est,
1514 3769 1570 3814 et
1600 3763 1750 3828 pueri
1781 3762 1887 3817 mei

296 3866 505 3908 mecum
547 3861 673 3906 sunt
702 3853 753 3905 in
787 3851 971 3916 cubili,
1006 3866 1110 3906 non
1144 3866 1361 3921 possum
1404 3867 1625 3923 surgere
1675 3864 1727 3906 et
1759 3854 1889 3907 dare

296 3942 413 3998 tibi.
448 3942 576 3998 Dico
607 3942 780 4008 vobis,
804 3942 905 3999 etsi
938 3958 1043 3997 non
1072 3942 1221 3998 dabit
1251 3930 1331 3998 illi
1361 3956 1607 4013 surgens,
1653 3959 1717 3999 eo
1746 3945 1887 4014 quod

297 4034 502 4088 amicus
534 4032 651 4103 ejus
677 4033 784 4101 sit;
821 4042 1037 4104 prepter
1064 4033 1504 4102 inportunitatem
1551 4046 1726 4090 tamen
1773 4036 1889 4105 ejus

298 4135 498 4197 surget,
514 4137 567 4183 et
585 4124 731 4181 dabit
751 4124 824 4181 illi
857 4135 1114 4196 quotquot
1136 4126 1296 4181 habet
1316 4128 1666 4182 necessarios.
1701 4128 1768 4182 Et
1789 4143 1888 4198 ego

298 4220 448 4274 vobis
469 4217 589 4272 dico
630 4234 644 4272 :
679 4214 849 4273 Petite
888 4226 939 4273 et
966 4216 1176 4272 dabitur
1198 4219 1347 4273 vobis
1368 4260 1383 4286 ,
1413 4223 1635 4287 quaerite
1658 4228 1710 4273 et
1739 4221 1891 4276 inve-

297 4307 480 4373 nietis,
497 4309 707 4381 pulsate
726 4319 780 4362 et
800 4309 1068 4377 aperietur
1091 4308 1262 4364 vobis.
1288 4308 1475 4363 Omnis
1497 4312 1638 4366 enim
1653 4312 1741 4381 qu‘i
1760 4312 1892 4380 petit

298 4397 506 4469 accipit,
535 4408 586 4453 et
625 4399 712 4469 qui
753 4399 947 4469 quazrit
966 4400 1203 4468 invenit,
1244 4409 1298 4455 et
1347 4402 1577 4470 pulsanti
1600 4402 1889 4471 aperietur.

925 4510 1095 4544 INCIPIT
1116 4508 1265 4545 MISSA.

1913 3214 1961 3280 0

2007 547 2168 593 tatem
2201 539 2466 603 intendas.
2500 547 2718 611 peccata
2745 540 2953 606 deleas,
2984 539 3286 595 orationem
3328 540 3595 610 accipias;

2003 639 2062 686 ut
2088 632 2342 687 liberatus
2368 634 2436 688 ab
2476 634 2624 688 omni
2670 634 3015 699 adversitate,
3047 642 3104 691 et
3133 632 3223 688 hic
3251 641 3305 688 et
3352 632 3405 687 in
3437 643 3596 689 aster-

2001 741 2128 781 num
2156 727 2477 796 justiiieatus
2511 770 2526 795 ,
2557 742 2678 783 cum
2704 726 2907 797 angelis
2938 728 3054 783 sine
3080 726 3184 782 line
3206 724 3489 782 coulaudet
3517 724 3597 779 di-

1999 834 2129 876 cens
2154 839 2166 875 :
2194 819 2444 877 Sanctus.

2518 926 2649 966 ΙΤΒὶί
2679 927 2829 967 IISSA
2861 926 3076 969 τοτινλ.

2323 1003 2537 1066 Epistola
2560 1004 2696 1053 Pauli
2719 1003 2921 1069 apostoli
2945 1004 3007 1053 ad
3028 1004 3285 1054 Romanos.

2070 1088 2308 1155 Fratres,
2326 1104 2673 1159 quaecumque
2692 1088 2833 1143 enim
2862 1090 3060 1157 scripta
3084 1097 3233 1153 sunt,
3258 1086 3322 1141 ad
3356 1094 3595 1143 nostram

1998 1179 2294 1236 doctrinam
2326 1183 2521 1251 scripta
2548 1190 2695 1247 sunt,
2722 1190 2778 1236 ut
2798 1197 2895 1251 per
2920 1182 3232 1252 patientiam
3262 1188 3318 1235 et
3344 1179 3595 1235 consola-

1998 1272 2197 1329 tionem
2244 1273 2646 1344 Scripturarum
2689 1288 2839 1342 spem
2874 1273 3190 1328 habeamus.
3228 1272 3368 1328 Deus
3414 1279 3593 1328 autem

1997 1366 2269 1435 patientiae
2298 1374 2356 1419 et
2382 1366 2558 1420 solatii
2588 1365 2679 1421 det
2710 1365 2860 1419 vobis
2891 1363 2941 1419 id
2969 1365 3143 1434 ipsum
3174 1378 3361 1432 sapere
3386 1363 3437 1418 in
3463 1364 3594 1417 alte-

1995 1466 2202 1514 rutrum
2225 1458 2518 1515 secundum
2546 1456 2729 1513 Jesum
2755 1456 3050 1527 Christum,
3080 1466 3137 1511 ut
3164 1456 3466 1511 unianimes
3489 1470 3595 1510 uno

1996 1562 2090 1613 ere
2118 1552 2487 1609 honorificetis
2520 1551 2686 1609 Deum
2718 1560 2770 1607 et
2793 1551 3005 1607 Patrem
3031 1548 3243 1607 Domini
3269 1549 3440 1607 nostri
3466 1547 3595 1605 Jesu

1994 1644 2215 1705 Christi.
2269 1644 2494 1713 Pr0pter
2542 1645 2685 1717 quod
2728 1645 2981 1715 suscipite
3042 1645 3294 1713 invicem,
3352 1644 3493 1699 sicut
3539 1651 3594 1698 et

1994 1735 2237 1792 Christus
2264 1740 2501 1808 suscepit
2529 1751 2623 1792 vos
2655 1737 2707 1792 in
2738 1736 2944 1792 honore
2980 1736 3093 1791 Dei.

2237 1828 2406 1879 Lectio
2430 1829 2584 1878 sancti
2608 1827 2861 1891 Evangelii
2884 1828 3152 1878 secundum
3170 1825 3365 1875 Lucam.

2067 1912 2122 1967 In
2168 1911 2259 1966 illo
2308 1921 2566 1981 tempore,
2613 1911 2869 1966 Dominus
2916 1921 3100 1966 noster
3144 1910 3302 1966 Iesus
3342 1907 3590 1965 Christus

1996 2019 2116 2060 cum
2146 2004 2623 2074 adpropinquasset
2655 2003 2929 2068 Hiericho,
2960 2017 3136 2060 caecus
3181 2002 3397 2073 quidam
3430 2003 3588 2059 sede-

1994 2096 2085 2152 bat
2114 2111 2269 2151 secus
2310 2097 2449 2150 viam
2479 2096 2812 2151 mendicans.
2853 2096 2921 2152 Et
2948 2111 3072 2150 cum
3125 2095 3337 2152 audiret
3382 2095 3594 2151 turbam

1993 2197 2431 2259 prmtereuntem.
2463 2189 2825 2259 interrogabat
2849 2190 2975 2257 quid
3005 2190 3107 2244 hoc
3128 2199 3291 2244 esset.
3331 2189 3591 2245 Dixerunt

1992 2290 2171 2338 autem
2206 2281 2255 2337 ei
2284 2281 2425 2352 quod
2456 2281 2611 2336 Jesus
2654 2281 2958 2337 Naaarenus
3010 2283 3283 2336 transiret.
3326 2278 3591 2336 Clamavit

1992 2374 2176 2430 dicens
2206 2393 2218 2428 :
2251 2376 2376 2430 Jesu
2403 2375 2474 2430 fili
2514 2374 2714 2440 David,
2747 2376 3010 2429 miserere
3038 2374 3163 2430 mei.
3198 2373 3263 2429 Et
3296 2374 3385 2443 qui
3436 2376 3589 2442 pmi-

1990 2466 2120 2522 bant
2149 2468 2497 2536 increpabant
2520 2467 2570 2521 ei
2601 2470 2659 2520 ut
2686 2474 2911 2523 taceret.
2947 2466 3063 2536 Ipse
3113 2480 3245 2523 vere
3276 2466 3446 2521 multo
3472 2481 3586 2522 ma-

1990 2560 2073 2629 gis
2101 2561 2365 2615 clamabat
2392 2578 2402 2611 :
2432 2557 2529 2614 Fili
2562 2560 2746 2621 David,
2779 2563 3037 2616 miserere
3070 2562 3198 2616 mei.
3227 2560 3387 2615 Stans
3410 2569 3588 2615 autem

1990 2652 2149 2709 Iesus
2172 2652 2326 2722 jussit
2348 2660 2470 2706 enm
2498 2651 2691 2707 adduci
2718 2651 2784 2707 ad
2815 2668 2896 2708 se.
2922 2654 2985 2706 Et
3012 2667 3133 2707 cum
3160 2651 3592 2722 adpropinquas-

1988 2755 2093 2811 set,
2128 2745 2489 2815 interrogabat
2519 2760 2643 2800 eum
2674 2746 2860 2801 dicens
2893 2763 2906 2799 :
2939 2745 3075 2813 Quid
3111 2746 3205 2801 tibi
3258 2744 3338 2801 vis
3369 2744 3592 2801 faciam?

1990 2836 2061 2892 At
2089 2838 2179 2893 ille
2208 2838 2344 2893 dixit
2376 2854 2389 2891 :
2425 2839 2670 2903 Domine,
2702 2844 2762 2892 ut
2808 2838 3039 2892 videam.
3076 2836 3142 2892 Et
3171 2836 3325 2897 Jesus
3353 2838 3428 2891 ait
3458 2837 3535 2892 illi
3567 2854 3583 2893 :

1990 2928 2240 2998 Respice,
2269 2929 2401 2985 iides
2427 2938 2511 2983 tua
2538 2936 2590 2984 te
2615 2929 2822 2984 salvum
2852 2928 2997 2983 fecit.
3029 2929 3098 2984 Et
3122 2929 3407 2986 confestim
3432 2930 3585 2999 vidit,

1989 3031 2045 3076 et
2083 3023 2410 3090 sequebatur
2456 3022 2608 3076 illum
2639 3022 2985 3091 magnificans
3041 3022 3230 3077 Deum.
3292 3022 3361 3077 Et
3414 3022 3592 3078 omnis

1988 3114 2145 3186 plebs
2178 3126 2232 3169 ut
2262 3116 2413 3180 vidit,
2444 3115 2589 3170 dedit
2622 3115 2833 3171 Iaudem
2867 3116 2977 3171 Deo

2610 3218 2780 3258 INCIPIT
2817 3221 2968 3258 ΜιςεΑ.

2067 3292 2232 3347 Deum
2261 3292 2345 3345 cui
2375 3294 2679 3360 acceptiora
2708 3302 2832 3347 sunt
2864 3303 2984 3347 vota
3011 3292 3248 3348 fidelium
3278 3307 3439 3363 quam
3472 3309 3591 3349 mu-

1993 3392 2144 3444 nero,
2201 3384 2390 3437 fratres
2442 3385 2731 3450 carissimi,
2785 3385 3058 3455 supplices
3106 3385 3490 3454 deprecemur,
3535 3394 3592 3442 ut

1994 3474 2137 3530 hanc
2168 3476 2495 3529 oblationem
2545 3474 2730 3530 famuli
2774 3475 2856 3531 sui
2897 3475 2975 3531 ill.
3010 3476 3296 3546 dignanter
3343 3477 3591 3547 accipiat.

1994 3567 2219 3623 'I‘rihuat
2246 3568 2294 3621 ei
2325 3581 2518 3637 magna
2548 3581 2646 3635 pro
2677 3568 2876 3636 parvis,
2910 3581 3008 3637 pro
3038 3568 3423 3637 temporalibus
3452 3584 3589 3638 prat-

1995 3658 2099 3713 mia
2150 3659 2497 3727 sempiterna.
2555 3659 2655 3712 Det
2705 3660 2753 3713 ei
2802 3659 3059 3713 auxilium
3115 3660 3231 3715 sive
3281 3659 3589 3728 praesidium

1991 3749 2176 3819 gratiae
2200 3764 2334 3816 suae,
2366 3759 2422 3803 ut
2444 3751 2586 3820 quod
2614 3750 2888 3807 humiliter
2916 3751 3185 3821 implorat,
3221 3752 3449 3807 Domino
3480 3753 3586 3807 lar-

1992 3842 2192 3911 gieute,
2223 3841 2483 3911 suscipiat

2683 3915 2907 3966 Secreta.

2064 3995 2417 4066 Omnipotens
2446 4004 2501 4052 et
2522 3996 3007 4068 misericors_Deus,
3039 4003 3123 4057 cui
3148 4001 3386 4069 redditur
3407 4008 3590 4061 votum

1991 4088 2047 4143 in
2097 4088 2465 4155 Hierusalem,
2516 4091 2704 4146 exaudi
2755 4106 2947 4162 preces
2996 4092 3181 4151 famuli
3230 4094 3324 4161 tui,
3380 4111 3588 4163 memor

1992 4188 2110 4236 esto
2155 4181 2403 4236 sacrificii
2455 4181 2569 4249 sui,
2593 4182 2724 4239 fiant
2772 4184 3085 4241 holocausta
3117 4199 3211 4238 sua
3257 4186 3488 4258 [pinguia
3525 4184 3589 4259 :]

1994 4270 2172 4333 tribue
2201 4272 2249 4327 ei
2282 4271 2583 4333 devotionis
2609 4274 2860 4342 gratiam,
2886 4276 3097 4345 comple
3122 4275 3174 4333 in
3201 4276 3354 4341 bonis
3383 4277 3593 4334 deside-

1988 4364 2139 4420 rium
2171 4378 2351 4429 suum,
2377 4374 2431 4420 et
2455 4379 2652 4421 corona
2669 4382 2791 4423 eum
2817 4368 2871 4431 in
2903 4369 3292 4427 misericordia.
3316 4369 3457 4435 Tibi,
3490 4369 3593 4427 Do-

1994 4456 2161 4524 mine,
2180 4456 2393 4528 quando
2421 4458 2563 4515 fideli
2590 4459 2880 4519 devotione
2906 4462 3213 4531 famuletur,
3234 4462 3452 4533 ignosce
3464 4462 3592 4519 faci-

300 4584 305 4587 ‘
369 4574 607 4644 Suscipe,
643 4568 886 4642 Domine,
909 4576 1259 4647 supplicantis
1284 4581 1422 4634 servi
1449 4581 1521 4634 tui
1547 4580 1623 4635 ill.
1653 4583 1887 4637 votivum
1916 4599 1973 4662 Ῑ)
1997 4567 2158 4619 "ma;
2174 4562 2228 4608 ⁸⁸
2254 4566 2321 4608 ¹¹θ
2340 4552 2564 4622 “senda
2579 4554 3135 4662 θοξξίξξίξξξξξθίθωδ
3157 4555 3589 4625 βί⁸¹³¹θ⁰³⁸ιί8³’

298 4666 392 4721 tibi
428 4682 618 4722 munus
647 4666 907 4733 oblatum,
938 4679 991 4723 et
1034 4670 1314 4739 multiplici
1345 4671 1530 4728 fenore
1570 4674 1889 4744 gratiarum,

298 4767 357 4813 ut
385 4774 504 4828 qua:
533 4769 583 4814 te
612 4757 935 4816 fidelissimis
960 4762 1098 4816 votis
1128 4763 1282 4834 petit,
1315 4773 1370 4818 tu
1399 4765 1472 4831 ei,
1501 4764 1762 4836 piissime,
1792 4770 1893 4823 mi-

301 4862 544 4909 seranter
576 4852 808 4924 indulge.

982 4924 1205 4978 Secreta.

372 5006 661 5063 Redemtor
684 5008 758 5079 [et
781 5007 1009 5079 naturae]
1040 5009 1288 5067 humana
1328 5013 1576 5069 conditor
1621 5015 1781 5083 Deus,
1818 5015 1885 5070 da

300 5110 362 5156 ut
384 5114 578 5155 servus
602 5108 727 5154 tuus
753 5100 833 5157 ilI.
865 5108 987 5156 vota
1012 5101 1357 5173 adipiscatur,
1385 5114 1439 5160 et
1465 5107 1755 5176 impetrare
1773 5122 1889 5164 tne-

301 5202 481 5247 reatur
510 5191 653 5261 quod
676 5202 912 5262 exoptat.

246 5272 258 5337 ἓ
934 5284 1251 5337 Contestatio.

377 5365 518 5422 Vere
539 5367 756 5435 dignum
788 5377 842 5423 et
866 5369 1068 5437 justum
1094 5380 1198 5435 est,
1229 5374 1571 5442 omnipotens
1600 5375 1765 5443 Deus,
1802 5390 1894 5443 per

300 5458 569 5516 Christum
604 5459 888 5529 Dominum
926 5468 1190 5531 nostrum.
1221 5464 1321 5531 Qui
1349 5467 1503 5535 nobis
1549 5478 1729 5523 votum
1780 5466 1885 5538 quo

300 5554 531 5623 plaeeris
560 5555 811 5625 iaspiras,
838 5565 890 5614 et
933 5557 1113 5614 votiva
1141 5572 1241 5613 nos
1270 5557 1617 5627 inspiratione
1642 5574 1892 5617 remune-

302 5662 411 5710 ras,
447 5658 499 5701 te
528 5647 874 5709 obsecramus
905 5650 1130 5719 supplici
1161 5665 1341 5721 prece,
1394 5658 1449 5703 ut
1482 5651 1618 5704 hanc
1648 5651 1788 5706 servi
1821 5651 1892 5704 tui

2640 4640 2955 4697 Contestatio.

2073 4722 2211 4791 Vere
2239 4725 2460 4795 dignum
2505 4734 2558 4781 et
2580 4724 2783 4792 justum
2813 4734 2913 4791 est,
2961 4726 3303 4795 omnipotens
3335 4726 3497 4796 Deus,
3540 4736 3593 4782 te

1993 4814 2237 4883 laudare,
2270 4826 2321 4877 te
2348 4815 2688 4883 benedicere,
2718 4823 2875 4885 teque
2901 4816 3235 4885 gloriﬁcare,
3266 4828 3369 4887 tua:
3421 4818 3596 4890 maje-

1996 4910 2092 4971 tati
2121 4924 2184 4964 ac
2214 4910 2476 4969 voluntati
2508 4924 2720 4977 semper
2748 4910 3147 4979 obtemperare,
3186 4910 3240 4971 in
3270 4926 3376 4980 quo
3404 4920 3489 4969 est
3510 4926 3578 4985 sa

1995 5001 2079 5061 ius
2137 5002 2373 5059 omnium
2411 5002 2746 5071 populorum.
2797 5002 2892 5058 Cui
2942 5004 3076 5061 Abel
3111 5020 3332 5069 munera
3379 5005 3595 5073 obtulit,

2002 5093 2089 5155 eui
2120 5094 2387 5151 Abraham
2420 5094 2789 5163 holocaustum
2812 5095 3013 5161 ‘oiierre
3034 5096 3298 5166 decrevit,
3325 5098 3408 5155 cui
3430 5098 3596 5159 Iacob

2003 5196 2185 5255 votum
2215 5187 2377 5251 vovit,
2409 5196 2462 5249 et
2490 5184 2756 5255 reddidit,
2803 5188 3095 5255 miserere,
3140 5187 3386 5256 Domine,
3438 5204 3597 5253 servo

2005 5287 2096 5332 tuo
2123 5278 2221 5341 ill.,
2248 5277 2335 5343 qui
2366 5277 2416 5331 in
2443 5276 2645 5339 honore
2665 5286 2975 5341 sanctorum
3002 5277 3082 5337 ill.
3106 5286 3350 5332 votorum
3375 5294 3596 5335 munera

2003 5368 2161 5431 oﬂert
2193 5384 2285 5439 per
2314 5367 2565 5435 suifragia
2594 5368 2896 5427 orationum
2924 5377 3233 5435 sanctorum
3262 5380 3475 5427 tuorum
3506 5390 3518 5425 :
3543 5382 3597 5430 te

2004 5470 2359 5533 protectorem
2395 5474 2551 5529 suum
2583 5474 2794 5531 semper
2835 5471 3131 5532 agnoscat.
3184 5474 3238 5515 et
3282 5464 3362 5517 sui
3411 5466 3595 5529 auxilii

2000 5569 2157 5623 opem
2188 5552 2552 5609 indesinenter
2578 5551 2820 5607 inveniat
2850 5569 2862 5604 :
2895 5552 3043 5609 illum
3068 5552 3326 5621 glorietur
3349 5556 3591 5625 recipere

2003 5646 2301 5711 praemium,
2332 5646 2418 5715 qui
2448 5644 2643 5697 devoto
2672 5652 2890 5711 pectore
2913 5642 2979 5696 ad
3004 5642 3111 5696 alta
3142 5647 3594 5716 contemplatione

294 5777 701 5867 tionibust
730 5778 1192 5867 ΝοριῇπιειηεινοΑᾶ
1230 5780 1440 5848 Pacem,
1475 5790 1683 5843 retento
1732 5790 1909 5838 tamen
1960 5781 2181 5839 nomine
2233 5780 2671 5837 Contestationis.
2716 5777 2822 5835 Sed
2874 5779 3025 5848 plura
3054 5783 3297 5867 exempta
3330 5783 3464 5845 intra
3492 5788 3592 5843 sub

305 5853 465 5905 tinem
490 5850 767 5907 Missarutu
796 5850 1214 5909 doininicali'utn.
