4060 6346
521 288 629 349 543

1305 287 1641 346 ΔΡΡΕΝΒΙΧ
1686 288 1779 345 AD
1827 289 2057 351 OPERA
2100 291 2166 349 S.
2212 248 2531 359 63W!
2571 297 3007 356 PARISIENSIS.

3703 304 3809 360 5M

521 411 871 483 suspendere.
893 452 908 467 .
934 456 947 468 .
968 412 1050 468 Tu
1061 426 1121 468 es
1140 412 1280 469 enim
1298 412 1440 469 Deus
1461 412 1549 482 qui
1579 412 1784 469 nullum
1809 412 1901 468 tibi
1934 413 2111 482 perire
2134 413 2189 476 Δ
2214 415 2403 472 exaudi
2432 435 2450 471 :
2478 419 2692 487 suscipe
2709 420 2980 489 propicius
3000 418 3324 473 oblationem
3350 418 3524 489 adque
3548 418 3803 477 libamina

520 505 623 569 vis,
658 507 752 562 sed
782 507 1033 567 omnibus
1054 507 1235 562 reddis
1266 522 1456 577 magna
1488 523 1585 576 pro
1602 507 1799 577 parvis,
1824 522 1920 575 pro
1935 514 2107 562 morte

521 598 712 668 vitam,
742 614 839 668 pro
870 614 1023 670 pmna
1042 600 1282 670 gloriam,
1306 615 1405 670 pro
1422 608 1666 655 votorum
1696 597 2108 667 olﬁciopraamia

522 689 714 745 tribuis
734 691 1080 760 sempiterna,
1109 706 1202 761 per
1232 690 1499 747 Christum
1533 691 1816 747 Dominum
1842 698 2106 744 nostrum.

1054 799 1181 838 1TB!
1214 800 1360 839 MISSA
1395 798 1605 837 νοτ-ΝΑ.

597 875 757 943 Deus,
788 877 879 945 qui
906 877 1124 932 vulnere
1167 878 1427 947 passionis
1474 886 1530 932 et
1577 875 1749 929 crucis
1799 884 2108 930 nostrorum

523 971 732 1027 vincula
763 972 921 1027 solvis
954 971 1365 1044 [peccatorum,]
1395 972 1625 1027 votivam
1658 970 1793 1025 hanc
1820 983 1982 1025 servo
2018 976 2111 1024 tuo

523 1063 603 1118 ill.
632 1065 843 1133 suscipe
872 1079 1084 1134 precem
1109 1066 1161 1119 in
1187 1064 1458 1129 omnibus,
1491 1079 1588 1133 pro
1633 1062 1827 1132 quibus
1856 1071 1910 1117 te
1938 1075 2108 1132 popo-

523 1156 685 1210 scerit
713 1156 851 1211 ﬁdeli
884 1156 1195 1223 devotione,
1227 1156 1482 1212 exaudire
1509 1154 1765 1225 digneris.

596 1246 795 1303 Dicitur
824 1246 1052 1303 Secreta.

1139 1316 1505 1380 [Contestatio.]

592 1397 729 1454 Vere
754 1399 970 1470 dignum
998 1408 1053 1457 et
1074 1400 1279 1471 justum
1311 1410 1413 1465 est,
1464 1399 1803 1469 omnipotens
1831 1397 1994 1465 Deus,
2021 1397 2112 1469 qui

520 1488 591 1542 ob
622 1491 723 1545 hoc
747 1502 1089 1559 peccatorum
1110 1506 1214 1546 non
1240 1492 1422 1546 renuis
1450 1490 1753 1560 postulata;
1780 1503 1879 1559 pro
1902 1503 2009 1558 quo
2038 1498 2112 1558 te,

520 1578 765 1648 Domine,
795 1584 1066 1652 supplices
1098 1583 1450 1653 postulamus,
1486 1592 1543 1636 ut
1576 1581 1698 1636 huic
1726 1595 1884 1635 servo
1916 1591 2007 1636 tuo
2032 1580 2113 1636 ill.

519 1670 860 1728 delectabiles
888 1674 1170 1743 petitiones
1196 1674 1440 1742 impleas,
1476 1680 1530 1727 et
1564 1672 2021 1741 perseverantiam
2052 1675 2106 1727 in

2213 522 2309 576 pro
2356 510 2611 565 fratribus
2641 527 2703 566 ac
2725 512 3000 567 sororibus
3031 510 3230 565 nosuis
3272 526 3436 581 quam
3487 512 3582 566 tibi
3626 513 3802 568 offeri-

2212 620 2348 671 mus,
2364 620 2459 661 seu
2479 611 2683 663 cunctis
2707 608 3135 663 benefactoribus
3152 610 3370 671 nostris,
3398 618 3506 662 tam
3531 623 3629 677 pro
3644 609 3798 674 vivis,

2210 712 2367 767 quam
2405 700 2629 753 mortuis
2652 741 2664 763 ,
2688 700 2774 753 vel
2798 700 3043 755 ﬁdelibus
3069 698 3171 754 tuis
3190 741 3205 762 .
3234 714 3330 769 pro
3357 700 3552 768 quibus
3580 700 3801 755 oblatio-

2212 803 2335 846 nem
2355 788 2649 858 oderimus,
2672 801 2730 846 ut
2749 792 2958 847 cunctis
2977 792 3215 861 proﬁciat
3241 791 3307 845 ad
3338 792 3589 847 salutem.

2849 881 3168 933 Contestatio.

2288 961 2425 1017 Vere
2441 962 2667 1034 dignum
2707 973 2761 1019 et
2796 964 2996 1033 justum
3020 972 3123 1031 est,
3156 966 3505 1035 omnipotens
3537 964 3707 1030 Deus,
3737 964 3803 1019 ad

2212 1064 2337 1111 vota
2378 1056 2657 1111 humilium
2707 1072 2925 1113 manum
2970 1058 3204 1113 dextera:
3236 1067 3342 1113 tum
3368 1057 3665 1125 Maiestatis
3712 1074 3806 1113 ex-

2214 1144 2395 1213 tende,
2426 1156 2486 1200 ut
2512 1145 2792 1201 animabus
2833 1146 3163 1202 famulorum
3222 1146 3659 1218 famularumque
3691 1159 3809 1202 tua-

2213 1251 2355 1305 rum,
2382 1246 2489 1292 tam
2518 1252 2616 1308 pro
2638 1238 2774 1292 vivis
2804 1252 2965 1308 quam
3011 1246 3067 1293 et
3112 1238 3302 1295 solutis
3348 1239 3533 1294 debito
3582 1240 3797 1305 mortis,

2214 1343 2442 1399 quorum
2460 1330 2666 1385 animas
2687 1329 2754 1384 ad
2780 1330 3185 1385 memorandum
3200 1331 3649 1401 conscripsimus,
3673 1332 3811 1387 ﬁde-

2215 1416 2343 1474 lium
2392 1420 2776 1475 catholicorum
2823 1419 3271 1488 orthodoxorum,
3305 1422 3397 1492 qui
3448 1423 3545 1477 tibi
3594 1423 3813 1493 placue-

2217 1519 2373 1579 runt,
2402 1527 2631 1581 quorum
2678 1514 3249 1569 commemorationem
3284 1516 3512 1584 agimus,
3547 1517 3639 1571 vel
3669 1531 3813 1587 quo-

2216 1616 2336 1657 rum
2367 1603 2582 1657 nomina
2609 1619 2773 1673 super
2800 1612 3046 1660 sanctum
3095 1606 3344 1661 altarium
3390 1609 3594 1677 scripta
3648 1609 3812 1664 adest

2220 1692 2511 1759 evidenter,
2566 1696 2942 1752 remissionem
2986 1707 3356 1766 peccatorum,
3412 1698 3809 1769 indulgentiam

521 1767 673 1823 δθηίε
700 1768 952 1859 (lacrimis
983 1768 1187 1859 ῑνίβξιὲε
1230 1783 1323 1836 Pe"
1359 1767 1630 1859 (Ἇπίεωφ
1681 1764 1966 1859 Dominum
1999 1778 2113 1859 _“°'
2137 1792 2190 1854 Β
2214 1799 2375 1856 quam
2398 1800 2611 1855 semper
2632 1764 3122 1858 Optaverunt,_piis
3162 1764 3640 1859 supplicationibus
3666 1807 3805 1849 con-

520 1868 715 1915 etrum.
746 1856 848 1913 Per
874 1872 1032 1928 quem
1058 1857 1388 1927 Majestatem
1418 1865 1561 1911 tuam
1589 1856 1808 1912 laudant
1836 1854 2036 1925 angeli.

882 1987 1031 2027 IIISSA
1052 1988 1153 2027 PRO
1180 1986 1318 2026 νινιε
1343 1987 1412 2025 ΕΤ
1441 1985 1755 2027 υειωιοτιε.

770 2065 983 2129 Epistula
1006 2065 1143 2115 Pauli
1168 2065 1373 2127 apostoli
1397 2065 1455 2113 ad
1478 2063 1795 2115 Colosseuses
1820 2067 1865 2116 ⁸.

596 2148 839 2215 Fratres,
884 2148 971 2218 qui
999 2148 1100 2203 sub
1131 2156 1397 2217 potestate
1423 2146 1627 2202 domini
1655 2162 1862 2213 sumus,
1895 2145 2118 2203 manda-

526 2249 639 2295 tttm
672 2240 765 2296 Dei
788 2240 1059 2297 custodire
1084 2240 1362 2296 debemus.
1394 2240 1494 2307 Qui
1518 2239 1825 2295 custodiunt
1851 2246 2118 2309 przecepta

524 2334 759 2402 Domini,
795 2334 994 2391 habent
1024 2335 1189 2388 vitam
1219 2342 1508 2399 aeternam;
1537 2343 1595 2388 et
1618 2333 1707 2402 qui
1734 2340 1935 2403 negant
1962 2346 2114 2385 man-

524 2422 645 2480 data
688 2424 827 2493 ejus,
856 2424 1407 2495 adquiruntruinam,
1457 2432 1513 2478 et
1564 2424 1617 2477 in
1668 2423 1770 2478 hoc
1826 2422 2118 2478 secundam

520 2524 771 2572 tnortem.
822 2516 1155 2585 Praeceptum
1189 2515 1399 2571 Domini
1448 2515 1549 2570 hoc
1579 2524 1698 2569 est:
1729 2514 1844 2569 Non
1892 2514 2122 2584 perjura.

521 2607 688 2663 beris.
731 2606 845 2662 Non
876 2606 1074 2661 furtum
1104 2605 1289 2661 facies.
1324 2606 1440 2660 Non
1484 2605 1839 2661 adulterabis.
1868 2604 1987 2661 Non
2019 2606 2121 2660 fal-

520 2714 638 2755 sum
670 2700 1035 2756 testimonium
1079 2699 1249 2755 dices.
1280 2698 1395 2754 Non
1426 2699 1657 2768 accipies
1682 2713 1903 2755 munera
1932 2706 2119 2755 contra

522 2794 825 2863 veritatem,
859 2808 959 2847 nec
988 2807 1084 2862 per
1106 2801 1448 2862 potestatem.
1480 2795 1581 2858 Qui
1607 2791 1767 2849 habet
1794 2800 2119 2863 potestatem

520 2893 575 2939 et
613 2883 841 2954 abnegat
871 2885 1175 2953 veritatem,
1208 2883 1570 2953 ahnegabitur
1600 2884 1676 2938 illi
1722 2898 1945 2955 regnum
1995 2883 2115 2954 Dei,

521 2985 577 3033 et
601 2976 1002 3032 conculcabitur
1042 2978 1096 3032 in
1146 2978 1440 3032 infernum.
1472 2977 1548 3031 lbi
1580 2992 1686 3031 non
1718 2977 1989 3047 egreditur
2017 2978 2118 3033 bis.

520 3068 801 3137 Quomodo
841 3084 1026 3125 sumus
1089 3069 1309 3141 fragiles
1340 3079 1394 3124 et
1424 3068 1865 3138 praevaricatores
1904 3078 2121 3137 agentes

2216 1886 2529 1948 sequantur,
2560 1893 2657 1948 per
2683 1879 2951 1935 Christum
2985 1880 3268 1936 Dominum
3297 1891 3561 1938 nostrum.
3594 1881 3720 1940 Cui.

2584 1984 2733 2026 mssa
2768 1986 2819 2025 1N
2859 1985 3003 2027 nouo
3038 1988 3360 2028 cumsuam
3387 1972 3440 2026 ι».

2424 2060 2597 2112 Lectio
2620 2064 2772 2111 sancti
2794 2062 3049 2125 Evangelii
3074 2064 3345 2113 secundum
3368 2063 3547 2115 Lucam
3573 2067 3625 2114 ο.

2291 2143 2488 2199 Diebus
2520 2145 2624 2200 illis
2646 2145 2779 2201 dixit
2811 2144 3067 2200 Dominus
3095 2147 3254 2202 Jesus
3289 2147 3459 2202 turbis
3502 2149 3814 2205 similitudi-

2221 2251 2341 2292 nem
2373 2237 2601 2293 hominis
2633 2238 2911 2309 cujusdam
2957 2240 3165 2295 divitis.
3204 2241 3409 2297 Uberes
3448 2241 3658 2298 fructus
3686 2257 3813 2314 ager

2220 2332 2416 2399 attulit,
2448 2342 2501 2387 et
2542 2334 2806 2403 cogitabat
2854 2334 2989 2388 intra
3038 2349 3097 2389 se
3145 2335 3533 2403 dicens:Quid
3585 2335 3806 2403 faciam,

2220 2424 2359 2492 quod
2405 2439 2507 2476 non
2554 2426 2725 2479 habeo
2753 2440 2857 2494 quo
2890 2425 3091 2479 fructus
3138 2442 3288 2481 uteos
3331 2429 3701 2498 congregem?
3749 2427 3813 2485 Et

2220 2512 2355 2569 dixit
2381 2532 2393 2567 :
2425 2514 2537 2569 lloc
2555 2512 2770 2570 faciam.
2808 2516 3085 2570 Destruam
3109 2517 3298 2573 horrea
3331 2532 3449 2573 mea
3469 2560 3483 2585 ,
3518 2529 3574 2574 et
3604 2520 3811 2590 majora

2222 2605 2446 2671 faciam;
2504 2616 2558 2662 et
2600 2608 2727 2661 illuc
2777 2610 3112 2679 congregabo
3157 2610 3337 2664 omnia
3379 2625 3499 2681 qua:
3528 2620 3655 2666 nata
3685 2622 3808 2668 sunt

2222 2699 2377 2765 mibi,
2409 2708 2464 2753 et
2491 2700 2628 2755 bona
2668 2714 2817 2765 mea;
2848 2711 2900 2755 et
2952 2701 3123 2755 dicam
3166 2702 3357 2757 anima:
3388 2718 3523 2757 mere
3548 2721 3562 2757 :
3592 2704 3806 2769 Anima,

2224 2791 2387 2847 habes
2418 2790 2580 2847 multa
2627 2792 2801 2862 posita
2846 2793 2899 2847 iu
2962 2807 3132 2849 annos
3175 2794 3453 2863 plurimos.
3487 2782 3807 2863 Requiesce.

2222 2884 2469 2951 comede,
2501 2885 2641 2950 bibe,
2662 2886 2899 2952 epulare.
2928 2885 3071 2940 Dixit
3097 2896 3274 2941 autem
3307 2886 3382 2940 illi
3410 2885 3553 2941 Deus
3578 2902 3592 2939 :
3613 2885 3807 2953 Stulte,

2228 2977 2329 3031 hac
2360 2987 2518 3031 nocte
2548 2975 2782 3029 animam
2831 2984 2974 3030 tuam
3028 2985 3276 3046 repetunt
3297 2994 3327 3031 ει
3359 2987 3441 3039 te;
3470 2992 3593 3046 qua:
3635 2987 3811 3035 autem

2228 3070 2453 3139 parasti,
2488 3068 2643 3139 cujus
2673 3070 2863 3123 erunt?
2904 3069 2993 3125 Sic
3018 3078 3101 3124 est
3126 3070 3215 3139 qui
3246 3070 3345 3125 sibi
3377 3069 3733 3137 thesaurizat,
3762 3080 3811 3130 et

521 3170 818 3233 peccatum.
842 3161 958 3217 Non
987 3177 1083 3231 per
1104 3162 1348 3232 singulos
1377 3160 1492 3217 dies
1524 3163 1861 3230 pmnitemus,
1896 3161 1989 3215 sed
2016 3176 2112 3229 per
2142 3176 2187 3238 ρ
2226 3174 2331 3215 non
2353 3167 2435 3213 est
2461 3159 2514 3212 iu
2546 3158 2712 3213 Deum
2738 3158 2911 3214 dives.
2946 3158 3192 3229 Dixitque
3220 3160 3284 3215 ad
3314 3159 3606 3230 discipulos
3638 3176 3801 3216 suos:

518 3256 757 3325 singulos
778 3256 892 3312 dies
939 3265 1215 3327 peccatum
1265 3269 1428 3325 super
1457 3264 1737 3325 peccatum
1766 3252 2013 3309 facimus.
2045 3252 2115 3309 Ut

519 3348 704 3406 sciatis
758 3348 879 3415 hoc,
932 3348 1127 3404 fratres
1178 3348 1466 3413 carissimi,
1522 3347 1647 3417 quia
1707 3359 1875 3415 opera
1927 3353 2112 3399 nostra

520 3441 778 3511 scriptum
834 3448 916 3496 est
963 3442 1013 3494 in
1048 3439 1150 3496 hoc
1188 3440 1345 3505 libro,
1377 3439 1430 3493 in
1466 3436 1981 3492 commemoratione
2013 3435 2115 3490 erit

529 3534 685 3591 nobis
713 3534 767 3589 in
798 3533 884 3588 die
905 3532 1112 3603 judicii.
1168 3532 1242 3586 lbi
1294 3546 1395 3586 nec
1435 3539 1624 3594 testes,
1673 3529 1744 3584 ibi
1788 3542 1888 3583 uec
1933 3541 2109 3596 pares,

527 3626 600 3682 ibi
640 3642 739 3683 nec
767 3642 864 3697 per
890 3640 1113 3682 munera
1140 3624 1466 3695 iudicabitur
1492 3641 1505 3675 :
1540 3622 1660 3691 quia
1689 3636 1797 3676 non
1823 3629 1906 3676 est
1926 3620 2115 3675 melior

519 3732 679 3788 quam
711 3717 863 3783 ﬁdes,
892 3718 1112 3783 veritas,
1162 3716 1406 3783 castitas,
1434 3713 1720 3784 jejunium,
1770 3721 1826 3768 et
1876 3712 2116 3768 eleemo-

520 3824 673 3881 syna,
703 3825 824 3879 qua:
850 3811 1109 3879 extinguit
1130 3812 1309 3863 omnia
1338 3816 1579 3877 peccata.
1615 3807 1681 3861 Et
1702 3807 1844 3877 quod
1878 3806 1973 3861 tibi
1996 3821 2107 3862 non

519 3901 623 3969 vis,
654 3901 761 3955 alio
791 3916 894 3956 uou
925 3901 1111 3955 facias.
1158 3901 1359 3969 Stipola
1406 3915 1631 3970 regnum
1677 3899 1791 3964 Dei,
1819 3909 1874 3953 et
1902 3899 2117 3968 accepit

521 4005 797 4058 coronam,
828 3991 969 4060 quod
998 4000 1080 4047 est
1107 3991 1157 4044 in
1186 3990 1398 4047 Christo
1425 3990 1550 4045 Jesu
1584 3989 1830 4043 Domino.

594 4083 929 4153 Evangeliutn
958 4083 1175 4151 inferius
1197 4083 1403 4136 dicitur.

1142 4189 1309 4224 INCIPIT
1346 4186 1493 4224 IISSA.

598 4254 933 4325 Majestatem
966 4265 1134 4323 tuam,
1160 4258 1582 4313 clementissime
1614 4258 1793 4325 Pater,
1832 4270 2118 4314 exoramus

522 4363 621 4419 pro
643 4347 901 4405 fratribus
922 4359 978 4406 et
999 4351 1271 4406 sororibus
1304 4350 1521 4417 nostris,
1554 4366 1649 4407 seu
1675 4352 1923 4407 omnibus
1954 4352 2119 4407 bene-

524 4440 815 4497 factoribus
846 4443 1068 4509 nostris,
1100 4443 1185 4497 vel
1228 4443 1318 4512 qui
1362 4458 1421 4498 se
1452 4444 1504 4497 in
1554 4444 1753 4499 nostris
1783 4443 2115 4500 orationibus

2217 3250 2343 3306 ldeo
2356 3249 2475 3304 dico
2492 3250 2665 3316 vobis,
2684 3250 2848 3304 nolite
2863 3248 3076 3303 solliciti
3092 3263 3211 3304 esse
3231 3253 3422 3304 anitum
3445 3251 3573 3321 quid
3591 3238 3806 3307 mandu-

2213 3342 2368 3406 cetis,
2395 3356 2567 3411 neque
2587 3342 2805 3411 corpori
2834 3342 2961 3411 quid
2995 3342 3321 3397 vestiamini.
3352 3342 3544 3398 Anima
3581 3344 3706 3412 plus
3732 3352 3811 3401 est

2214 3448 2371 3505 quam
2385 3449 2527 3502 esca,
2565 3444 2620 3489 et
2646 3449 3011 3506 corpusquam
3029 3437 3429 3491 vestimentum.
3461 3437 3808 3493 Considerate

2215 3543 2427 3598 corvos,
2443 3530 2565 3599 quia
2580 3544 2684 3582 non
2704 3529 2969 3585 seminant
2982 3544 3153 3599 neque
3168 3530 3596 3599 metunt,quibus
3608 3546 3716 3585 non
3732 3539 3811 3587 est

2216 3622 2489 3678 cellarium
2503 3620 2930 3689 nequehorreum
2953 3631 3038 3685 ;et
3064 3620 3203 3676 Deus
3232 3621 3403 3690 pascit
3431 3621 3575 3675 illos.
3597 3621 3811 3688 Quanto

2218 3717 2385 3787 magis
2407 3730 2499 3770 vos
2526 3715 2694 3784 pluris
2706 3714 2835 3770 estis
2863 3715 3010 3770 illis?

2840 3821 3009 3857 INCIPIT
3036 3821 3187 3858 HISSA.

2289 3891 2567 3946 Protector
2612 3891 2666 3945 in
2724 3899 2775 3945 te
2821 3892 3150 3958 sperantium
3198 3891 3361 3960 Deus,
3386 3901 3441 3947 et
3470 3891 3808 3948 subditarum

2220 3982 2315 4038 tibi
2337 3983 2597 4037 mentium
2619 3991 2823 4049 custos,
2850 3982 3213 4039 habitantibus
3239 3985 3294 4039 in
3324 3988 3423 4039 hac
3444 3983 3607 4041 domo
3640 3985 3810 4042 famo-

2219 4072 2285 4132 lis
2316 4077 2419 4131 tuis
2466 4078 2539 4131 ill.
2576 4077 2848 4147 propicius
2893 4077 3083 4133 adesse
3128 4077 3370 4148 dignare;
3416 4076 3611 4133 Veniat
3648 4094 3809 4149 super

2221 4180 2313 4221 eos
2343 4174 2619 4236 sperantes
2646 4182 2677 4221 a
2703 4176 2755 4222 te
2794 4166 3118 4234 benedictio,
3144 4183 3210 4224 ne
3238 4168 3523 4225 subvertas
3549 4188 3562 4223 :
3593 4180 3654 4225 ut
3701 4172 3810 4241 pie-

2220 4260 2347 4314 tatis
2373 4269 2477 4314 tua:
2508 4260 2695 4329 repleti
2737 4262 3074 4327 muneribus,
3107 4261 3165 4316 in
3191 4271 3279 4318 tua
3301 4264 3473 4333 gratia
3514 4274 3570 4318 et
3610 4263 3665 4319 in
3717 4275 3806 4322 tuo

2221 4349 2437 4406 nomine
2467 4350 2569 4405 laeti
2591 4364 2804 4421 semper
2834 4353 3095 4408 exultent.

2900 4442 3127 4494 Secreta.

523 4533 1054 4599 commendaverunt,
1084 4542 1191 4588 tam
1218 4549 1313 4603 pro
1340 4535 1494 4600 vivis,
1519 4550 1675 4605 quant
1705 4544 1759 4590 et
1790 4536 1979 4591 solutis
2018 4534 2114 4592 de-

2290 4525 2538 4595 Suscipe,
2588 4525 2837 4596 Domine,
2888 4542 3214 4598 quaesumus,
3268 4542 3457 4597 preces
3502 4539 3558 4586 et
3603 4533 3810 4589 hostias

522 4623 635 4681 bito
658 4624 868 4691 mortis,
899 4639 1124 4694 quorum
1150 4626 1524 4695 eleemosynas
1553 4627 1852 4698 erogandas
1875 4627 2117 4696 suscepi-

525 4730 667 4783 mus,
693 4716 777 4771 vel
803 4730 1029 4786 quorum
1060 4717 1266 4773 animas
1311 4718 1377 4773 ad
1409 4719 1817 4774 memorandum
1840 4720 2117 4790 conscrip-

526 4807 717 4874 simus,
746 4807 831 4864 vel
858 4824 1085 4877 quorum
1114 4811 1331 4865 nomina
1369 4825 1531 4881 super
1566 4820 1809 4867 sanctum
1861 4812 2115 4868 altarium

524 4902 724 4970 scripta
754 4899 904 4955 adest
932 4900 1245 4956 evidenter:
1277 4903 1514 4958 concede
1542 4903 1833 4972 pr0picius,
1887 4912 1948 4957 ut
1996 4904 2113 4959 htec

524 5005 675 5048 sacra
710 4990 909 5045 oblatio
931 4993 1157 5047 mortuis
1185 4996 1351 5061 prosit
1378 4996 1445 5049 ad
1474 4996 1708 5062 veniam,
1736 5007 1788 5051 et
1816 4996 1955 5050 vivis
1983 5012 2112 5066 pro-

524 5084 667 5140 ﬁciat
694 5084 759 5139 ad
788 5084 1047 5151 salutem;
1084 5094 1138 5141 et
1169 5074 1419 5143 ﬁdelibus
1445 5089 1570 5156 tuis,
1602 5105 1701 5159 pro
1730 5090 1925 5160 quibus
1956 5092 2110 5147 obla-

524 5175 723 5231 tionem
744 5174 1039 5242 oﬁerimus,
1065 5175 1390 5247 indulgentia
1422 5190 1526 5235 tua:
1560 5182 1776 5251 pietatis
1807 5192 2111 5239 succurrat.

1050 5263 1239 5316 Dicitur
1262 5268 1465 5319 Secreta
1487 5270 1597 5319 alia.

594 5348 788 5405 Preces
833 5357 1080 5415 nostras,
1147 5351 1564 5408 clementissime
1615 5354 1791 5421 Deus,
1850 5356 2116 5426 benignus

602 5471 631 5501 ι
667 5464 908 5534 Sequens
934 5463 1120 5536 Lectio
1150 5480 1254 5519 non
1280 5466 1471 5536 legitur
1502 5467 1552 5521 in
1584 5467 1810 5535 epistola
1838 5468 1903 5520 ad
1932 5467 2119 5525 Colos-

525 5547 737 5609 s_enses,
764 5537 1015 5609 nequegin
1047 5535 1220 5590 Libris
1267 5540 1434 5593 sacris
1469 5556 1480 5589 :
1513 5539 1606 5592 sed
1656 5546 1739 5592 est
1788 5538 1999 5609 farrago
2053 5556 2121 5597 ex

528 5605 822 5673 Scriptura:
850 5607 1027 5660 verbis
1053 5615 1327 5661 contexta.

603 5674 629 5712 δ
670 5675 833 5748 Muris
860 5677 1142 5748 aliquando
1166 5677 1330 5732 fuisse
1372 5687 1429 5732 ut
1478 5678 1529 5733 in
1580 5678 1829 5734 domibus
1873 5682 2115 5748 privatis,

530 5746 653 5802 sive
674 5761 771 5814 pro
799 5745 1044 5811 infirmis,
1076 5764 1171 5803 seu
1202 5764 1299 5817 pro
1326 5750 1445 5804 aliis
1466 5751 1665 5813 causis,
1701 5765 1851 5805 sacra
1874 5745 2117 5808 Celebraé

535 5826 740 5884 rentur,
773 5817 927 5873 testis
958 5826 1061 5885 est,
1092 5828 1288 5889 prater
1317 5820 1471 5876 alios.
1501 5821 1776 5890 Paulinus,
1811 5826 1861 5878 in
1889 5824 2024 5878 libro
2049 5824 2117 5881 de

2224 4617 2542 4673 lamulorum
2587 4626 2799 4673 tuorum
2850 4620 2953 4687 ill.,
2985 4633 3039 4676 et
3067 4635 3220 4675 muro
3250 4620 3508 4677 custodite
3538 4631 3645 4679 tute
3676 4626 3810 4681 hanc

2223 4710 2441 4766 domum
2473 4710 2777 4775 circumda;
2812 4722 2869 4766 ut
2911 4713 3056 4767 omni
3099 4712 3430 4770 adversitate
3457 4714 3710 4784 depulsa,
3744 4719 3810 4773 sit

2224 4804 2327 4861 hoc
2346 4819 2560 4875 semper
2587 4805 2919 4862 domicilium
2951 4808 3327 4864 incolomitatis
3354 4819 3410 4865 et
3437 4810 3603 4879 pacis.
3642 4811 3766 4867 Per.

2859 4898 3179 4951 Contestatio.

2291 4983 2429 5040 Vere
2454 4984 2674 5055 dignum
2704 4993 2758 5041 et
2775 4987 2978 5055 justum
3019 4996 3125 5053 est,
3154 4988 3495 5058 omnipotens
3521 4989 3686 5057 Deus,
3715 4991 3806 5047 be-

2224 5076 2419 5147 nignus
2442 5078 2679 5135 indultur
2703 5080 2756 5135 in
2787 5081 3011 5137 secretis
3033 5080 3229 5137 officiis
3258 5083 3480 5148 nostris,
3514 5093 3569 5138 et
3591 5084 3646 5138 in
3675 5084 3806 5141 hanc

2221 5170 2437 5227 domum
2469 5171 2809 5227 manentibus
2836 5172 3136 5241 praesentiae
3187 5181 3292 5228 tuae
3336 5174 3574 5230 concede
3624 5187 3803 5231 custo-

2220 5261 2388 5329 diam,
2420 5261 2638 5317 familiac
2674 5273 2778 5317 tum
2806 5262 3078 5329 defensor,
3102 5278 3163 5319 ac
3190 5264 3356 5320 totius
3386 5264 3671 5320 habitaculi
3715 5266 3805 5321 hu-

2215 5354 2304 5425 jus
2335 5354 2600 5411 habitator
2623 5370 2898 5423 appareas.

2227 5470 2347 5525 Vita
2371 5473 2538 5525 sancti
2560 5470 2853 5538 Ambrosii,
2873 5472 2961 5540 qui
2989 5472 3194 5537 Romae,
3217 5482 3366 5528 trans
3381 5472 3643 5539 Tiberim,
3671 5474 3804 5541 apud

2224 5542 2506 5611 quamdam
2554 5542 2904 5597 clarissimam
2954 5552 3253 5599 matronam
3285 5545 3563 5609 invitatus,
3604 5547 3799 5600 sacriﬁ-

2225 5614 2363 5667 cium
2391 5614 2442 5666 iu
2472 5615 2631 5669 duino
2652 5615 2863 5670 obtulit.

2300 5694 2321 5721 ε
2364 5684 2476 5739 lloc
2509 5685 2853 5755 Evangelium
2896 5684 3102 5740 videtur
3132 5688 3308 5757 potius
3361 5682 3703 5741 referendum
3734 5685 3796 5741 ad

2225 5755 2441 5835 missam
2486 5765 2821 5826 sequentem,
2866 5771 3025 5826 quam
3072 5755 3146 5812 ad
3183 5758 3518 5827 superiorem
3564 5758 3633 5813 de
3662 5773 3798 5812 tuor-

2225 5835 2347 5880 IIIIS.
