4060 6346
467 250 568 309 547

1250 243 1597 303 APPENDIX
1645 243 1737 300 AD
1782 240 2007 301 OPERA
2046 240 2103 300 S.
2145 238 2454 301 GERMANI
2512 245 2955 305 PARISIENSlS.

3643 241 3746 315 548

475 380 551 435 te,
586 350 828 434 Domine,
863 373 1112 423 tenemus
1146 368 1560 434 promissorem,
1604 377 1658 419 ut
1696 366 1791 419 des
1846 363 2055 420 veniam
2082 362 2137 422 Δ
2164 364 2283 433 plex
2314 364 2553 429 allectus,
2608 367 2858 432 patientia
2893 364 3063 430 fortis,
3117 360 3422 418 obedientia
3480 374 3743 429 persevc-

470 464 871 532 pteuiteutibus.
904 461 981 518 Te
1006 461 1279 518 inveniant
1326 474 1514 519 omnes
1555 464 1645 532 qui
1695 467 1944 532 quaerunt
1973 468 2048 516 te.

470 556 547 613 Τιι
576 574 667 613 rex
698 557 881 626 gloria:
904 548 1169 623 Christus,
1198 563 1250 609 tu
1282 570 1370 611 rex
1418 558 1590 611 omnis
1619 567 1777 613 terra:
1808 556 1970 622 Deus,
1996 558 2052 611 tu

2154 464 2301 521 rans,
2328 460 2427 527 pax
2459 460 2733 526 perpetua,
2767 470 2917 511 utens
2964 468 3114 523 pura,
3161 452 3368 507 reclnnt
3397 459 3453 505 et
3485 451 3741 504 mundum

2157 558 2271 611 eor.
2319 550 2560 607 voluntas
2592 540 2750 616 bona,
2784 549 3113 604 conscientia
3145 545 3352 609 saucia,
3396 546 3741 613 coutpunctio

469 664 566 707 rex
623 652 903 705 virtutum.
962 650 1039 704 Te
1101 657 1546 717 perscrutatorem
1601 649 2056 705 conscientiarum
2156 644 2441 714 spiritalis,
2492 644 2661 703 virtus
2701 645 2933 709 animale,
2966 645 3071 698 vita
3122 640 3477 704 intnaculata,
3507 640 3747 707 inrepre-

470 756 771 798 noStrarum
798 742 1030 795 scimus:
1068 742 1187 796 ideo
1222 754 1270 795 et
1323 742 1530 795 veniam
1564 742 1792 809 petimus
1822 740 2055 795 delicto-

474 844 613 890 rtmi.
644 830 725 889 Tu
777 840 999 903 magnus
1034 832 1288 888 Dotninus
1331 842 1383 887 ct
1442 831 1727 888 laudabilis
1775 831 1949 887 valtlc.
1981 830 2059 887 Te

478 936 784 995 precamur,
821 924 876 978 ιιι
927 924 1002 980 sis
1044 923 1196 979 nobis
1242 922 1531 992 propicius.
1576 928 1617 979 Α
1665 934 1714 978 te
1753 939 2055 995 speramus.

470 1021 665 1075 Averte
693 1018 878 1072 faciem
908 1025 1048 1072 tuam
1081 1032 1108 1071 a
1140 1019 1371 1087 peccatis
1401 1018 1623 1081 nostris,
1656 1029 1710 1074 et
1741 1033 1930 1073 omnes
1962 1020 2061 1073 ini-

467 1112 697 1181 quitates
744 1121 954 1165 nostras
1001 1109 1138 1164 dele.
1192 1108 1267 1163 Te
1299 1111 1668 1175 obsecramus,
1703 1110 1791 1179 qui
1843 1112 2057 1179 praemia

468 1218 621 1275 paras
646 1204 825 1274 jusris,
859 1204 921 1259 da
946 1204 1154 1259 veniam
1182 1205 1571 1274 peccatoribus.
1592 1204 1711 1260 Tibi
1736 1207 2059 1262 conlitemnr

466 1296 605 1351 mala
637 1306 843 1365 nostra,
877 1305 933 1350 ut
958 1311 1260 1351 mereamur
1282 1297 1539 1366 consequi
1569 1300 1705 1351 bona
1737 1306 1842 1352 tua.

1091 1387 1208 1437 Post
1244 1389 1453 1437 nomina.

541 1472 762 1527 Domine
808 1470 944 1526 Deus
986 1471 1272 1535 Abraham,
1303 1470 1442 1525 Deus
1490 1471 1659 1536 Isaac,
1688 1472 1826 1525 Deus
1854 1470 2045 1537 Jacob,

468 1565 610 1621 Deus
656 1562 1096 1633 patriarcharum,
1146 1563 1546 1631 prophetarum,
1598 1563 1973 1632 apostolorum
2004 1570 2058 1618 et

469 1670 785 1731 martyrum,
808 1661 1153 1729 omniumque
1175 1666 1504 1725 sanctorum,
1533 1660 1672 1715 sicut
1700 1675 1793 1731 pro
1821 1662 2056 1729 piissimo

2162 733 2477 800 hensibilis;
2519 745 2993 805 consummatoquo
3025 734 3250 788 viriliter
3280 747 3471 794 cursu,
3510 733 3564 785 in
3598 740 3746 785 tuum

2160 822 2383 879 feliciter
2413 841 2715 881 mereamur
2746 824 2947 879 intrare
2977 830 3219 894 regnum.
3248 824 3343 876 Cui
3378 823 3600 877 merito.

2460 915 2628 967 Lectio
2652 914 2972 979 Apocalypsin
2996 918 3150 965 sancti
3172 914 3402 964 Johannis
3424 915 3469 961 ⁸.

2236 998 2347 1069 Ego
2376 999 2651 1057 Iohannes
2676 1000 2779 1055 vidi
2816 999 3091 1055 sedentem
3121 1013 3285 1069 super
3313 998 3589 1063 thronum,
3616 1006 3675 1052 et
3700 998 3755 1052 in

2160 1092 2378 1147 dextera
2406 1093 2641 1148 sedentis
2669 1108 2830 1162 super
2863 1093 3134 1161 thronum,
3166 1093 3355 1148 librum
3379 1092 3641 1161 scriptum
3676 1093 3757 1147 ia-

2162 1195 2248 1241 tus
2278 1194 2332 1241 et
2362 1187 2515 1251 foris,
2540 1188 2805 1258 signatum
2850 1188 3040 1257 sigillis
3069 1196 3293 1256 septem.
3322 1187 3387 1241 Et
3426 1185 3534 1240 vidi
3594 1200 3758 1256 ange-

2164 1278 2273 1332 lum
2308 1278 2521 1345 fot-tetn,
2547 1280 2925 1346 praedicantem
2955 1293 3087 1334 voce
3120 1292 3330 1349 magna,
3353 1284 3407 1333 et
3435 1279 3715 1333 dicentem
3742 1295 3757 1331 :

2162 1372 2295 1436 Quis
2316 1381 2397 1426 est
2428 1372 2621 1443 dignus
2649 1372 2862 1440 aperire
2893 1370 3111 1432 librum,
3153 1381 3206 1426 et
3235 1371 3448 1425 solvere
3477 1369 3760 1439 signacula

2164 1464 2322 1534 ejus?
2354 1465 2417 1519 Et
2446 1478 2607 1519 nemo
2636 1472 2863 1535 poterat.
2895 1463 2964 1518 Et
2991 1478 3091 1534 ego
3133 1463 3326 1519 ﬂebam
3358 1465 3611 1528 inultum,
3635 1464 3763 1534 quia

2165 1573 2323 1612 nemo
2367 1557 2560 1627 digitus
2591 1558 2840 1611 inventus
2879 1566 2957 1611 est
2988 1555 3199 1627 aperire
3228 1555 3445 1619 librum,
3487 1564 3544 1609 et
3578 1554 3767 1611 videre

2164 1666 2311 1707 etuti.
2346 1653 2410 1705 lit
2434 1667 2569 1705 unus
2596 1651 2663 1707 de
2693 1651 2996 1707 senioribus
3039 1650 3170 1705 dicit
3199 1648 3326 1704 mihi
3356 1664 3370 1702 ε
3402 1640 3481 1703 Ne
3507 1649 3766 1706 ﬂeveris.

471 1753 834 1810 misericordia
874 1761 960 1807 tua
1011 1746 1202 1808 dedisti
1229 1754 1307 1808 eis
1337 1753 1667 1808 voluntatem
1697 1753 1956 1809 veniendi
1989 1752 2052 1808 ad
2091 1754 2140 1816 Β
2170 1744 2308 1799 Ecce
2338 1745 2460 1798 vicit
2488 1744 2594 1798 Leo
2622 1744 2692 1799 de
2720 1745 2858 1798 tribu
2900 1742 3053 1809 Iuda.
3102 1743 3257 1797 radix
3332 1742 3519 1810 David.
3550 1744 3766 1813 aperire

473 1853 557 1909 te;
587 1846 678 1908 ita,
710 1845 1130 1900 clementissime
1178 1845 1358 1912 Pater,
1392 1845 1455 1899 da
1490 1846 1662 1901 servis
1710 1845 1814 1900 tuis
1847 1845 2058 1901 intelle-

476 1947 646 2003 ctum,
681 1938 957 2004 virtutem,
990 1947 1043 1994 et
1081 1939 1511 2008 possibilitatem,
1541 1948 1593 1993 ut
1635 1937 1725 1993 tibi
1769 1938 2062 1994 secundum

472 2031 803 2086 voluntatem
834 2040 973 2086 tuam
1004 2030 1317 2086 serviamus.
1353 2032 1589 2099 Spiritus
1612 2041 1733 2085 tuus
1760 2032 1937 2086 bonus
1966 2031 2063 2086 de-

473 2123 633 2178 ducat
654 2138 749 2179 nos
770 2126 820 2177 in
846 2126 926 2177 via
956 2132 1122 2178 recta.
1146 2123 1217 2177 Da
1240 2123 1620 2191 incipientibus
1646 2123 2061 2193 perfectionem,

471 2216 539 2271 da
572 2216 804 2286 parvulis
848 2216 1198 2282 intellectum,
1232 2216 1297 2269 da
1339 2216 1685 2271 currentibus
1707 2216 2059 2287 adiutorium.

473 2307 545 2362 Da
581 2309 972 2377 negligentibus
1013 2308 1508 2377 compunctionem,
1542 2309 1609 2361 da
1663 2310 1857 2376 lepidis
1904 2309 2066 2377 spiri-

482 2408 590 2454 tum
644 2400 970 2466 ferventem,
1018 2402 1083 2454 da
1141 2400 1389 2468 perlectis
1420 2400 1614 2455 bonam
1645 2402 2065 2456 consummatio-

472 2508 619 2549 nem.
645 2493 911 2564 Loquatur
951 2511 1012 2549 os
1036 2503 1278 2549 nostrum
1306 2494 1517 2549 laudem
1542 2504 1708 2559 tuam,
1734 2502 1788 2549 et
1817 2510 1911 2563 per
1958 2495 2068 2549 sin-

473 2585 627 2654 gulos
657 2585 772 2640 dies
803 2584 1178 2641 benedicatnus
1212 2596 1285 2650 te,
1306 2598 1357 2641 et
1391 2586 1669 2643 laudemus
1696 2601 1891 2643 nomen
1916 2595 2067 2642 tuum

474 2676 526 2731 in
557 2684 760 2732 aeterna
791 2679 987 2734 saecula
1020 2680 1363 2734 Stet-olorum.

1135 2769 1206 2818 Ad
1234 2783 1421 2832 pacem.

548 2851 690 2907 Deus
719 2866 819 2920 pax
866 2859 922 2906 et
967 2851 1164 2906 caritas
1197 2860 1247 2905 te
1274 2852 1655 2922 deprecamur;
1688 2852 1911 2910 Domine
1941 2870 2066 2910 san-

476 2952 585 3009 cte,
617 2941 777 2998 Pater
800 2942 1164 3011 omnipotens,
1196 2952 1397 2999 aeterne
1442 2943 1602 3011 Deus,
1649 2943 1813 2999 libera
1860 2960 1957 3000 nos
1997 2949 2064 3002 ab

476 3038 622 3093 Omni
671 3035 1003 3102 temtatione,
1055 3035 1247 3106 adjuva
1307 3053 1403 3092 nos
1454 3038 1506 3091 in
1558 3040 1701 3092 omni
1744 3038 2065 3106 certamine,

474 3127 756 3183 consolare
796 3126 850 3183 in
886 3128 1031 3182 omni
1064 3126 1432 3183 tribulatione.
1466 3127 1541 3182 Da
1571 3129 1721 3183 nobis
1756 3129 2063 3197 patientiam
2092 3137 2139 3201 ο

476 3218 529 3273 in
557 3218 821 3284 adversis,
875 3218 941 3273 da
992 3220 1145 3273 nobis
1176 3227 1235 3274 ut
1276 3228 1325 3275 te
1360 3237 1491 3289 puro
1548 3222 1710 3277 corde
1758 3219 2068 3289 adoremus,

476 3312 572 3366 tibi
606 3311 796 3366 munda
844 3311 1172 3367 conscientia
1223 3311 1548 3383 psallatuus,
1601 3315 1691 3369 tibi
1739 3324 1844 3367 tota
1880 3316 2074 3370 virtute

474 3402 788 3459 serviamus.
840 3402 917 3458 Te
970 3403 1361 3469 bettedlcimus,
1414 3405 1651 3460 Trinitas
1700 3415 1907 3471 sancta,
1974 3405 2067 3462 tibi

474 3495 672 3565 gratias
703 3495 930 3565 agimus,
981 3505 1037 3552 te
1082 3510 1176 3565 per
1229 3498 1470 3567 singulos
1531 3497 1650 3553 dies
1697 3498 1992 3564 laudamus,
2025 3510 2074 3553 te

475 3585 847 3657 deprecamur,
884 3588 1032 3643 Abba
1086 3587 1263 3645 Pater.
1312 3591 1499 3644 Suavis
1552 3591 1620 3645 sit
1676 3591 1767 3645 tibi
1829 3588 2070 3646 laudatio

482 3690 689 3749 nostra,
716 3682 892 3752 sitque
920 3682 1267 3751 acceptabilis
1298 3681 1468 3737 oratio
1498 3691 1704 3736 nostra.

1117 3773 1438 3824 Contestatto.

552 3855 690 3911 Vero
732 3855 951 3926 dignum
1003 3864 1058 3910 et
1101 3856 1301 3925 justum
1345 3866 1456 3923 est,
1488 3857 1714 3913 Domine
1764 3856 1876 3912 Rex
1908 3857 2073 3913 caele-'-

480 3946 661 4011 stium,
686 3944 802 4001 Rex
828 3962 1033 4017 regum,
1063 3946 1204 4002 Deus
1232 3948 1479 4013 deorum,
1516 3958 1569 4005 et
1596 3949 1853 4004 Dominus
1896 3950 2075 4004 domi-

484 4054 705 4105 norum,
748 4039 841 4095 tibi
872 4041 1075 4110 gratias
1099 4054 1278 4112 agere,
1308 4042 1519 4096 laudum
1550 4042 1750 4097 hostias
1775 4043 2071 4101 immolare.

499 4128 703 4187 Exaudi
749 4136 1048 4189 orationem
1083 4144 1136 4188 et
1167 4136 1596 4205 deprecationem
1648 4136 1962 4193 famulorum
2000 4140 2079 4191 fa-

485 4225 864 4295 mularumque
919 4238 1159 4293 tuarum;
1191 4228 1407 4283 auribus
1437 4230 1648 4298 percipe
1694 4230 1939 4285 lacrimas
1979 4245 2074 4285 eo-

484 4335 628 4385 rum,
661 4320 807 4375 Abbi
840 4320 1023 4375 Pater.
1068 4319 1232 4390 Imple
1286 4322 1519 4377 nominis
1549 4325 1621 4377 tui
1649 4322 1886 4379 ofﬁcium
1916 4339 2079 4393 super

483 4411 710 4469 famulos
738 4424 790 4469 et
820 4412 1042 4469 famulas
1077 4423 1222 4478 tuas;
1258 4423 1311 4469 tu
1342 4430 1435 4471 eos
1480 4422 1623 4487 rege,
1658 4426 1711 4471 tu
1746 4424 1989 4489 protege,
2023 4428 2078 4473 ιιι

2168 1835 2385 1901 librum,
2415 1844 2469 1890 et
2489 1844 2695 1905 septem
2723 1835 2993 1904 signacula
3022 1836 3160 1904 ejus.
3195 1830 3262 1889 Et
3295 1834 3429 1901 vidi,
3460 1843 3515 1889 et
3540 1850 3674 1890 ecce
3709 1836 3762 1889 in

2166 1927 2347 1983 medio
2376 1927 2553 1981 throni
2587 1936 2641 1982 et
2669 1938 2918 1996 quattuor
2944 1927 3254 1981 animalium
3300 1934 3355 1981 et
3386 1928 3436 1981 in
3467 1926 3649 1982 medio
3678 1941 3763 1981 se-

2166 2019 2374 2074 niorum
2422 2023 2631 2089 Agnum
2678 2028 2909 2075 stantem
2959 2022 3106 2090 quasi
3159 2022 3419 2085 occisum,
3472 2020 3762 2076 habentem

2164 2129 2364 2169 cornua
2390 2123 2621 2185 septem,
2652 2122 2706 2170 et
2735 2114 2920 2169 oculos
2948 2124 3178 2185 septem,
3227 2115 3317 2185 qui
3368 2122 3495 2169 sunt
3538 2114 3761 2185 spiritus

2166 2208 2258 2265 Dei
2286 2210 2433 2265 missi
2462 2210 2516 2265 in
2554 2224 2769 2266 omnem
2799 2220 3016 2266 terram.
3049 2211 3113 2265 Et
3145 2211 3311 2275 venit,
3345 2220 3403 2266 et
3458 2212 3669 2280 accepit
3701 2212 3759 2265 li-

2166 2302 2319 2358 brum
2345 2321 2357 2356 :
2388 2312 2443 2359 et
2466 2313 2719 2374 quattuor
2746 2304 3019 2371 animalia,
3064 2316 3116 2360 et
3164 2305 3345 2376 viginti
3379 2315 3639 2376 quattuor
3672 2320 3757 2361 se-

2166 2396 2346 2451 niores
2393 2396 2703 2452 ceciderunt
2746 2410 2927 2453 coram
2976 2398 3165 2468 Aguo;
3198 2408 3255 2453 et
3283 2408 3503 2453 cantant
3552 2414 3750 2454 novum

2167 2490 2455 2554 canticum,
2487 2489 3006 2559 dicentes:Dignus
3054 2506 3112 2545 es
3167 2492 3377 2561 aperire
3431 2490 3655 2558 librum,
3706 2501 3753 2547 et

2169 2583 2444 2653 signacula
2468 2581 2608 2651 ejus,
2632 2583 2881 2651 quoniam
2906 2585 3119 2637 occisus
3148 2598 3227 2650 es,
3259 2592 3315 2639 et
3344 2583 3625 2639 redemisti
3659 2597 3750 2637 nos

2173 2674 2284 2729 Deo
2312 2674 2363 2728 in
2387 2674 2651 2744 sanguine
2674 2682 2783 2729 tuo.
2812 2675 2870 2729 Bt
2900 2690 3089 2731 omnes
3119 2674 3292 2730 audivi
3328 2675 3571 2730 dicentes
3606 2693 3618 2729 :
3652 2676 3748 2732 Se-

2171 2769 2316 2825 denti
2340 2769 2389 2821 in
2417 2768 2614 2825 throno
2634 2777 2689 2824 et
2716 2771 2888 2839 Agno,
2919 2770 3243 2836 benedictio,
3266 2778 3319 2825 et
3345 2768 3537 2835 honor,
3567 2780 3624 2824 et
3648 2769 3750 2839 glo-

2172 2859 2274 2924 ria,
2300 2865 2358 2914 et
2384 2868 2614 2929 potestas
2634 2858 2684 2912 in
2713 2860 2907 2913 saecula
2933 2860 3248 2915 smculormn
3267 2875 3443 2916 amen.
3463 2862 3563 2928 Qui
3591 2860 3746 2917 habet

2172 2964 2356 3006 aurem
2387 2950 2591 3013 audiat,
2619 2950 2742 3021 quid
2767 2950 2996 3021 Spiritus
3027 2951 3169 3005 dicat
3197 2952 3470 3007 Ecciesiis.

2696 3057 2845 3097 MISSA
2885 3058 3243 3099 DOHINICALIS.

2463 3132 2680 3196 Epistola
2708 3132 2846 3183 Pauli
2872 3133 3073 3195 apostoli
3106 3136 3165 3184 ad
3190 3134 3464 3186 Corinthios

2250 3216 2484 3283 Fratres,
2533 3232 2651 3271 cum
2698 3232 2826 3287 ergo
2879 3216 3124 3273 Christus
3178 3218 3497 3287 praedicatur
3543 3221 3684 3290 qtiod
3727 3237 3755 3277 a

2173 3311 2397 3367 tuortois
2425 3312 2737 3375 resurrexit,
2760 3312 3028 3378 quomodo
3057 3312 3241 3367 dicunt
3260 3313 3476 3384 quidam
3502 3312 3552 3369 in
3585 3315 3755 3384 vobis,

2176 3408 2425 3474 quoniam
2452 3406 2775 3460 resurrecuo
2819 3415 3153 3461 mortuorum
3186 3420 3291 3460 non
3321 3407 3441 3461 esl’
3470 3407 3527 3463 Si
3574 3418 3754 3463 autem

2176 3500 2499 3556 resurrectio
2531 3509 2863 3553 mortuorum
2899 3513 3003 3552 non
3045 3508 3147 3566 est,
3200 3514 3373 3570 neque
3402 3498 3653 3555 Christus
3682 3515 3759 3554 re-

2177 3593 2428 3650 surrexit.
2452 3591 2509 3648 Si
2540 3603 2841 3647 autemnon
2870 3590 3181 3655 resurrexit,
3201 3591 3318 3647 sine
3349 3606 3505 3647 causa
3532 3602 3617 3646 est
3641 3607 3763 3662 ergo

2178 3684 2234 3738 et
2262 3683 2566 3753 praedicatio
2610 3692 2815 3745 nostra,
2864 3693 2916 3737 et
2968 3680 3100 3738 fides
3130 3692 3305 3737 vestra
3337 3699 3522 3738 vat-ua.
3559 3684 3764 3738 Iuvenis

2182 3794 2299 3831 mur
2340 3785 2520 3832 autem
2565 3772 2680 3830 falsi
2711 3784 2874 3831 testes
2908 3774 3039 3839 Dei;
3082 3779 3337 3844 quoniam
3396 3776 3764 3830 testimonium

2180 3868 2409 3923 diximus
2437 3867 2693 3923 adversus
2723 3867 2912 3931 Deum,
2934 3866 3074 3936 quod
3098 3868 3436 3921 suscitaverit
3463 3865 3764 3933 Christum,

2181 3976 2341 4033 quem
2369 3976 2474 4014 non
2499 3958 2797 4013 suscitavit.
2823 3959 2878 4013 Si
2903 3959 3044 4013 enim
3093 3962 3284 4013 mortui
3320 3974 3422 4013 non
3455 3968 3763 4031 resurgunt,

2182 4067 2354 4121 neque
2388 4047 2631 4105 Christus
2673 4054 2983 4107 resnrrcxit.
3021 4050 3171 4120 Quod
3205 4054 3247 4107 si
3270 4052 3518 4109 Christus
3552 4072 3658 4109 non
3688 4071 3766 4110 re-

2181 4145 2431 4211 surrexit,
2463 4146 2578 4198 sine
2599 4159 2756 4198 causa
2787 4159 2839 4198 ct
2868 4143 2996 4199 lides
3029 4153 3200 4198 vestra
3224 4152 3324 4207 est,
3350 4155 3404 4200 et
3432 4144 3609 4200 adhuc
3633 4148 3763 4201 estis

2182 4234 2235 4295 in
2268 4242 2502 4310 peccatis
2532 4241 2743 4295 vestris.
2777 4239 2917 4311 Ergo
2946 4250 2999 4294 et
3029 4242 3117 4311 qui
3146 4238 3503 4306 dormierunt,
3529 4242 3582 4296 iu
3613 4243 3766 4298 Chri-

2184 4346 2265 4389 Sto
2304 4336 2591 4405 perierunt.
2624 4335 2678 4392 Si
2726 4336 2777 4389 in
2824 4337 2920 4390 hac
2948 4336 3052 4391 vita
3080 4337 3189 4391 sola
3222 4334 3274 4392 in
3304 4338 3519 4394 Christo
3547 4355 3766 4409 speran-

2183 4435 2263 4482 lcs
2312 4443 2498 4481 sumus
2541 4436 2762 4493 tantum,
2815 4428 3230 4484 miserabiliores
3277 4441 3464 4485 Sumus
3516 4431 3765 4486 omnibus

482 4521 759 4575 conserva,
806 4516 860 4561 tu
884 4506 1181 4574 sanetiilea,
1242 4515 1295 4562 ιιι
1341 4509 1605 4577 guberna,
1657 4517 1710 4564 tu
1762 4511 2067 4565 consolare.

2187 4520 2512 4575 hominibus.
2545 4522 2802 4587 Quoniam
2831 4521 2881 4574 in
2911 4520 3077 4575 Adam
3119 4537 3306 4577 omnes
3340 4524 3659 4591 moriuntur,
3696 4523 3766 4579 ita

483 4595 635 4652 Sicut
677 4612 780 4651 non
823 4612 885 4653 es
928 4597 1247 4667 dedignatus
1292 4608 1619 4671 congregare
1642 4608 1695 4655 et
1725 4615 1913 4656 vocare
1940 4616 2070 4669 eos;

483 4688 555 4744 ita
588 4698 678 4743 tuo
705 4688 1099 4744 inﬂammentur
1123 4704 1330 4757 amore,
1356 4699 1461 4745 uta
1491 4703 1541 4747 te
1566 4707 1668 4745 non
1686 4693 2069 4761 despiciantur,

483 4779 709 4837 Domine
747 4782 1182 4849 clementissime,
1234 4792 1289 4840 et
1339 4784 1579 4853 piissime
1610 4786 1785 4842 Pater.
1836 4786 1945 4843 Oro
1991 4796 2067 4853 te,

485 4871 727 4938 Domine,
760 4890 864 4930 non
907 4884 1088 4941 pereat
1116 4876 1167 4928 in
1202 4877 1354 4930 nobis
1385 4872 1586 4931 iactura
1638 4878 1989 4935 redemtionis
2018 4890 2073 4935 et

484 4969 694 5023 vocatio
741 4977 828 5023 tua
862 4976 875 5022 ι
907 4969 1048 5023 sicut
1101 4972 1302 5025 vocasti
1354 4979 1619 5037 errantes,
1653 4973 1725 5027 ita
1769 4974 1975 5029 custodi
2018 4976 2071 5029 in

485 5057 588 5115 hoc
628 5060 755 5115 ovili
808 5060 1124 5116 habitantes.
1157 5060 1445 5118 Precamur
1492 5072 1564 5129 to,
1598 5062 1821 5119 Domine
1864 5075 2069 5133 sancte,

485 5152 645 5211 Pater
691 5153 1049 5222 omnipotens,
1112 5160 1315 5210 aeterne
1366 5156 1547 5221 Deus,
1601 5154 1795 5211 exaudi
1846 5157 2073 5212 ramulos

488 5253 628 5313 tuos,
661 5246 780 5315 quia
809 5247 1036 5317 benigna
1070 5257 1152 5303 est
1190 5250 1553 5305 misericOrdia
1586 5259 1697 5306 tua.
1720 5250 1968 5307 Conceth
1996 5251 2075 5305 eis

488 5344 547 5390 ut
578 5345 668 5391 tuo
696 5348 881 5393 saneto
908 5338 1108 5408 Spiritu
1146 5327 1567 5407 inflammentur,
1622 5353 1710 5397 tua
1748 5344 1947 5399 virtute
1981 5344 2070 5399 lir-

488 5438 721 5496 nientur,
752 5439 844 5486 tuo
868 5431 1154 5501 splendore
1199 5435 1603 5499 inluminentur,
1657 5438 1740 5490 tua
1788 5448 1957 5507 gratia
1988 5453 2070 5492 re-

489 5520 734 5592 pleantur
791 5537 911 5577 cum
961 5537 1051 5580 tuo
1102 5526 1370 5596 adjutorio
1419 5528 1721 5597 proliciant.
1776 5529 1918 5585 Dona
1968 5533 2066 5597 eis,

491 5612 737 5679 Domine,
771 5612 1179 5699 lldemprectam,
1205 5620 1480 5675 caritatem
1512 5620 1824 5690 perfectam,
1858 5621 2073 5680 humili-

495 5714 656 5761 tatem
694 5722 899 5764 veram.
930 5710 1198 5776 Concede,
1230 5713 1472 5781 Domine,
1517 5724 1574 5770 ut
1599 5716 1665 5769 sit
1693 5716 1744 5770 in
1768 5716 1919 5773 nobis
1943 5719 2070 5775 sim-

570 5810 596 5838 ι
637 5803 761 5858 lituo
777 5812 862 5860 est
882 5782 971 5860 ilia
995 5808 1291 5877 prophetia,
1316 5810 1381 5865 de
1409 5826 1511 5881 qua
1534 5812 2029 5881 superius'meotio.

2181 4624 2232 4668 ct
2258 4613 2308 4668 in
2334 4612 2547 4667 Christo
2574 4629 2762 4668 omnes
2794 4612 3223 4670 vivificabuntur.

2358 4703 2528 4755 Lectio
2552 4708 2701 4756 sancti
2723 4705 2977 4770 Evangelii
3002 4710 3270 4757 secundum
3292 4700 3593 4761 Mattbaeum.

2260 4792 2453 4847 Diebus
2487 4791 2610 4855 illis,
2645 4793 2957 4847 convocatis
2980 4790 3043 4844 ad
3084 4806 3143 4847 se
3188 4793 3443 4847 Dominus
3474 4793 3628 4849 Jesus
3658 4804 3764 4849 tur-

2183 4883 2285 4951 bis,
2326 4884 2459 4940 dixit
2500 4883 2577 4939 eis
2609 4901 2620 4936 :
2654 4886 2844 4939 Audite
2870 4892 2923 4938 ct
2965 4884 3262 4956 intelligile.
3290 4885 3405 4941 Non
3440 4891 3579 4957 quod
3606 4888 3767 4943 intrat

2181 4976 2235 5031 in
2266 4993 2346 5042 os,
2382 4976 2685 5045 coinquinat
2715 4976 3019 5043 hominem;
3077 4976 3172 5034 sed
3223 4979 3365 5048 quod
3417 4981 3659 5049 procedit
3706 5000 3764 5038 ex

2184 5080 2301 5134 Ore,
2337 5069 2438 5125 hoc
2464 5070 2775 5140 coinquinat
2806 5070 3101 5126 hominem.
3145 5070 3294 5126 Tunc
3324 5084 3666 5128 accesserunt
3699 5075 3766 5129 di-

2189 5163 2375 5230 scipuli
2402 5163 2537 5233 ejus,
2568 5174 2622 5218 et
2651 5165 2903 5218 dixerunt
2938 5163 3017 5219 ei:
3049 5164 3167 5220 Scis
3205 5167 3326 5235 quia
3360 5164 3641 5237 Pharisaai,
3686 5186 3763 5221 an-

2186 5252 2296 5309 dito
2327 5256 2426 5312 hoc
2456 5258 2637 5323 verbo,
2670 5258 3013 5313 Srandaizati
3035 5271 3176 5312 sunt.
3210 5262 3279 5314 At
3307 5254 3399 5315 ille
3432 5263 3761 5329 respondens

2180 5351 2251 5405 ait
2285 5368 2295 5404 :
2323 5352 2512 5405 ()muis
2540 5352 2814 5419 plantatio,
2834 5368 2990 5421 quam
3017 5369 3120 5408 non
3140 5355 3397 5423 plantavit
3428 5346 3587 5411 Pater
3621 5372 3761 5411 meus

2178 5446 2431 5516 czelestis,
2464 5444 2841 5502 cratlicabitur.
2878 5448 3050 5503 Sinite
3081 5449 3223 5514 illos,
3268 5440 3398 5504 caeci
3425 5450 3571 5516 sunt,
3604 5448 3760 5505 duces

2179 5554 2463 5597 caecorum.
2495 5537 2682 5595 Caecus
2712 5550 2888 5595 autem
2938 5544 2981 5597 si
3032 5557 3176 5596 ειεοο
3219 5541 3473 5605 ducatum
3527 5554 3755 5614 prastat,

2181 5636 2339 5693 ambo
2382 5636 2432 5691 iit
2475 5636 2683 5692 foveam
2735 5637 2953 5691 cadunt.
2989 5637 3337 5705 Respondeas
3363 5647 3540 5692 autem
3576 5639 3757 5692 Petrus

2178 5732 2312 5789 dixit
2340 5732 2427 5787 ei:
2464 5731 2715 5788 Edissere
2755 5730 2907 5787 nobis
2956 5731 3263 5801 parabolam
3320 5729 3498 5787 istam.
3559 5734 3625 5788 At
3679 5731 3759 5786 ille
