4060 6346
265 251 367 308 549
833 256 1470 318 SACRAMENTARIUM
1507 257 1969 320 GALLICANUM.
1991 285 2063 307 ιε-
2087 262 2460 324 LECTIONES
2499 264 2979 328 DOMINICALES.
3439 268 3545 329 550

261 356 394 426 dixit
418 387 434 425 :
455 370 645 428 Adhuc
664 381 720 428 et
746 385 842 427 vos
862 373 977 429 sine
1006 374 1277 430 intellectu
1307 375 1477 431 estis?
1508 390 1613 431 non
1650 373 1843 429 intellis
1874 368 1928 440 Α
1951 380 2163 449 guravit
2185 382 2236 437 in
2263 398 2442 437 curro.
2476 381 2641 455 Cujus
2665 376 2806 440 dono
2841 386 2995 440 vidua
3020 385 3291 445 benedixit
3320 386 3375 445 in
3397 389 3538 457 oleo,

262 463 385 533 gitis
418 463 537 533 quia
568 478 730 520 omne
758 465 981 547 quodin
1012 482 1074 521 os
1107 467 1291 535 intrat,
1323 467 1375 523 in
1408 474 1650 523 ventrem
1684 467 1852 532 vadit,
1959 472 2125 542 ipsius
2156 473 2564 530 viviﬁcationem
2598 475 2842 533 Heliseus
2874 478 3005 533 vidit
3046 481 3097 535 in
3124 483 3391 551 sepulcrti.
3436 485 3541 540 Cu-

258 570 313 617 et
352 563 407 617 in
453 566 736 618 Secessum
768 561 1039 619 mittitur?
1077 580 1197 636 qua:
1242 574 1418 620 autem
1465 562 1758 635 procedunt
1787 564 1854 621 de
1952 565 2042 637 jus
2073 568 2381 636 patientiam
2408 569 2701 625 Hieremias
2721 570 2906 626 docuit
2933 572 2984 627 In
3018 572 3215 643 lacum,
3245 575 3414 646 ipsius
3445 578 3547 633 tuis

256 670 373 719 ore,
417 654 487 711 de
534 656 698 712 corde
729 667 950 725 exeunt,
987 660 1039 712 et
1064 673 1126 712 ea
1155 658 1504 729 coinquinant
1550 660 1843 715 hominem.
1958 657 2305 714 sericordiam
2333 659 2626 717 Zerobabei
2658 664 2967 732 praedicavit
2996 665 3048 720 in
3092 665 3343 725 reditum.
3374 669 3538 738 Cujus

260 747 333 801 De
364 748 529 803 corde
559 748 702 803 enim
732 754 935 804 exeunt
958 749 1312 822 cogitationes
1337 751 1514 819 malai,
1543 740 1849 819 homicidia,
1958 765 2093 820 opus
2125 748 2556 807 Patriarcharum
2586 752 2755 809 forma
2784 756 3049 823 distinxit,
3078 758 3245 827 ipsius
3276 762 3543 832 propiciu-

254 837 557 905 adulteria,
610 838 995 896 fornicationes
1017 884 1031 908 ,
1094 841 1232 897 furta
1260 884 1274 907 ,
1335 841 1465 898 falsa
1526 844 1850 911 testimonia,
1960 845 2153 897 tionem
2181 843 2517 899 sacerdotum
2542 847 2858 915 praeparatio
2888 848 3201 908 declaravit.
3233 850 3397 922 Cujus
3426 854 3543 909 lon-

254 926 645 998 blasphemiae;
678 929 796 987 haec
827 942 951 988 sunt
980 940 1101 1003 quae
1149 936 1500 1006 coinquinant
1552 932 1850 993 hominem.
1956 938 2319 1008 ganimitatem
2338 937 2574 1007 judicum
2609 940 2837 1009 aequitas
2866 942 3105 1009 protulit,
3139 942 3305 1013 ipsius
3331 946 3547 1015 sapien-

253 1016 371 1074 Non
393 1020 519 1076 lotis
548 1031 726 1078 autem
752 1023 998 1079 manibus
1024 1026 1371 1094 manducare,
1410 1036 1514 1082 non
1540 1029 1855 1099 coinquinat
1958 1030 2083 1084 tiam
2117 1045 2297 1100 regum
2326 1031 2435 1085 vita
2460 1029 2712 1087 deservit.
2744 1032 2905 1103 Cujus
2962 1036 3210 1104 spiritum
3257 1039 3547 1110 prOpbeta-

253 1109 549 1165 hominem.
584 1104 856 1169 Eonessus
908 1131 1031 1170 nvos
1065 1117 1303 1173 Doumus
1336 1118 1494 1175 Jesus
1543 1120 1766 1176 secessit
1798 1120 1851 1177 i‘n
1958 1137 2074 1176 rum
2115 1121 2312 1177 veritas
2340 1121 2676 1193 adprobavit,
2724 1126 2888 1195 ipsius
2914 1128 3201 1184 adventum
3230 1128 3547 1189 Zaccbarias

254 1214 441 1271 partes
472 1203 598 1275 Tyri
640 1216 691 1260 et
730 1206 986 1263 Sidonis:
1020 1218 1076 1264 et
1104 1226 1231 1266 ecce
1256 1210 1452 1266 mulier
1480 1209 1789 1283 Chananea,
1822 1218 1851 1268 a
1955 1215 2241 1286 castigatus
2272 1216 2525 1273 ostendit.
2582 1216 2749 1289 Cujus
2779 1220 3050 1277 introitum
3097 1222 3367 1282 Iohannes
3409 1238 3549 1298 prae-

252 1295 452 1351 finibus
482 1294 586 1352 illis
617 1313 855 1368 egressa,
907 1301 1182 1369 clamavit,
1241 1301 1427 1358 dicens
1475 1303 1561 1359 ei:
1598 1298 1853 1361 Miserere
1955 1314 2143 1361 curSor
2173 1306 2468 1376 admonuit,
2526 1309 2687 1380 ipsius
2720 1312 3047 1373 nativitatem
3094 1315 3256 1386 Virgo
3305 1294 3545 1389 proiulii,

250 1388 378 1452 mei,
414 1388 657 1454 Domine,
693 1384 768 1444 liii
812 1382 1011 1457 David;
1047 1392 1155 1449 lilia
1202 1408 1321 1450 mea
1356 1396 1499 1450 male
1526 1402 1555 1451 a
1581 1394 1852 1452 daemonio
1955 1398 2105 1452 stella
2132 1400 2425 1469 praecessit.
2459 1398 2783 1471 Angeiorum
2810 1419 2908 1459 vox
2938 1418 3087 1461 sacra
3112 1382 3327 1475 cecinit,
3358 1382 3544 1481 pasto;

253 1490 501 1534 vexatur.
527 1483 627 1546 Qui
660 1498 765 1537 non
793 1486 1070 1553 respondit
1091 1487 1143 1541 ei
1164 1488 1411 1542 verbum.
1440 1488 1505 1542 Et
1530 1490 1851 1545 accedentes
1954 1507 2072 1549 rum
2104 1491 2322 1564 pervigil
2348 1493 2654 1551 sollicitudo
2680 1499 2927 1564 pervidit,
2964 1516 3236 1569 magorum
3277 1504 3542 1574 tripertita

250 1572 499 1642 discipuli
531 1576 646 1645 ejus
674 1576 934 1646 r0gabant
963 1593 1106 1645 eum,
1132 1577 1377 1635 dicentes
1404 1599 1415 1633 :
1453 1581 1673 1636 Dimitte
1701 1594 1843 1648 eam,
1953 1580 2151 1636 oblatio
2172 1584 2410 1639 muneris
2441 1586 2743 1643 honoravit.
2765 1578 2951 1660 'Cujns
2982 1593 3283 1660 passionem
3306 1572 3542 1652 mundus

247 1668 373 1736 quia
402 1668 597 1722 clamat
625 1679 744 1738 post
775 1685 893 1726 nos.
944 1671 1062 1741 lpsc
1104 1684 1280 1729 autem
1333 1675 1667 1744 respondens
1716 1677 1838 1733 ait:
1954 1688 2059 1728 non
2091 1673 2366 1740 sustinuit,
2398 1679 2479 1732 sol
2504 1678 2713 1751 refugit.
2757 1680 2922 1752 Cujus
2954 1688 3401 1743 resurrectionem
3440 1688 3539 1743 ad-

247 1757 369 1813 Non
401 1772 517 1814 sum
542 1762 735 1816 missus
764 1763 864 1817 nisi
897 1762 963 1818 ad
1008 1780 1133 1821 oves
1174 1780 1294 1835 qua:
1336 1767 1613 1835 perierunt
1651 1768 1847 1825 domus
1873 1767 1923 1831 B
1951 1766 2203 1823 sistentes
2261 1779 2698 1829 sustentaverunt
2746 1775 2939 1843 angeli,
2997 1791 3117 1832 cum
3169 1786 3541 1849 resurgentem

247 1850 438 1908 Israel.
470 1857 538 1907 At
560 1852 648 1909 illa
682 1856 847 1922 venit,
900 1864 955 1911 et
1002 1858 1263 1915 adorabat
1292 1876 1412 1916 eum
1468 1862 1656 1919 dicens
1691 1882 1702 1915 ε
1745 1864 1851 1920 Do-
1944 1852 2387 1927 glorificaverunt
2413 1865 2604 1919 sancti.
2656 1866 2820 1935 Cujus
2853 1880 3073 1937 regnum
3105 1872 3414 1925 universum
3437 1882 3543 1928 cae-

246 1942 419 2007 tninc,
450 1943 639 2014 adjuva
670 1961 774 2001 me.
822 1948 920 2013 Qui
968 1951 1302 2018 respondens
1329 1952 1441 2006 ait:
1474 1953 1588 2008 Non
1620 1964 1702 2010 est
1752 1956 1848 2012 bo.
1953 1950 2168 2008 lestium
2192 1964 2247 2011 et
2299 1960 2635 2014 terrestrium
2686 1961 3129 2034 inl'ernorumqne
3176 1971 3496 2021 concentum
3523 2005 3540 2033 ,

252 2046 384 2086 num
411 2040 625 2090 sumere
676 2052 864 2103 panem
901 2037 1152 2105 filiorum,
1176 2050 1231 2096 et
1258 2043 1471 2099 mittere
1498 2044 1745 2101 canibus.
1777 2048 1846 2104 At

1954 2045 2285 2116 animalium,
2319 2051 2612 2117 seniorum,
2657 2056 3009 2121 signatorum,
3060 2056 3378 2114 incessabili:
3405 2070 3539 2115 voce

249 2123 345 2181 illa
373 2124 542 2181 dixit:
579 2129 775 2197 Etiam,
810 2132 1054 2200 Domine,
1086 2149 1210 2188 nam
1256 2145 1309 2190 et
1353 2135 1534 2193 catelli
1584 2137 1752 2194 edunt
1782 2141 1850 2196 de
1952 2138 2355 2209 proclamabam
2375 2145 2614 2202 dicentes
2642 2165 2655 2201 :
2688 2149 2937 2205 Sanctus.

246 2226 436 2271 mensa
467 2217 808 2275 dominorum
840 2236 1079 2278 suorum.
1116 2225 1267 2280 Tunc
1305 2226 1640 2297 respondens
1686 2229 1840 2286 .lesus
2478 2253 2626 2295 mssa
2668 2259 3019 2300 DOiliNlC.\LlS.

248 2309 329 2363 ait
360 2308 437 2365 illi
464 2329 477 2363 :
510 2308 782 2377 Omulier,
817 2320 1010 2385 magna
1033 2325 1115 2372 cst
1144 2316 1277 2373 fides
1309 2328 1430 2386 tua;
1463 2318 1556 2375 fiat
1584 2322 1679 2377 tibi
1711 2323 1852 2379 sicut
2076 2327 2251 2383 Lectio
2276 2331 2524 2386 Halachite
2554 2339 2827 2403 prophetae,
2862 2340 3167 2394 dominicalis
3188 2343 3418 2407 legenda.

248 2402 351 2459 vis.
383 2403 451 2457 Et
472 2414 656 2459 sanata
691 2416 772 2461 est
803 2405 907 2460 lilia
932 2407 1049 2477 ejus
1075 2424 1140 2463 ex
1165 2410 1254 2464 illa
1288 2410 1441 2465 hora.

875 2513 1045 2549 INCIPIT
1077 2514 1211 2549 MISSA

319 2577 570 2645 Oremus,
607 2579 804 2636 fratres
833 2583 1124 2649 carissimi,
1159 2584 1460 2640 unianimes
1508 2594 1671 2657 atque
1720 2603 1850 2643 con-

250 2668 463 2740 cordes,
511 2674 569 2727 ut
612 2672 909 2736 Ecclesiam
938 2692 1087 2732 suam
1122 2678 1380 2733 Dominus
1403 2676 1457 2732 iu
1489 2694 1621 2750 pace
1649 2683 1847 2736 consti-

254 2775 389 2832 tuat,
435 2766 635 2821 clerum
668 2783 822 2823 suum
868 2764 1073 2825 cariesti
1121 2770 1499 2828 benedictione
1528 2775 1848 2845 circumdet,

264 2857 477 2928 plebem
521 2875 673 2915 suam
703 2862 860 2916 donis
889 2864 1095 2934 repleat
1142 2864 1465 2933 spiritalium
1513 2869 1843 2938 gratiarum;

252 2962 313 3008 ut
343 2955 580 3022 quietam
615 2956 776 3010 vitam
806 2966 1051 3027 agentes,
1102 2968 1307 3012 aeterno
1357 2954 1581 3014 Domino
1626 2958 1845 3017 inlibate

244 3060 567 3102 εθῐνιεηηυε.

2028 2444 2152 2498 Haec
2181 2444 2311 2500 dicit
2352 2445 2608 2501 Dominus
2641 2464 2654 2498 ;
2706 2444 2903 2501 Inferte
2924 2461 3137 2504 omnem
3183 2448 3445 2507 decimam
3487 2450 3538 2513 in

1955 2536 2206 2593 horreum
2238 2554 2436 2604 meum,
2490 2547 2545 2594 et
2592 2538 2661 2593 sit
2702 2539 2932 2613 ciboan
2970 2541 3130 2597 domo
3162 2559 3303 2612 mea,
3334 2553 3389 2600 et
3417 2559 3539 2614 pro-

1951 2628 2079 2686 bate
2102 2646 2186 2685 me
2211 2646 2372 2699 super
2401 2630 2525 2696 hoc,
2575 2632 2703 2685 dicit
2735 2631 3019 2688 Dominus.
3053 2633 3110 2690 Si
3144 2652 3249 2690 non
3281 2652 3539 2706 aperuere

1953 2724 2101 2780 vobis
2132 2736 2431 2783 cataractas
2458 2728 2595 2792 caeli,
2649 2737 2704 2783 et
2730 2728 2971 2786 elfudero
3003 2732 3153 2787 vobis
3207 2731 3540 2790 benedictio-

1952 2834 2076 2876 nem
2110 2836 2276 2891 usque
2302 2821 2368 2876 ad
2399 2821 2778 2878 abundantiam
2815 2842 2826 2876 :
2873 2832 2927 2878 et
2949 2823 3235 2893 increpabo
3266 2841 3360 2896 pro
3385 2826 3537 2883 vobis

1950 2915 2318 2983 devorantem,
2343 2925 2394 2971 et
2426 2931 2529 2970 non
2552 2924 2859 2985 corrumpet
2881 2914 3106 2973 fructum
3133 2929 3289 2974 terrae
3321 2927 3538 2985 vestrae,

1949 3024 2049 3065 nec
2077 3010 2181 3065 erit
2209 3010 2411 3065 sterilis
2434 3010 2586 3065 vinea
2610 3009 2661 3064 in
2692 3025 2843 3080 agro,
2894 3010 3025 3065 dicit
3051 3012 3308 3069 Dominus
3333 3015 3540 3069 exerci-

916 3116 1168 3169 Collectio.
1873 3160 1914 3172 _
1950 3112 2121 3157 tuum.
2176 3102 2242 3155 Et
2284 3101 2468 3156 beatos
2518 3115 2613 3154 vos
2669 3100 2851 3156 dicent
2896 3115 3082 3158 omnes
3120 3109 3326 3172 gentes.
3372 3102 3535 3159 Erilis

317 3200 718 3271 εειηρίιετηυιη
769 3160 1102 3271 Domi};ij
1146 3204 1413 3259 ῖηηηίιυηι
1434 3247 1448 3271 ν
1510 3204 1830 3276 ingenitum,
1865 3160 1915 3231 ο
1946 3195 2086 3249 enim
2132 3209 2226 3249 vos
2259 3203 2399 3249 terra
2425 3192 2815 3259 desiderabilis,
2878 3192 3009 3249 dicit
3043 3194 3299 3249 Dominus
3330 3195 3537 3251 exerci-

241 3293 606 3359 inmortalem,
642 3293 849 3351 devora;
873 3296 1093 3361 manus,
1125 3294 1511 3351 desideriorum
1534 3296 1716 3351 cordis
1742 3296 1838 3351 pa-
1946 3299 2120 3344 tuum.
2158 3285 2498 3343 lnvaluerunt
2528 3302 2689 3355 super
2720 3302 2805 3342 me
2830 3286 2990 3341 verba
3023 3284 3221 3354 vestra,
3252 3287 3381 3343 dicit
3433 3286 3537 3343 Do-

240 3382 527 3444 bitatorem
554 3387 932 3458 deprecemur,
965 3398 1025 3443 ut
1062 3390 1355 3446 Ecclesjam
1382 3399 1621 3446 sanctam
1650 3391 1839 3446 catho-
1954 3383 2155 3448 minus,
2207 3390 2262 3435 et
2305 3380 2513 3435 dixistis
2545 3395 2559 3432 :
2612 3378 2747 3446 Quid
2790 3377 2950 3432 locuti
3000 3393 3185 3433 sumus
3216 3382 3400 3433 contra
3446 3378 3537 3434 te?

240 3481 401 3537 licam
427 3490 682 3551 perpetua
711 3478 1029 3539 defensione
1054 3491 1285 3537 tueatur.
1943 3474 2163 3545 Dixistis
2194 3492 2209 3529 :
2243 3473 2422 3529 Vanus
2443 3482 2524 3529 est
2553 3473 2642 3542 qui
2677 3472 2842 3527 servit
2866 3470 2998 3528 Deo.
3033 3471 3444 3535 Convertimini,
3476 3478 3536 3528 et

873 3572 989 3623 Post
1008 3576 1218 3624 nomina.
1939 3566 2208 3632 videbitis,
2270 3566 2413 3633 quid‘
2443 3564 2515 3621 sit
2546 3565 2686 3620 inter
2708 3564 2911 3634 justum
2940 3572 2993 3619 et
3036 3563 3278 3647 impium,
3310 3573 3364 3619 et
3396 3564 3536 3619 inter

318 3657 548 3714 Domine
578 3657 719 3714 Deus
746 3657 1051 3714 dilectionis
1072 3669 1126 3714 et
1155 3660 1321 3729 pacis,
1353 3660 1405 3714 in
1434 3659 1588 3730 cujus
1610 3659 1830 3716 dextera
1940 3658 2260 3716 servientem
2293 3658 2459 3712 Deum
2499 3664 2554 3711 et
2580 3671 2683 3710 non
2713 3656 3036 3711 servientem
3079 3656 3147 3711 ei.
3208 3656 3345 3712 Ecce
3393 3658 3535 3713 enim

247 3752 393 3806 salus
414 3760 599 3808 nostra
630 3760 732 3819 est,
760 3762 958 3822 praesta
981 3762 1039 3808 ut
1065 3753 1134 3808 ad
1163 3762 1216 3809 te
1237 3768 1343 3809 non
1367 3769 1463 3810 ore
1489 3763 1717 3823 tantum,
1742 3754 1837 3810 sed
1942 3750 2057 3805 dies
2090 3749 2269 3806 veniet
2297 3763 2555 3805 succensa
2589 3748 2739 3817 quasi
2772 3747 3037 3815 caminus,
3084 3757 3137 3804 et
3166 3758 3323 3803 erunt
3347 3763 3535 3805 oritues

240 3855 301 3902 et
344 3845 510 3901 corde
569 3844 875 3915 vigilemus.
917 3845 1188 3902 Timorem
1241 3846 1314 3900 tui
1359 3846 1592 3901 nominis
1638 3846 1838 3903 nostris
1940 3844 2160 3913 superbi
2191 3855 2245 3899 et
2274 3858 2463 3898 omnes
2488 3841 2745 3898 facientes
2770 3843 3097 3913 impietatem
3124 3845 3339 3913 stipula,
3367 3855 3421 3901 et
3450 3846 3535 3900 in-

244 3937 433 3995 cmitte
446 3938 759 4006 visceribus,
777 3946 835 3994 et
852 3952 1092 3995 amorem
1113 3938 1331 3994 infunde.
1349 3939 1673 4008 pectoribus.
1699 3939 1826 3995 Per.
1941 3937 2231 3992 ﬂammabit
2260 3951 2355 3992 eos
2381 3936 2495 3991 dies
2523 3937 2764 3991 veniens.
2820 3935 2885 3990 Et
2912 3937 3113 3993 orietur
3152 3938 3300 3993 vobis
3338 3939 3531 3995 timen-

887 4057 960 4107 Λα
1006 4068 1189 4120 pacem
1941 4031 2084 4087 tibus
2109 4045 2302 4085 nomen
2330 4046 2508 4085 meum
2539 4028 2619 4085 sol
2648 4029 2889 4098 justitiae,
2921 4031 2973 4084 e‘t
3000 4030 3202 4086 sanitas
3256 4032 3306 4085 in
3355 4033 3534 4101 pinnis

320 4138 517 4193 prata
543 4139 718 4208 nobis,
753 4137 999 4205 nomine,
1032 4140 1083 4194 in
1106 4140 1271 4195 domo
1296 4150 1383 4195 ιυε
1410 4148 1595 4195 sane“
1626 4142 1829 4196 υηεηί.»
1940 4126 2074 4193 ejus.
2132 4123 2267 4178 Ecce
2297 4136 2397 4192 ego
2422 4122 2627 4177 mittam
2659 4123 2809 4176 vobis
2842 4122 3041 4177 lleliam
3066 4122 3403 4193 prophetam,
3433 4140 3530 4179 an-

248 4229 434 4285 mime
453 4229 755 4286 vivenubus
774 4244 972 4301 pacem
997 4231 1197 4288 habere
1223 4248 1383 4304 quam
1415 4231 1711 4300 mdimus;
1744 4248 1837 4303 pa-
1941 4226 2153 4287 tequam
2180 4214 2359 4271 veniat
2387 4213 2503 4271 dies
2536 4214 2745 4270 Domini
2790 4227 3015 4285 magnus
3046 4224 3099 4271 et
3130 4214 3405 4273 terribilis.
3471 4215 3539 4272 Et

243 4336 363 4379 cem
394 4339 610 4380 senm,
638 4339 798 4394 quam
834 4325 1118 4380 sumimus,
1939 4323 2213 4369 ctinvertet
2262 4326 2355 4367 cor
2403 4320 2612 4382 patrum
2664 4310 2726 4365 ad
2761 4310 2921 4376 filios,
2979 4320 3032 4366 et
3071 4326 3166 4365 cor
3195 4312 3425 4367 filiorum
3459 4310 3525 4366 ad

871 4416 1175 4467 Contcstatio
1941 4418 2119 4476 patres
2151 4420 2374 4471 eorum;
2409 4419 2477 4460 ne
2501 4407 2634 4459 forte
2656 4403 2867 4458 veniam
2897 4412 2952 4459 et
3003 4405 3296 4474 percutiam
3329 4415 3530 4461 terram

322 4499 457 4558 Vera
493 4502 714 4571 dignum
744 4513 796 4559 et
820 4513 1022 4573 justum
1052 4512 1156 4571 est,
1176 4503 1518 4573 onmipotens
1545 4502 1706 4572 Deos,
1738 4518 1834 4571 per
1869 4558 1915 4573 _
1943 4497 2303 4565 anathemate,
2336 4499 2409 4551 ait
2430 4494 2689 4551 Dominus
2720 4496 2880 4551 Dens.

243 4600 515 4655 Christum
552 4558 850 4653 “Dominum
904 4558 1168 4653 nostrum:
1218 4558 1383 4669 Cujus
1441 4612 1627 4653 vocem
1665 4558 1836 4653 A'd'arl
1866 4558 1919 4631 Β
2022 4674 2058 4683 _
2258 4590 2470 4654 Epistula
2494 4589 2630 4639 Pauli
2655 4588 2861 4683 apostoli
2886 4586 3223 4683 rid-Romanos.

242 4690 465 4756 audivit,
494 4698 551 4746 et
582 4691 757 4746 timuit
785 4691 951 4760 ipsius
971 4702 1286 4759 aspectum;
1312 4689 1447 4745 Abel
1476 4688 1745 4759 quaesivit,
1777 4696 1836 4744 et
2022 4674 2254 4740 Fralres,
2287 4688 2389 4729 "0“
2413 4688 2541 4743 9'80
2567 4682 2754 4743 τθῧυει
2781 4678 3056 4741 Ρθοθοιυτη
3090 4674 3142 4726 ίη
3174 4680 3349 4728 νθείτθ
3379 4683 3529 4727 m9"

250 4784 465 4840 metu".
511 4782 679 4853 cuius
709 4798 905 4841 nomen
938 4786 1119 4840 Enoch
1170 4784 1420 4851 credidit,
1479 4794 1534 4839 ει
1585 4784 1832 4849 manu;
1949 4768 2033 4823 tali
2067 4781 2314 4836 corpore,
2361 4774 2417 4819 ut
2445 4764 3211 4869 obediatisconcupiscentiis
3238 4764 3400 4869 .ej‘us.‘
3426 4764 3535 4869 Sed

246 4878 418 4949 ipsius
444 4879 666 4947 gratiam
692 4880 801 4934 Noe
834 4878 1161 4948 juStiﬁcatus
1184 4878 1410 4934 invenit.
1464 4875 1628 4945 Cujus
1660 4877 1826 4932 bene-
1946 4878 2117 4931 ιιεαιιο
2167 4859 2487 4962 θκυίῒξεδιξῆ.
2520 4856 2986 4962 membri-Veii”
3042 4872 3188 4912 arma
3238 4856 3531 4962 ίιιίιιυίιξιιξε

243 4969 533 5026 dictionem
553 4970 823 5025 Abraham
848 4983 1070 5053 vocatus
1098 4971 1325 5042 accepit,
1358 4972 1525 5041 ipsius
1554 4971 1831 5025 raritatem

1951 4963 2199 5026 peccato;
2229 4954 2323 5008 sed
2347 4951 2596 5008 exhibete
2627 4963 2721 5005 vos
2750 4949 2860 5005 D‘eo
2891 4957 3161 5020 tamquam
3206 4966 3271 5005 ex
3303 4951 3528 5006 mortuis

243 5061 397 5120 Isaac
425 5063 682 5133 probatus
708 5065 945 5135 agnovit.
975 5047 1139 5131 cujus
1160 5064 1641 5146 sanctificationem
1665 5061 1833 5119 Jacob

1951 5048 2208 5109 viventes,
2239 5054 2295 5100 et
2321 5044 2558 5099 inembra
2581 5049 2757 5097 vestra
2787 5056 2935 5098 arma
2976 5042 3192 5111 justitiae
3221 5042 3354 5097 Deo.
3401 5041 3535 5098 Pec-

241 5157 450 5213 elcctus
502 5134 759 5225 emuniit,
803 5160 971 5228 ipsius
1021 5159 1198 5227 ignem
1241 5138 1451 5229 Moyses
1482 5157 1707 5213 miratus
1753 5156 1837 5211 in-
1944 5151 2121 5198 03W“
2176 5140 2321 5239 (ῗηίιη
2374 5136 2526 5239 ’ξθδίῖῖ
2556 5134 3071 5239 ηοηᾼξίοωξξηιιξδίυδ
3114 5135 3229 5239 [ἳοη
3260 5136 3405 5239 θηίἾξ
3430 5135 3532 5190 sub

241 5253 441 5321 spexit.
466 5251 632 5321 cujus
669 5227 918 5308 ducatum
949 5252 1108 5308 «Ιεθιιε
1132 5253 1234 5308 sibi
1263 5227 1512 5309 conscius
1553 5249 1831 5306 adoravit:
1946 5234 2059 5306 lese
2108 5232 2259 5299 esus.
2314 5233 2410 5287 sed
2438 5230 2537 5285 sub
2564 5229 2756 5359 miti?-
2814 5227 3531 5359 Ωιᾈιίιῖνξεῖνρςίεἰξθιέιὲιιξῗε

597 5348 633 5359 .-
677 5357 684 5359 Α
748 5346 784 5359 ..ι
828 5347 875 5359 ..
1124 5356 1132 5359 _
1214 5346 1247 5359 .,
1288 5347 1299 5357 .
1551 5345 1587 5359 η
1633 5344 1643 5354 ο
1696 5358 1701 5359 ,
1790 5358 1795 5359 ,
1946 5328 2194 5359 unnninm
2227 5339 2332 5359 nnn
2360 5338 2543 5359 cnmnn
2570 5336 2630 5359 cn
2723 5336 2821 5359 non
2940 5340 2951 5359 ι
3032 5338 3040 5359 ι
3128 5338 3158 5359 σ
3194 5340 3215 5359 ει
3270 5340 3279 5359 2
3444 5340 3477 5359 ,ι

240 5354 413 5419 ipsius
455 5320 726 5403 suavitate
748 5346 989 5403 Debbora
1017 5346 1255 5401 cantavit
1288 5347 1339 5401 in
1370 5360 1522 5402 voce.
1549 5344 1712 5413 Cujus
1743 5358 1836 5412 po-

1951 5328 2196 5396 quoniam
2227 5339 2334 5379 non
2360 5338 2545 5379 sumus
2570 5322 2673 5378 sub
2702 5321 2842 5392 lege,
2878 5320 2973 5377 sed
3000 5320 3101 5375 sub
3127 5320 3331 5390 gratia?
3355 5320 3529 5377 ΑΙωι.

244 5410 464 5506 tentiam
491 5449 712 5505 Gedeon
735 5444 984 5517 probavit
1014 5441 1066 5497 in
1095 5441 1293 5496 vellere
1319 5458 1331 5493 ε
1377 5440 1546 5509 ipsius
1566 5436 1837 5494 fortitudi-

1951 5418 2171 5475 Nescitis
2199 5418 2284 5474 cui
2340 5415 2656 5472 exhibuistis
2698 5429 2794 5471 vos
2841 5427 3027 5469 servos
3052 5412 3116 5466 ad
3150 5410 3532 5481 obedicudum,

245 5560 366 5597 nam
413 5542 640 5599 Samson
687 5508 921 5595 os'wndit
980 5536 1034 5592 in
1087 5534 1255 5589 crine.
1306 5508 1471 5602 cuius
1501 5532 1837 5601 maiestatem
1943 5509 2082 5614 servi
2112 5510 2384 5614 estisejus
2412 5508 2793 5614 cui‘obeditis,
2823 5508 3169 5614 sivenpeccati
3200 5508 3526 5614 inmunem,

242 5637 499 5693 Samuhel
528 5636 659 5690 vidit
690 5634 743 5690 in
766 5643 973 5698 sancto,
1020 5630 1189 5701 ipsius
1217 5625 1639 5700 magnitudinem
1672 5625 1836 5683 David

1951 5610 2056 5664 sive
2096 5604 2417 5662 obeditionis
2458 5604 2521 5657 ad
2568 5600 2868 5673 justitiam?
2919 5598 3132 5654 Gratias
3196 5607 3372 5654 autem
3418 5592 3533 5655 Deo

241 5689 506 5785 exultavit
533 5730 587 5783 in
619 5738 890 5797 tympano.
942 5689 1111 5790 Cujus
1152 5689 1408 5777 honorvem
1438 5718 1692 5775 Salomon
1719 5718 1837 5789 glo-

1951 5704 2081 5774 quod
2108 5701 2285 5758 fuistis
2310 5700 2449 5757 servi
2500 5698 2726 5768 peccati,
2780 5693 3035 5750 obedistis
3066 5701 3241 5748 autem
3274 5707 3338 5748 ex
3366 5689 3531 5748 corde

238 5822 477 5881 mica“;
504 5820 558 5878 ίη
600 5787 820 5891 “impio,
849 5787 1410 5887 ipsius—ascensionem
1454 5810 1631 5867 Helias
1658 5787 1835 5879 pient-
1940 5808 1994 5857 in
2016 5814 2133 5856 eam
2166 5799 2392 5855 formam
2415 5792 2699 5858 doctrinae,
2732 5792 2785 5846 in
2828 5804 2929 5860 qua
2961 5789 3137 5845 traditi
3166 5790 3318 5847 estis.
3370 5787 3529 5844 Libe-
