4060 6346
598 315 694 373 551

1371 301 1715 363 APPENDl-X
1772 298 1862 355 AD
1912 293 2140 353 OPERA
2192 288 2255 347 S.
2311 284 2625 347 GERMANI
2662 280 3104 345 PARISIENSIS.

3763 284 3841 345 552

602 432 699 488 rati
729 439 909 485 autem
958 440 989 481 a
1022 432 1265 496 peccato,
1300 422 1441 479 servi
1477 419 1603 476 facti
1630 418 1761 474 estis
1796 412 2043 485 iustitia},
2082 422 2180 479 per
2203 407 2261 469 Δ
2285 406 2494 463 Patrem
2522 406 2972 477 omnipotentem,
3004 402 3092 473 qui
3122 402 3421 457 clamantes
3466 400 3536 456 ad
3565 416 3623 459 se
3647 405 3839 464 clemen-

599 523 781 582 Jesum
806 517 1079 575 Christum
1110 516 1416 573 Dominum.
1923 565 1930 571 ,

768 614 941 670 Lectio
966 613 1122 663 sancti
1148 610 1406 673 Evangelii
1429 605 1700 658 secundum
1720 601 2016 652 Matthmum.

677 704 866 762 Simile
889 702 1083 755 iactum
1113 705 1197 750 est
1220 706 1440 761 regnum
1464 689 1717 745 ett-lorum
1743 683 1970 746 homini,
1998 677 2089 747 qui
2110 692 2190 733 se.

604 796 829 857 minavit
857 794 1055 849 bonum
1084 802 1269 845 semen
1297 786 1349 839 in
1380 797 1509 853 agro
1530 795 1649 835 suo.
1703 777 1836 833 Cum
1858 783 2033 829 autem
2060 770 2190 824 duro

604 890 806 949 mit-ent
836 889 1104 947 homines,
1160 877 1305 935 venit
1335 876 1584 931 inimicus
1613 872 1747 941 ejus,
1781 877 1835 923 et
1862 862 2189 937 supersemi-

605 983 760 1041 navit
800 976 1004 1034 zizania
1054 976 1109 1029 in
1134 969 1312 1029 medio
1340 968 1525 1034 tritici,
1558 977 1612 1021 et
1640 964 1789 1019 abiit.
1847 961 1980 1015 Cum
2014 966 2191 1010 autem

604 1074 863 1133 crevisset
891 1069 1055 1126 herba
1078 1076 1132 1123 et
1163 1066 1393 1120 fructum
1421 1061 1659 1125 fecisset,
1685 1067 1812 1112 tunc
1834 1058 2196 1124 apparuerunt

608 1166 835 1225 zizania.
864 1160 1197 1218 Accedentes
1226 1166 1409 1211 autem
1450 1152 1592 1207 servi
1623 1145 2023 1220 patrisfamilias
2045 1143 2195 1197 dixe~

608 1266 736 1317 runt
762 1257 810 1312 ei
842 1274 855 1308 :
888 1254 1134 1317 Domine,
1181 1248 1587 1306 nonne.bonum
1612 1258 1795 1298 semen
1828 1235 2105 1294 seminasti
2140 1234 2195 1288 in

608 1367 737 1423 agro
759 1349 883 1406 tuo?
915 1346 1055 1403 unde
1098 1359 1227 1413 ergo
1257 1342 1419 1398 habet
1450 1337 1685 1395 zizania?
1714 1335 1781 1389 Et
1809 1334 1884 1387 ait
1916 1330 2017 1386 illis
2048 1346 2059 1382 :
2092 1327 2197 1381 lni-

608 1418 779 1501 niicus
800 1441 961 1496 homo
991 1438 1095 1494 hoc
1124 1437 1267 1492 fecit.
1298 1432 1451 1488 Servi
1481 1439 1659 1484 autem
1694 1427 1945 1481 dixerunt
1974 1421 2022 1476 ei
2057 1437 2068 1472 :
2107 1418 2197 1473 Vis

614 1537 776 1603 imus,
804 1542 860 1589 et
885 1531 1187 1600 colligimus
1209 1526 1309 1583 ea?
1349 1525 1417 1579 Et
1469 1523 1543 1577 ait
1571 1520 1721 1575 illis:
1769 1516 1907 1581 Non,
1955 1528 2021 1568 ne
2062 1510 2201 1565 forte

608 1628 922 1698 colligentes
951 1622 1176 1686 zizania,
1223 1615 1509 1675 eradicetis
1538 1612 1695 1669 simul
1726 1625 1845 1665 cum
1868 1607 1947 1662 eis
1991 1614 2043 1659 et
2068 1602 2203 1658 triti-

609 1737 753 1778 cum.
801 1719 972 1777 Sinite
999 1725 1223 1785 utraque
1249 1724 1494 1768 crescere
1522 1721 1687 1776 usque
1711 1695 1777 1758 ad
1816 1714 2047 1757 messem
2076 1715 2089 1763 ;
2146 1704 2202 1751 et

611 1816 668 1872 in
697 1824 939 1883 tempore
986 1812 1178 1865 messis
1206 1806 1378 1862 dicam
1411 1800 1739 1859 messoribus
1772 1816 1785 1851 :
1834 1793 2085 1863 Colligite
2109 1792 2207 1861 pri-

617 1924 765 1969 mum
810 1882 1015 1962 aizania
1040 1946 1055 1971 ,
1092 1913 1144 1958 et
1174 1901 1388 1971 alligate
1417 1912 1477 1952 ea
1507 1896 1558 1949 in
1582 1890 1868 1948 fasciculos
1897 1886 1960 1941 ad
1983 1882 2204 1940 combu-

614 2001 866 2066 rendum,
886 1997 1120 2053 triticum
1140 2002 1316 2049 autem
1340 1985 1723 2059 congregatein
1740 1983 1988 2038 horreum
2004 1991 2202 2033 meum.

705 2102 731 2131 ι
785 2091 1024 2148 Locutus
1055 2098 1137 2144 est
1160 2085 1408 2143 dominus
1435 2082 1589 2138 Jesus
1618 2080 1670 2133 in
1708 2074 1975 2148 parabolis
2005 2072 2070 2126 ad
2094 2079 2205 2127 tur-

620 2184 741 2251 bas,
766 2191 821 2239 et
854 2183 973 2238 sine
995 2176 1263 2250 parabolis
1294 2190 1400 2231 non
1425 2170 1742 2242 loquebatur
1769 2168 1867 2233 eis,
1925 2176 1980 2220 ut
2009 2163 2202 2232 imple-

615 2286 766 2333 retur
824 2274 968 2345 quod
1001 2272 1203 2326 dictum
1256 2278 1340 2324 est
1394 2283 1490 2336 per
1532 2265 1847 2335 prophetam
1889 2259 2200 2313 dicentem:

612 2368 862 2441 Aperiam
884 2366 938 2421 in
967 2364 1233 2435 parabolis
1260 2376 1321 2416 os
1351 2374 1550 2421 meum,
1608 2354 1909 2411 eructuabo
1942 2352 2201 2405 absconsa

614 2478 647 2520 ι
678 2460 1060 2518 constitutione
1084 2457 1286 2513 tnundi.
1312 2454 1462 2508 Tunc
1493 2450 1728 2505 dimissis
1758 2448 1947 2512 turbis,
1984 2445 2127 2500 venit
2153 2444 2206 2498 in

616 2553 870 2620 domum;
913 2562 967 2608 et
993 2555 1335 2606 accesserunt
1365 2546 1429 2601 ad
1461 2541 1842 2608 eumdiscipoli
1871 2542 2006 2609 ejus,
2038 2538 2208 2593 dicen-

614 2654 697 2701 tes
730 2663 744 2698 :
800 2644 1012 2699 Dissere
1036 2642 1189 2697 nobis
1231 2638 1539 2707 parabolam
1573 2636 1903 2689 zizaniorum
1936 2631 2068 2701 agri.
2101 2632 2202 2697 Qui

614 2736 955 2807 respondens
978 2735 1119 2799 ,ait:
1183 2733 1285 2798 Qui
1331 2731 1557 2785 seminat
1616 2730 1811 2783 bonum
1860 2740 2067 2788 semen,
2126 2734 2209 2780 est

614 2833 782 2890 Filius
810 2831 1060 2887 hominis.
1090 2829 1233 2899 Ager
1256 2838 1434 2882 autent
1465 2835 1549 2881 est
1575 2825 1823 2879 mundus.
1849 2823 2049 2877 Bonum
2075 2833 2203 2875 vero

615 2942 801 2984 semen
845 2926 916 2979 liii
958 2933 1084 2979 sunt
1114 2922 1204 2977 ﬁlii
1236 2920 1406 2992 regni.
1460 2917 1673 2973 Zizania
1720 2925 1897 2971 autem
1948 2915 2041 2969 ﬁlii
2086 2921 2210 2967 sunt

616 3034 865 3090 nequam.
897 3018 998 3086 Qui
1025 3016 1409 3077 seminavitea,
1444 3022 1523 3068 est
1550 3011 1813 3065 diabolus.
1874 3008 2060 3063 lilessis
2083 3019 2209 3061 vero

614 3111 1004 3168 consummatio
1053 3107 1229 3164 saeculi
1279 3120 1363 3162 est
1411 3124 1424 3160 :
1477 3119 1749 3159 messores
1798 3112 1973 3155 autem
2032 3098 2205 3169 angeli

616 3214 760 3261 sunt.
793 3204 943 3261 Sicut
969 3216 1095 3271 ergo
1123 3200 1446 3270 colliguntur
1479 3198 1701 3261 zizania,
1727 3206 1780 3251 et
1812 3196 1933 3264 igne
1978 3193 2205 3249 combu-

614 3306 827 3362 runtur,
864 3296 942 3351 sic
986 3294 1090 3350 erit
1146 3294 1199 3347 in
1262 3293 1724 3347 consummatione
1771 3288 1973 3343 saeculi.
2036 3285 2209 3341 Mittet

616 3389 783 3446 Filius
812 3387 1045 3443 hominis
1089 3385 1305 3455 angelos
1335 3399 1481 3452 suos,
1537 3392 1592 3438 et
1633 3383 1888 3451 colligent
1927 3379 1996 3435 de
2034 3391 2202 3448 regno

616 3482 732 3553 ejus
751 3481 924 3537 omnia
956 3478 1227 3547 scandala,
1260 3486 1314 3533 et
1354 3490 1448 3531 eos
1475 3474 1562 3544 qui
1599 3474 1799 3529 faciunt
1839 3471 2204 3541 iniquitatem,

616 3584 672 3631 et
693 3575 902 3630 mittent
941 3589 1035 3628 eos
1074 3572 1129 3626 in
1166 3570 1435 3626 caminum
1468 3567 1627 3637 ignis.
1678 3566 1753 3619 lbi
1799 3564 1900 3619 erit
1945 3564 2100 3618 ﬁetus
2154 3570 2210 3617 et

613 3667 814 3728 stridor
837 3667 1097 3723 dentium.
1148 3664 1299 3720 Tunc
1338 3663 1469 3733 justi
1519 3659 1792 3730 fulgebunt
1836 3659 1980 3713 sicut
2024 3657 2103 3712 sol
2153 3657 2208 3711 in

617 3777 784 3834 regno
806 3760 975 3817 Patris
992 3774 1201 3816 eorum.
1228 3756 1328 3825 Qui
1352 3755 1513 3810 habet
1528 3768 1685 3809 aures
1707 3750 1982 3820 audiendi,
1999 3748 2205 3804 audiat.

1238 3884 1404 3919 INCIPIT
1436 3881 1588 3919 MISSA.

1061 3956 1296 4008 Collectio
1323 3962 1429 4019 post
1451 3954 1775 4018 prophetiam.

695 4061 1000 4127 Benediete,
1030 4069 1214 4117 sancte
1244 4059 1381 4115 Deus
1411 4058 1596 4125 Israel,
1620 4057 1776 4112 visita
1807 4054 2015 4126 plebem
2041 4063 2211 4117 tuam,

622 4155 847 4212 benedic
875 4154 1126 4226 populum
1156 4163 1325 4219 tuum,
1346 4161 1399 4207 et
1432 4151 1596 4206 libera
1628 4166 1751 4205 eum
1786 4166 1815 4205 a
1847 4148 2080 4219 peccatis
2112 4163 2211 4203 eo-

623 4265 765 4321 rum,
792 4259 844 4305 et
869 4259 1081 4320 prmsta,
1140 4249 1364 4303 Domine
1410 4248 1694 4314 virtutum,
1746 4255 1805 4302 ut
1847 4247 1914 4302 de
1964 4246 2210 4300 manibus

622 4344 959 4400 inimicorum
993 4352 1298 4397 nostrorum
1329 4341 1637 4407 liberemur,
1673 4349 1726 4395 et
1751 4340 1846 4395 tibi
1871 4340 1973 4394 soli
2001 4339 2211 4394 servire

621 4451 923 4493 mereamur
951 4451 1071 4491 cum
1092 4434 1302 4506 justitia
1328 4442 1383 4489 et
1405 4434 1687 4489 sanctitate
1701 4434 1950 4487 omnibus
1975 4428 2208 4505 [diebus]

623 4531 819 4587 nostris
852 4547 865 4583 :
914 4538 969 4585 et
997 4527 1165 4598 dirige
1192 4527 1353 4597 pedes
1382 4536 1598 4581 nostros
1622 4526 1678 4581 in
1701 4527 1782 4581 via
1819 4527 1985 4594 pacis,
2020 4533 2077 4577 ut
2110 4537 2205 4577 vo-

623 4625 886 4681 luntatem
916 4631 1057 4678 tuam
1083 4622 1136 4677 in
1167 4620 1416 4676 omnibus
1442 4620 1667 4689 implere
1697 4618 1984 4688 possimus.
2020 4616 2139 4672 Per.

1298 4736 1537 4787 Praefatio.

586 4866 605 4885 ο
694 4845 918 4901 Oremus
962 4844 1275 4911 Dominum,
1316 4843 1648 4900 dilectissimi
1682 4843 1858 4911 nobis,
1915 4842 2004 4914 qui
2036 4848 2216 4899 amar‘a

629 4936 786 4993 nobis
832 4936 1124 4993 adveniunt
1152 4946 1394 5006 tempora
1425 4945 1480 4993 et
1528 4936 1809 5007 periculosi
1837 4936 2217 5007 adproximant

624 5029 772 5085 anni.
824 5029 1093 5084 Mutantur
1134 5026 1158 5066 ι)
1210 5044 1396 5099 regna,
1439 5037 1698 5085 vocantur
1725 5039 1912 5096 gentes
1957 5046 1969 5082 :
2013 5028 2218 5084 excidit

626 5122 855 5189 caritas,
905 5120 1461 5190 exsurgitiniquitas:
1514 5120 2057 5191 increvitcupiditas,
2090 5134 2216 5190 prae.-

559 5261 568 5289 ,
625 5217 1089 5287 valuitintpietas;
1116 5227 1170 5271 et
1192 5217 1244 5270 in
1265 5217 1587 5271 miserorum
1618 5225 1877 5270 creatura:
1901 5215 2054 5283 lugit.
2084 5214 2216 5268 Dum

628 5324 753 5380 ergo
781 5320 988 5379 tempus
1014 5317 1117 5375 est,
1148 5317 1527 5365 convertamur
1550 5308 1615 5363 ad
1664 5309 1975 5374 Dominum,
2028 5305 2216 5361 ﬂecta-

628 5416 750 5457 mus
790 5418 996 5472 genua,
1056 5417 1344 5459 curvenms
1394 5402 1673 5469 cervices,
1745 5417 1994 5472 rogemus
2045 5401 2211 5459 Deum

705 5546 733 5574 ι
760 5537 886 5620 llaec
916 5539 1209 5620 Lectiolest
1238 5541 1354 5594 sine
1385 5539 1614 5620 tituloin
1646 5540 1961 5620 esemplari,
1988 5540 2076 5595 ubi
2102 5543 2216 5611 pri-

632 5623 751 5664 mus
782 5608 937 5679 hujus
968 5611 1236 5666 Lectionis
1265 5625 1451 5664 versus
1480 5610 1644 5664 minio
1668 5608 1969 5679 descriptus
1998 5608 2117 5679 est,
2161 5620 2219 5669 ut

630 5695 823 5757 nempe
847 5692 988 5736 esset
1015 5682 1208 5737 indicio
1239 5683 1353 5736 haec
1381 5698 1485 5736 non
1516 5693 1906 5753 consequenter
1932 5684 2037 5756 legi
2071 5686 2216 5757 apud

634 5750 937 5823 Hattltmum
969 5757 1019 5807 in
1047 5770 1166 5823 cap.
1195 5768 1309 5806 xm.

705 5821 732 5861 ι»
757 5823 881 5879 llaec
909 5821 1134 5881 fortasse
1158 5824 1301 5879 dicta
1329 5836 1473 5895 sunt,
1501 5843 1623 5885 cum
1649 5829 1735 5885 vel
1768 5827 1959 5887 Franci
1986 5831 2040 5888 in
2084 5829 2213 5888 Gal-

2292 507 2382 556 ter
2403 497 2639 570 exaudit,
2667 508 2723 555 et
2758 506 3039 569 sperantes
3067 497 3120 551 in
3147 510 3204 551 se
3232 508 3338 551 non
3365 493 3703 566 derelinquit.

2958 589 3209 641 Collectio.

2371 678 2540 746 Quam
2572 690 2767 748 magna
2797 684 2883 732 est
2910 672 3284 730 misericordia
3310 680 3435 741 tua,
3468 672 3705 742 Domine,
3744 679 3841 736 sub-

2293 772 2481 828 venire
2509 772 2755 841 captivis,
2788 770 3001 825 miseris
3032 784 3271 839 parcere,
3294 768 3587 839 indulgere
3622 778 3839 839 peccamj.

2296 866 2416 931 bus,
2456 864 2769 936 peregrinos
2798 862 3089 927 consolari,
3141 876 3435 932 oppressos
3467 862 3749 931 sublevare,
3780 882 3841 920 ro-

2298 965 2487 1029 gantes
2518 957 2742 1022 audire;
2764 970 2869 1009 non
2898 953 3221 1009 habentibus
3247 952 3404 1016 dare,
3426 953 3638 1008 veniant
3660 969 3839 1023 peccan-

2298 1053 2439 1108 tibus
2466 1052 2614 1117 dare,
2641 1059 2828 1122 gentes
2853 1048 3110 1105 barbaras
3131 1049 3197 1103 ad
3230 1046 3634 1103 invocationem
3665 1052 3841 1107 nominis

2296 1146 2374 1202 tui
2408 1153 2745 1201 convertere.
2776 1142 2855 1197 Ad
2882 1141 3025 1195 illam
3051 1140 3482 1197 misericordiam
3499 1152 3732 1197 converte
3755 1159 3840 1210 nos,

2298 1256 2458 1311 quam
2487 1237 2799 1309 rogantibus
2824 1236 2980 1291 nobis
3002 1234 3123 1306 pius
3149 1243 3204 1290 et
3234 1234 3554 1292 misericors
3573 1236 3703 1291 Deus
3718 1252 3841 1292 exau-

2302 1335 2423 1390 dire
2453 1332 2690 1405 digneris
2718 1346 2811 1402 per
2840 1331 3200 1386 interventum
3225 1338 3435 1385 sancta:
3465 1328 3663 1385 Marias.

2928 1424 3045 1473 Post
3065 1423 3273 1493 nomina.

2373 1510 2680 1568 Caelestium
2727 1511 2853 1565 vitae
2881 1519 3097 1564 aeternae
3124 1508 3415 1564 adoremus
3469 1507 3749 1574 Dominum,
3769 1507 3839 1563 fra-

2305 1614 2414 1659 tres
2440 1603 2724 1670 carissimi,
2783 1602 3099 1671 suppliciter
3136 1602 3520 1669 deprecemur,
3550 1610 3609 1655 ut
3646 1602 3841 1672 populum

2306 1712 2461 1754 suum
2489 1712 2707 1767 semper
2736 1695 2936 1765 ubique
2964 1697 3251 1759 custodiat,
3282 1703 3542 1765 protegat
3593 1705 3734 1764 atque
3772 1692 3837 1748 de-

2233 1789 2509 1857 Bfendat,
2566 1790 2833 1860 principes
2890 1789 3113 1858 mitiget,
3172 1798 3474 1858 poteStates
3512 1790 3763 1859 gubernet,
3784 1789 3839 1859 ju-

2307 1886 2453 1941 dices
2485 1893 2657 1956 regat,
2708 1893 2963 1939 nocentes
2995 1883 3277 1952 reprimat,
3310 1881 3502 1938 hostes
3530 1884 3747 1952 repellat,
3787 1883 3837 1937 b-

2306 1977 2623 2034 borantibus
2660 1991 2817 2046 opem
2868 1976 3087 2041 tribuat,
3115 1989 3413 2044 oppressos
3438 1975 3641 2039 liberet,
3688 1977 3839 2028 vinctos

2308 2072 2567 2137 dimittat,
2599 2074 2839 2140 captivos
2871 2078 3108 2134 revocet,
3143 2068 3320 2138 lapsos
3340 2068 3615 2132 restituat,
3638 2068 3837 2123 contritus

2310 2166 2511 2229 foveat,
2542 2165 2823 2236 languidos
2852 2172 3025 2229 curet,
3068 2163 3279 2217 cunctis
3313 2160 3676 2217 misericordia
3695 2161 3838 2215 subre-

2315 2260 2446 2326 niat,
2505 2259 2623 2328 pius
2653 2267 2703 2312 et
2731 2256 3039 2312 misericors
3070 2255 3212 2311 Deus
3248 2268 3444 2325 preces
3484 2263 3682 2310 nostras
3708 2250 3835 2323 propi-

2309 2352 2477 2407 ciatus
2502 2349 2770 2407 exaudiat.

2961 2418 3035 2469 Ad
3063 2432 3250 2482 pacem.

2390 2508 2533 2562 Deus
2562 2514 2713 2576 pater
2740 2504 3102 2575 omnipotens,
3136 2506 3311 2560 bonus
3369 2519 3436 2561 ac
3489 2503 3626 2560 mitis
3668 2514 3735 2567 es,
3775 2498 3834 2568 qui

2312 2597 2595 2654 Dominum
2629 2608 2871 2651 nostrum
2905 2596 3085 2651 .lesum
3127 2595 3405 2651 Christum
3432 2595 3534 2650 hoc
3552 2591 3712 2649 sedem
3742 2589 3835 2644 leti-

2314 2692 2410 2746 tia:
2436 2707 2556 2745 cum
2579 2704 2708 2760 ergo
2756 2690 2876 2759 quis
2906 2703 3227 2744 ascensurus
3275 2703 3339 2744 es
3366 2688 3420 2743 in
3450 2687 3627 2742 caelum
3654 2696 3795 2753 pacem
3816 2687 3832 2716 ε

2315 2798 2467 2839 suam
2494 2783 2624 2837 dare
2644 2782 2819 2850 nobis,
2842 2796 3028 2851 pacem
3060 2795 3213 2836 suam
3243 2780 3551 2850 relinquere
3571 2775 3718 2832 servis
3739 2771 3832 2827 suis.

2314 2877 2565 2947 ReSpice,
2596 2875 2844 2941 Domine,
2875 2883 3075 2929 sancta:
3098 2873 3358 2929 Ecclesia:
3393 2862 3832 2928 tutecatbolieatsi-

2314 2988 2480 3043 gnum
2507 2970 2651 3040 pacis
2674 2971 2889 3039 inpone.
2918 2969 3032 3023 Fiat
3048 2969 3099 3023 in
3123 2968 3321 3023 virtute
3344 2966 3489 3039 quod
3509 2966 3573 3021 de
3593 2977 3649 3020 ea
3672 2959 3832 3023 dicitur,

2314 3073 2368 3120 et
2398 3078 2505 3133 quo
2532 3062 2717 3118 titulus
2740 3062 3044 3130 impleatur.
3100 3060 3295 3116 Pacem
3326 3067 3544 3117 teneant
3570 3052 3830 3112 sacerdotes.

2230 3180 2279 3246 ρ
2316 3172 2502 3228 paceni
2552 3156 2783 3211 habeant
2838 3154 3049 3220 divites,
3102 3167 3286 3222 pacem
3343 3152 3571 3209 habeant
3618 3151 3832 3218 pauperes,

2325 3263 2456 3320 pace
2484 3248 2749 3320 gaudeant
2776 3246 3105 3315 locupletes;
3160 3259 3293 3315 pace
3343 3245 3617 3300 mitescant
3652 3234 3831 3291 barbara

2323 3345 2599 3409 nationes;
2667 3356 2852 3412 pacem
2909 3340 3126 3395 videant
3184 3338 3386 3407 liberi,
3439 3350 3612 3406 pacem
3660 3329 3832 3387 sentiant

2315 3437 2488 3502 servi;
2516 3450 2697 3506 pacem
2723 3437 2961 3505 cogitent
2982 3446 3155 3503 reges,
3182 3446 3373 3501 pacem
3398 3431 3587 3486 faciant
3609 3424 3830 3496 principes,

2311 3547 2498 3605 pacem
2544 3542 2710 3598 tuam,
2743 3529 3105 3598 omnipotens,
3136 3528 3201 3583 da
3243 3528 3421 3595 nobis,
3451 3540 3543 3597 per
3569 3513 3831 3577 intercessio'

2311 3646 2434 3687 nem
2458 3628 2752 3685 beatissimi
2772 3625 3032 3681 Johannis
3056 3626 3307 3695 Baptistae
3323 3633 3616 3681 mereamur
3633 3612 3829 3681 accipere-

2951 3739 3259 3792 Contestatio

2387 3828 2526 3885 Vere
2545 3828 2762 3897 dignum
2788 3835 2845 3881 et
2868 3826 3070 3895 justum
3100 3834 3205 3891 est,
3236 3824 3576 3894 omnipotens
3604 3816 3739 3877 Deus,
3768 3803 3827 3875 φά

2323 3935 2445 3977 cum
2475 3919 2714 3989 patribus
2744 3917 2942 3973 nostris
2985 3918 3197 3973 veniam
3240 3912 3829 3988 supplicantibus.......m

2311 4024 2387 4080 te,
2412 4013 2656 4079 Domine,
2683 4013 2805 4082 quia
2839 4021 3049 4080 tempus
3081 4020 3165 4066 est
3208 4024 3434 4066 necesse
3480 3994 3749 4077 paniitendi,
3789 3995 3826 4041 "'-

2314 4125 2420 4164 non
2449 4108 2785 4179 egrediamur
2806 4106 2987 4162 alieni.
3017 4105 3062 4161 Ο
3110 4120 3362 4176 magnam
3404 4103 3587 4159 vallem
3613 4089 3826 4179 Josaphil,

2314 4201 2403 4256 ubi
2431 4175 2620 4256 omnes
2646 4198 2712 4252 ad
2740 4197 3005 4269 judicium
3033 4175 3274 4262 venient,
3335 4195 3427 4251 ubi
3479 4191 3576 4248 erit
3627 4175 3824 4240 discussio

2315 4292 2453 4347 inter
2473 4291 2646 4361 justus
2666 4299 2720 4343 et
2755 4288 2982 4358 injustos
3018 4306 3031 4341 :
3085 4298 3145 4343 ut
3168 4292 3564 4359 cognoscantur
3599 4272 3823 4361 mendaces

2315 4394 2368 4440 et
2396 4399 2612 4440 veraces
2643 4382 2695 4437 in
2725 4357 2820 4437 ius
2846 4381 2935 4436 die
2959 4380 3173 4451 judicii,
3233 4357 3323 4435 (un
3356 4378 3498 4435 nulla
3522 4381 3597 4429 est
3621 4357 3823 4451 accusatis

2316 4492 2414 4534 nec
2445 4475 2736 4543 excusatio,
2792 4475 2882 4529 ubi
2921 4447 3021 4529 nec
3058 4474 3192 4529 ﬁdes
3218 4474 3397 4539 datur,
3443 4482 3541 4525 nec
3564 4463 3680 4520 ﬁdes
3699 4447 3822 4543 rei”?

2238 4572 2478 4645 Dlilnr;
2525 4571 2611 4626 ubi
2639 4538 2764 4639 justi
2797 4569 3098 4634 solvuntur,
3147 4578 3199 4624 et
3256 4574 3557 4638 peceatores
3606 4556 3722 4645 ferro
3755 4538 3820 4645 ﬁli

2326 4675 2587 4722 tenentur.
2629 4665 2673 4719 Ο
2700 4677 2951 4733 magnum
2983 4676 3185 4731 regem,
3217 4662 3305 4730 qui
3339 4660 3406 4715 de
3440 4646 3680 4727 profundo
3702 4642 3821 4695 bon“

2325 4760 2564 4823 adducit,
2619 4766 2673 4812 et
2721 4756 2894 4811 malos
2923 4753 3154 4824 repellit.
3187 4752 3325 4810 Justi
3351 4745 3568 4821 eligendi
3595 4744 3713 4799 sunt,

2324 4864 2530 4909 calores
2575 4852 2896 4921 torquendi,
2950 4850 3080 4920 justi
3128 4849 3197 4903 ad
3244 4849 3428 4913 vitam,
3473 4840 3735 4921 peccator?
3773 4813 3818 4921 ili

2327 4944 2650 5016 gehennam.
2831 4914 2984 5011 pater
3011 4940 3207 5006 ﬁlium,
3240 4954 3341 4995 nec
3366 4936 3501 4993 ﬁlius
3528 4914 3820 5016 patrem

2325 5007 2403 5098 bit
2430 5058 2441 5094 :
2465 5054 2524 5095 se
2545 5007 2913 5108 unusquisque
2940 5034 3143 5106 lugebit
3170 5048 3269 5090 nec
3294 5034 3429 5090 ullus
3454 5028 3605 5085 ullum
3628 5007 3818 5110 rettule

2325 5135 2445 5203 quia
2496 5131 2673 5187 omnis
2704 5100 2983 5200 cupiditas
3001 5100 3356 5199 ‘requiescet!
3397 5126 3441 5180 0
3471 5100 3816 5203 ωιςηυιυ,

2321 5196 2525 5297 judicii,
2562 5225 2650 5279 ubi
2682 5196 2803 5279 nec-
2827 5230 3060 5278 tortores
3087 5196 3360 5289 deﬁciunt,
3406 5229 3496 5272 nec
3540 5196 3700 5263 πιοηυί

2323 5274 2525 5297 ,πη-Ἰ
2567 5274 2650 5279 ---
2682 5274 2780 5279 --η
3808 5274 3817 5282 .

2323 5318 2563 5374 riuntur!
2600 5316 2907 5372 Timeamus
2956 5315 3082 5370 dum
3130 5322 3322 5379 vacat,
3372 5324 3436 5366 ne
3487 5299 3725 5360 timﬁalnus
3758 5274 3817 5365 ""l

2322 5429 2429 5468 non
2476 5419 2644 5467 vacat.
2703 5410 3016 5467 Timeamus
3060 5409 3381 5481 gehennam,
3415 5412 3523 5472 quae
3560 5397 3631 5447 est
3654 5381 3819 5439 inme"

2324 5548 2446 5602 liam
2467 5586 2482 5609 ,
2518 5546 2600 5599 vel
2630 5543 2969 5616 Langobardi
2991 5544 3053 5616 in
3080 5542 3289 5616 italiam
3321 5533 3624 5616 irruperuul}

2395 5630 2419 5658 ο
2450 5598 2955 5685 Locus'cor‘rnptns.
2990 5613 3153 5669 Forte
3185 5598 3493 5685 legendum.
3534 5598 3586 5685 οο

2322 5691 2408 5745 tim
2428 5690 2573 5744 nobis
2608 5668 2901 5757 reliquisti,
2926 5668 3051 5741 cunt
3070 5668 3115 5741 is
3136 5668 3427 5751 ascensurus
3454 5668 3500 5731 in
3531 5668 3613 5723 ατί

2318 5778 2515 5833 pacem,
2546 5769 2652 5819 etc.
