4060 6346
288 401 402 460 555

834 409 1470 476 SACRAMENTARIUM
1510 415 1974 483 GALLICANUM.
2013 457 2084 472 —-
2120 427 2501 489 LECTIONES
2540 432 3010 500 DOMINICALES.

3473 453 3582 512 δδι

285 537 420 579 num
446 523 642 580 malum
669 541 821 582 :cum
843 529 954 585 Deo
982 532 1240 601 vivamus,
1265 536 1405 604 quod
1435 547 1516 592 est
1556 539 1607 592 in
1629 549 1889 597 aeternum
1914 545 1966 607 Α
1996 561 2117 614 me;
2151 549 2348 616 nudus,
2371 559 2426 605 et
2447 553 2732 622 operuistis
2760 571 2882 623 me;
2916 558 3184 629 inﬁrmus,
3231 571 3286 620 et
3319 566 3577 628 visitastis

284 610 491 670 bonum
518 631 617 685 per
644 614 912 676 Christum
953 622 1233 680 Dominum
1267 640 1525 698 nostrum,
1559 632 1647 689 cui
1675 636 1884 692 merito.

710 712 834 764 Item
859 720 1148 768 contestatio
1170 721 1490 775 dominicalis.

369 793 504 850 Vere
533 795 751 867 dignum
787 808 841 854 et
876 800 1078 870 justum
1109 814 1194 859 est
1244 809 1595 877 omnipotens
1625 811 1784 878 Deus,
1834 821 1886 868 te

279 887 616 954 glorificare,
649 898 703 945 et
734 891 831 946 tibi
861 908 980 948 cum
1013 894 1204 952 timore
1229 908 1284 953 et
1332 908 1564 958 tremore
1594 903 1884 960 immensas

281 979 477 1034 laudes
498 995 714 1047 canere,
748 983 889 1039 Deus
938 996 1142 1052 noster,
1200 991 1291 1057 qui
1349 1007 1444 1061 per
1493 993 1686 1049 Filium
1731 1005 1880 1052 tuum

283 1073 576 1128 Dominum
606 1084 848 1131 nostrum
892 1093 1061 1149 genus
1090 1081 1385 1139 humanum
1430 1087 1672 1155 judicare
1701 1088 1882 1158 dispo-

280 1167 468 1222 suisti.
522 1167 565 1222 Ο
609 1184 766 1239 quam
816 1186 1007 1244 magna
1040 1182 1095 1229 et
1132 1178 1237 1232 alta
1277 1179 1540 1246 sapientia
1567 1179 1765 1236 factum
1797 1191 1882 1237 est

280 1259 414 1324 hoc,
463 1270 521 1315 ut
567 1259 658 1318 ille
698 1262 958 1320 Dominus
989 1276 1173 1324 noster
1202 1270 1360 1326 Jesus
1389 1271 1636 1330 Christus
1657 1289 1880 1331 venera-

277 1354 411 1410 bilis
435 1365 598 1424 statu,
653 1367 708 1414 et
736 1359 1003 1429 pretiosus
1047 1363 1217 1420 forma
1242 1366 1536 1437 judicaret,
1569 1384 1726 1440 quam
1757 1383 1894 1425 cru-

276 1448 561 1503 delissima
616 1449 766 1518 plebs
797 1452 1104 1510 Judaeorum
1133 1461 1441 1526 praesumsit
1466 1461 1730 1516 sauciare.
1785 1461 1879 1517 Ille

273 1552 543 1598 venturus
572 1555 654 1599 est
681 1545 925 1615 judicare
947 1551 1039 1621 qui
1066 1567 1278 1621 poenam
1303 1556 1577 1623 sustinuit,
1623 1558 1714 1613 ille
1743 1573 1877 1613 ven-

268 1643 435 1692 turus
461 1645 544 1692 est
560 1637 806 1709 judicare
835 1644 925 1711 qui
956 1659 1170 1700 crucem
1213 1650 1462 1717 portavit,
1506 1650 1600 1706 ille
1622 1661 1878 1706 venturus

267 1738 364 1785 est
389 1729 660 1800 judicare,
711 1733 864 1803 cujus
889 1735 1028 1792 latus
1056 1737 1273 1794 Judaica
1307 1742 1530 1810 perlidia
1549 1744 1871 1798 vulneravit.

266 1821 371 1877 lllc
393 1832 649 1879 venturus
687 1842 880 1883 manus
902 1830 1074 1885 tendit
1104 1832 1169 1886 ad
1192 1833 1564 1905 judicandum,
1621 1837 1711 1892 ubi
1735 1837 1873 1892 clavi

260 2099 526 2171 plangent
556 2116 615 2158 se
652 2114 859 2161 cunctae
891 2109 1062 2163 tribus
1086 2119 1261 2166 terrae.
1313 2113 1389 2168 lbi
1431 2116 1535 2170 erit
1574 2117 1868 2185 tribulatio,

258 2202 324 2248 et
367 2193 544 2263 impiis
571 2196 989 2265 condemnatio;
1040 2201 1112 2256 ibi
1145 2205 1245 2258 erit
1288 2204 1447 2274 justis
1486 2209 1766 2275 exultatio,
1815 2223 1870 2267 et

257 2284 448 2353 impiis
477 2287 881 2357 condemnatio;
916 2292 987 2347 ibi
1020 2295 1123 2348 erit
1147 2295 1304 2363 justis
1331 2298 1659 2366 jocunditas,
1693 2312 1746 2357 et
1770 2304 1869 2358 im-

254 2379 376 2448 piis
405 2382 756 2449 verecundia;
788 2383 861 2438 ibi
882 2385 985 2440 erit
1008 2386 1171 2454 justis
1191 2389 1362 2457 gratia
1395 2391 1602 2460 defusa,
1637 2403 1692 2449 et
1716 2395 1868 2464 plebs

255 2467 577 2527 Iudaeorum
605 2473 708 2529 erit
739 2475 985 2532 confusa.
1011 2481 1054 2532 0
1082 2495 1241 2549 quam
1289 2484 1469 2552 gravis
1514 2494 1569 2540 et
1596 2487 1865 2544 laboriosa

251 2573 353 2618 est
377 2563 494 2620 dies
523 2563 644 2619 illa!
677 2581 710 2620 ο
750 2582 909 2637 quam
941 2569 1195 2626 terribilis
1225 2582 1280 2628 et
1321 2574 1598 2630 horribilis
1640 2589 1723 2632 cst
1747 2580 1865 2636 dies

257 2651 387 2722 illa,
414 2653 531 2711 dies
553 2655 798 2724 iraa,dies
822 2659 1184 2718 tribulationis
1204 2666 1556 2736 etangustim,
1579 2667 1696 2724 dies
1722 2670 1864 2725 cala-

250 2749 468 2805 mitatis
493 2760 547 2806 et
564 2752 816 2820 miseriae,
850 2754 966 2810 dies
995 2757 1341 2814 tenebrarum
1371 2770 1424 2814 et
1447 2762 1717 2832 caliginis,
1748 2764 1864 2821 dies

248 2842 475 2900 nebula:
496 2854 550 2900 et
569 2846 818 2913 turbinis,
840 2847 955 2906 dies
979 2851 1120 2906 tubae
1140 2861 1195 2906 et
1214 2853 1515 2924 clangoris;
1553 2857 1640 2911 ubi
1669 2859 1860 2915 callum

248 2950 387 2993 cum
425 2947 565 2995 terra
601 2942 991 3008 contremiscit,
1034 2954 1086 2999 et
1133 2961 1323 3003 omnes
1368 2949 1498 3018 justi
1551 2953 1862 3010 terribiliter

247 3032 684 3099 conturbantur;
717 3032 806 3088 ubi
835 3036 1011 3091 omnis
1032 3051 1191 3092 causa
1224 3041 1541 3107 ventilatur,
1576 3053 1631 3098 et
1661 3046 1858 3100 unicui-

247 3136 372 3193 quc
401 3126 694 3181 secundum
725 3141 888 3197 opera
926 3145 1020 3185 sua
1052 3131 1419 3203 dispensatur,
1466 3149 1560 3204 per
1586 3136 1854 3192 Christum

245 3212 546 3271 Dominum
577 3226 846 3288 nostrum,
873 3222 960 3277 cui
987 3225 1202 3292 merito,
1231 3234 1336 3280 etc.

709 3326 839 3368 ITEI
880 3331 1028 3371 MISSA
1069 3332 1426 3375 DOMINICALIS.

363 3399 576 3462 Epistola
601 3402 738 3453 Pauli
763 3406 973 3527 apostoli
999 3409 1056 3457 ad
1083 3409 1420 3532 gaiosenses,
1443 3413 1749 3466 dominicalis

959 3493 1089 3532 enen
1128 3497 1170 3532 a.

959 3493 1170 3544 egenda.

331 3551 568 3626 Fratres,
597 3560 913 3631 mortificate
941 3566 1177 3621 membra
1203 3576 1383 3624 vestra
1406 3585 1524 3640 quae
1549 3581 1671 3628 sunt
1693 3588 1856 3643 super

241 3654 480 3716 terram,
509 3649 942 3721 fornicationem,
967 3656 1363 3730 inmunditiam,
1397 3664 1694 3731 libidinem,
1717 3682 1846 3723 con-

245 3741 645 3811 cupiscentiam
669 3748 886 3815 malam,
918 3760 971 3806 et
999 3752 1297 3817 avaritiam,
1349 3771 1470 3825 quae
1507 3768 1592 3812 est
1635 3759 1855 3814 simula-

239 3849 471 3894 crorum
494 3841 773 3900 servitus:
831 3853 1049 3915 propter
1087 3862 1207 3917 quae
1248 3851 1395 3905 venit
1423 3853 1500 3907 ira
1549 3853 1642 3910 Dei
1687 3870 1850 3925 super

241 3927 398 3985 ﬁlios
423 3932 836 3990 incredulitatis.
864 3937 918 3992 In
949 3939 1144 4008 quibus
1185 3949 1240 3996 et
1266 3956 1363 3998 vos
1394 3944 1712 4001 ambulastis
1753 3947 1851 4003 ali-

240 4020 492 4090 quando,
521 4041 644 4082 cum
685 4028 947 4086 viveretis
976 4032 1029 4086 in
1070 4032 1197 4087 illis.
1225 4033 1376 4089 Nunc
1394 4043 1570 4091 autem
1594 4037 1849 4108 deponite

241 4125 354 4166 vos
375 4113 572 4181 omnia,
608 4115 762 4183 iram,
794 4120 1233 4188 indignationem,
1267 4127 1550 4196 malitiam,
1609 4129 1849 4200 blasphe-

241 4203 440 4273 miam,
467 4214 676 4277 turpem
707 4223 1009 4265 sermonem
1042 4215 1110 4266 de
1131 4228 1225 4270 ore
1251 4227 1451 4273 vestro.
1484 4220 1662 4275 Nolite
1691 4236 1845 4276 men-

243 4293 350 4351 tiri
380 4297 432 4352 in
474 4299 728 4368 invicem,
779 4303 1116 4372 expoliantes
1146 4321 1242 4360 vos
1284 4319 1519 4366 veterem
1573 4313 1842 4370 hominem

242 4405 376 4446 cum
406 4393 612 4448 actibus
642 4396 772 4463 suis,
802 4405 856 4451 et
882 4397 1167 4455 induentes
1197 4417 1420 4468 novum,
1473 4420 1594 4460 eum
1637 4408 1724 4474 qui
1760 4423 1846 4465 re-

246 4495 493 4542 novatur
535 4488 590 4542 in
614 4490 886 4558 agnitione
933 4494 1229 4550 secundum
1278 4499 1563 4568 imaginem
1602 4503 1719 4571 ejus
1752 4502 1840 4571 qui

245 4579 458 4631 creavit
483 4593 626 4644 eum,
661 4581 750 4635 ubi
777 4597 882 4637 non
921 4592 1006 4639 est
1024 4588 1238 4656 gentilis
1273 4591 1842 4658 etJudreus,circum-

247 4667 386 4721 cisio
413 4679 467 4723 et
488 4673 826 4742 praeputium,
871 4674 1132 4732 barbarus
1180 4689 1232 4735 et
1273 4681 1497 4755 Schyta,
1548 4700 1736 4742 servus

243 4759 404 4825 liber,
429 4763 522 4818 sed
543 4768 722 4820 omnia
750 4777 805 4824 et
832 4769 885 4822 in
912 4772 1161 4827 omnibus
1190 4772 1454 4831 Christus.

422 4852 593 4905 Lectio
613 4860 771 4909 sancti
797 4859 1053 4923 Evangelii
1078 4867 1347 4916 secundum
1372 4868 1673 4921 Matthaaum.

323 4932 522 4992 Diebus
551 4937 679 5006 illis,
714 4943 849 5000 dixit
880 4946 1136 5002 Dominus
1180 4948 1337 5006 Jesus
1367 4953 1646 5023 discipulis
1686 4956 1840 5012 suis:

243 5024 384 5084 Cum
413 5032 620 5087 venerit
641 5032 809 5090 Filius
833 5035 1069 5094 hominis
1099 5043 1151 5094 in
1183 5044 1464 5113 majestate
1495 5061 1613 5113 sua,
1645 5059 1699 5103 et
1722 5065 1840 5105 om-

245 5136 345 5177 nes
374 5125 547 5194 angeli
574 5139 696 5183 cum
723 5143 826 5195 eo;
881 5138 1003 5186 tunc
1036 5132 1249 5190 sedebit
1291 5151 1454 5206 super
1501 5139 1685 5195 sedem
1716 5157 1833 5195 ma-

244 5215 454 5285 jestatis
502 5234 636 5287 suae,
686 5231 744 5279 et.
790 5227 1264 5296 congregabuntur
1311 5240 1436 5288 ante
1485 5247 1605 5288 eum
1647 5250 1836 5293 omnes

243 5315 453 5374 ger-tes,
495 5318 550 5364 et
570 5314 841 5382 separabit
883 5331 977 5372 cos
1009 5318 1077 5371 ab
1099 5317 1351 5390 invicem,
1384 5324 1523 5379 sicut
1546 5326 1737 5384 Pastor
1762 5344 1840 5385 se-

241 5409 428 5468 gregat
451 5416 579 5458 oves
603 5404 672 5458 ab
692 5405 886 5464 haedis.
940 5409 1090 5465 Tunc
1115 5411 1259 5467 dicet
1288 5413 1401 5469 Rex
1433 5416 1516 5470 his
1546 5418 1684 5487 quia
1710 5419 1839 5475 dex-

243 5491 340 5543 trls
375 5491 495 5563 ejus
535 5504 693 5551 erunt
721 5514 737 5553 :
763 5498 971 5569 Venite,
1004 5503 1272 5560 benedicti
1305 5506 1477 5561 Patris
1507 5512 1633 5576 mei,
1671 5515 1841 5581 possi-

243 5580 368 5638 dete
398 5594 638 5652 paratum
664 5591 819 5649 vobis
859 5609 1082 5665 regnum
1134 5612 1163 5651 a
1215 5599 1600 5656 constitutione
1630 5580 1834 5660 mundi.

242 5667 453 5728 Esurivi
481 5677 649 5745 enim,
680 5688 736 5736 et
761 5682 985 5740 dedistis
1019 5687 1147 5742 mihi
1170 5689 1532 5753 manducare;
1585 5691 1748 5760 sitivi,
1781 5703 1836 5750 et

243 5759 466 5820 dedistis
501 5768 635 5826 mihi
676 5772 900 5844 bibere;
954 5777 1152 5850 hospes
1198 5796 1368 5848 cram,
1444 5788 1499 5836 et
1537 5782 1833 5855 collegistis

1991 657 2108 708 me;
2145 643 2197 697 in
2221 657 2439 700 carcere
2467 660 2637 714 eram,
2670 657 2725 702 et
2753 651 2978 705 venistis
3007 653 3072 707 ad
3103 669 3212 712 me.
3261 657 3410 716 Tunc
3463 679 3576 720 res-

1988 735 2299 805 pondebunt
2324 738 2522 807 eijusti
2549 739 2791 796 dicentes
2829 761 2840 796 :
2885 746 3128 814 Domine,
3178 754 3394 819 quando
3418 765 3469 810 te
3497 760 3579 813 vi-

1987 829 2163 883 dimus
2185 831 2537 899 esurientem,
2562 842 2617 889 et
2643 837 2913 904 pavimus;
2947 841 3219 900 sitientem
3259 857 3312 902 et
3334 849 3581 907 dedimus

1989 922 2085 976 tibi
2109 924 2324 991 potum?
2375 926 2590 993 quando
2625 937 2802 983 autem
2835 938 2887 985 te
2930 933 3162 990 vidimus
3191 938 3482 1010 h05pitcm,
3526 954 3586 997 et

1987 1016 2301 1086 collegimus
2326 1027 2410 1085 te;
2444 1030 2535 1074 aut
2565 1023 2766 1078 nudum
2791 1036 2844 1079 et
2867 1031 3276 1098 cooperuimus?
3297 1021 3386 1089 aut
3410 1052 3580 1104 quan-

1985 1108 2133 1163 dote
2159 1109 2392 1164 vidimus
2418 1112 2712 1181 inlirmum,
2743 1126 2835 1170 aut
2880 1119 2931 1173 in
2955 1134 3191 1191 carcere,
3241 1135 3297 1180 et
3335 1129 3579 1184 venimus

1983 1201 2050 1256 ad
2081 1204 2170 1257 te?
2194 1204 2260 1258 Et
2288 1207 2622 1274 respondens
2653 1209 2765 1264 Rex
2791 1211 3060 1269 dicetillis
3089 1231 3104 1271 :
3140 1220 3308 1276 Amen
3338 1222 3455 1277 dico
3485 1239 3583 1278 vo-

1983 1293 2086 1362 bis,
2115 1297 2370 1366 quamdiu
2399 1299 2601 1355 iecistis
2629 1304 2719 1356 uni
2746 1304 2816 1359 de
2859 1306 2942 1360 his
2970 1305 3228 1367 fratribus
3257 1315 3390 1369 meis
3418 1319 3579 1373 mini-

1982 1386 2106 1452 mis,
2136 1387 2512 1446 mihifecistis.
2559 1392 2708 1457 Tunc
2740 1394 2885 1451 dicet
2929 1407 2983 1454 et
3021 1400 3105 1456 his
3146 1405 3235 1473 qui
3279 1419 3306 1458 a
3344 1408 3579 1466 sinistris

1982 1491 2180 1537 erunt:
2210 1482 2478 1541 Discedite
2504 1501 2534 1541 a
2564 1504 2672 1557 me,
2692 1492 2983 1561 maledicti,
3002 1497 3052 1562 in
3084 1501 3259 1570 ignem
3288 1514 3572 1575 aeternum,

1980 1576 2072 1645 qui
2105 1587 2323 1646 paratus
2341 1587 2424 1634 est
2453 1581 2668 1639 diabolo
2688 1596 2742 1641 et
2763 1590 2965 1658 angelis
2993 1592 3128 1663 ejus.
3167 1596 3378 1654 Esurivi
3401 1603 3568 1668 enim,

1980 1675 2035 1721 et
2061 1683 2164 1722 non
2189 1667 2413 1725 dedistis
2436 1672 2564 1726 mihi
2590 1677 2945 1745 manducare;
2996 1685 3161 1752 sitivi,
3191 1697 3247 1744 et
3291 1705 3396 1746 non
3431 1694 3575 1748 dedi-

1979 1760 2077 1814 stis
2112 1761 2241 1815 mihi
2265 1771 2479 1832 potum;
2511 1766 2706 1843 hospes
2736 1786 2908 1838 eram,
2935 1784 2991 1830 et
3013 1792 3117 1832 non
3141 1779 3436 1852 collegistis
3453 1801 3573 1853 me;

1975 2133 2272 2203 sitientem,
2295 2148 2387 2193 aut
2423 2138 2713 2210 hospitem,
2749 2155 2842 2200 aut
2878 2151 3102 2219 nudum,
3147 2165 3239 2211 aut
3275 2158 3566 2227 inﬁrmum,

1974 2228 2055 2281 vel
2108 2227 2161 2282 in
2209 2244 2466 2297 carcere,
2516 2243 2570 2288 et
2615 2250 2722 2290 non
2764 2239 3188 2303 ministravimus
3242 2249 3373 2304 tibi?
3417 2252 3568 2307 Tunc

1963 2322 2324 2390 .respondebit
2351 2323 2458 2381 illis
2483 2325 2666 2382 dicens
2694 2346 2707 2382 :
2756 2334 2927 2388 Amen
2953 2334 3076 2390 dico
3107 2338 3280 2404 vobis,
3307 2341 3563 2409 quamdiu

1972 2427 2077 2468 non
2107 2415 2312 2472 fecistis
2335 2418 2424 2472 uni
2453 2419 2522 2475 de
2544 2422 2839 2479 minoribus
2872 2426 2974 2495 his,
3024 2445 3123 2486 nec
3166 2431 3298 2489 mihi
3329 2435 3560 2492 fecistis.

1974 2503 2041 2559 Et
2070 2505 2222 2560 ibunt
2248 2507 2297 2562 hi
2331 2510 2382 2564 in
2412 2513 2732 2581 supplicium
2762 2526 3060 2589 aeternum,
3108 2523 3238 2592 justi
3281 2535 3460 2584 autem
3506 2530 3562 2587 in

1969 2599 2132 2655 vitam
2160 2610 2438 2658 :eternam.

2593 2715 2763 2753 INCIPIT
2793 2717 2946 2756 ΙίιᾶςΔο

2411 2784 2645 2836 Collectio
2665 2793 2781 2849 post
2806 2791 3135 2855 prophetiam.

2036 2864 2234 2935 Dirige,
2285 2870 2630 2940 omnipotens
2681 2874 2826 2931 Deus
2856 2875 3192 2950 Dominator,
3223 2895 3443 2953 gressus
3470 2902 3565 2944 no-

1962 2967 2104 3012 stros
2130 2959 2184 3014 in
2229 2961 2311 3015 via
2341 2964 2508 3033 pacis,
2545 2974 2600 3020 et
2647 2981 2838 3024 sensus
2878 2982 3095 3029 nostros
3151 2979 3452 3034 conrobora
3507 2981 3564 3038 in

1965 3052 2232 3108 mandatis
2262 3056 2368 3109 tuis
2395 3073 2407 3109 :
2440 3058 2620 3113 visitet
2646 3075 2746 3115 nos
2769 3063 2961 3119 Oriens
2992 3080 3058 3121 ex
3079 3066 3210 3134 alto,
3256 3078 3310 3124 et
3351 3070 3564 3127 inlumi-

1960 3151 2051 3196 net
2074 3157 2168 3198 eos
2198 3147 2289 3214 qui
2315 3145 2368 3200 in
2388 3148 2625 3204 tenebris
2655 3159 2710 3205 et
2735 3152 2923 3209 umbra
2955 3159 3144 3214 mortis
3171 3160 3394 3228 sedent;
3426 3174 3479 3218 ut
3511 3173 3564 3220 te

1956 3232 2183 3289 adorent
2212 3245 2429 3306 propter
2471 3241 2895 3300 misericordiam
2947 3257 3114 3316 tuam,
3168 3260 3220 3307 te
3272 3266 3564 3326 sequantur

1883 3328 1930 3392 ρ
1962 3333 2182 3393 pr0pter
2209 3329 2492 3385 veritatem
2550 3344 2714 3401 tuam,
2771 3346 2930 3407 teque
2977 3339 3286 3399 desiderent
3340 3356 3563 3418 propter

1964 3412 2303 3470 dulcedinem
2335 3425 2502 3485 tuam,
2528 3424 2617 3491 qui
2651 3438 2719 3496 es
2749 3425 3059 3484 benedictus
3111 3412 3366 3491 Dominus
3413 3412 3557 3497 Deus

1965 3504 2126 3561 Israel
2154 3508 2206 3562 in
2224 3509 2430 3567 unitate
2461 3513 2692 3583 Spiritus
2719 3520 2888 3574 saneti
2914 3522 2963 3575 in
2982 3525 3177 3580 saecula
3206 3529 3551 3586 saaculorum.

2496 3606 2641 3658 Missa
2662 3609 2962 3664 dominicalis
2989 3616 3033 3662 ⁸.

2037 3678 2231 3736 Pronis
2269 3685 2539 3743 mentibus
2568 3698 2624 3744 et
2644 3689 2805 3746 totius
2841 3697 3086 3765 corporis
3115 3697 3404 3760 devotione
3432 3721 3559 3776 por-

1957 3772 2112 3840 recti,
2134 3775 2557 3845 omnipotentem
2587 3782 2868 3842 Dominum
2891 3788 3269 3862 deprecemur,
3290 3805 3348 3852 ut
3369 3812 3557 3857 omnes

1957 3863 2164 3920 incolas
2193 3882 2323 3924 suos
2351 3885 2626 3944 unumque
2653 3891 2847 3948 corpus
2870 3882 3129 3941 Ecclesiae
3161 3888 3298 3945 trina
3326 3902 3379 3946 et
3404 3895 3554 3950 unita

1957 3955 2173 4026 plebem
2202 3975 2354 4017 suam
2387 3967 2678 4023 cusmdiat.
2714 3971 3094 4033 SacerdOtibus
3125 3995 3310 4050 pacem
3341 3994 3396 4040 et
3423 4001 3546 4044 con-

1952 4048 2220 4119 cordiam,
2271 4063 2322 4108 et
2367 4057 2618 4114 universo
2647 4061 2794 4118 clero
2823 4069 3062 4138 perpetis
3091 4048 3378 4131 ministerii
3425 4093 3552 4148 gra-

1951 4141 2086 4197 tiam
2113 4144 2391 4215 largiatur,
2416 4149 2785 4211 defensionem
2815 4161 3054 4231 pupillis,
3079 4165 3332 4223 solatium
3351 4141 3551 4241 vidvuis,

1948 4236 2332 4295 continentiam
2363 4245 2659 4313 monachis,
2680 4253 2984 4310 mercedem
3007 4263 3388 4329 operantibus;
3429 4278 3557 4320 esu-

1949 4326 2216 4386 rientibus
2243 4333 2464 4404 victum,
2495 4340 2747 4396 vestitum
2767 4344 2948 4413 nudis,
2980 4326 3382 4420 aegrotantibus.
3407 4359 3553 4414 sani-

1948 4425 2132 4488 tatem,
2189 4423 2381 4481 vinctis
2431 4429 2825 4491 absolutionem
2858 4479 2873 4506 ,
2939 4445 3408 4514 peregrinantibus
3456 4465 3552 4520 pa-

1946 4513 2128 4581 triam,
2160 4515 2537 4586 navigantibus
2582 4535 2796 4593 portum
2825 4513 3359 4604 dignatusiinpertiat
3392 4558 3404 4593 :
3435 4513 3542 4597 liu-

1945 4601 2225 4661 militatem
2256 4611 2533 4679 superbis,
2567 4617 3052 4688 maleloquentibus
3073 4628 3538 4701 emendationem,

1787 4696 1842 4743 et
1867 4715 1920 4777 D
1947 4695 2332 4764 paenitentibus
2359 4702 2680 4762 delictorum
2704 4710 2887 4778 tinem,
2916 4718 3286 4781 peccatoribus
3308 4695 3542 4793 veniam,

1960 4787 2016 4842 in
2048 4787 2306 4848 haeretica
2329 4808 2514 4851 errore
2540 4798 2678 4852 viam
2703 4803 2944 4860 veritatis
2965 4808 3233 4864 ostendat.

2620 4888 2872 4943 Collectio.

2025 4959 2190 5016 Deum
2250 4963 2534 5023 ineﬂ'abilis
2599 4975 2897 5047 potentiae,
2954 4979 3210 5042 bonitatis
3262 4989 3542 5064 inmensae,

1944 5050 2134 5109 fratres
2155 5055 2443 5125 carissimi,
2471 5060 2848 5136 deprecemur,
2876 5079 2936 5125 ut
2962 5077 3294 5146 sacerdotes,
3332 5050 3540 5139 clerum

1940 5161 2003 5202 ac
2031 5149 2281 5218 populum
2303 5167 2459 5210 suum
2490 5156 2690 5227 visitet,
2718 5171 2772 5218 et
2793 5169 3341 5229 tueatur:inluminet
3370 5183 3539 5234 totam

1946 5239 2156 5309 plebem
2188 5256 2364 5313 suam,
2395 5256 2449 5303 et
2478 5247 2571 5305 illa
2594 5267 2699 5323 qua
2728 5256 2956 5315 redemit
2985 5262 3209 5332 pietate,
3253 5280 3348 5322 sua
3373 5268 3540 5326 mise-

1948 5334 2153 5390 ratione
2173 5347 2474 5396 conservet.

2559 5435 2677 5490 Post
2714 5444 2926 5494 nomina.
3619 5516 3623 5524 _

2023 5509 2269 5583 ReSpice,
2301 5516 2441 5574 Deus
2457 5521 2819 5592 omnipotens,
2842 5528 2906 5582 ad
2931 5542 3144 5598 precem
3168 5532 3384 5591 familiae
3402 5544 3530 5608 tuae,
3619 5516 3624 5566 ί

1949 5618 2068 5674 qua:
2091 5609 2512 5670 miscricordiam
2544 5625 2687 5673 tuam
2711 5621 3036 5679 sinceritatis
3063 5625 3242 5684 ofﬁcio
3270 5641 3326 5687 et
3355 5635 3533 5690 studio

1946 5695 2182 5753 caritatis
2209 5699 2453 5759 obtinere
2481 5703 2810 5775 desiderant,
2863 5720 3023 5782 atque
3051 5721 3290 5776 muneris
3339 5725 3414 5779 tui
3439 5725 3537 5780 do-

1945 5804 2071 5846 num
2097 5802 2148 5849 te
2175 5793 2459 5863 adjuvante
2490 5799 2802 5869 percipiant.

315 5874 982 5999 ἰηιέθῐξὲἓὲὲιῖοηῇἰοξίξξξο
1032 5891 1375 5948 dominicalis.
1434 5891 1511 5950 ita
1547 5894 1694 5952 enim
1732 5897 2024 5957 vocabatur
2065 5901 2154 5959 illa
2211 5906 2516 5969 adhortatio
2561 5923 2684 5984 post
2731 5920 3068 5992 pr0phetiam
3095 5968 3110 5993 ,
3160 5938 3218 5983 ut
3274 5944 3433 5999 supra
3475 5931 3537 5988 in

235 5943 416 6011 prima
443 5943 609 6006 missa
637 5943 964 6014 dominica“.

523 6043 799 6108 Ρηιιοι.
845 6051 1106 6115 LXXII.

3059 6093 3134 6156 18
