4060 6346
480 496 590 565 B55

1152 604 1226 655 Ad
1249 615 1438 667 pacem.

575 702 768 759 Pacem
798 706 942 755 tuam
968 694 1170 753 nostris
1199 690 1552 763 temporibus,
1600 685 1739 742 bone
1766 680 1916 750 .lesu,
1947 679 2085 736 inla-

492 798 645 860 bere,
681 796 734 849 in
757 806 858 863 qua
880 798 964 847 est
992 787 1268 859 plenitudo
1296 780 1603 838 dilectionis
1633 789 1762 846 tuae,
1808 787 1862 833 et
1893 780 2085 846 priesta

494 898 553 943 ut
585 901 765 957 pacem
803 896 962 954 quam
1010 886 1151 935 nunc
1180 893 1274 934 ore
1306 874 1627 947 proferimus
1666 884 1878 940 semper
1914 864 2079 937 spiri-

496 979 592 1036 tali
618 992 781 1035 sensu
812 988 1133 1033 conservare
1162 984 1488 1026 mereamur.

1134 1062 1456 1115 Contestatio.

575 1154 714 1209 Vere
742 1153 961 1222 dignum
996 1160 1047 1205 et
1071 1149 1272 1219 justum
1300 1156 1402 1213 est,
1432 1144 1774 1213 omnipotens
1808 1140 1968 1204 Deus,
1998 1132 2089 1206 qui

504 1259 733 1323 peccato
783 1247 941 1319 primi
992 1245 1226 1313 parentis
1285 1240 1555 1295 hominem
1607 1251 1636 1291 a
1691 1234 1877 1289 salutis
1901 1228 2093 1285 finibus

503 1343 834 1406 exulantem,
883 1338 1095 1410 pietatis
1128 1334 1457 1403 indulgentia
1486 1331 1552 1385 ad
1584 1327 1795 1384 veniam
1818 1326 2089 1388 vitamque

505 1437 788 1501 revocasti,
822 1430 1082 1489 mittendo
1112 1429 1267 1485 nobis
1306 1424 1650 1496 Unigenitum
1678 1430 1825 1475 tuum
1854 1415 2099 1472 Salvato-

506 1543 621 1585 rem
645 1534 914 1590 nostrum,
957 1537 1051 1591 per
1079 1534 1235 1591 quem
1286 1519 1571 1588 languores
1615 1520 1827 1569 nostros
1857 1518 2094 1569 curares,

508 1631 727 1692 peccata
755 1617 1076 1681 dimitteres,
1138 1613 1429 1682 potentiam
1465 1609 1633 1664 hostis
1664 1603 1869 1673 antiqui
1911 1608 2101 1654 conte-

510 1729 682 1778 reres,
722 1713 1053 1768 infernarum
1082 1723 1251 1764 nexus
1281 1706 1602 1769 resolveres,
1647 1697 1877 1771 paradisi
1915 1700 2100 1764 portas

512 1808 772 1877 aperires,
804 1804 965 1859 fidem
997 1804 1309 1865 innovares,
1364 1798 1527 1852 vitam
1570 1790 1798 1849 mortuis
1818 1786 2102 1851 redderes,

514 1901 611 1956 Dei
635 1902 775 1956 filios
804 1900 1035 1962 faceres,
1093 1907 1148 1952 et
1192 1894 1259 1949 ad
1302 1892 1533 1947 ctelestia
1574 1902 1734 1959 regna
1781 1883 2107 1955 perduceres

517 1992 778 2049 Dominus
808 1999 991 2047 noster
1023 1990 1181 2047 Jesus
1208 1987 1473 2042 Christus.
1507 1981 1606 2037 Cui
1636 1978 1850 2035 merito.

1098 2080 1204 2129 Alia
1234 2077 1549 2129 Contestatio.

600 2170 731 2225 Vere
755 2170 971 2239 dignum
1002 2176 1057 2223 et
1082 2166 1283 2235 justum
1315 2174 1415 2227 est,
1466 2160 1808 2230 omnipotens
1841 2156 1987 2211 Deus
2014 2167 2113 2223 per

517 2262 789 2319 Christum
839 2259 1119 2314 Dominum
1167 2264 1432 2311 nostrum.
1509 2252 1608 2319 Qui
1651 2251 1843 2305 videns
1890 2244 2112 2301 humani

517 2353 728 2426 generis
756 2352 1006 2408 fabricam
1036 2393 1048 2409 ,
1112 2348 1281 2404 hostis
1304 2347 1510 2416 antiqui
1541 2342 1905 2411 extinguenlis
1950 2339 2108 2393 falla-

519 2448 682 2511 ciam,
713 2446 766 2500 in
796 2454 935 2500 terra
961 2438 1244 2499 descendit
1273 2438 1530 2493 Dominus
1563 2443 1745 2491 noster
1771 2435 1929 2490 Jesus
1954 2430 2113 2486 Chri-

520 2549 662 2605 stus,
710 2549 865 2594 utero
906 2544 1199 2606 conceptus
1227 2542 1313 2590 est
1334 2532 1619 2601 virginali,
1674 2530 1815 2583 Deus
1862 2535 1917 2582 et
1954 2525 2117 2580 homo

521 2631 805 2701 processit.
833 2630 1002 2683 Homo
1032 2626 1239 2681 videtur
1264 2625 1316 2677 in
1344 2638 1593 2687 οοτιιιιτε,
1625 2621 1764 2676 Deus
1793 2628 1975 2673 autem
1998 2630 2115 2670 ma-

523 2721 805 2777 nifestatus
834 2730 917 2775 est
966 2721 1018 2773 in
1047 2719 1264 2772 virtute.
1294 2716 1468 2769 Homo
1504 2714 1605 2767 fuit
1632 2712 1845 2781 quando
1870 2724 1994 2765 cum
2021 2708 2117 2763 Ju-

526 2815 657 2871 daais
674 2813 997 2876 ambulavit;
1047 2810 1185 2864 Deus
1217 2815 1394 2862 autem
1423 2803 1800 2860 manifestatus
1829 2811 1913 2857 est
1941 2814 2109 2870 quan-

528 2910 599 2964 do
622 2905 971 2978 paralyticum
1003 2902 1219 2972 triginta
1245 2908 1368 2955 octo
1396 2912 1660 2955 annorum
1693 2897 1811 2951 solo
1832 2894 1998 2949 verbo
2022 2907 2118 2947 cu-

531 3004 688 3060 ravit.
740 3000 913 3056 Homo
959 2996 1059 3053 fuit
1097 2996 1163 3053 ad
1192 2993 1543 3065 frequentiam
1603 2991 1942 3062 nuptiarum;
1977 2987 2119 3043 Deus

538 3106 714 3154 autem
759 3093 1132 3151 manifestatus
1184 3099 1265 3145 est
1315 3088 1526 3159 quando
1552 3101 1717 3156 aquas
1764 3083 2027 3141 convertit
2064 3081 2119 3136 in

539 3191 745 3245 vinum.
801 3186 973 3242 Homo
1017 3184 1117 3239 fuit
1159 3182 1373 3253 quando
1417 3180 1482 3235 ad
1524 3179 1782 3249 piscinam
1823 3174 1971 3232 Siloe
1999 3186 2121 3228 cum

536 3281 810 3353 discipulis
832 3280 1005 3345 venit;
1030 3278 1171 3334 Deus
1199 3284 1374 3332 autem
1408 3274 1777 3330 manifestatus
1799 3279 1882 3328 est
1908 3266 2123 3340 quando

1271 479 1614 543 APPENDIX
1654 478 1747 536 AD
1784 475 2015 536 OPERA
2051 473 2116 533 S.
2156 466 2466 531 GERMANI
2505 459 2950 525 PARISIENSIS.

2118 584 2251 651 Aet
2279 585 2513 657 spatiosa
2552 583 2635 638 via
2667 594 2787 651 quae
2816 574 2965 633 ducit
3016 571 3081 629 ad
3128 567 3507 642 perditionem,
3535 572 3592 624 et
3638 564 3789 621 multi

2135 1992 2187 2060 B

3682 447 3793 505 536

2188 680 2423 752 suntqui
2450 677 2651 734 intrant
2674 691 2769 745 per
2798 689 2936 727 eam.
2964 670 3133 738 Quam
3161 676 3388 737 angusta
3411 671 3567 734 porta
3594 668 3648 716 et
3677 672 3790 713 arta

2187 780 2273 835 via
2304 791 2424 847 quae
2457 773 2605 830 ducit
2636 768 2703 825 ad
2729 769 2917 829 vitam,
2965 774 3018 818 et
3044 760 3195 833 pauci
3224 766 3351 815 sunt
3373 759 3461 829 qui
3510 755 3794 811 inveniunt

2192 888 2335 929 eam.
2366 866 2653 924 Adtendite
2682 877 2710 917 a
2738 860 2888 917 falsis
2922 855 3223 928 prophetis,
3251 854 3341 923 qui
3369 850 3595 905 veniunt
3618 847 3686 901 ad
3707 860 3799 900 vos

2190 966 2247 1023 in
2276 961 2610 1020 vestimentis
2641 956 2845 1021 ovium,
2897 951 3220 1007 intrinsecus
3265 954 3443 1001 autem
3475 937 3652 1016 [sunt]
3682 939 3790 1006 lupi

2194 1072 2444 1129 rapaces.
2478 1058 2520 1110 Α
2551 1051 2809 1109 fructibus
2859 1062 3043 1102 eorum
3072 1039 3408 1112 cognoscetis
3462 1051 3580 1091 eos.
3627 1032 3798 1089 Num-

2194 1124 2320 1226 quid
2349 1150 2604 1221 colligunt
2629 1147 2695 1200 de
2734 1140 2900 1212 spinis
2932 1154 3086 1199 uvas,
3130 1144 3221 1189 aut
3270 1132 3338 1187 de
3371 1128 3584 1185 tribulis
3613 1127 3746 1180 ficus
3772 1124 3798 1177 ἲ

2196 1247 2287 1305 Sic
2316 1243 2490 1299 omnis
2533 1239 2691 1295 arbor
2715 1238 2854 1292 bona
2888 1234 3091 1287 fructus
3123 1230 3292 1283 honos
3333 1225 3491 1289 facit;
3526 1219 3671 1274 mala
3698 1233 3798 1271 au-

2198 1352 2306 1396 tem
2333 1339 2492 1393 arbor
2520 1333 2727 1389 fructus
2748 1329 2917 1384 malos
2943 1325 3098 1380 facit.
3133 1320 3245 1375 Non
3280 1322 3455 1387 potest
3484 1314 3648 1365 arbor
3668 1310 3810 1364 bona

2200 1434 2406 1489 fructus
2460 1427 2631 1485 malos
2688 1424 2908 1485 facere,
2977 1428 3146 1486 neque
3191 1410 3351 1465 arbor
3399 1406 3539 1460 mala
3598 1402 3811 1455 fructus

2201 1528 2379 1584 bonos
2412 1522 2609 1578 facere.
2642 1513 2828 1573 Omnis
2877 1508 3038 1565 arbor
3070 1518 3189 1576 quae
3245 1515 3349 1555 non
3399 1496 3524 1550 facit
3569 1492 3808 1547 fructum

2205 1623 2433 1683 bonum,
2460 1611 2760 1674 excidetur,
2791 1615 2843 1662 et
2870 1607 2923 1660 in
2957 1602 3131 1672 ignem
3165 1596 3428 1651 mittetur.
3461 1588 3577 1643 Non
3617 1598 3814 1639 omnes

2205 1713 2294 1784 qui
2343 1709 2527 1765 dicent
2555 1704 2709 1765 mihi,
2748 1699 2994 1765 Domine,
3034 1693 3273 1754 Domine,
3311 1682 3588 1741 intrabunt
3634 1679 3693 1733 iu
3729 1694 3817 1729 re-

2215 1768 2376 1878 gnum
2394 1803 2681 1861 caelorum;
2706 1794 2798 1850 sed
2830 1792 2918 1862 qui
2940 1788 3139 1843 faciunt
3168 1781 3489 1837 voluntatem
3506 1772 3690 1828 Patris
3709 1768 3820 1823 mei

2210 1900 2299 1970 qui
2358 1899 2410 1950 in
2440 1891 2589 1949 cazlis
2610 1899 2727 1956 est,
2768 1885 2865 1957 ipsi
2896 1880 3173 1937 intrabunt
3199 1876 3251 1928 in
3281 1884 3504 1943 regnum
3536 1867 3818 1922 cazlorum.

2796 1998 2978 2061 Incipit
2997 1991 3253 2057 Apologia.

2288 2095 2427 2151 Ante
2452 2090 2640 2147 oculos
2669 2094 2814 2151 tuos,
2840 2080 3097 2141 Domine,
3120 2070 3304 2142 culpas
3333 2081 3466 2139 quas
3496 2061 3753 2122 fecimus,
3771 2066 3819 2113 et

2217 2191 2400 2264 plagas
2444 2198 2577 2258 quas
2624 2148 2935 2247 excepimus
2983 2165 3329 2225 conferimus.
3358 2160 3532 2215 Minus
3568 2148 3822 2222 estquod

2218 2252 2478 2357 patimur,
2500 2276 2670 2347 majus
2710 2280 2793 2329 est
2830 2266 2969 2340 quod
3009 2275 3300 2318 meremur.
3348 2252 3556 2311 Peccati
3604 2260 3823 2319 poenam

3136 2352 3147 2357 -
3475 2343 3506 2357 -.
3652 2356 3665 2357 γ
3768 2335 3817 2357 ι,

2219 2335 2500 2437 sentimus,
2543 2378 2597 2424 et
2646 2360 2850 2435 peccati
2890 2352 3241 2429 pertinaciam
3287 2363 3394 2404 non
3439 2343 3694 2399 vitamus.
3767 2335 3821 2391 in

2221 2468 2449 2536 flagellis
2490 2433 2595 2518 tuis
2624 2433 2658 2530 ,_
2691 2454 2936 2521 Domine,
2969 2446 3235 2519 fragilitas
3257 2450 3438 2497 nostra
3470 2433 3739 2495 vincitur,
3772 2436 3823 2483 et

2223 2564 2473 2635 iniquitas
2513 2573 2616 2612 non
2674 2560 2927 2608 mutatur.
2976 2545 3127 2600 Mens
3168 2546 3369 2610 aegrota
3424 2538 3730 2600 torquetur,
3772 2532 3823 2579 et

2224 2622 2407 2715 cervis
2440 2654 2569 2707 dura
2610 2663 2715 2704 non
2747 2641 2994 2699 flectitur.
3028 2636 3145 2691 Vita
3169 2633 3222 2687 in
3252 2629 3439 2685 dolore
3462 2622 3701 2693 suspirat
3722 2665 3735 2688 ,
3768 2628 3821 2672 et

2224 2752 2277 2807 in
2319 2759 2482 2816 opere
2528 2756 2633 2795 non
2664 2734 2961 2816 inmendat.
2993 2729 3051 2783 Si
3099 2734 3375 2795 expectas,
3422 2712 3672 2776 Domine,
3713 2726 3821 2765 non

2226 2839 2581 2912 corrigimus;
2605 2833 2649 2887 si
2681 2800 2944 2888 vindicas,
2977 2838 3083 2878 non
3110 2822 3383 2874 duramus.
3407 2808 3745 2865 Confitentur
3768 2802 3822 2857 in

2226 2928 2592 2989 confractione
2614 2921 2755 2995 quod
2792 2920 3047 2975 lzesimus.
3095 2911 3154 2967 Si
3187 2902 3526 2978 Oppresseris
3557 2912 3815 2963 manum,

2227 3025 2473 3084 facienda
2504 3019 2908 3093 promittimus;
2956 3011 3000 3068 si
3031 3002 3375 3078 suspenderis
3401 2996 3634 3070 gladium
3656 3035 3669 3059 ,
3705 3004 3821 3059 pro-

2228 3124 2396 3179 missa
2441 3133 2546 3175 non
2592 3114 2840 3169 facimus.
2875 3109 2929 3163 Si
2961 3104 3145 3164 ferias,
3189 3100 3482 3154 clamamus
3516 3101 3568 3144 ut
3604 3100 3821 3157 parcas;

2232 3217 2276 3272 si
2308 3216 2502 3270 iterum
2532 3204 2859 3278 peperceris,
2891 3209 2943 3253 te
2973 3206 3322 3267 provocamus
3347 3198 3403 3241 ut
3428 3186 3605 3239 ferias.
3640 3178 3697 3235 Si
3728 3194 3821 3228 an-

2233 3308 2405 3377 gustia
2429 3302 2874 3367 venerit,tempus
2892 3292 3120 3362 petimus
3137 3281 3421 3356 paenitendi
3440 3297 3453 3345 ;
3474 3277 3517 3332 si
3533 3273 3823 3331 misericor-

537 3390 739 3431 cecum
775 3391 802 3428 a
834 3379 1107 3428 namnam
1154 3369 1515 3465 mlummam'
1562 3368 1745 3465 ."0.mo
1773 3364 1877 3465 [an
1909 3360 2127 3465 quapdo
2156 3396 2205 3463 C
2233 3360 2320 3459 dia
2347 3397 2589 3465 venerit,
2622 3360 3219 3459 abutimuripmnitentia
3250 3380 3318 3434 ab
3342 3373 3731 3431 misericordia.
3755 3369 3824 3422 Te

537 3472 730 3528 mulier
760 3466 1027 3538 peccatrix
1072 3464 1322 3536 lacrymis
1356 3462 1516 3531 pedes
1562 3459 1725 3521 lavit;
1773 3457 1916 3511 Deus
1947 3462 2123 3508 autem

539 3562 911 3619 tnanifestatus
956 3566 1041 3615 est
1076 3555 1290 3628 quando
1319 3569 1437 3608 eam
1470 3568 1497 3605 a
1549 3548 1812 3623 proﬂuvio
1852 3544 2128 3614 sanguinis

540 3655 811 3711 liberavit.
849 3654 1016 3707 Homo
1048 3649 1145 3706 fuit
1176 3646 1388 3720 quando
1415 3646 1468 3699 in
1498 3657 1637 3697 nave
1666 3637 1949 3701 dormivit;
1983 3636 2124 3691 Deus

542 3756 719 3802 autem
750 3744 1119 3800 manifestatus
1145 3750 1227 3797 est
1258 3736 1472 3810 quando
1514 3733 1766 3789 ventibus
1799 3730 1851 3785 in
1885 3741 2035 3783 mare
2074 3735 2133 3780 ut

541 3842 883 3912 quiescerent
928 3833 1230 3905 imperavit.
1287 3829 1460 3885 Homo
1509 3827 1605 3882 fuit
1633 3823 1846 3895 quando
1888 3819 2046 3875 Maria
2080 3826 2135 3874 et

548 3911 757 3990 Martha
789 3938 885 4000 pro
912 3929 1075 3983 fratre
1110 3941 1233 3981 eum
1262 3922 1558 3994 rogabant;
1590 3918 1733 3973 Deus
1758 3926 1934 3971 autem
1961 3911 2133 3968 mani-

546 4030 771 4083 festatus
803 4032 885 4080 est
913 4021 1126 4093 quando
1156 4020 1411 4074 Lazarum
1456 4011 1870 4083 quatriduanum
1922 4004 1989 4061 de
2024 4018 2141 4059 mo-

548 4126 808 4176 humento
852 4112 1210 4171 resuscitavit.
1261 4108 1433 4165 Homo
1462 4105 1562 4161 fuit
1612 4101 1826 4173 quando
1872 4101 1928 4154 in
1979 4096 2141 4171 cruce

549 4210 832 4282 pependit;
866 4209 1011 4263 Deus
1039 4216 1216 4262 autem
1246 4198 1618 4258 manifestatus
1670 4201 1754 4253 est
1784 4192 1999 4266 quando
2030 4198 2140 4246 ter-

552 4303 627 4359 tia
676 4300 763 4358 die
806 4297 1099 4356 resurrexit
1146 4310 1174 4350 a
1228 4292 1489 4361 mortuis,
1554 4289 1695 4345 sedit
1748 4286 1813 4343 ad
1864 4284 2141 4343 dexteram

552 4396 758 4464 Patris,
807 4391 1118 4463 interpellat
1164 4404 1260 4459 pro
1312 4383 1549 4458 peccatis
1592 4381 1812 4438 nostris.
1858 4378 1990 4446 Quis
2036 4391 2145 4431 non

555 4486 745 4545 timeat
775 4486 935 4543 talem
986 4482 1269 4540 Dominum
1315 4479 1517 4550 Regem
1571 4484 1853 4543 aeternum,
1900 4480 1991 4528 aut
2021 4471 2145 4543 quis

558 4582 666 4641 non
696 4591 998 4655 prostratus
1024 4578 1243 4635 adoret?
1275 4576 1357 4631 cui
1397 4572 1609 4629 merito.

1087 4689 1235 4729 MISSA
1275 4681 1628 4725 DDMINICALIS.

559 4769 773 4837 Epistola
794 4767 939 4819 Pauli
967 4764 1170 4829 apostoli
1211 4764 1273 4813 ad
1295 4760 1555 4823 Romanus,
1581 4754 1879 4807 dominicalis
1907 4748 2147 4815 legenda.

632 4857 868 4920 Fratres,
901 4854 1001 4907 hoc
1038 4861 1122 4906 est
1153 4847 1374 4903 verbum
1417 4845 1535 4899 fidei
1577 4841 1716 4912 quod
1750 4836 2145 4909 praedicamus:

562 4952 687 5023 quia
716 4949 760 5004 si
792 4943 1094 5001 confitearis
1136 4941 1185 4997 in
1215 4955 1310 4996 ore
1340 4949 1429 4993 tuo
1458 4936 1741 4991 Dominum
1772 4933 1981 4998 Jesum,
2008 4938 2064 4984 et
2092 4928 2148 4983 in

564 5042 727 5099 corde
775 5046 862 5093 tuo
890 5034 1205 5102 credideris,
1259 5031 1399 5101 quod
1448 5028 1590 5084 Deus
1621 5028 1769 5081 illum
1816 5022 2149 5079 suscitavita

565 5133 813 5199 mortuis,
846 5131 1023 5184 salvus
1072 5127 1197 5181 eris.
1228 5124 1401 5179 Corde
1445 5124 1587 5176 enim
1615 5119 1859 5175 creditur
1899 5115 1964 5169 ad
1993 5111 2151 5181 justi-

566 5229 715 5293 tiam,
763 5240 889 5280 aure
940 5232 1117 5277 autem
1175 5218 1441 5275 confessio
1493 5216 1552 5272 fit
1601 5213 1668 5270 ad
1724 5211 1973 5267 salutem.
2014 5204 2154 5260 Dicit

568 5325 711 5378 enim
744 5319 1019 5388 Scriptura
1055 5331 1069 5369 :
1100 5313 1286 5369 Omnis
1316 5311 1406 5380 qui
1439 5305 1728 5365 crediderit
1755 5305 1807 5358 in
1839 5300 2014 5364 illum,
2048 5311 2154 5351 non

570 5412 946 5467 confundetur.
976 5407 1091 5462 Non
1117 5406 1258 5460 enim
1286 5412 1370 5459 est
1394 5400 1664 5456 distinctio
1688 5392 1859 5451 Judaei
1880 5400 1936 5446 et
1958 5389 2151 5444 Graeci.

570 5505 702 5560 Nam
746 5504 884 5558 idem
914 5500 1176 5557 Dominus
1207 5498 1467 5562 omnium,
1500 5491 1651 5546 dives
1682 5488 1735 5542 in
1784 5483 2034 5539 omnibus
2060 5479 2155 5550 qui

572 5598 823 5653 invocant
870 5611 1015 5652 eum.
1050 5593 1239 5649 Omnis
1268 5580 1410 5647 enim
1442 5587 1531 5657 qui
1581 5579 1911 5640 invocaverit
1961 5590 2159 5633 nomen

574 5688 806 5751 Domini,
837 5690 1015 5742 salvus
1036 5686 1160 5742 erit.

748 5777 923 5829 Lectio
947 5779 1103 5828 sancti
1128 5771 1385 5836 Evangelii
1407 5770 1677 5821 secundum
1698 5765 2000 5817 Matthaeum.

648 5864 834 5919 Omnia
881 5878 1011 5935 ergo
1060 5872 1405 5931 quaecumque
1458 5854 1613 5909 vultis
1670 5861 1726 5907 ut
1774 5849 1973 5904 faciant
2009 5844 2163 5900 vobis

578 5958 844 6024 homines,
870 5965 925 6012 et
952 5969 1047 6011 vos
1072 5953 1235 6007 facite
1268 5952 1367 6006 eis.
1400 5948 1523 6003 Haec
1552 5956 1636 6003 est
1665 5947 1807 6003 enim
1838 5943 1920 5998 lex
1953 5954 2005 5997 et
2038 5955 2163 6008 pro-

583 6052 781 6113 phetas.
814 6050 1012 6103 Intrate
1038 6058 1136 6113 per
1159 6049 1436 6112 angustam
1472 6046 1696 6107 portam,
1727 6034 1852 6105 quia
1878 6033 1984 6089 lata
2011 6038 2164 6100 porta

2234 3493 2485 3549 volumus
2502 3491 2789 3542 observare
2801 3481 2940 3553 quod
2951 3477 3178 3550 jnsseris
3202 3482 3284 3539 ;te
3302 3472 3549 3526 nolumus
3571 3462 3827 3520 obaudire

2235 3584 2375 3655 quod
2405 3580 2618 3637 feceris.
2641 3577 2837 3641 Habes,
2859 3571 3102 3632 Domine,
3135 3563 3452 3621 confitentes
3470 3572 3617 3614 reos.
3644 3555 3807 3609 Parce

2238 3644 2360 3745 quia
2392 3672 2512 3743 pius
2561 3685 2643 3737 es,
2674 3668 2795 3737 quia
2838 3662 2933 3718 tibi
2964 3658 3129 3715 multa
3161 3652 3439 3711 miseratio
3478 3644 3833 3719 perahundat.

2242 3735 2443 3826 Drzsia
2465 3805 2481 3831 ,
2514 3735 2760 3824 Domine,
2802 3757 2919 3812 sine
2947 3752 3141 3809 merito
3161 3746 3302 3819 quod
3334 3758 3607 3814 rogamus,
3639 3739 3731 3809 qui
3762 3735 3834 3791 fe-

2240 3863 2359 3922 cisti
2407 3830 2473 3915 es
2522 3857 2693 3913 nihilo
2738 3851 2828 3922 qui
2872 3852 3164 3918 rogarent:
3192 3842 3314 3911 quia
3359 3833 3558 3913 [iustis]
3614 3830 3837 3902 premis

2244 3959 2467 4022 tribues,
2496 3961 2555 4010 et
2583 3945 2955 4023 peccatoribus
2982 3938 3192 3997 veniam
3242 3951 3350 3993 non
3398 3929 3632 4004 negasti.
3664 3929 3837 3996 Rogo.

2242 4051 2430 4109 inclite
2457 4048 2639 4104 Pater.
2664 4083 2680 4099 .
2713 4085 2727 4098 .
2762 4081 2777 4097 .
2803 4081 2818 4097 .
2854 4077 2867 4096 .

2876 4166 3055 4207 ιπσιιιιτ
3083 4158 3239 4201 11138)-

2912 4232 3180 4304 Praefatio.

2321 4343 2493 4399 Deum
2541 4352 2603 4393 ac
2632 4332 2917 4392 Dominum
2970 4334 3253 4388 nostrum,
3300 4316 3494 4373 fratres
3531 4310 3836 4371 carissimi,

2250 4436 2623 4505 deprecemur,
2650 4436 2709 4483 ut
2726 4420 2995 4481 custodiat
3040 4420 3097 4473 in
3145 4413 3303 4471 nobis
3333 4423 3469 4479 onus
3498 4402 3836 4473 redemptio-

2251 4527 2335 4585 nis
2378 4539 2522 4591 sute;
2580 4530 2635 4578 et
2685 4520 2774 4588 qui
2820 4516 2983 4572 vitam
3032 4498 3272 4567 nostram
3315 4516 3497 4559 emere
3545 4513 3643 4554 sua
3672 4505 3840 4551 morte

2254 4621 2497 4690 dignatus
2526 4614 2693 4672 estad
2715 4619 2971 4668 eternam
3024 4603 3180 4661 nobis
3224 4596 3608 4656 beatitudinem
3648 4604 3838 4646 conse-

2253 4684 2546 4787 quendam,
2579 4711 2741 4766 donet
2771 4718 2957 4776 pacem
3000 4695 3336 4767 temporibus
3375 4689 3596 4753 nostris,
3626 4684 3839 4740 castita-

2257 4785 2363 4867 tem
2394 4806 2570 4862 cordis
2592 4814 2645 4859 et
2673 4796 2934 4869 corporis,
2983 4794 3265 4850 decessum
3294 4785 3542 4841 vitiorum
3560 4819 3577 4845 ,
3623 4787 3840 4831 success

2257 4904 2462 4958 sionem
2500 4897 2756 4954 virtutum
2778 4934 2793 4961 ,
2822 4886 3147 4946 desiderium
3168 4881 3485 4937 futurorum.
3512 4872 3632 4927 Per.

2924 4998 3177 5053 Collectio.

2334 5099 2558 5156 Domine
2590 5096 2732 5150 Deus
2778 5096 2982 5149 noster,
3040 5079 3255 5147 suscipe
3300 5083 3487 5143 preces
3516 5063 3839 5136 supplicum,

2263 5184 2317 5249 et
2364 5191 2675 5246 fatnolorum
2726 5190 2936 5236 tuorum
2994 5172 3265 5229 orationes
3323 5161 3585 5232 benignus
3630 5153 3837 5211 exaudi.

2263 5244 2528 5340 Debemus
2570 5277 2779 5333 deferre
2820 5270 2886 5325 ad
2928 5266 3195 5339 publicum
3249 5257 3503 5316 crimina,
3535 5251 3581 5305 si
3618 5248 3687 5340 ad
3711 5244 3843 5340 judi-

2262 5377 2405 5433 cium
2455 5372 2703 5427 nolumus
2732 5360 3012 5419 sus'tenere
3038 5358 3322 5412 tormenta.
3354 5346 3624 5400 Debemus
3676 5334 3846 5391 humi-

2259 5469 2381 5526 liari
2434 5477 2614 5522 coram
2658 5454 2981 5521 hominibus,
3038 5449 3081 5503 si
3137 5448 3379 5500 volumus
3420 5448 3600 5491 coram
3647 5430 3847 5498 angc'is

2262 5560 2496 5636 gloriari.
2530 5556 2795 5611 Debemus
2842 5551 3021 5617 lugere
3056 5542 3111 5596 in
3132 5536 3335 5595 saeculo
3364 5574 3378 5598 ,
3406 5532 3450 5585 si
3482 5528 3730 5583 volumus
3770 5525 3846 5611 rc-

2266 5612 2428 5729 ἔπιθι-θ
2477 5662 2601 5705 cum
2653 5643 2890 5699 Christo.
2939 5635 3204 5692 Debemus
3253 5628 3512 5683 honorem
3559 5612 3847 5688 expernei‘é

2264 5710 2637 5814 :eniporaletn,
2669 5737 2714 5790 si
2753 5734 3003 5789 obtenere
3026 5714 3273 5781 volumus
3296 5716 3521 5790 gloriam
3570 5710 3847 5778 sempiter-

2268 5800 2413 5893 natri.
2455 5835 2762 5890 Timeamus
2793 5827 2959 5881 Deum
3003 5810 3267 5875 occultum
3312 5810 3366 5866 in
3417 5800 3750 5863 censcientia
3779 5804 3847 5849 te;

2269 5941 2403 5987 stem
2428 5970 2441 5993 ,
2482 5936 2532 5981 et
2569 5923 2835 5995 publicum
2887 5918 2938 5971 in
2964 5908 3368 5968 examinatione
3399 5908 3706 5957 censorem.
3740 5889 3846 5943 Non

2269 5976 2744 6091 il'l‘euquzierirtvpro
2797 6005 3091 6081 ignorantia
3135 5986 3563 6055 confessionem,
3618 5981 3713 6040 sed
3755 5976 3848 6049 βίνῢ
