4060 6346
214 442 319 501 557

768 445 1400 507 SACRAMENTARIUM
1441 432 1896 505 GALLlCANUM.
1938 474 2008 484 —
2045 438 2424 506 LECTIONES
2461 445 2940 509 DOMINICALES.

3393 418 3500 510 sse

208 557 573 616 misericordia
631 559 1016 617 confessorem.
1070 560 1284 620 Fratres
1339 564 1644 633 carissimi,
1698 561 2001 626 Do-Atibi
2062 563 2229 620 ﬁlium
2279 572 2545 636 genuisse,
2602 582 2764 637 quem
2820 568 2898 621 sic
2940 565 3226 623 festinabat
3279 566 3500 636 oﬁ‘erre,

206 652 408 705 minhtn
434 650 801 720 deprecemur,
831 661 888 706 ut
926 655 1003 709 sic
1053 655 1293 710 absolvat
1336 658 1504 726 pietas
1550 658 1801 727 humiles,

207 751 267 798 ut
295 752 397 797 non
423 743 605 812 puniat
634 744 895 802 severitas
920 756 1289 804 contumaces.
1322 748 1443 805 Per.

828 838 946 889 Post
970 841 1181 890 nomina.

279 918 576 975 Oll’erentes
601 920 734 989 Deo,
757 921 951 979 fratres
963 924 1249 993 carissimi,
1272 924 1533 996 spiritalia
1556 943 1800 997 munera,

213 1009 447 1066 divinam
494 1013 833 1068 clementiam
862 1016 1235 1085 deprecemur,
1266 1026 1326 1073 ut
1346 1020 1442 1075 has
1482 1021 1801 1091 oblationes,

205 1115 342 1170 quas
364 1103 418 1157 in
436 1106 947 1162 commemoratione
972 1119 1277 1165 sanctorum
1308 1122 1357 1166 et
1388 1126 1484 1182 pro
1505 1116 1676 1169 salute
1687 1128 1804 1169 om-

203 1193 351 1247 nium
384 1195 725 1251 credentium
756 1197 1051 1267 offerimus,
1081 1203 1238 1270 plena
1255 1204 1467 1273 pietatis
1495 1205 1803 1277 snaadigna-

201 1284 348 1343 tione
374 1288 665 1359 suscipiat,
700 1300 941 1346 nostrum
972 1295 1206 1349 omnium
1235 1310 1422 1367 preces
1453 1298 1737 1369 exaudiat,

866 1382 942 1431 Ad
965 1396 1150 1445 pacem.

270 1460 541 1518 Deusvita
568 1462 939 1535 credentium,
990 1467 1139 1537 regio
1163 1467 1440 1539 vivorum,
1496 1471 1797 1541 expectatio

197 1554 464 1623 ﬁdelium,
520 1558 842 1614 resurrectio
896 1570 1261 1629 mortuorum,
1311 1564 1646 1635 captivorum
1710 1582 1798 1625 re-

196 1647 423 1712 demtio,
467 1652 742 1707 aternitas
788 1653 1199 1725 redemtorum,
1254 1657 1516 1728 benignus
1566 1659 1801 1716 indultor

195 1741 614 1809 supplicantium
668 1758 854 1813 preces
904 1748 1127 1813 accipe,
1168 1734 1573 1821 suifragantium
1628 1754 1799 1808 inter-

197 1833 534 1890 cessionibus
561 1836 825 1906 mitigare,
856 1839 1227 1895 conﬁtentium
1279 1854 1492 1910 peccata
1534 1842 1745 1900 dimitte
1780 1865 1793 1899 :

196 1933 251 1982 et
279 1941 417 1993 quos
446 1926 721 1983 redemero
758 1929 1009 1999 dignatus
1061 1946 1121 1986 es
1174 1933 1478 1992 humilitate
1506 1950 1791 2007 corporea,

197 2025 482 2088 protegere
506 2017 743 2089 digneris
767 2022 964 2076 virtute
984 2021 1185 2079 divina.

843 2110 1163 2163 Cootestatio.

274 2199 418 2258 Vere
469 2201 685 2273 dignum
742 2213 797 2260 et
846 2204 1047 2276 justum
1094 2218 1207 2275 est,
1268 2213 1607 2283 omnipotens
1634 2212 1774 2270 Deus

196 2291 347 2351 Deus
376 2295 677 2364 Abraham,
702 2298 841 2354 Deus
862 2300 1031 2367 lsaac,
1058 2301 1199 2365 Deus
1226 2301 1392 2360 Jacob
1416 2322 1428 2359 :
1453 2306 1607 2375 cujus
1637 2307 1801 2363 verbo

196 2386 451 2449 universa
473 2399 649 2447 creata
664 2401 790 2447 sunt
802 2410 820 2458 ;
832 2395 986 2464 cujus
1000 2397 1188 2465 spiritu
1202 2399 1380 2454 omnia
1403 2402 1719 2456 nunciantur
1738 2410 1765 2441 α
1778 2444 1796 2470 ,

197 2498 307 2542 una
337 2484 606 2555 divinitas,
658 2494 715 2543 et
768 2488 903 2544 trina
932 2491 1218 2558 maiestas;
1251 2502 1438 2548 natura
1463 2491 1803 2565 inseparabi-

205 2575 300 2644 lis,
360 2591 592 2647 persona
646 2579 948 2648 individua;
987 2583 1125 2639 Deus
1159 2596 1294 2639 unus
1349 2594 1403 2640 et
1427 2587 1591 2651 solus,
1624 2589 1802 2643 unitas

197 2668 427 2738 triplex,
455 2668 879 2740 inconprehensa
902 2672 1232 2743 conjunctio,
1257 2674 1480 2731 indivisa
1507 2677 1798 2746 distinctio,

202 2770 370 2829 quem
422 2775 585 2816 unum
644 2761 1141 2832 insubstantialiter,
1205 2768 1402 2822 trinum
1456 2771 1805 2837 personaliter

197 2849 563 2916 nominamus,
594 2853 883 2920 credimus,
908 2857 1245 2913 confitemur.
1271 2859 1350 2914 Tu
1380 2878 1437 2914 es
1468 2861 1608 2917 enim
1642 2864 1802 2932 Deus,

198 2951 256 2999 et
290 2957 401 2999 non
434 2953 519 3000 est
543 2946 835 3003 secundum
892 2963 1053 3019 opera
1085 2960 1194 3005 tua.
1225 2951 1301 3006 Tu
1336 2953 1568 3009 fundasti
1602 2965 1800 3011 terram

197 3046 369 3104 super
391 3050 617 3105 aquam;
647 3047 702 3093 tu
750 3039 920 3109 legem
946 3043 1211 3098 creaturis
1256 3044 1507 3100 omnibus
1540 3047 1760 3116 posuisti
1785 3065 1800 3116 ;

197 3129 293 3199 qui
327 3129 515 3186 inuno
543 3132 714 3187 trinus
741 3144 990 3204 appares,
1023 3137 1075 3191 in
1102 3134 1272 3192 tribus
1293 3154 1428 3193 unus
1450 3144 1755 3211 agnosceris
1788 3159 1801 3195 :

198 3219 366 3277 Pater
390 3220 675 3293 ingenitus,
713 3225 882 3281 Filius
929 3242 1068 3283 unus
1096 3236 1179 3283 est
1206 3239 1496 3303 generatus
1522 3272 1537 3296 ,
1572 3231 1805 3302 Spiritus

1910 677 1941 716 e
1970 677 2115 732 rege.
2133 662 2360 719 devotus
2385 671 2560 731 pater,
2591 676 2712 717 cum
2739 662 3003 717 sacriﬁcio
3026 661 3136 734 jam
3162 669 3350 732 parato
3386 662 3503 720 ibat

1907 765 1961 814 et
1984 756 2209 814 devotus
2264 757 2403 813 ﬁlius
2450 772 2573 813 cum
2616 758 2894 813 sacerdote
2938 756 3198 829 perfecto.
3246 757 3324 812 ita
3353 760 3502 814 enim

1909 860 2192 920 utrumque
2219 850 2321 907 sibi
2347 859 2466 907 vota
2496 859 2877 917 contexerant,
2901 859 3083 907 utnec
3109 858 3267 921 pater
3292 849 3363 907 de
3403 849 3503 907 ﬁlii

1909 942 2184 998 voluntate
2251 951 2395 999 esset
2462 952 2784 1014 suspectus,
2860 959 2959 1000 nec
3001 942 3143 998 ﬁlius
3193 942 3264 998 de
3329 942 3501 1012 patris

1907 1035 2181 1092 voluntate
2216 1045 2363 1093 esset
2397 1036 2678 1092 sollicitus.
2714 1035 2955 1093 Consulit
2993 1037 3211 1093 victima
3247 1036 3501 1093 sacerdo-

1908 1137 2050 1197 tem,
2105 1138 2161 1187 et
2213 1144 2581 1199 percussorem
2634 1146 2788 1186 suum
2838 1132 3130 1186 moriturus
3160 1132 3498 1200 interrogat:

1906 1218 2049 1277 Ecce
2076 1219 2228 1277 adest
2253 1222 2392 1291 ignis
2417 1232 2472 1278 et
2503 1222 2641 1291 ligna
2667 1262 2682 1287 ,
2716 1221 2806 1277 ubi
2840 1230 2926 1277 est
2972 1224 3091 1277 ovis
3136 1236 3257 1291 qua
3302 1231 3387 1278 est
3431 1221 3503 1278 ad

1905 1313 2219 1368 victimam?
2246 1313 2292 1370 0
2315 1314 2715 1380 expeclacolum
2737 1314 2953 1385 dignum
2995 1314 3146 1371 Deo!
3179 1331 3212 1369 ο
3243 1316 3503 1370 invictum

1905 1405 2207 1462 devotionis
2235 1408 2562 1469 triumphum
2583 1448 2598 1470 ,
2631 1416 2685 1462 et
2717 1422 2964 1476 magnum
2995 1418 3049 1462 et
3076 1407 3389 1464 inviolabile
3419 1420 3504 1463 sa-

1905 1505 2259 1552 cramentum.
2294 1496 2515 1553 Devotio
2558 1496 2813 1554 dicebat:
2858 1497 3124 1564 Percute;
3175 1499 3347 1568 pietas
3390 1499 3503 1553 cla-

1905 1593 2123 1651 mabat:
2155 1592 2338 1648 Parce.
2370 1592 2460 1647 Illa
2487 1593 2838 1661 provocabat,
2863 1593 2962 1649 ista
2987 1594 3295 1649 revocabat.
3324 1593 3494 1665 Filius

1906 1694 2084 1740 tamen
2114 1684 2407 1739 moriturus
2434 1683 2681 1754 jacebat,
2712 1698 2825 1740 non
2852 1685 3077 1741 vincolis
3104 1686 3282 1741 arduis
3312 1686 3501 1740 inreti-

1903 1785 2011 1842 tus,
2063 1776 2156 1833 sed
2185 1776 2423 1833 ofﬁcium
2459 1778 2671 1843 pietatis
2716 1776 2953 1834 indutus.
3004 1777 3155 1834 Totis
3195 1794 3324 1848 ergo
3345 1786 3501 1848 pater

1903 1868 2197 1924 visceribus
2228 1871 2282 1924 in
2313 1883 2409 1925 sua
2435 1869 2642 1926 viscera
2700 1868 2952 1925 feritnrus
3001 1869 3272 1940 insurgit;
3300 1881 3354 1927 et
3380 1873 3502 1926 nul.

1824 1932 1874 1997 Β
1900 1962 2004 2019 lam
2044 1961 2346 2019 devotionis
2383 1977 2496 2018 sua:
2540 1960 2734 2019 aﬁerre
2777 1963 2978 2033 patitur
3002 1932 3306 2019 tarditatem
3330 2003 3350 2031 ,
3398 1976 3501 2020 nec

1898 2070 1964 2114 ex
1995 2054 2245 2111 tarditate
2272 2054 2505 2125 perdidit
2528 2056 2851 2113 mercedem.
2895 2055 3003 2113 Sed
3058 2070 3185 2112 ecce
3206 2056 3460 2114 divinitas
3482 2098 3499 2123 ,

1899 2162 2020 2218 qua:
2083 2148 2317 2218 jusserat
2360 2156 2420 2204 ut
2461 2147 2677 2216 feriret,
2734 2149 2929 2204 iterum
2977 2148 3193 2204 dicebat
3236 2166 3249 2202 :
3292 2149 3498 2216 Parce,

1779 2257 1797 2283 ν
1899 2255 2083 2311 parce,
2114 2240 2323 2308 inquit,
2355 2239 2548 2297 devote
2577 2249 2747 2309 pater,
2775 2255 2955 2309 parce,
2987 2240 3239 2311 religiose
3265 2255 3494 2311 percus—

1900 2347 2017 2401 sor,
2066 2347 2247 2403 parce,
2277 2333 2393 2390 sine
2439 2333 2666 2390 crimine
2695 2332 2981 2400 parricida.
3011 2332 3124 2405 Ego
3154 2331 3327 2387 libens
3346 2332 3503 2389 victi-

1902 2443 2048 2485 mam
2094 2437 2238 2485 tuam
2266 2428 2570 2499 acceptavi;
2623 2438 2809 2484 votum
2853 2442 2959 2483 non
2988 2440 3240 2498 reprovo,
3291 2428 3502 2484 sacriﬁ-

1904 2521 2045 2577 cium
2071 2519 2259 2588 laudo,
2294 2521 2453 2577 ﬁdem
2488 2536 2594 2575 non
2627 2521 2849 2589 repello.
2880 2520 2959 2575 Tu
2989 2521 3203 2590 quidem
3227 2536 3333 2576 non
3380 2534 3503 2592 per.

1904 2615 2039 2671 imes
2086 2615 2292 2679 ﬁlium,
2341 2614 2434 2669 sed
2479 2612 2605 2668 facti
2648 2613 2724 2667 tui
2755 2628 2850 2683 per
2878 2614 3073 2668 saecula
3104 2622 3280 2670 manet
3306 2626 3503 2669 exem-

1907 2707 2073 2775 plum.
2106 2706 2151 2762 0
2180 2706 2391 2775 qualem
2416 2707 2568 2761 rem!
2606 2719 2706 2761 nec
2751 2705 2889 2761 ﬁlius
2915 2706 3090 2760 timuit
3127 2706 3379 2773 victima,
3402 2721 3504 2763 nec

1907 2814 2060 2872 pater
2082 2801 2328 2855 inventos
2350 2798 2613 2870 parricida
2639 2816 2651 2853 :
2685 2800 2939 2869 quoniam
2966 2800 3252 2856 adventum
3286 2800 3504 2856 Domini

1908 2893 2080 2949 nostri
2107 2894 2237 2950 Jesu
2264 2891 2464 2947 Christi
2519 2892 2874 2961 expectabat,
2906 2902 3030 2948 ante
3072 2893 3225 2962 cujus
3277 2904 3504 2965 conspe-

1908 2997 2053 3044 ctum
2083 3002 2274 3045 omnes
2295 2986 2470 3057 angeli
2498 2996 2658 3055 atque
2683 2986 3008 3055 archangeli.

2315 3100 2439 3152 item
2462 3099 2760 3152 Contestatio
2780 3101 3095 3151 dominicalls.

1988 3208 2122 3263 Vere
2170 3207 2386 3278 dignum
2433 3214 2488 3262 et
2521 3206 2723 3277 justum
2754 3213 2839 3261 est
2875 3204 3207 3262 credentium
3250 3203 3506 3275 pepulum

197 3322 426 3373 unctus
450 3331 587 3371 unus
615 3328 698 3373 est
724 3332 791 3373 ex
819 3316 848 3358 δ
880 3318 1039 3376 Patre
1070 3298 1385 3390 procedens,
1416 3322 1561 3379 Patri
1585 3298 1641 3381 et
1671 3325 1806 3383 Filio

1912 3316 2124 3370 semper
2172 3301 2281 3356 Deo
2322 3302 2500 3355 dicere
2552 3298 2765 3365 laudes,
2812 3307 2866 3355 et
2895 3298 2949 3355 in
2978 3298 3196 3356 Christo
3224 3299 3509 3357 dominicae

198 3419 529 3468 coaeternus.
561 3413 676 3469 Una
706 3423 884 3472 tamen
936 3414 990 3471 in
1036 3416 1207 3473 tribus
1236 3414 1403 3475 virtus
1450 3429 1505 3477 et
1551 3419 1805 3492 dignitas,

200 3513 471 3571 potestas,
500 3514 659 3575 atque
694 3508 767 3563 ita
795 3511 1076 3578 conjuncta
1124 3511 1318 3589 divisio
1343 3532 1366 3591 :_
1387 3530 1504 3585 quae
1540 3516 1637 3591 tibi
1668 3526 1811 3573 esset

198 3599 376 3669 gloria
401 3601 457 3656 in
483 3601 651 3668 caelis,
682 3604 918 3670 potentia
948 3606 998 3659 in
1030 3605 1182 3674 aquis
1205 3648 1219 3671 ,
1250 3590 1511 3675 sapientia
1540 3590 1595 3664 in
1629 3612 1807 3680 terris,

201 3690 384 3745 virtus
414 3690 467 3746 in
494 3692 725 3763 abyssis,
754 3694 970 3750 claritas
994 3695 1047 3750 in
1078 3697 1301 3766 angelis,
1336 3698 1568 3769 dignitas
1600 3699 1650 3755 in
1678 3717 1809 3773 pro-

200 3785 421 3856 phetis,
451 3786 751 3842 sublimitas
778 3788 829 3843 in
860 3790 1221 3861 evangelistis,
1267 3792 1557 3848 auctoritas
1589 3793 1639 3848 in
1677 3810 1808 3863 apo-

202 3880 401 3947 stolis;
432 3881 603 3952 pietas
627 3883 677 3937 in
700 3886 1003 3954 prmeeptis,
1029 3884 1360 3955 placabilitas
1389 3886 1441 3941 in
1476 3889 1709 3957 templis,
1729 3890 1808 3944 fe-

202 3973 421 4028 'stivitas
438 3974 493 4029 in
523 3974 869 4043 holocaustis,
901 3977 1120 4049 largitas
1149 3977 1200 4032 in
1230 3978 1619 4051 ministris,per
1634 3980 1814 4035 Domi—

205 4079 342 4121 num
360 4072 621 4121 nostrum.
641 4067 1025 4139 Cuiangelicus
1058 4069 1405 4128 ﬁammiferus
1432 4072 1626 4130 chorus
1656 4077 1812 4130 terri-

204 4157 322 4216 bile
334 4158 553 4215 exhibet
574 4159 890 4231 obsequium
915 4179 930 4216 :
952 4175 1107 4231 quem
1122 4160 1381 4219 cherubin
1408 4174 1462 4221 et
1476 4167 1669 4223 seraﬁn
1685 4166 1818 4223 auri'

205 4264 336 4319 gam
359 4248 632 4307 sedentem
651 4250 837 4321 pavida
858 4252 1191 4323 subjectione
1205 4254 1495 4320 mirantur;
1522 4267 1643 4312 ante
1663 4258 1815 4328 cujus

209 4350 562 4411 conspectum
614 4358 712 4400 sex
769 4345 1013 4413 quaterni
1068 4346 1341 4401 seniorum
1380 4347 1633 4402 miriﬁcus
1684 4348 1816 4404 ordo

207 4432 588 4502 splendilluam
640 4433 921 4490 nitentium
971 4451 1300 4506 gemmarum
1348 4454 1601 4493 coronam
1630 4441 1816 4510 capitis

211 4522 419 4579 vertice
452 4525 795 4594 gestantium;
818 4526 1120 4581 animalium
1140 4543 1350 4598 quoque
1372 4528 1601 4585 diversis
1640 4534 1814 4585 numi-

211 4627 347 4670 num
362 4614 593 4671 vultibus
608 4617 915 4687 variataque
933 4627 1078 4690 terga
1097 4619 1377 4691 Evangelia
1394 4636 1495 4674 una
1524 4623 1817 4692 scjungen-

1908 3392 2256 3449 sublimitatis
2294 3392 2544 3461 praeferre
2587 3390 2865 3458 virtutem,
2895 3399 2950 3446 et
2976 3392 3028 3447 in
3061 3390 3172 3447 ﬁlio
3201 3392 3510 3448 misericor-

1912 3485 2035 3541 dem
2060 3484 2349 3553 praadit-are
2379 3486 2629 3553 pietatem
2650 3524 2664 3549 ,
2696 3496 2791 3553 per
2819 3497 2980 3553 quem
3021 3482 3210 3538 cuncta
3243 3482 3503 3554 protulit,

1912 3580 2158 3635 universa
2204 3577 2457 3633 restituit.
2490 3576 2709 3632 Sublata
2739 3585 2865 3632 sunt
2911 3575 3091 3656 omnia
3138 3590 3256 3649 quae
3284 3576 3510 3646 prophe-

1913 3675 2030 3730 ticis
2059 3672 2277 3729 vocibus
2302 3689 2330 3725 a
2365 3682 2414 3727 te
2443 3671 2794 3727 mandaveras
2819 3688 2833 3737 ;
2860 3669 3091 3740 perfecta
3123 3680 3247 3726 sunt
3280 3680 3509 3739 cuncta,

1913 3782 2035 3839 quae
2074 3766 2141 3821 de
2183 3765 2415 3821 adventu
2460 3775 2565 3820 tua;
2612 3763 2953 3820 sublimitatis
3001 3772 3127 3819 ante
3156 3762 3507 3834 praedixeras.

1914 3858 1993 3913 Tu
2016 3871 2073 3912 es
2102 3858 2208 3912 Leo
2234 3856 2302 3912 de
2329 3857 2467 3911 tribu
2495 3855 2629 3911 Juda
2660 3855 2813 3911 fortis
2856 3856 2910 3911 in
2955 3855 3174 3927 prtelio;
3208 3865 3263 3912 tu
3300 3857 3510 3913 catulus

1914 3953 2086 4009 leonis
2126 3964 2410 4021 resurgens
2463 3950 2635 4005 victor
2686 3965 2714 4003 a
2769 3949 3026 4015 mortuis;
3058 3958 3118 4006 tu
3152 3956 3312 4008 verus
3342 3965 3512 4021 agnus

1917 4047 2040 4115 Dei,
2072 4046 2160 4102 diu
2186 4047 2440 4117 quaesitus
2462 4046 2525 4100 ad
2548 4044 2817 4102 vietimam
2841 4088 2855 4111 ,
2882 4062 2976 4117 per
3006 4046 3160 4118 cujus
3188 4047 3509 4118 sanguinem

1915 4141 2117 4210 placata
2146 4147 2271 4195 sunt
2296 4137 2505 4203 omnia;
2531 4146 2585 4191 tu
2622 4135 2755 4207 lapis
2797 4136 3072 4208 angularia
3117 4122 3509 4195 aedificantibus

1915 4242 2162 4302 spretus,
2212 4232 2263 4285 in
2308 4229 2567 4285 Ecclesia:
2591 4230 2770 4298 capite
2796 4230 3140 4295 constitutus,
3172 4227 3511 4285 admirabilis

1917 4323 2252 4394 postmodum
2304 4323 2543 4380 eﬁ‘ectus.
2578 4324 2655 4377 Tu
2700 4323 2953 4379 sacerdos
2997 4323 3243 4380 excelsus
3270 4331 3326 4380 et
3352 4339 3515 4380 verus

1917 4419 2181 4475 minister.
2214 4418 2291 4475 Tu
2326 4419 2473 4490 virga
2515 4419 2583 4475 de
2610 4417 2788 4475 radice
2817 4416 2971 4475 Jesse
3005 4421 3229 4488 prolata.
3262 4419 3343 4474 Tu
3376 4429 3514 4475 tem-

1919 4514 2061 4584 plum
2092 4529 2303 4583 rerum,
2337 4512 2475 4584 quod
2524 4529 2617 4583 pro
2665 4521 2846 4568 nostra
2894 4512 3228 4573 redemtione
3275 4520 3515 4581 prostra-

1919 4616 2031 4663 tum
2063 4617 2161 4663 est.
2194 4608 2272 4662 'l'u
2314 4616 2429 4675 post
2461 4600 2695 4661 triduum
2739 4621 3026 4676 resurgens
3083 4604 3236 4659 vivus
3281 4617 3311 4657 a
3367 4619 3514 4659 mor-

214 4713 326 4774 tes,
355 4720 590 4776 perenne
604 4707 921 4778 jubilatione
935 4709 1509 4769 conlaudantdicentes
1530 4731 1542 4767 :
1564 4714 1806 4779 Sanctus,

1924 4702 2050 4757 tuis.
2081 4700 2159 4755 Tn
2191 4700 2349 4769 igitur
2374 4702 2423 4753 in
2457 4699 2567 4756 Noe
2591 4708 2770 4755 rector
2816 4714 2976 4767 arcze,
3020 4713 3128 4753 non
3172 4697 3345 4753 solum
3370 4697 3515 4766 Noe,
3564 4744 3567 4745 ν

660 4799 973 4855 Conlestatio
996 4802 1059 4855 de
1090 4800 1366 4858 Abraham.

488 4890 662 4953 Incipit
684 4890 984 4943 Contestatio
1008 4894 1316 4944 dominicalis
1338 4895 1563 4946 dicenda.

298 4976 439 5034 Vere
466 4976 685 5049 dignum
713 4990 767 5033 et
793 4990 991 5047 justum
1016 4990 1100 5037 est
1127 5023 1141 5047 ,
1177 4983 1516 5052 omnipotens
1544 4980 1703 5051 Deus,
1735 4989 1823 5053 qui

220 5068 453 5125 Abrahae
478 5068 675 5125 famolo
705 5079 797 5125 tuo
824 5071 1039 5127 unicum
1066 5074 1261 5141 ﬁlium,
1294 5090 1453 5147 quem
1501 5078 1616 5146 ipse
1663 5076 1823 5133 dede-

222 5175 339 5227 ras,
371 5162 423 5217 in
454 5163 774 5219 sacriﬁcium
823 5165 915 5219 tibi
945 5166 1213 5223 victimam
1246 5183 1365 5224 esse
1388 5168 1616 5238 jussisti.
1646 5172 1689 5225 0
1720 5173 1821 5226 Do-

220 5254 373 5311 mine
398 5256 451 5311 in
479 5257 838 5326 promittendo
888 5258 1061 5314 ﬁdelis
1082 5301 1096 5325 ,
1125 5259 1175 5314 in
1208 5260 1532 5331 perﬁciendo
1559 5262 1814 5332 liberalis,

225 5359 368 5401 nunc
397 5360 491 5415 per
516 5347 756 5403 sterilem
788 5363 971 5403 senem
1020 5349 1319 5405 fecundasti
1349 5370 1361 5419 ;
1393 5352 1485 5407 sed
1520 5361 1576 5407 ut
1606 5353 1819 5409 devotio

223 5437 645 5507 conprobaretnr
668 5438 721 5493 in
751 5448 921 5509 patre,
967 5439 1179 5496 affectio
1206 5450 1616 5511 postponeretur
1640 5444 1693 5498 in
1724 5458 1816 5499 so-

227 5528 369 5597 bole,
402 5540 457 5586 et
480 5547 582 5602 qua
607 5532 841 5588 futurum
875 5532 1148 5589 nesciebat
1190 5534 1460 5590 allectum.
1497 5536 1619 5591 Plus
1650 5536 1816 5606 siqui-

227 5624 351 5680 dcm
378 5626 593 5697 gavisus
617 5636 701 5684 est
719 5628 949 5685 oﬁ‘erens
967 5629 1063 5684 tibi
1091 5628 1256 5685 ﬁlium
1274 5667 1290 5695 ,
1316 5644 1474 5700 quam
1501 5630 1819 5700 promissum

226 5718 513 5775 crediderit
564 5719 912 5777 nasciturum.
973 5721 1075 5777 Pro
1116 5719 1219 5777 hoc
1240 5720 1382 5777 enim
1416 5735 1521 5777 non
1550 5720 1651 5777 sibi
1678 5761 1695 5790 ,
1724 5720 1819 5777 sed

307 5857 330 5887 ⁸
364 5850 522 5906 Forte
551 5853 834 5923 legendum
858 5895 875 5922 ,
903 5856 1225 5911 muniuntur.

310 5917 336 5958 δ
362 5921 494 5976 illnc
523 5930 667 5976 natet
695 5926 833 5976 hanc
871 5925 1088 5976 missam
1118 5928 1225 5976 usit

231 5985 586 6048 ditanientu'm
616 5992 870 6065 Filioque,
900 5997 1035 6066 quod
1084 5996 1191 6067 jam
1222 6002 1468 6069 superius
1498 6000 1729 6054 vidimus
1762 5996 1823 6051 in

1925 4793 2018 4848 sed
2069 4792 2321 4847 Ecclesia:
2374 4791 2717 4862 gubernator.
2770 4790 2827 4845 In
2857 4791 3124 4846 Abraham
3166 4790 3513 4849 ﬁdelissimus

1925 4884 2258 4954 patriarcha,
2287 4884 2338 4938 in
2366 4882 2512 4938 lsaac
2550 4883 2935 4953 gloriosissima
2989 4884 3163 4938 hostia
3214 4885 3417 4954 patris,
3449 4885 3508 4941 in

1925 4978 2090 5035 laeub
2128 4992 2353 5031 summa:
2384 4975 2653 5045 patientia
2681 4976 2957 5047 magister,
2993 4978 3046 5031 in
3072 4975 3274 5048 Joseph
3302 4977 3516 5034 miseri-

1926 5068 2123 5125 cordiae
2174 5068 2513 5139 przedicator,
2559 5072 2614 5126 in
2650 5069 2833 5141 Moyse
2869 5069 3149 5125 laudabilis
3177 5069 3305 5137 dux,
3335 5071 3387 5125 in
3413 5072 3517 5124 Da-

1927 5161 2015 5217 vid
2038 5159 2343 5232 patriarcha
2371 5160 2677 5231 praeclarus,
2712 5162 2765 5217 in
2797 5161 3084 5219 Salomone
3118 5162 3516 5217 abundantissi-

1926 5271 2043 5309 mus
2073 5254 2190 5308 fons
2224 5253 2500 5323 sapientia
2541 5254 2593 5308 in
2611 5252 2740 5308 lsaia
2756 5262 2942 5307 auctor
2962 5254 3200 5308 omnium
3227 5252 3517 5320 propheta-

1922 5367 2061 5415 rum,
2082 5351 2135 5404 in
2157 5348 2397 5405 Jolianne
2417 5349 2618 5415 primus
2640 5346 2867 5417 baptista
2891 5387 2905 5411 ,
2930 5346 2982 5399 in
3012 5342 3284 5411 Stephano
3307 5344 3516 5412 primus

1923 5452 2142 5513 martyr,
2200 5444 2249 5495 in
2292 5440 2451 5495 Petro
2491 5439 2793 5509 negantium
2824 5437 2973 5503 ﬁdes,
3008 5438 3060 5491 in
3095 5436 3255 5492 Paulo
3287 5434 3520 5505 Spiritus

1922 5546 2139 5591 sanctus
2167 5533 2480 5589 Paraclitus.
2503 5531 2654 5599 Quod
2676 5532 2865 5587 merito
2888 5530 3006 5599 tibi,
3025 5529 3267 5598 Domine,
3296 5531 3522 5587 conlau-

1926 5626 2052 5682 dant
2076 5641 2234 5695 opera
2265 5624 2386 5691 illa,
2414 5624 2597 5694 viginti
2636 5631 2862 5692 quatuor
2889 5622 3150 5687 seniores,
3197 5631 3251 5676 et
3290 5629 3521 5693 quatuor

1926 5717 2176 5772 animalia
2203 5731 2358 5771 senas
2405 5716 2518 5769 alas
2550 5714 2838 5783 habentes,
2881 5714 3122 5769 dicentes
3148 5730 3161 5768 :
3185 5713 3438 5772 Sanctus.

1932 5854 2262 5922 expositione
2287 5852 2697 5923 Symboli,pag.
2728 5848 2835 5907 315
2894 5849 3030 5923 (huj.
3092 5848 3217 5905 edit.
3263 5851 3363 5906 col.
3412 5850 3518 5907 490

523 5930 667 5994 pate_t
695 5926 833 5994 hanc
871 5925 1089 5980 missam
1118 5928 1361 5983 usitatam
1390 5926 1552 5983 fuisse
1575 5934 1699 5981 ante
1728 5924 1827 5981 ad-
1931 5927 2050 5982 init.
2077 5934 2123 5980 et
2142 5933 2253 5980 not.
2285 5925 2362 5994 a).
