4060 6346
622 392 727 451 659

1045 502 1170 554 Item
1190 499 1494 554 Coutestatio
1515 501 1833 553 dominicalis.

706 584 847 640 Vere
872 585 1089 654 dignum
1126 591 1181 637 et
1218 582 1420 652 justum
1469 590 1584 649 est,
1616 581 1956 650 omnipotens
1994 580 2214 636 verbum

625 678 873 735 veritatis
902 686 956 731 et
984 676 1161 730 lumen
1184 673 1461 730 claritatis.
1505 673 1683 728 Gloria
1725 674 1779 727 in
1823 673 2052 729 excelsis
2084 675 2214 742 Deo,

624 779 682 825 et
731 770 782 823 in
829 776 969 822 terra
1018 779 1118 835 pax
1173 764 1477 818 hominibus
1513 764 1667 819 bona;
1691 763 2001 831 voluntatis,
2030 764 2138 829 die,
2164 766 2219 819 iu

625 878 729 934 qua
758 869 912 915 natus
943 866 1024 914 est
1072 856 1349 912 Dominus.
1378 857 1471 912 Die
1493 866 1682 912 sancto
1711 856 1993 912 Dominico
2016 856 2221 925 baptis-

626 972 773 1012 mum
816 955 1073 1011 introivit.
1109 954 1204 1010 Die
1232 960 1420 1007 sancto
1455 952 1735 1007 Dominico
1762 952 2061 1006 resurrexit
2116 951 2221 1005 Do-

626 1050 825 1105 minus.
871 1048 965 1103 Die
993 1058 1176 1103 sancto
1204 1045 1480 1101 Dominico
1532 1046 1657 1099 fecit
1680 1043 1947 1099 mirabilia
1978 1043 2031 1097 in
2064 1043 2217 1097 Cana

638 1141 880 1207 Galileie,
940 1156 1105 1212 aquas
1152 1140 1206 1195 in
1245 1140 1367 1194 vina
1397 1138 1680 1193 convertit.
1710 1137 1805 1192 Die
1834 1144 2022 1191 sancto
2046 1136 2225 1191 Domi-

628 1236 752 1291 nico
797 1236 866 1291 de
888 1236 1119 1304 quinque
1153 1233 1377 1304 panibus
1405 1240 1460 1286 et
1490 1231 1699 1286 duobus
1728 1230 1966 1300 piscibus
1992 1230 2226 1299 quinque

627 1329 769 1383 milia
805 1330 1079 1383 hominum
1112 1328 1276 1398 pavit.
1312 1326 1407 1381 Die
1432 1333 1617 1379 sancto
1651 1324 1929 1378 Dominico
1958 1323 2223 1377 siccatum

627 1429 710 1477 est
736 1436 880 1475 mare
906 1431 1031 1476 ante
1062 1420 1318 1491 populum
1357 1418 1575 1489 Moysis.
1610 1414 1706 1470 Die
1730 1423 1918 1470 sancto
1947 1415 2227 1471 Dominico

628 1514 905 1571 ordinatus
926 1522 1009 1570 est
1037 1512 1226 1569 Petrus
1246 1522 1273 1551 ι
1293 1510 1586 1567 secundum
1643 1509 1930 1577 Apostolus
1979 1509 2032 1564 in
2082 1507 2230 1563 Novo

628 1607 995 1665 Testamento.
1062 1605 1156 1660 Die
1222 1612 1408 1660 sancto
1455 1602 1732 1657 Dominico
1790 1616 1936 1656 mare
2005 1600 2230 1670 pedibus

629 1698 941 1754 ambulavit.
999 1696 1100 1753 Die
1150 1705 1335 1751 sancto
1365 1694 1644 1749 Dominico
1688 1693 1928 1763 respexit
1978 1693 2032 1747 in
2088 1702 2232 1747 terra

630 1792 939 1864 Babylonis,
994 1799 1049 1846 et
1097 1789 1231 1845 vidit
1294 1797 1403 1844 tres
1448 1787 1693 1842 civitates
1769 1786 2056 1851 ardentes,
2126 1800 2231 1841 una

1445 386 1787 446 APPENDIX
1829 387 1921 444 AD
1958 354 2189 445 orsus
2227 386 2284 446 s.
2326 386 2638 446 GERMANI
2678 386 3109 450 PARlSlENSiS.
3790 398 3862 456 sco

2260 507 2308 566 Α
2336 501 2575 572 gaudens
2620 503 2836 572 propria
2889 500 3168 558 reduceret
3204 502 3269 556 ad
3302 501 3417 557 loca
3441 543 3459 569 ,
3506 502 3578 557 ita
3627 504 3862 577 principem

2320 604 2567 651 nostrum
2611 610 2827 665 semper
2872 599 3127 653 victorem
3168 607 3348 653 contra
3403 610 3627 654 cunctos
3670 603 3863 661 adversa-

2321 690 2434 744 rios
2481 688 2758 756 viviflcet,
2815 691 3017 745 salvum
3065 701 3299 757 tueatur,
3321 703 3613 749 conservet
3642 696 3862 753 inlesum:

2322 784 2411 853 qui
2434 782 2823 839 Melchisedech
2870 794 2926 841 et
2952 784 3220 840 Abraham
3265 795 3472 842 :eterno
3532 796 3755 857 tempore
3785 792 3868 849 feli-

2322 876 2459 932 citer
2485 891 2713 946 regnare
2741 875 2909 949 [fecit]
2932 877 2987 932 in
3017 878 3296 933 mundum.
3325 878 3430 934 Per
3453 879 3747 937 Dominum.

3001 969 3253 1020 Collectio.

2397 1051 2623 1107 Domine
2680 1053 2821 1111 Deus
2867 1055 3249 1124 omnipotens,
3307 1057 3400 1125 qui
3472 1072 3572 1127 per
3616 1060 3867 1129 sapientiam

2326 1137 2791 1213 inaestimabilem,
2847 1162 2950 1219 qua
3016 1148 3089 1203 ita
3145 1148 3460 1219 disposuisti
3522 1155 3787 1223 mundum,
3830 1169 3869 1211 ut

2326 1236 2528 1308 absque
2552 1239 2767 1309 regibus
2791 1247 2845 1295 et
2875 1240 3204 1311 principibus
3248 1244 3393 1298 nulla
3443 1259 3569 1299 cum
3600 1260 3721 1317 pace
3743 1249 3871 1303 subsio

2328 1338 2533 1387 sterent
2561 1332 2866 1388 climactera
2888 1334 3070 1389 steculi
3086 1375 3102 1401 ,
3127 1337 3377 1404 quatinus
3410 1337 3675 1393 bonorum
3702 1341 3869 1397 ﬂorente

2325 1424 2564 1496 justitia,
2595 1434 2785 1481 cuncta
2818 1426 3036 1483 subacta
3086 1429 3427 1487 tabescerent
3481 1434 3785 1503 perfidorum
3807 1452 3872 1493 ne-

2330 1518 2520 1587 quitia.
2565 1517 2741 1587 Unde,
2776 1521 3018 1587 Domine,
3051 1532 3105 1578 te
3130 1525 3396 1594 supplices
3437 1524 3790 1596 deprecamur,
3825 1528 3868 1581 ti-

2333 1612 2493 1692 bique
2512 1613 2723 1669 devotis
2755 1615 3022 1671 mentibus
3059 1616 3111 1671 in
3158 1619 3258 1672 hac
3314 1619 3403 1673 die
3444 1618 3710 1676 fundimus
3741 1638 3874 1692 preces

2335 1689 2434 1772 pro
2488 1702 2631 1759 fideli
2664 1704 2863 1761 famulo
2910 1716 3001 1762 tuo
3048 1710 3288 1778 principe
3325 1721 3517 1765 nostro
3546 1712 3623 1767 ill.
3653 1689 3789 1784 atque
3808 1730 3871 1784 pro

2336 1799 2588 1854 universo
2618 1802 2858 1857 exercitu
2882 1804 3040 1861 illius.
3076 1804 3149 1859 Ita
3172 1821 3293 1861 eum
3317 1851 3330 1873 ,
3362 1808 3616 1877 Domine,
3645 1825 3730 1880 per
3748 1811 3874 1867 dexte

630 1883 877 1951 Babilla,
951 1881 1185 1937 secunda
1255 1879 1580 1950 Babylonis,
1642 1878 1795 1933 tertia
1864 1876 2230 1973 laafldolllado-
2264 1900 2452 1960 Bram
2502 1891 2714 1947 virtutis
2764 1902 2869 1948 tua:
2921 1905 3107 1951 contra
3136 1913 3322 1955 omnes
3359 1876 3693 1958 adversarios
3717 1918 3871 1973 semper

638 1974 845 2032 Babilla
896 1975 1096 2029 cedunt
1145 1972 1309 2044 pedes
1360 1980 1735 2042 peccatorum;
1788 1970 2079 2041 Babylonis
2145 1983 2237 2026 ce-

633 2066 767 2125 dunt
814 2066 977 2137 pedes
1016 2065 1435 2129 fornicatorum;
1486 2061 1834 2133 Landoglado
1895 2061 2095 2116 cedunt
2148 2061 2238 2131 qui

632 2161 1007 2221 contradicunt
1055 2161 1221 2215 verbo
1271 2158 1505 2214 Domini.
1565 2157 1638 2213 lbi
1696 2166 1855 2212 sonat
1903 2171 2030 2211 ossa
2068 2154 2236 2209 mori-

633 2270 769 2327 gena
824 2262 1163 2324 peccatorum
1186 2250 1237 2319 ι’,
1266 2260 1321 2307 ει
1362 2251 1574 2322 linguas
1607 2250 1806 2305 aridas.
1852 2248 2043 2304 Omnia
2086 2262 2238 2317 quae-

634 2360 864 2416 cumque
893 2344 1061 2399 voluit
1091 2343 1348 2397 Dominus
1395 2342 1523 2398 fecit
1569 2346 1619 2397 in
1644 2342 1780 2398 caelo
1811 2350 1866 2397 et
1892 2343 1945 2397 in
1980 2352 2156 2405 terra,
2182 2339 2236 2394 in

633 2438 772 2497 mari
802 2438 855 2493 et
873 2437 926 2491 iu
952 2436 1179 2506 abyssis.
1216 2434 1508 2489 Descendit
1548 2434 1615 2488 ad
1658 2433 1932 2489 infernum
1955 2442 2011 2488 et
2036 2432 2234 2489 exinde

635 2530 762 2586 tulit
790 2527 990 2595 Adam,
1043 2535 1097 2581 et
1146 2525 1345 2580 direxit
1368 2540 1489 2578 eum
1534 2525 1587 2579 in
1618 2524 1958 2593 paradisum.
1996 2536 2049 2578 et
2079 2524 2238 2578 resti-

643 2621 745 2677 tuit
766 2608 894 2677 eum
934 2634 1037 2673 una
1063 2632 1184 2673 cum
1210 2616 1549 2687 patriarchis.
1575 2614 1768 2671 Merito
1806 2616 1937 2685 tibi,
1970 2616 2198 2671 Domine
2222 2656 2237 2684 ,

645 2713 819 2769 omnis
846 2719 987 2767 terra
1007 2707 1193 2764 adorat
1214 2716 1269 2763 te
1282 2718 1338 2763 et
1361 2707 1665 2763 confitetur.

1025 2822 1153 2873 [tem
1176 2820 1481 2872 Coutestatio
1502 2818 1805 2871 dominicalis
1829 2824 1871 2871 ε,

740 2908 881 2966 Vere
909 2908 1131 2981 dignum
1174 2915 1227 2962 et
1268 2905 1468 2976 justum
1499 2916 1610 2975 est,
1633 2907 1971 2975 omnipotens
2002 2907 2161 2972 Deus,
2193 2915 2245 2962 te

659 3002 969 3074 angelorum
1012 3008 1197 3071 aptare
1228 2998 1353 3053 licet
1394 2998 1478 3054 illa
1510 3000 1561 3053 in
1603 3000 1926 3066 caelestibus,
1959 3010 2009 3054 te
2031 3000 2082 3053 in
2112 3014 2240 3069 per-

651 3097 800 3152 sonis
841 3093 1073 3159 trinum,
1130 3107 1292 3147 unum
1349 3090 1513 3146 Deum
1559 3093 1609 3145 in
1637 3090 1899 3145 Trinitate
1922 3092 2037 3146 sine
2061 3105 2243 3145 cessa-

653 3190 796 3247 tione
840 3184 1224 3242 coulaudantes
1269 3183 1664 3239 demonstrant.
1706 3182 1813 3237 Sed
1838 3192 2018 3238 nostra
2042 3181 2245 3251 exigui-

2340 1998 2461 2039 esse
2480 1984 2671 2054 jubeas
2698 2000 2817 2039 cum
2849 1986 3138 2058 triumphis
3176 1992 3474 2063 victorem,
3516 1994 3649 2049 sicut
3673 1996 3873 2065 quondam

2344 2077 2627 2131 auxiliatos
2654 2092 2714 2133 es
2735 2078 2935 2150 Moysi,
2966 2083 3092 2137 dum
3125 2084 3382 2142 adversus
3414 2086 3658 2144 inimicos
3693 2104 3794 2145 suos
3821 2090 3870 2145 di-

2345 2168 2573 2234 micans,
2606 2169 2717 2225 Hur
2747 2171 2966 2228 brachia
2997 2174 3140 2231 illius
3169 2187 3509 2236 sustentaret
3540 2196 3695 2253 usque
3718 2183 3770 2237 ad
3790 2197 3873 2238 ret-

2344 2274 2527 2330 peram
2549 2279 2562 2327 ;
2588 2262 2782 2332 illeque
2808 2264 3007 2321 lumina
3036 2268 3217 2347 levans
3242 2271 3307 2325 ad
3327 2273 3515 2342 caelos,
3549 2289 3668 2330 mox
3696 2285 3740 2329 te
3763 2275 3870 2328 auxi-

2349 2354 2534 2423 liante,
2585 2356 2833 2427 Domine,
2883 2377 3050 2433 usque
3092 2364 3159 2419 ad
3208 2365 3633 2426 internecionem
3667 2386 3770 2427 suos
3792 2387 3873 2443 per-

2346 2449 2511 2504 cussit
2540 2459 2703 2520 atque
2731 2454 3021 2522 prostravit
3059 2456 3425 2516 adversarios.
3467 2462 3686 2519 Proinde
3712 2473 3780 2530 te,
3803 2463 3870 2519 Do-

2346 2544 2515 2613 mine,
2542 2544 2773 2601 subnixe
2794 2546 3155 2616 deposcimus,
3180 2560 3241 2606 ut
3283 2553 3468 2610 taliter
3493 2556 3724 2627 princeps
3746 2564 3872 2611 noster

2348 2637 2403 2692 in
2423 2640 2631 2694 cunctis
2655 2649 2746 2695 tuo
2766 2640 2969 2712 jugiter
3012 2642 3174 2700 fultus
3222 2648 3446 2718 auxilio,
3488 2650 3768 2706 innumeros
3806 2662 3870 2719 per

2347 2746 2518 2787 annos
2553 2732 2778 2789 feliciter
2805 2735 2979 2804 vigeat
3011 2734 3065 2790 in
3095 2752 3281 2807 regno.
3315 2739 3423 2796 Per
3467 2741 3747 2796 Dominum.

2973 2826 3090 2878 Post
3108 2831 3320 2880 nomina.

2421 2904 2733 2962 Dominator
2761 2906 2989 2965 Domine
3010 2951 3027 2978 ,
3058 2913 3149 2981 qui
3196 2916 3520 2984 superstites
3559 2924 3704 2987 atque
3731 2913 3869 2969 defur-

2348 3006 2487 3065 ctos,
2531 2999 2669 3055 sicut
2719 3000 2979 3069 volueris,
3039 3004 3351 3062 misericors
3397 3017 3489 3064 tuo
3537 3018 3674 3064 tenes
3695 3009 3739 3062 in
3757 3015 3868 3068 nutu,

2351 3087 2537 3144 adesto
2591 3091 2835 3158 precibus
2884 3094 3123 3163 nostris;
3174 3107 3232 3152 ut
3278 3098 3597 3156 Sanctorum
3642 3096 3869 3155 nominibus

2352 3180 2653 3249 recensitis,
2677 3182 2895 3240 illorum
2919 3186 3131 3242 meritis
3159 3188 3505 3259 adjuvemur,
3537 3198 3681 3259 atque
3704 3189 3793 3242 lucc
3812 3198 3869 3240 sa-

654 3290 756 3346 tas,
806 3279 1073 3349 terrigena
1100 3276 1320 3347 pulvere
1342 3278 1727 3344 circumsepta,
1762 3275 2028 3344 quomodo
2050 3273 2249 3344 pOterit
2274 3291 2321 3356 ρ
2352 3271 2586 3341 crificia,
2611 3290 2731 3344 quae
2762 3276 2856 3331 tibi
2884 3275 3181 3347 offerimus,
3222 3287 3277 3335 et
3319 3283 3617 3339 viventibus
3661 3277 3868 3350 proficiant

658 3374 726 3430 de
774 3373 877 3428 tuis
906 3370 1264 3427 ineffabilibus
1287 3369 1562 3439 operibus,
1598 3370 1776 3424 saltim
1809 3369 2159 3439 paucissima,
2190 3369 2244 3423 in

656 3464 844 3521 laudes
888 3477 1137 3533 promere
1184 3461 1387 3517 verba?
1437 3466 1735 3531 praesertim
1777 3475 1897 3516 cum
1936 3461 2122 3516 caelum
2156 3461 2249 3518 tibi

659 3558 817 3614 sedes
841 3557 947 3623 sit,
977 3565 1120 3611 terra
1146 3564 1325 3610 autem
1363 3555 1655 3611 scabellum
1698 3555 1893 3624 pedum
1926 3563 2170 3622 tuorum;
2198 3564 2253 3611 et

656 3661 848 3709 cuncta
887 3649 1114 3706 visibilia
1139 3659 1193 3704 et
1213 3648 1502 3703 invisibilia
1553 3648 1749 3717 pugillo
1778 3648 2125 3712 concludens,
2153 3663 2253 3717 po-

656 3745 767 3799 lum
802 3744 982 3814 reples
1019 3752 1325 3797 sanctorum
1363 3741 1675 3810 angelorum
1716 3740 1967 3805 catervis,
2003 3741 2250 3797 tellurem

662 3852 762 3909 per
802 3836 998 3907 gradus
1055 3834 1329 3889 hominum
1381 3833 1592 3889 locatim
1623 3835 1862 3903 disponis
1894 3833 2137 3889 mirifice.
2160 3834 2254 3891 Sic

660 3942 894 3997 namque
922 3935 974 3983 te
993 3926 1279 3983 ordinante
1298 3927 1492 3997 regalis
1518 3928 1755 3995 potentia
1785 3926 2139 3997 principatum
2162 3944 2255 3999 ge-

662 4023 733 4076 rit
764 4021 818 4075 in
839 4019 1061 4086 mundo,
1098 4020 1348 4089 quatinus
1373 4019 1428 4074 in
1455 4021 1660 4075 cunctis
1690 4027 1742 4074 te
1771 4019 1937 4076 Deum
1971 4021 2253 4077 Dominum

656 4122 712 4169 et
733 4111 1102 4167 auxiliatorem
1123 4126 1278 4167 suum
1301 4126 1516 4182 semper
1534 4125 1656 4168 esse
1675 4120 1983 4183 cognoscat.
2005 4114 2251 4181 Proinde,

664 4203 909 4269 Domine,
951 4204 1179 4260 subnixe
1227 4205 1588 4276 deposcimus,
1629 4213 1689 4259 ut
1719 4204 1924 4274 prolixa
1975 4220 2069 4276 per
2116 4214 2253 4263 tem-

657 4312 790 4369 pora
822 4297 924 4351 isto
948 4295 1004 4351 in
1027 4297 1225 4352 saeculo
1250 4297 1472 4367 paciﬁce
1496 4307 1553 4353 et
1579 4296 1805 4353 feliciter
1823 4298 2048 4369 principi
2072 4308 2256 4357 nostro

658 4388 927 4445 concedas
953 4402 1199 4457 regnare,
1229 4396 1284 4443 et
1311 4389 1631 4460 quandoque
1652 4399 1771 4461 post
1803 4405 2067 4447 annorum
2091 4394 2257 4451 multa

657 4480 923 4538 curricula
956 4488 1170 4549 peracta
1196 4519 1213 4547 ,
1244 4488 1422 4536 tecum
1469 4491 1673 4538 aeterno
1702 4490 1855 4551 aptes
1884 4485 1937 4538 in
1963 4500 2131 4557 regno
2164 4501 2259 4555 per

659 4573 944 4628 Dominum
996 4580 1239 4627 nostrum
1287 4575 1472 4629 Jesum
1524 4574 1796 4631 Christum
1841 4575 2035 4633 Filium
2068 4586 2253 4647 tuum,

658 4667 746 4721 cui
776 4666 971 4722 merito
997 4678 1183 4720 omnes
1208 4667 1421 4737 Angeli,
1454 4677 1557 4721 etc.

1145 4762 1290 4803 mssa
1329 4762 1429 4802 pno
1468 4763 1708 4804 PRINCIPE
1739 4749 1787 4805 ά.

734 4828 937 4897 Regem
966 4844 1188 4901 regum,
1236 4840 1395 4899 atque
1439 4839 1753 4885 cunctorum
1783 4832 2118 4901 regnantium
2143 4832 2254 4888 Do-

659 4918 863 4973 minum
896 4921 1059 4975 Deum
1085 4919 1506 4988 omnipotentem
1526 4961 1542 4987 ,
1595 4924 1695 4977 sub
1718 4924 1869 4992 cujus
1901 4932 2030 4979 nutu
2058 4933 2112 4979 et
2142 4925 2254 4980 vir-

666 5018 781 5065 tute
808 5011 1052 5066 universa
1081 5026 1244 5081 regna
1288 5022 1547 5066 terrarum
1582 5014 1664 5081 pia
1690 5014 2059 5071 moderatione
2082 5017 2257 5072 subsi-

665 5110 836 5167 stunt,
864 5100 1060 5159 fratres
1086 5103 1459 5170 dilectissimi,
1487 5104 1834 5161 unianimiter
1861 5108 2248 5178 deprecemur;

667 5204 729 5250 ut
771 5197 1071 5266 principem
1122 5203 1365 5250 nostrum
1422 5194 1511 5249 tali
1538 5195 1746 5267 ~jugiter
1783 5207 1989 5254 tueatur
2030 5202 2251 5269 auxilio,

664 5290 807 5360 quali
834 5288 1103 5345 Abraham
1132 5289 1398 5359 quondam
1430 5304 1551 5343 cum
1576 5292 1828 5346 trecentis
1849 5292 2035 5348 decem
2055 5303 2110 5348 et
2134 5303 2255 5351 octo

662 5380 965 5437 vernaculis
1014 5382 1123 5437 suis
1170 5381 1237 5436 de
1274 5382 1509 5452 quinque
1558 5384 1771 5451 regibus
1809 5398 1929 5438 cum
1975 5385 2254 5456 phalangis

666 5473 949 5541 prostratis
976 5471 1253 5528 victoriam
1299 5472 1621 5529 referentem
1663 5475 1978 5532 mirabiliter
2031 5478 2255 5535 salvavit

670 5576 791 5619 cum
842 5565 1134 5636 triumpho.
1176 5565 1249 5622 Ut
1291 5574 1541 5635 nepotem
1570 5581 1723 5622 suum
1754 5567 1912 5637 Loth,
1946 5580 1999 5626 et
2020 5573 2252 5641 praedam

752 5708 781 5771 ξι
806 5700 897 5757 Sic
923 5699 1086 5755 habet
1111 5710 1264 5757 vetus
1290 5700 1590 5771 exemplar.

748 5768 780 5809 δ
803 5772 895 5846 an
926 5772 1229 5846 legendum,
1258 5789 1313 5846 os
1338 5768 1627 5846 Amorrhwi
1648 5812 1664 5840 ,
1691 5790 1845 5846 genas
1874 5781 2237 5841 peccatorum?

754 5850 777 5878 ο
801 5842 1045 5895 llocloco
1061 5844 1398 5917 anteponitur
1413 5845 1645 5917 secunda
1663 5842 1878 5914 quidem
1896 5848 1988 5903 sed
2004 5849 2260 5917 antiquis-

675 5910 816 5968 sima
837 5926 1020 5977 manu,
1042 5910 1206 5968 missa
1233 5928 1327 5982 pro
1356 5915 1596 5983 regibus:
1624 5910 1781 5985 qualn
1808 5910 2252 5990 postsequen'tem

2352 3361 2421 3416 ad
2443 3364 2729 3450 Qsalutem,
2782 3376 2836 3422 et
2881 3368 3149 3426 defunctis
3198 3374 3565 3443 opitulentur
3594 3373 3654 3430 ad
3698 3368 3869 3440 requiem

2354 3461 2636 3511 aeternam.
2681 3458 2775 3513 llis
2820 3459 2996 3516 inlatis
3030 3466 3347 3522 muneribus
3394 3469 3637 3539 princeps
3675 3466 3867 3521 nosterel

2354 3549 2637 3603 universus
2678 3550 2947 3608 exercitus
2975 3553 3119 3611 illius
3148 3556 3202 3612 in
3234 3560 3489 3617 omnibus
3530 3561 3684 3615 victor
3707 3570 3787 3625 ope
3807 3566 3871 3623 p0-

2355 3640 2517 3696 tiatur
2536 3641 2716 3698 divina
2733 3644 3147 3716 deprecantibus
3174 3652 3353 3710 nobis.
3391 3656 3457 3709 Et
3486 3656 3614 3711 sicut
3631 3652 3736 3709 olim
3758 3648 3867 3705 Ιοωε

2354 3734 2481 3789 dum
2508 3737 2708 3807 septies
2734 3753 2859 3795 cum
2890 3742 3028 3799 tubis
3078 3746 3275 3802 mtenia
3298 3749 3494 3807 circuit
3521 3748 3728 3810 Hierico,
3757 3753 3869 3798 ruen-

2356 3829 2498 3885 tibus
2524 3834 2690 3889 tuuris
2720 3833 2845 3891 ilico
2897 3838 3177 3895 victoriam
3234 3844 3381 3914 cepit
3412 3845 3481 3901 de
3509 3844 3655 3907 urbe;
3698 3839 3776 3901 ita,
3800 3833 3867 3887 llo-

2358 3920 2502 4007 mine
2525 3925 2863 3993 umnipotens
2892 3928 3053 3999 Deus,
3077 3942 3296 3990 orantes
3325 3934 3672 4007 deposcimus,
3696 3924 3792 3983 utsi
3810 3918 3867 3991 (Ιηί

2357 4006 2599 4071 fortassis
2628 4019 2806 4073 conati
2837 4017 3038 4077 fuerint
3067 4025 3323 4097 principis
3351 4006 3519 4086 nostri
3548 4020 3772 4082 contraire
3800 4016 3864 4069 im-

2359 4109 2542 4178 periis,
2572 4110 2672 4167 sub
2700 4112 2925 4183 pedibus
2955 4117 3094 4174 illius
3118 4121 3394 4177 tabescant
3422 4122 3636 4178 feliciter
3654 4104 3865 4171 'oroslnli-

2360 4196 2561 4256 Praesta
2580 4242 2595 4267 ,
2629 4201 2771 4259 Deus
2798 4205 3165 4277 omnipotens.

3012 4299 3085 4348 Ad
3110 4313 3305 4354 pacem.

3012 4313 3085 4348 At]
3144 4314 3305 4354 acem.

2432 4374 2691 4432 Mediator
2743 4378 2859 4435 caeli
2912 4313 3172 4448 etterrti,
3224 4386 3564 4458 omnipotens
3604 4384 3723 4440 Deus
3757 4375 3863 4432 lem

2359 4466 2629 4537 Christus,
2670 4470 2761 4539 qui
2806 4484 2990 4541 pacata
3039 4483 3201 4546 atque
3233 4480 3453 4546 pacifica
3486 4463 3863 4535 hominumdiliil‘

2362 4562 2555 4631 corda,
2587 4574 2637 4620 te
2665 4567 2937 4636 supplices
2974 4570 3331 4640 deprecamur
3359 4594 3372 4643 ;
3407 4587 3467 4632 ut
3507 4591 3596 4645 pax
3630 4571 3731 4634 illa,
3754 4569 3860 4632 (1⁸³³³³

2281 4655 2649 4745 Dtenendam
2698 4660 2802 4714 tuis
2852 4661 3114 4733 reliquisti
3171 4665 3663 4740 Apostolis,jugiter
3687 4664 3861 4732 pefsm‘

2360 4762 2487 4803 rans
2526 4751 2719 4807 nostris
2749 4753 2921 4823 vigeat
2945 4756 2999 4810 in
3020 4756 3274 4815 cordibus
3301 4777 3314 4814 :
3345 4770 3402 4817 et
3430 4764 3559 4817 sicut
3584 4752 3723 4813 David
3744 4754 3859 4817 lin”

2361 4839 2483 4897 dam
2528 4844 2652 4900 forti
2683 4862 2843 4903 manu
2869 4850 3052 4919 spurio
3074 4866 3333 4921 percusso
3365 4855 3513 4912 Golia
3542 4862 3698 4923 pacem
3737 4831 3856 4933 58"“?

2363 4933 2489 4991 fecit
2513 4934 2566 4991 in
2600 4940 2817 5009 populo,
2849 4941 2917 4996 ita
2946 4944 3197 5016 princeps
3224 4956 3412 5004 noster
3440 4957 3490 5003 te
3516 4941 3759 5013 opitulante
3778 4940 3856 4981 unl-

2362 5030 2529 5084 versis
2577 5030 2801 5089 devictis
2835 5037 3071 5109 undique
3099 5041 3353 5111 gentibus
3382 5040 3590 5113 pacifice
3615 5030 3845 5089 innumeros

2364 5121 2461 5189 per
2487 5135 2657 5177 annos
2680 5139 2780 5181 suo
2806 5125 3035 5185 feliciter
3056 5132 3339 5201 splendeat
3369 5134 3423 5189 in
3462 5143 3627 5202 regno-

3004 5221 3331 5280 Contestatio.

2437 5285 2661 5356 Dignum
2701 5297 2753 5344 et
2786 5288 2989 5361 justum
3022 5304 3135 5363 est,
3162 5298 3394 5355 Domine
3425 5301 3557 5356 Deus
3576 5284 3850 5351 οωηῑροιεησν

2362 5382 2547 5440 laudes
2567 5400 2757 5442 vocum
2788 5400 3089 5446 nostrarum
3108 5434 3120 5456 ,
3147 5394 3193 5448 si
3223 5394 3301 5451 fas
3328 5405 3443 5461 est,
3483 5379 3772 5447 concentibus

2362 5478 2601 5547 gelorum
2634 5487 2843 5549 aptare,
2876 5482 2999 5538 licet
3021 5485 3097 5539 illi
3120 5484 3173 5540 in
3203 5486 3506 5543 caelestibus
3542 5492 3585 5535 te
3609 5478 3653 5531 in

2364 5570 2561 5625 trinum
2586 5613 2601 5638 ,
2646 5588 2812 5627 unum
2864 5575 3029 5631 Deum
3069 5576 3121 5631 in
3162 5578 3438 5636 divinitate
3483 5576 3589 5631 sine
3628 5554 3849 5620 cessationo

2360 5708 2818 5803 CO!‘“3§lationetP
2848 5757 2864 5782 9
2921 5716 2974 5770 in
3001 5732 3102 5801 qu,“
3128 5719 3196 5802 sle
3231 5735 3358 5791 νεεδ
3396 5696 3844 5803 ³.8ίίξ¹τ;ῘΪΪή¹Ϊδῗιὶο

2431 5784 2456 5824 d
2512 5767 2555 5837 Η
2849 5767 2864 5782 ι
3004 5767 3102 5801 1'.“
3129 5767 3194 5802 Γ*
3233 5767 3357 5791 "0"
3396 5767 3570 5800 νυ-’.π
3655 5780 3671 5824 ι
3733 5767 3843 5822 atque

2434 5868 2489 5883 η,
2511 5788 2943 5883 sufflatus;
2969 5793 3524 5883 .9.9_'._:"___03s:ueler.'.
3545 5783 3710 5883 (ξἰείηέ
3727 5829 3843 5883 missi

2360 5854 2492 5907 alios
2509 5855 2746 5923 ejusdem
2768 5845 2945 5932 missa}
2969 5845 3151 5932 titulos
3174 5845 3542 5932 supplevimus.
3559 5851 3606 5904 ln
3630 5845 3710 5897 hac
3727 5846 3766 5886 ω

2359 5938 2572 5995 semper
2595 5942 2772 5984 sermo
2799 5939 2879 5985 est
2903 5930 2970 5986 de
2993 5930 3251 6002 principe,
3279 5930 3383 5989 non
3404 5932 3467 5987 de
3488 5934 3613 5992 r689-
