4060 6346
245 245 349 302 561

801 245 1437 305 SACRAMENTARIUM
1477 237 1938 301 GALLICANUM.
1973 267 2043 279 —
2071 233 2448 293 LECTIONES
2487 232 2941 291 DOMINICALES

3426 228 3534 288 56%

245 357 626 415 roniaudantes
682 356 1069 413 demonstrent.
1113 358 1220 413 Sed
1266 365 1448 412 nostra
1477 354 1689 411 exilitas
1722 361 1831 406 tcr-
1864 355 1914 414 Α
1939 356 1996 404 ιιι
2024 365 2113 417 qui
2143 359 2267 403 ante
2307 349 2360 402 in
2387 348 2602 403 deserta
2622 358 2676 403 et
2704 348 2852 403 arida
2879 348 3166 403 solitudine
3191 347 3527 416 tenebamur,

250 456 431 525 rigeno
450 453 669 523 pulvere
688 452 1037 521 circumsepta
1066 493 1081 518 ,
1104 452 1374 521 quomodo
1403 450 1597 521 poterit
1624 448 1691 503 de
1727 445 1833 500 tuis

249 544 603 606 ineliabilibus
632 542 881 614 operibus
910 544 1085 597 saltim
1115 543 1432 612 paucissima
1453 586 1467 609 ,
1513 549 1646 604 etc.,
1671 545 1729 591 ut
1748 550 1836 591 su-

249 651 365 707 pra,
393 650 510 706 pag.
543 633 651 690 578
678 634 819 704 (huj.
846 634 968 688 edit.
990 635 1090 687 col.
1116 632 1220 688 559
1245 648 1415 687 versus
1442 629 1711 699 medium).

735 743 986 784 LEGERDIS
1023 742 1373 792 COTTIDIANIS.

564 819 778 883 Epistola
797 819 932 870 Pauli
961 819 1161 883 apostoli
1187 822 1248 870 ad
1268 818 1528 869 Romanos.

326 904 561 968 Fratres,
589 916 719 972 rogo
739 917 836 958 vos
866 911 922 956 ut
950 901 1250 963 observetis
1288 915 1383 956 eos
1416 899 1508 970 qui
1553 896 1842 954 dissensio-

255 1012 358 1053 nes
395 1006 453 1052 et
480 995 823 1061 offendicula,
868 1004 1062 1064 praeter
1090 993 1386 1049 doctrinam
1435 1007 1591 1062 quam
1614 1005 1711 1045 vos
1760 989 1845 1044 di-

246 1090 485 1154 dicistis,
550 1090 777 1157 faciunt,
836 1098 892 1144 et
935 1089 1200 1144 declinate
1245 1089 1312 1143 ab
1372 1086 1497 1141 illis.
1530 1084 1846 1154 Hujusmodi

245 1184 398 1237 enim
427 1182 639 1238 Christo
664 1183 889 1238 Domino
927 1191 1110 1239 nostro
1143 1198 1247 1237 non
1278 1182 1555 1245 serviunt,
1603 1180 1697 1235 sed
1747 1193 1847 1234 suo

252 1276 464 1347 ventri,
491 1283 547 1330 et
566 1288 662 1343 per
686 1275 870 1330 dulces
898 1289 1174 1331 sermones
1222 1287 1275 1329 et
1327 1272 1730 1329 benedictiones
1767 1284 1848 1326 se-

255 1352 460 1421 ducunt
482 1364 643 1420 corda
666 1364 1244 1421 iunocentium.Vestra
1272 1366 1411 1419 enim
1439 1362 1743 1419 obedientia
1791 1360 1848 1414 in

249 1460 399 1510 omni
450 1456 568 1511 loco
592 1455 862 1527 divulgata
899 1468 1000 1513 est.
1034 1456 1249 1512 Gaudeo
1280 1456 1441 1527 igitur
1467 1456 1519 1510 in
1552 1454 1727 1519 vobis,
1756 1451 1851 1507 sed

258 1545 383 1600 volo
412 1562 507 1602 vos
531 1548 805 1618 sapientes
824 1563 945 1604 esse
974 1549 1024 1602 in
1050 1549 1209 1611 bono,
1235 1558 1287 1601 et
1310 1547 1579 1615 simplices
1610 1548 1662 1600 in
1686 1547 1850 1600 malo.

257 1635 589 1695 Diausautem
614 1637 1015 1707 pacis‘conteret
1036 1640 1271 1694 Satanan
1292 1638 1392 1693 sub
1419 1636 1643 1706 pedibus
1658 1635 1853 1695 vestris

1935 444 2058 495 vitae
2082 438 2344 508 patefacto
2364 438 2582 494 salutari
2597 432 2795 506 'spiritu
2817 478 2834 505 ,
2860 440 3160 509 rigaremur
3183 441 3346 495 misso
3372 440 3529 497 nobis

1937 536 2061 594 Jesu
2082 539 2293 593 Christo
2320 538 2455 593 Filio
2482 548 2573 594 tuo
2605 538 2830 594 Domino
2854 538 2983 603 Deo,
3009 536 3156 607 Rege
3184 544 3240 591 et
3254 537 3535 593 Salvatore

1939 639 2140 694 nostro,
2174 630 2263 698 qui
2307 631 2358 684 in
2388 644 2450 685 se
2480 629 2672 685 delicta
2714 638 2895 685 nostra
2945 628 3268 699 suscipiens,
3300 638 3355 684 et
3382 630 3536 700 quic-

1939 724 2064 794 quid
2090 724 2250 778 homo
2293 733 2449 778 antea
2496 733 2811 793 peccaverat
2829 764 2844 790 ,
2871 724 3131 794 sanguine
3158 738 3257 779 suo
3280 722 3532 790 abluens,

1943 817 2272 874 nativitatem
2302 831 2492 872 novam
2522 817 2865 873 credentibus
2907 826 2961 872 et
2988 817 3057 872 ad
3086 832 3146 872 se
3177 816 3535 887 confugienti-

1943 914 2041 968 bus
2086 910 2379 981 patefecit:
2410 912 2464 965 in
2514 912 2671 978 cujus
2721 910 2977 966 ineffabili
3001 912 3170 981 gratia
3220 911 3536 981 gloriantes,

1946 1019 2274 1076 quaesumus,
2306 1004 2560 1072 Domine,
2593 1016 2650 1059 ut
2670 1014 2873 1060 statuas
2899 1005 2951 1061 in
2982 1006 3066 1060 via
3094 1014 3262 1073 recta,
3293 1020 3429 1075 quos
3448 1006 3545 1062 fir—

1947 1097 2102 1153 masti
2131 1112 2225 1168 per
2248 1096 2471 1167 gratiam
2497 1112 2590 1166 per
2619 1095 2893 1152 Christum
2942 1098 3246 1177 Dominum.
3270 1107 3541 1153 nostrum.

2575 1206 2724 1247 MISSA
2762 1209 2905 1248 ALIA.

2358 1291 2574 1354 Epistola
2597 1292 2817 1353 Apostoli
2842 1292 2903 1341 ad
2927 1289 3135 1341 Galatas.

2025 1378 2259 1444 Fratres,
2294 1392 2482 1433 omnes
2503 1393 2604 1433 nos
2631 1375 2961 1432 manifestari
2983 1384 3197 1446 oportet
3216 1386 3341 1433 ante
3369 1375 3545 1432 tribu-

1953 1471 2043 1526 nal
2068 1468 2301 1535 Christi,
2335 1481 2391 1526 ut
2412 1470 2615 1525 referat
2648 1470 3010 1540 unusquisque
3055 1470 3269 1540 propria
3300 1471 3545 1547 corporis

1954 1565 2036 1620 sui
2064 1574 2218 1634 prout
2238 1563 2435 1634 gessit,
2477 1562 2591 1618 sive
2614 1562 2845 1629 bonum,
2874 1563 2987 1618 sive
3016 1562 3235 1618 malum.
3264 1563 3550 1630 Quaecum-

1956 1670 2060 1726 que
2089 1656 2231 1711 enim
2252 1654 2593 1710 seminaverit
2620 1654 2801 1722 homo,
2833 1655 2951 1709 haec
2981 1663 3037 1711 et
3065 1663 3267 1711 metet:
3293 1655 3548 1725 quoniam

257 1728 537 1786 velociter.
561 1728 740 1785 Gratia
758 1729 969 1785 Domini
995 1730 1159 1785 nostri
1186 1728 1310 1784 Jesu
1328 1728 1526 1783 Christi
1554 1727 1851 1782 vobiscum.
1883 1740 1933 1799 Β
1960 1749 2049 1819 qui
2069 1749 2299 1804 seminat
2320 1747 2377 1803 in
2401 1762 2584 1813 came,
2612 1746 2681 1801 de
2726 1760 2890 1802 came
2933 1754 2990 1802 et
3034 1756 3199 1803 mem
3246 1748 3549 1818 corruptio.

490 1838 662 1889 Lectio
685 1841 838 1889 sancti
863 1838 1120 1901 Evangelii
1144 1840 1415 1888 secundum
1441 1836 1632 1886 Lucam.

332 1925 388 1976 in
421 1924 513 1978 illo
539 1932 803 1992 tempore,
836 1923 1033 1978 factum
1073 1934 1154 1979 est
1210 1939 1314 1978 una
1369 1924 1577 1978 dierum
1633 1921 1855 1977 sedebat

267 2017 429 2071 Jesus
449 2015 674 2082 docens,
713 2025 766 2071 et
794 2026 947 2070 erant
1001 2015 1255 2070 Pharisaei
1306 2016 1578 2078 sedentes,
1621 2022 1675 2067 et
1725 2013 1854 2084 legis

254 2109 510 2165 doctores
549 2108 639 2178 qui
688 2119 949 2166 venerant
990 2123 1056 2165 ex
1102 2108 1246 2161 omni
1294 2107 1512 2162 castello
1543 2104 1757 2162 Galileae
1801 2114 1857 2161 et

258 2201 412 2255 Juda:
463 2211 516 2257 et
546 2200 847 2257 Jerusalem
866 2241 880 2265 ,
924 2211 977 2256 et
1007 2201 1174 2257 virtus
1201 2210 1318 2256 erat
1338 2200 1545 2255 Domini
1566 2199 1633 2254 ad
1661 2214 1857 2255 sanan-

260 2294 389 2348 dum
438 2308 550 2349 eos.
592 2294 658 2348 Et
691 2308 817 2349 ecce
846 2294 943 2349 viri
974 2304 1245 2363 portantes
1292 2290 1561 2347 hominem
1595 2294 1645 2345 in
1692 2292 1851 2358 lecto,

258 2387 351 2457 qui
383 2396 499 2442 erat
522 2387 863 2457 paralyticus,
918 2397 974 2443 et
1028 2386 1337 2457 quaerebant
1382 2402 1504 2441 eum
1561 2386 1775 2449 inferre,
1801 2396 1854 2443 et

261 2491 463 2545 ponere
488 2487 611 2534 ante
630 2494 771 2534 eum.
808 2479 871 2534 Et
892 2495 995 2534 non
1026 2480 1359 2534 invenientes
1383 2495 1485 2549 qua
1519 2488 1670 2548 parte
1705 2478 1854 2533 illum

262 2569 524 2625 inferrent
554 2586 660 2640 pra:
702 2572 854 2628 turba
879 2613 895 2638 ,
951 2572 1306 2628 ascenderunt
1328 2587 1487 2641 supra
1520 2580 1725 2626 tectum
1754 2586 1850 2641 per

261 2664 488 2734 tegulas,
520 2675 573 2722 et
594 2667 953 2722 submiserunt
1001 2666 1151 2722 illum
1183 2668 1235 2720 in
1270 2666 1449 2722 medio
1470 2675 1595 2721 ante
1642 2665 1851 2722 Jesum.

261 2756 499 2825 Quorum
531 2744 688 2815 ﬁdem
722 2770 777 2817 ut
797 2760 948 2827 vidit,
969 2761 1138 2815 dixit:
1171 2760 1361 2827 Homo,
1388 2761 1730 2816 remittuntur
1760 2760 1853 2815 tibi

258 2859 479 2919 peccata
511 2860 619 2906 tua.
663 2852 729 2908 Et
755 2863 1030 2922 coeperunt
1069 2853 1302 2922 cogitare
1344 2852 1545 2908 Scribae
1575 2862 1629 2906 et
1666 2852 1855 2906 Phari-

260 2944 358 2999 saei
383 2984 397 3007 ,
454 2944 691 3001 dicentes
723 2962 736 3001 :
763 2946 891 3015 Quis
930 2955 1014 3002 est
1055 2946 1173 3001 hic?
1213 2945 1340 3014 quid
1403 2946 1679 3015 loquitur?
1709 2945 1852 2999 blas-

258 3034 474 3108 phemal
507 3045 552 3091 ⁶.
600 3037 730 3104 Quis
779 3046 953 3108 potest
983 3038 1250 3092 dimittere
1283 3044 1497 3104 peccata
1518 3081 1531 3104 ,
1565 3035 1665 3091 nisi
1703 3035 1850 3090 solus

1957 1855 2080 1896 nem
2106 1858 2119 1907 ;
2144 1839 2233 1910 qui
2255 1849 2433 1895 autem
2462 1840 2693 1895 seminat
2722 1838 2775 1895 in
2803 1839 2992 1909 spiritu
3010 1880 3028 1907 ,
3066 1838 3136 1896 de
3160 1840 3351 1911 spiritu
3380 1848 3551 1897 metet

1955 1932 2122 1988 vitam
2146 1942 2428 1988 aeternam.
2460 1932 2666 1987 Bonum
2687 1942 2867 1987 autem
2889 1931 3148 1989 facientes
3167 1974 3183 2000 ,
3205 1948 3312 1989 non
3332 1933 3551 1989 deficia-
3590 1928 3619 1951 ⁴

1959 2041 2099 2081 mus.
2133 2027 2271 2096 Ergo
2297 2026 2422 2080 dum
2446 2034 2655 2092 tempus
2690 2027 2970 2094 habemus,
3003 2041 3289 2095 Operemur
3315 2027 3451 2082 bona
3479 2026 3553 2084 ad

1956 2132 2145 2173 omnes
2170 2118 2436 2181 homines,
2465 2116 2699 2172 maxime
2726 2126 2903 2173 autem
2946 2118 3015 2174 ad
3035 2117 3362 2175 domesticos
3393 2118 3548 2188 fidei,

1956 2210 2010 2267 in
2036 2210 2271 2267 Christo.

2143 2302 2311 2353 Lectio
2344 2302 2499 2352 sancti
2520 2300 2779 2365 Evangelii
2799 2303 3070 2353 secundum
3094 2303 3393 2354 Matthaeum.

2024 2387 2223 2443 Diebus
2245 2387 2348 2443 illis
2377 2387 2722 2457 interrogavit
2739 2387 3024 2443 Dominum
3044 2387 3224 2443 Jesum
3247 2404 3387 2443 unus
3410 2386 3552 2445 Pha-

1956 2480 2141 2535 risaeus
2172 2479 2301 2550 legis
2330 2480 2518 2535 doctor
2544 2488 2756 2535 tentans
2784 2494 2906 2535 eum
2942 2498 2953 2532 :
2981 2480 3253 2550 Magister,
3287 2482 3426 2550 quod
3466 2493 3553 2538 est

1955 2574 2263 2629 mandatum
2304 2588 2553 2641 magnum
2612 2576 2664 2626 in
2712 2572 2861 2642 lege?
2891 2572 2979 2627 Ait
3006 2574 3080 2628 illi
3126 2574 3318 2630 Jesus;
3353 2574 3554 2645 Diliges

1956 2665 2239 2722 Dominum
2289 2665 2457 2721 Deum
2494 2675 2640 2722 tuum
2690 2665 2744 2720 in
2775 2674 2886 2723 toto
2906 2667 3070 2723 corde
3091 2678 3204 2732 tuo,
3240 2676 3295 2723 et
3339 2668 3391 2723 in
3446 2676 3554 2723 tota

1954 2760 2129 2814 anima
2156 2768 2244 2813 tua
2266 2796 2283 2823 ,
2313 2767 2367 2813 et
2399 2759 2455 2812 in
2500 2767 2610 2813 tota
2655 2768 2835 2814 mente
2866 2768 2977 2813 tua.
3017 2758 3130 2815 Hoc
3155 2769 3235 2815 est
3262 2760 3555 2816 maximum

1954 2859 2009 2907 et
2058 2851 2287 2921 primum
2327 2849 2658 2905 mandatum.
2713 2849 3018 2906 Secundum
3060 2864 3239 2907 autem
3265 2853 3441 2908 simile
3471 2864 3556 2909 est

1954 2941 2115 2997 huic:
2148 2941 2342 3010 Diliges
2372 2941 2672 3007 proximum
2706 2949 2850 2996 tuum
2884 2943 3020 2998 sicut
3068 2952 3121 2998 te
3168 2943 3364 3012 ipsum.
3390 2944 3446 2998 lu
3469 2944 3555 3000 his

1954 3032 2161 3087 duobus
2202 3031 2470 3086 mandatis
2511 3031 2761 3087 universa
2806 3033 2891 3089 lex
2927 3034 3126 3103 pendet
3165 3044 3221 3090 et
3256 3039 3550 3105 prophetae.

262 3125 451 3182 Deus?
478 3126 736 3195 Cognovit
764 3137 941 3183 autem
972 3127 1127 3182 Jesus
1170 3126 1520 3197 cogitationes
1549 3140 1767 3191 eorum,
1795 3136 1850 3181 et
1878 3117 1926 3183 C
1955 3123 2300 3195 Congregatis
2326 3132 2506 3179 autem
2532 3123 2839 3190 Pharisaeis,
2886 3125 3237 3196 interrogavit
3275 3142 3371 3183 eos
3392 3128 3550 3185 Jesus

258 3216 593 3286 respondens
615 3216 751 3272 dixit
777 3217 844 3272 ad
874 3218 992 3273 illos
1018 3235 1028 3270 :
1058 3218 1193 3285 Quid
1234 3218 1477 3287 cogitatis
1506 3218 1558 3271 in
1587 3215 1845 3272 cordibus

261 3308 498 3364 vestris?
538 3308 664 3379 quid
702 3318 783 3364 est
834 3307 1040 3364 facilius
1104 3310 1322 3364 dicere:
1355 3308 1703 3363 Dimittuntur
1754 3306 1850 3362 tibi

263 3413 478 3473 peccata
496 3444 511 3467 ,
536 3417 602 3456 an
625 3401 824 3468 dicere,
858 3402 1025 3471 Surge
1054 3411 1109 3456 et
1133 3400 1390 3455 ambula?
1422 3410 1477 3455 ut
1501 3408 1679 3453 autem
1706 3398 1850 3454 scia-

263 3495 335 3550 tis
371 3494 494 3564 quia
539 3494 679 3548 filius
705 3494 933 3548 hominis
965 3502 1283 3564 potestatem
1331 3491 1490 3545 habet
1516 3490 1568 3545 in
1599 3500 1741 3545 terra
1770 3489 1853 3544 di-

262 3585 476 3641 mittere
528 3594 740 3656 peecata
760 3627 776 3651 ,
833 3586 905 3640 ait
928 3585 1220 3655 paralytico
1251 3602 1263 3636 :
1289 3583 1406 3638 Tibi
1435 3582 1555 3637 dico
1582 3596 1765 3649 surge,
1797 3588 1853 3636 et

265 3675 615 3733 tollelectum
642 3687 822 3742 tuum,
847 3686 902 3731 ct
930 3676 1063 3731 vade
1091 3676 1144 3731 in
1185 3676 1403 3729 domum
1434 3684 1601 3728 tuam.
1632 3674 1699 3728 Et
1727 3688 1857 3727 con—

264 3767 443 3842 festim
472 3782 692 3839 surgens
721 3783 899 3823 coram
948 3768 1073 3832 illis,
1120 3767 1240 3821 tulit
1280 3768 1476 3821 lectum
1507 3766 1558 3820 in
1582 3779 1687 3834 quo
1709 3766 1855 3832 jace-

265 3858 391 3925 bat,
417 3869 470 3916 et
497 3860 626 3915 abiit
672 3860 724 3914 in
767 3859 983 3914 domum
1014 3873 1165 3913 suam
1198 3858 1544 3930 magnificans
1565 3856 1765 3921 Deum,
1800 3862 1855 3909 et

266 3959 456 4022 stupor
504 3951 856 4022 adprehendit
903 3964 1111 4013 omnes,
1138 3959 1192 4004 et
1226 3947 1635 4019 magnificabant
1664 3949 1855 4002 Deum.

683 4057 818 4093 IISSA
849 4056 1127 4092 ΟΟΤῙΊΟΙΔΝΛ
1159 4055 1470 4091 υυΜιΝιεΑιιε.

342 4125 585 4181 Placatus
606 4165 623 4193 ,
653 4125 896 4190 Domine,
923 4140 1230 4195 quaesumus
1256 4166 1271 4189 ,
1297 4122 1550 4194 quicquid
1579 4137 1849 4177 meremur

268 4227 471 4281 averte,
504 4232 602 4273 nec
626 4218 762 4287 apud
797 4226 847 4271 te
876 4216 1066 4272 delicta
1109 4225 1291 4271 nostra
1337 4216 1454 4284 plus
1481 4214 1695 4268 valeant
1721 4255 1736 4279 ,
1761 4212 1856 4268 sed

268 4312 636 4368 misericordia
685 4322 771 4365 tua
812 4325 1026 4379 semper
1059 4325 1157 4364 nos
1187 4320 1495 4378 peccatores
1528 4309 1854 4377 prteveniat;

269 4410 327 4457 et
356 4416 450 4471 per
475 4415 684 4470 precem
714 4399 1009 4468 supplicem
1068 4401 1137 4452 ita
1186 4413 1282 4453 nos
1310 4398 1529 4465 dignare
1556 4399 1824 4466 respicere
1847 4437 1862 4463 ,

269 4504 380 4566 et‘a
404 4495 611 4552 cunctis
637 4491 1007 4565 iniquitatibus
1036 4494 1233 4548 nostris
1253 4497 1503 4548 emunda.

932 4583 1140 4633 Secreta
1174 4582 1219 4631 b.

348 4668 547 4725 Prmsta
580 4669 774 4738 populo
819 4679 930 4734 tuo,
963 4666 1209 4733 Domine,
1254 4682 1581 4737 qumsumus,
1625 4666 1869 4722 consola-

274 4758 434 4814 tionis
463 4759 722 4813 auxilium
750 4800 765 4825 ,
812 4757 878 4811 da
907 4757 1112 4811 veniam
1147 4757 1378 4827 peccatis
1423 4757 1648 4823 nostris,
1703 4766 1759 4812 et
1802 4756 1869 4810 ab

274 4838 419 4904 omni
450 4864 547 4905 nos
587 4850 862 4918 iniquitate
905 4849 1145 4914 custodi,
1176 4858 1232 4903 et
1257 4848 1381 4919 quia
1411 4849 1639 4902 humana
1668 4848 1868 4919 fragili-

276 4950 362 4997 tas
418 4922 808 4995 incessabiliter
858 4950 1098 4995 meretur
1145 4942 1382 5008 oiiensa,
1442 4941 1668 4998 celerius
1695 4942 1747 4995 in
1779 4951 1865 4996 tua

276 5031 643 5091 misericordia
667 5034 1011 5103 gaudeamus.

920 5124 1234 5176 Contestatio.

352 5212 493 5268 Vere
521 5210 743 5282 dignum
781 5220 835 5267 et
859 5211 1061 5283 justum
1102 5221 1185 5267 est
1223 5212 1561 5280 omnipotens
1611 5211 1777 5277 Deus,
1823 5221 1874 5266 te

280 5318 495 5373 semper
523 5304 668 5358 cultu
699 5302 971 5357 servitutis
1013 5302 1259 5357 humanm
1303 5302 1541 5369 laudare,
1566 5303 1654 5372 qui
1679 5300 1874 5357 divinis

280 5396 594 5455 muneribus
618 5396 724 5451 tuis
742 5436 757 5461 ,
782 5406 836 5452 et
856 5395 1162 5451 caelestibus
1184 5395 1458 5451 beneﬁciis
1486 5398 1540 5450 in
1566 5405 1746 5451 nostra
1772 5397 1871 5451 hu-

284 5493 514 5550 militate
541 5493 719 5564 largus
764 5493 832 5548 ad
874 5493 1048 5549 lucem
1077 5506 1175 5547 nos
1200 5491 1270 5548 de
1296 5492 1532 5548 tenebris
1569 5491 1872 5548 revocasti:

1890 4504 1946 4565 D

1954 3217 2139 3273 dicens
2170 3235 2184 3270 :
2210 3217 2352 3285 Quid
2400 3218 2555 3273 vobis
2579 3217 2788 3275 videtur
2830 3220 2898 3275 de
2938 3219 3367 3293 Christo?cujus
3415 3223 3556 3280 filius

1954 3307 2079 3362 est?
2112 3307 2302 3362 Dicunt
2346 3306 2430 3373 ei,
2467 3307 2656 3363 David.
2691 3310 2780 3362 Ait
2813 3308 2917 3363 illis
2946 3310 3264 3376 :Quomodo
3301 3329 3429 3383 ergo
3460 3316 3556 3371 Da-

1954 3398 2043 3453 vid
2096 3398 2150 3453 in
2198 3400 2388 3468 Spiritu
2435 3406 2590 3455 vocat
2631 3416 2754 3456 eum
2788 3400 3104 3468 Dominum,
3148 3405 3378 3460 dicens:
3413 3408 3557 3464 Dixit

1963 3488 2218 3545 Dominus
2262 3489 2488 3544 Domino
2533 3504 2672 3556 meo,
2717 3490 2845 3545 sede
2872 3506 2904 3545 a
2941 3491 3145 3546 dextris
3175 3494 3331 3563 meis,
3381 3496 3557 3554 donec

1958 3597 2153 3653 ponam
2194 3584 2439 3640 inimicos
2475 3592 2595 3639 tuos
2628 3585 2920 3641 scabellum
2947 3586 3138 3656 pedum
3190 3591 3448 3645 tuorum?
3496 3590 3559 3649 Si

1956 3690 2085 3745 ergo
2112 3675 2276 3730 David
2308 3686 2460 3731 vocat
2487 3692 2610 3732 eum
2640 3677 2952 3744 Dominum,
2991 3682 3261 3750 quomodo
3284 3683 3420 3738 filius
3438 3686 3558 3754 ejus

1958 3766 2073 3821 est?
2102 3766 2168 3820 Et
2192 3781 2349 3821 nemo
2381 3777 2589 3836 poterat
2628 3769 2952 3837 respondere
2982 3772 3031 3827 ei
3080 3772 3332 3848 verbum,
3379 3792 3557 3845 neque

1960 3875 2118 3915 ausus
2134 3856 2232 3914 fuit
2251 3860 2529 3929 quisquam
2544 3876 2610 3915 ex
2625 3862 2714 3916 illa
2725 3860 2812 3916 die
2824 3877 2946 3918 eum
2961 3866 3189 3931 amplius
3200 3866 3555 3938 interrogare.

2393 3965 2520 4004 ITEM
2574 3966 2724 4006 IIISSA
2765 3966 3125 4008 DOMINICALIS.

2035 4042 2391 4112 Omnipotens
2422 4047 2748 4113 sempiterne
2770 4045 3049 4112 Deus,-cui
3072 4058 3310 4117 potestas
3337 4061 3420 4105 est
3440 4052 3558 4109 sine

1965 4136 2069 4189 fine
2123 4134 2452 4203 miserendi,
2526 4139 2734 4207 respice
2790 4140 3050 4207 proiiitius
3107 4140 3173 4194 ad
3238 4141 3558 4199 humilitatis

1964 4239 2161 4282 nostra:
2181 4228 2471 4297 supplicem
2487 4230 2815 4295 servitutem,
2836 4247 2995 4301 quam
3013 4245 3137 4288 aute
3154 4244 3206 4288 te
3228 4249 3324 4302 per
3343 4250 3560 4304 precem

1966 4319 2265 4388 subjectum
2310 4321 2720 4391 praetendimus,
2765 4335 2817 4377 et
2851 4335 3042 4391 priesta
3090 4336 3145 4380 ut
3193 4326 3283 4381 tibi
3312 4330 3559 4385 sabditas

1968 4423 2176 4468 mentes
2203 4425 2516 4483 perpetuum
2546 4414 2873 4471 defensionis
2916 4429 3097 4474 servet
3126 4422 3407 4477 auxilium.

2665 4508 2883 4558 Secreta.

2044 4590 2183 4644 Deus
2216 4598 2239 4627 ο
2280 4589 2334 4643 in
2363 4598 2413 4644 te
2457 4592 2790 4659 sperantium
2840 4592 3109 4658 fortitudo,
3162 4593 3348 4649 adesto
3379 4598 3561 4666 propi-

1972 4681 2087 4733 cius
2144 4679 2571 4735 invocationibus
2621 4682 2849 4747 nostris;
2895 4692 2949 4735 et
3002 4682 3125 4751 quia
3174 4684 3292 4739 sine
3341 4696 3392 4741 te
3427 4689 3563 4744 nihil

1974 4779 2153 4839 potest
2202 4771 2443 4826 mortalis
2495 4771 2812 4836 infirmitas,
2856 4783 3047 4840 praesta
3081 4775 3337 4830 auxilium
3377 4780 3565 4848 gratias

1973 4871 2103 4927 tuas,
2137 4871 2195 4916 ut
2225 4863 2276 4916 in
2307 4864 2593 4931 sequendis
2622 4863 2890 4917 mandatis
2928 4865 3052 4933 tuis,
3094 4877 3147 4922 et
3168 4869 3441 4926 voluntate
3465 4872 3564 4928 tibi

1979 4964 2033 5010 et
2061 4956 2269 5010 actione
2297 4956 2620 5024 placeamus.

2608 5027 2927 5081 Contestatio.

2055 5111 2188 5167 Vere
2209 5111 2424 5181 dignum
2456 5121 2510 5166 et
2545 5114 2747 5180 justum
2775 5128 2859 5171 est
2888 5118 3227 5186 omnipotens
3275 5121 3436 5185 Deus,
3471 5136 3567 5189 per

1976 5219 2134 5274 quem
2164 5204 2372 5275 Moyses
2410 5203 2639 5261 famulus
2684 5218 2803 5263 tuus
2834 5212 3081 5278 populum
3115 5228 3267 5266 suum
3298 5214 3483 5268 eduxit
3509 5217 3565 5269 in

1978 5296 2177 5352 Christi
2207 5297 2533 5367 triumphum
2564 5315 2661 5369 per
2684 5302 2925 5356 baculum
2956 5305 3150 5359 crucis.
3180 5304 3331 5360 Unde
3352 5315 3408 5361 et
3433 5308 3565 5376 bap-

1980 5394 2197 5450 tismum
2238 5394 2358 5463 ejus
2396 5396 2713 5465 significavit
2760 5399 2812 5479 in
2853 5399 3071 5455 mundo.
3122 5399 3247 5454 INDE
3278 5401 3441 5457 Maria
3468 5416 3564 5457 ca-

1974 5489 2137 5544 nebat
2190 5491 2242 5542 iu
2292 5498 2564 5560 tympano,
2617 5475 2984 5562 unde'passio
3012 5492 3209 5548 Christi
3253 5496 3559 5552 veneranda

364 5636 387 5664 κ
422 5627 535 5681 Non
562 5626 745 5683 dubito
767 5627 1004 5698 quinleg.
1031 5627 1169 5682 situt
1192 5627 1243 5681 in
1268 5626 1486 5697 Vulgata
1516 5644 1529 5681 :
1557 5628 1683 5693 Quis
1706 5635 1775 5681 est
1799 5626 1880 5680 hic
1978 5640 2155 5698 manu,
2182 5635 2240 5680 ut
2265 5628 2504 5692 superius
2527 5628 2884 5682 observatum.

287 5704 373 5771 qut
390 5698 613 5771 loquitur
642 5698 1004 5771 blasphemiae.
1022 5699 1163 5753 Nihil
1180 5708 1354 5755 tamen
1372 5710 1577 5754 mutare
1595 5700 1879 5771 visumest.

2056 5708 2077 5775 ε
2108 5697 2230 5752 Haec
2246 5714 2309 5751 ex
2331 5700 2763 5775 Sacramentario
2786 5699 3118 5773 Gregoriano
3140 5703 3209 5770 ad
3235 5706 3568 5775 Dominicam

362 5765 389 5805 δ
415 5766 653 5826 Secreta:
700 5765 961 5833 ejusmodi
1009 5770 1279 5828 orationes
1320 5778 1445 5826 sunt
1487 5785 1552 5826 ex
1594 5770 1695 5825 ritu
1765 5768 1883 5825 Bo-
1983 5770 2209 5839 primam
2242 5779 2361 5837 post
2400 5770 2773 5826 Pentecosten.
