4060 6346
577 180 679 240 565

1368 191 1716 249 APPENDIX
1754 193 1846 251 AD
1884 195 2109 252 OPERA
2151 194 2210 250 S.
2252 195 2564 256 GERliANl
2604 201 3044 267 PARISIENSIS.

3768 226 3879 283 564

576 300 879 409 depigmtur
900 310 949 356 ι.
979 302 1104 408 luna:
1130 302 1311 409 Ionas.
1336 306 1669 409 vaticinavit-
1696 309 1930 364 inclusus
1954 353 1968 374 ,
2026 309 2167 365 unde
2197 309 2243 372 A
2271 316 2703 391 archisynagogi,
2735 332 2787 377 et
2816 322 2950 379 vidit
3000 328 3308 397 tumultum,
3364 340 3417 387 et
3446 332 3641 391 flentes
3672 347 3730 394 et
3755 339 3876 409 eju-

572 394 807 450 Ecclesia
860 398 1149 465 margarita
1196 406 1249 453 te
1287 396 1590 455 fecundant.
1650 399 1773 456 [nos
1831 401 1994 456 David
2029 403 2168 470 psal-

572 486 717 543 lebat
738 488 791 542 in
820 488 1065 560 eythara,
1096 491 1238 546 unde
1261 490 1457 547 Paulus
1486 494 1775 565 Apostolus
1799 495 2118 564 praedicabat
2148 514 2162 551 :

572 577 1001 638 Fundamentum
1028 583 1172 639 aliud
1190 600 1351 642 nemo
1375 594 1548 656 potest
1568 602 1769 657 ponere
1792 590 1889 642 nisi
1914 587 2165 646 Christus

571 675 747 735 Iesus.
781 677 905 733 [nos
956 677 1119 734 Petro
1162 681 1423 749 mergenti
1468 696 1659 737 manus
1706 683 2027 753 porrigitur,
2077 683 2165 739 ubi

573 769 855 825 titubantis
911 770 1044 826 ﬁdes
1094 774 1353 841 munitur,
1399 773 1471 827 ibi
1523 785 1681 844 caput
1722 774 1976 831 Ecclesia:
2037 792 2167 831 con-

575 856 840 917 ﬁrmatur.
864 862 990 919 lnnn
1013 864 1243 921 Lazarus
1267 865 1334 921 de
1355 866 1881 937 sepulcro'proditur,
1912 870 2056 925 unde
2072 887 2163 926 re-

574 955 837 1010 surrectio
852 953 1050 1012 Christi
1064 956 1292 1027 gloriosa
1312 959 1578 1013 laudatur.
1598 958 1902 1016 Gaudentes
1924 962 2098 1032 angeli
2113 972 2166 1019 et

573 1046 876 1101 exultantes
903 1047 1523 1118 archangeli,cherubim
1544 1066 1757 1120 quoque
1786 1067 1846 1107 ac
1870 1054 2159 1124 serapliim.

840 1154 967 1195 ΠΕΙ
1005 1156 1159 1198 ΔιιΑε
1195 1158 1485 1198 LECTIONES
1523 1158 1887 1201 COTTIDIANAS.

1225 1237 1297 1288 Ad
1330 1239 1511 1289 Titum.

642 1316 880 1389 Fratres,
912 1319 1031 1377 hac
1059 1321 1279 1392 loquere
1308 1333 1363 1377 et
1408 1325 1716 1390 exhortare,
1747 1337 1800 1382 et
1846 1341 2011 1396 argue
2040 1342 2162 1384 cum

570 1410 717 1466 omni
738 1410 982 1483 imperio.
1006 1411 1178 1469 Nemo
1198 1422 1249 1469 te
1266 1423 1591 1471 contemnat.
1609 1416 1853 1473 Admone
1868 1416 1989 1471 illos
2010 1421 2155 1488 prin-

568 1504 778 1573 cipibus
805 1514 862 1560 et
895 1506 1246 1576 potestatibus
1273 1506 1511 1562 subditos
1541 1522 1690 1577 esse,
1725 1511 1990 1566 neminem
2024 1511 2163 1567 blas-

568 1595 830 1666 phemare
847 1638 861 1663 ,
886 1614 994 1653 non
1020 1597 1284 1669 litigiosos
1309 1614 1429 1655 esse
1448 1638 1464 1665 ,
1490 1600 1583 1655 sed
1608 1601 1912 1668 modestos;
1944 1616 2158 1658 omnem

571 1690 923 1747 ostendentes
949 1690 1414 1745 mansuetudinem
1444 1692 1510 1746 ad
1531 1706 1719 1749 omnes
1743 1693 2005 1749 homines.
2029 1694 2159 1749 Era-
2189 1698 2238 1761 Β

568 1798 691 1840 mus
721 1786 862 1841 enim
896 1794 950 1839 et
974 1800 1074 1839 nos
1102 1784 1389 1855 aliquando
1413 1784 1730 1857 insipientes
1764 1795 1819 1842 et
1863 1787 2158 1857 increduli,

566 1885 833 1944 errantes,
866 1879 1164 1933 servientes
1190 1874 1471 1933 desideriis
1500 1887 1555 1935 et
1583 1880 1946 1951 voluptatibus
1975 1880 2159 1947 variis,

566 1970 625 2026 in
653 1970 856 2025 malitia
884 1980 937 2025 et
964 1970 1157 2026 invidia
1180 1978 1419 2041 agentes.
1443 1970 1574 2028 Cum
1596 1980 1774 2029 autem
1796 1973 2093 2045 benignitas
2108 1982 2163 2029 et

563 2060 870 2119 humanitas
884 2066 1125 2134 apparuit
1144 2066 1397 2123 salutaris
1418 2064 1589 2120 nostri
1606 2064 1733 2121 Iesu
1758 2065 2052 2121 Christi....

784 2154 953 2206 Lectio
983 2159 1137 2208 sancti
1166 2156 1424 2221 Evangelii
1449 2156 1721 2207 secundum
1741 2156 1943 2206 Lucam.

639 2237 903 2308 Tempore
934 2240 1025 2294 illo
1052 2241 1162 2294 ibat
1186 2241 1444 2296 Dominus
1465 2241 1623 2297 Iesus
1644 2242 1697 2295 in
1742 2240 2016 2295 civitatem
2040 2253 2162 2309 quae

567 2340 790 2385 vocatur
812 2331 995 2399 Naim,
1024 2342 1078 2388 et
1126 2332 1273 2387 ibant
1326 2347 1449 2388 cum
1511 2332 1602 2387 illo
1649 2330 1897 2401 discipuli
1948 2331 2064 2399 ejus
2106 2341 2161 2386 et

566 2423 720 2479 turba
769 2425 1007 2494 copiosa.
1068 2425 1202 2481 Cum
1258 2436 1435 2481 autem
1488 2425 1942 2495 adpropinquaret
1993 2434 2160 2494 porta:

563 2518 811 2582 civitatis,
847 2526 901 2573 et
931 2532 1058 2574 ecce
1085 2518 1367 2573 defunctus
1417 2516 1743 2572 cﬂ‘erebatur
1770 2518 1913 2573 illius
1972 2516 2159 2571 unicus

563 2611 907 2665 matrissuae.
960 2612 1025 2665 Et
1057 2611 1170 2665 haec
1223 2610 1381 2664 vidua
1410 2618 1548 2674 erat,
1606 2618 1661 2665 et
1714 2612 1863 2665 turba
1923 2610 2158 2665 civitatis

562 2704 731 2757 multa
757 2718 879 2759 cum
917 2704 1014 2759 illi.
1045 2704 1214 2772 Quam
1245 2718 1365 2759 cum
1394 2704 1617 2760 vidisset
1664 2703 1920 2758 Dominus
1940 2744 1956 2771 ,
1996 2705 2157 2759 mise-

562 2796 792 2853 ricordia
820 2805 996 2851 motus
1024 2811 1185 2865 super
1210 2811 1357 2861 eam,
1389 2797 1521 2851 dixit
1569 2797 1644 2850 illi
1678 2814 1689 2849 :
1735 2795 1851 2851 Noli
1903 2798 2052 2852 ﬂere.
2090 2794 2157 2851 Et

562 2892 805 2957 accessit,
834 2899 888 2945 et
916 2891 1085 2959 tetigit
1132 2890 1385 2945 loculum.
1420 2890 1501 2944 Hii
1534 2898 1715 2945 autem
1748 2891 1837 2959 qui
1868 2890 2153 2960 portabant

562 2992 844 3039 steterunt.
878 2982 943 3037 Et
969 2984 1079 3036 ait:
1130 2983 1464 3038 Adulescens
1510 2984 1605 3038 tibi
1652 2985 1797 3051 dico,
1849 2998 2033 3055 surge.
2087 2981 2154 3037 Et

2271 407 2445 463 iantes
2476 412 2726 467 multum.
2758 416 2821 470 Et
2847 417 3122 487 ingressus
3144 421 3217 475 ait
3247 423 3326 479 eis
3357 440 3372 480 :
3402 425 3539 493 Quid
3570 407 3870 489 turbamini

2270 510 2325 556 et
2356 502 2623 571 ploratis?
2667 505 2840 576 puella
2870 522 2972 563 non
3015 520 3097 565 est
3126 520 3357 582 mortua,
3390 518 3484 571 sed
3537 519 3767 576 dormit.
3799 523 3869 579 Et

2272 597 2575 656 inridebant
2599 616 2744 658 eum.
2782 601 2901 674 ipse
2921 621 3049 662 vero
3074 606 3261 679 ejectis
3289 612 3561 681 omnibus,
3596 616 3865 674 adsumsit

2268 701 2474 763 patrem
2496 702 2551 749 et
2576 705 2803 750 matrem
2845 697 3058 767 puellae,
3105 708 3161 756 et
3199 702 3289 773 qui
3336 718 3519 761 secum
3566 719 3749 767 erant.
3800 713 3865 767 Et

2270 785 2568 855 ingreditur
2598 788 2691 845 ubi
2714 800 2832 847 erat
2861 792 3034 862 puella
3074 794 3283 865 iacens,
3321 808 3375 855 et
3405 809 3595 858 tenens
3641 820 3861 860 manum

2268 877 2461 950 puella
2480 881 2555 937 ait
2584 882 2664 939 illi
2693 882 2921 941 :Tabita
2950 889 3116 957 etimi,
3152 892 3292 959 quod
3313 902 3398 949 est
3421 895 3859 967 interpretatum,

2267 973 2465 1043 puella,
2491 974 2587 1031 tibi
2616 975 2760 1042 dico,
2791 991 2971 1050 surge.
2998 980 3063 1036 Et
3089 982 3370 1042 confestim
3391 990 3635 1045 surrexit
3661 993 3859 1058 puella,

2265 1073 2321 1123 et
2364 1066 2692 1125 ambulabat.
2743 1069 2875 1125 Erat
2902 1081 3081 1127 autem
3126 1088 3385 1135 annorum
3431 1077 3747 1135 duodecim.
3800 1082 3864 1136 Et

2265 1161 2636 1232 obstipuerunt
2662 1171 2881 1233 stupore
2906 1166 3167 1234 maximo,
3196 1177 3252 1225 et
3278 1162 3535 1241 praecepit
3564 1171 3674 1233 illis
3702 1172 3863 1230 vehe-

2265 1264 2473 1312 menter
2493 1264 2552 1312 ut
2580 1271 2739 1314 nemo
2768 1258 2820 1313 id
2847 1259 3028 1315 sciret.

2836 1365 2971 1404 και
2994 1366 3292 1411 numnum.

2335 1430 2673 1499 Quaesumus,
2699 1435 3037 1507 omnipotens
3062 1437 3231 1509 Deus,
3282 1455 3354 1498 ne
3391 1454 3490 1499 nos
3518 1450 3612 1499 tua
3643 1443 3863 1502 miseri-

2264 1524 2448 1579 cordia
2479 1525 2836 1599 derelinquat,
2863 1544 2985 1599 quae
3009 1538 3065 1587 et
3089 1541 3323 1591 terrores
3347 1546 3567 1593 nostros
3586 1549 3862 1606 amoveat,

2264 1630 2319 1678 et
2352 1622 2510 1679 noxia
2534 1633 2725 1680 cuncta
2746 1624 2998 1696 depellat.

2940 1718 3167 1771 Secreta.

2338 1798 2530 1853 Munda
2560 1813 2679 1864 nos,
2710 1798 2959 1871 Domine,
2988 1801 3239 1858 sacriﬁcii
3262 1806 3538 1872 presentis
3557 1806 3784 1873 effectu,
3814 1819 3867 1863 et

2262 1888 2461 1961 perfice
2490 1889 2773 1947 miserator
2821 1893 2873 1948 in
2900 1892 3079 1959 nobis,
3133 1902 3194 1951 ut
3239 1896 3355 1967 ejus
3404 1913 3863 1979 mereamur-esse

2263 1982 2569 2054 panidpes.
2895 2052 3219 2110 Contestatlo.

2335 2135 2473 2193 Vere
2521 2136 2738 2209 dignum
2797 2147 2851 2194 et
2896 2138 3100 2209 justum
3144 2148 3249 2209 est,
3282 2145 3627 2213 omnipotens
3670 2145 3854 2201 Deus:

2262 2243 2419 2285 verus
2442 2229 2604 2286 homo
2640 2245 2858 2288 carnem
2903 2235 3094 2291 sumsit
3142 2235 3210 2290 de
3245 2235 3477 2307 Virgine,
3516 2253 3683 2293 verus
3715 2238 3857 2295 Deus

2263 2341 2369 2379 non
2421 2326 2642 2381 abstulit
2691 2328 3081 2399 virginitatem;
3126 2345 3286 2385 verus
3336 2330 3497 2387 homo
3544 2334 3763 2402 positus
3805 2335 3854 2387 in

2264 2419 2542 2487 praesepio,
2574 2433 2729 2473 verus
2766 2419 2903 2476 Deus
2930 2420 3095 2492 Magis
3125 2423 3337 2478 stellam
3368 2424 3629 2481 ostendit.
3689 2426 3857 2481 Verus

2263 2508 2423 2566 homo
2452 2512 2754 2580 baptizatus
2783 2529 2810 2567 a
2852 2512 3119 2579 Iohanne,
3180 2530 3339 2570 verus
3396 2516 3537 2571 Deus
3569 2533 3741 2587 aquas
3780 2519 3855 2575 Io

2262 2601 2452 2658 hannis
2492 2605 2864 2661 sanctiﬁcavit.
2927 2605 3099 2662 Verus
3156 2608 3316 2662 homo
3369 2609 3434 2662 ad
3467 2610 3684 2678 nuptias
3738 2611 3851 2673 fuit,

2260 2711 2421 2751 verus
2450 2696 2591 2754 Deus
2619 2712 2785 2769 aquas
2825 2699 2877 2753 in
2908 2700 3088 2754 vinum
3142 2701 3425 2756 convertit.
3472 2701 3646 2755 Verus
3696 2702 3854 2757 homo

2262 2786 2560 2845 dormiebat
2591 2791 2644 2845 in
2678 2806 2834 2858 nave,
2872 2806 3031 2847 verus
3056 2792 3197 2848 Deus
3227 2794 3432 2849 sedavit
3460 2804 3851 2865 tempestatem.

2263 2881 2434 2937 Verus
2459 2885 2617 2939 homo
2649 2884 2805 2940 (idem
2850 2886 3078 2941 miratur
3102 2887 3453 2952 centurionis,
3506 2902 3669 2942 verus
3720 2888 3854 2943 Deus

2263 2978 2475 3032 sanavit
2528 2993 2751 3048 puerum
2799 2980 2988 3050 ipsius.
3042 2980 3214 3037 Verus
3268 2981 3433 3036 homo
3482 2997 3647 3052 super
3691 2998 3853 3053 aquas

561 3076 765 3131 resedit
810 3076 898 3147 qui
929 3087 1043 3131 erat
1073 3086 1334 3143 mortuus,
1358 3086 1413 3133 et
1441 3078 1603 3147 coepit
1634 3076 1807 3148 loqui,
1836 3086 1889 3132 et
1911 3076 2057 3131 dedit
2086 3076 2152 3131 ii-
2181 3096 2230 3163 ο
2263 3071 2487 3141 pedibus
2516 3072 2826 3140 ambulavit,
2876 3088 3034 3129 verus
3067 3074 3207 3130 Deus
3257 3075 3416 3130 Petro
3445 3077 3709 3147 mergenti
3744 3092 3849 3131 ma-

560 3167 670 3224 lum
694 3171 992 3224 matrisuaa.
1012 3169 1231 3238 Accepit
1248 3179 1424 3224 autem
1455 3170 1613 3223 timor
1634 3183 1849 3234 omnes,
1875 3177 1930 3223 et
1948 3171 2155 3239 magni-

561 3262 792 3318 ﬁcabant
807 3262 972 3317 Deum
992 3263 1252 3328 dicentes,
1266 3264 1389 3333 quia
1412 3263 1669 3333 pTOjlhtBla
1685 3278 1912 3334 magnus
1924 3263 2155 3318 surrexit

561 3356 617 3411 in
649 3356 821 3422 nobis,
853 3365 906 3411 et
934 3358 1055 3426 quia
1090 3356 1228 3412 Deus
1251 3357 1485 3410 visitavit
1516 3356 1724 3425 plebem
1756 3370 1927 3410 suam.

916 3464 968 3503 IT
978 3464 1045 3503 BM
1086 3464 1378 3503 LECTIONES
1429 3464 1793 3503 COTTIDIANE.

812 3539 1045 3603 .Epistola
1072 3539 1212 3590 Pauli
1239 3540 1445 3602 apostoli
1472 3539 1529 3588 ad
1554 3539 1887 3589 Colossenses.

631 3623 868 3691 Fratres,
893 3623 1098 3679 induite
1128 3637 1242 3690 vos,
1282 3622 1423 3677 sicut
1466 3621 1622 3677 electi
1648 3622 1765 3688 Dei,
1797 3622 2001 3676 viscera
2051 3621 2155 3675 mi-

557 3717 887 3783 sericordiue,
920 3716 1324 3783 benignitatem,
1382 3714 1759 3779 humilitatem,
1808 3712 2152 3780 modestiam,

558 3812 891 3880 patientiam,
921 3818 1299 3880 supportantes
1323 3808 1579 3876 invicem,
1609 3815 1663 3863 et
1696 3806 1959 3862 donantes
1999 3805 2151 3861 vobis

556 3904 715 3973 ipsis,
765 3905 812 3958 si
866 3904 985 3973 quis
1027 3902 1285 3959 adversus
1338 3900 1569 3972 aliquem
1623 3900 1790 3955 habet
1841 3899 2151 3963 querelam.

557 3996 709 4053 Sicut
736 4007 791 4053 et
819 3998 1076 4052 Dominus
1101 3996 1339 4061 donavit,
1371 3997 1440 4050 ita
1498 4004 1551 4049 et
1593 4008 1710 4049 vos.
1763 3994 1938 4063 Super
1978 3994 2158 4048 omnia

558 4100 737 4145 autem
768 4090 883 4143 lucc
911 4089 1219 4153 caritatem,
1272 4087 1415 4158 quod
1444 4095 1527 4143 est
1563 4085 1836 4141 vinculum
1870 4084 2159 4155 perfectiu-

557 4179 668 4247 nis,
692 4188 747 4235 et
772 4194 869 4249 pax
901 4178 1096 4234 Christi
1126 4179 1332 4234 exultet
1366 4179 1416 4232 in
1444 4178 1696 4233 cordibus
1722 4178 1941 4234 vestris.

787 4291 963 4347 Lectio
989 4296 1145 4346 sancti
1172 4292 1430 4355 Evangelii
1453 4290 1723 4343 secundum
1746 4290 1947 4341 Lucam.

632 4403 689 4458 in
720 4402 908 4459 diebus
937 4401 1074 4467 illis,
1109 4400 1308 4455 factum
1341 4410 1424 4455 εει
1455 4413 1576 4453 cum
1621 4396 1849 4452 redisset
1892 4393 2153 4450 Dominus

561 4496 740 4564 Iesus,
773 4495 985 4565 excepit
1010 4494 1155 4549 illum
1183 4492 1355 4547 turba.
1391 4493 1557 4547 Erant
1602 4492 1743 4545 enim
1777 4504 1964 4545 omnes
1991 4503 2156 4558 expe-
2181 4501 2237 4566 υ

559 4598 767 4645 ctantes
794 4604 934 4643 eum.
974 4587 1043 4641 Et
1069 4601 1197 4642 ecce
1213 4584 1362 4640 venit
1385 4586 1467 4638 vir
1494 4584 1715 4639 nomine
1742 4582 1932 4649 lairus,
1956 4592 2012 4640 et
2035 4583 2154 4652 ipse

558 4683 807 4753 princeps
837 4690 952 4738 erat
975 4681 1304 4750 Synagogaa;
1352 4690 1409 4733 et
1436 4677 1624 4732 videns
1670 4693 1792 4732 eum
1829 4675 2060 4746 procidit
2086 4674 2151 4729 ad

558 4776 726 4846 pedes
774 4775 915 4843 ejus,
967 4784 1021 4830 et
1064 4770 1455 4841 deprecabatur
1501 4784 1623 4825 eum
1664 4769 1889 4831 multum
1943 4768 2150 4832 dicens,

561 4867 812 4937 quoniam
869 4864 975 4920 filia
1033 4878 1153 4919 mea
1200 4864 1253 4918 in
1284 4863 1541 4920 extremis
1585 4868 1706 4929 est;
1761 4860 1906 4926 veni,
1957 4860 2153 4929 inpone

560 4971 779 5011 manum
805 4969 964 5021 super
987 4970 1126 5022 eam,
1160 4963 1216 5009 ut
1260 4954 1409 5008 salva
1449 4953 1540 5020 sit,
1588 4962 1646 5008 et
1691 4952 1854 5009 vivat.
1908 4951 1978 5007 Et
2025 4952 2153 5008 abiit

561 5065 686 5107 cum
719 5049 834 5115 illo,
858 5060 909 5102 et
940 5048 1264 5117 sequebatur
1290 5062 1410 5103 eum
1459 5047 1611 5102 turba
1659 5048 1846 5103 multa.
1874 5048 2065 5103 Adhuc
2090 5062 2156 5103 eo

562 5142 837 5210 loquente,
865 5140 1089 5195 veniunt
1135 5140 1203 5195 ab
1248 5138 1671 5211 arcliisynagogo
1709 5140 1987 5195 dicentes:
2020 5139 2154 5206 Quia

557 5233 664 5287 ﬁlia
697 5242 785 5289 tua
837 5243 1046 5288 mortua
1077 5241 1182 5299 est,
1233 5234 1360 5304 quid
1391 5234 1531 5289 ultra
1580 5248 1749 5291 vexas
1794 5234 2154 5307 Magistrum?

558 5328 718 5383 Iesus
750 5336 925 5383 autem
962 5328 1123 5383 Verbo
1173 5326 1316 5398 quod
1362 5326 1640 5383 dicebatur
1695 5328 1897 5392 audito,
1940 5327 2011 5381 ait
2063 5341 2152 5379 ar-

558 5421 921 5493 chisynagogo
942 5438 954 5474 :
974 5420 1088 5477 Noli
1117 5422 1323 5488 timere,
1353 5419 1721 5476 tantummodo
1743 5421 1919 5475 crede.
1948 5420 2014 5473 Et
2041 5435 2149 5474 non

560 5512 781 5567 admisit
808 5529 1128 5585 quemquam
1152 5514 1307 5585 sequi
1348 5528 1407 5569 se
1434 5514 1537 5567 nisi
1566 5514 1784 5567 Petrum
1810 5523 1863 5567 et
1893 5512 2149 5569 Iacobum

566 5613 624 5660 et
650 5604 951 5662 Iohannem
1004 5608 1220 5663 fratrem
1249 5606 1458 5663 Jacobi.
1490 5607 1555 5661 Et
1584 5606 1805 5661 veniunt
1840 5606 1893 5661 iu
1934 5606 2151 5662 domum

638 5749 665 5779 ἰ
679 5742 760 5799 An
774 5743 1091 5814 depingitur?
1104 5746 1171 5803 Et
1192 5745 1351 5815 paulo
1372 5744 1509 5801 infra
1528 5744 1662 5803 forte
1684 5763 1697 5800 :
1717 5743 1997 5801 Ecclesium
2016 5761 2153 5800 mar-

2264 3181 2391 3219 num
2447 3167 2702 3236 porrexit.
2758 3166 2930 3223 Verus
2984 3166 3147 3223 homo
3206 3184 3369 3238 super
3397 3168 3657 3223 Lazarum
3690 3169 3851 3239 ﬂevit,

2262 3273 2423 3312 verus
2454 3258 2595 3314 Deus
2624 3274 2727 3314 una
2763 3275 2898 3315 voce
2924 3259 3183 3315 Lazarum
3239 3261 3306 3315 ab
3335 3260 3523 3315 inferis
3552 3261 3848 3315 suscitavit.

2258 3351 2391 3420 Quis
2414 3369 2519 3408 non
2545 3354 2728 3409 timeat
2776 3354 2936 3410 talem
2970 3355 3277 3425 Dominum,
3310 3353 3511 3426 Regem
3559 3354 3853 3410 aeternum?

2260 3449 2343 3502 cui
2376 3447 2589 3503 merito.
2622 3445 2869 3503 Sanctus.

2616 3554 2739 3593 ITEI
2780 3554 3075 3593 LECTIONES
3124 3553 3495 3595 COTTIDIANAS.

2506 3628 2719 3691 Epistola
2750 3628 2891 3680 Pauli
2914 3630 3118 3692 apostoli
3156 3630 3213 3681 ad
3240 3630 3607 3694 Philippenses.

2332 3710 2564 3779 Fratres,
2600 3715 2712 3769 scio
2744 3727 2838 3768 vos
2874 3712 3053 3783 gaudii
3085 3716 3191 3770 mei
3229 3715 3458 3788 omnes[
3500 3714 3681 3771 socios
3724 3714 3859 3788 μσς

2259 3816 2399 3859 esse.
2429 3803 2603 3859 Testis
2624 3806 2768 3860 enim
2802 3805 2931 3861 mihi
2958 3816 3040 3863 est
3072 3806 3327 3863 Dominus
3349 3807 3624 3878 quomodo
3647 3808 3856 3878 cupiam

2260 3909 2355 3949 vos
2385 3910 2571 3951 omnes
2602 3898 2655 3950 in
2688 3896 2982 3952 visceribus
3012 3898 3209 3954 Christi
3255 3898 3381 3955 Iesu
3416 3900 3629 3955 Domini
3661 3901 3855 3955 nostri.

2446 3986 2617 4038 Lectio
2639 3992 2797 4040 sancti
2815 3988 3069 4051 Evangelii
3093 3991 3365 4042 secundum
3386 3991 3684 4042 Iohannem.

2331 4070 2419 4123 Sic
2450 4069 2592 4124 enim
2645 4070 2834 4126 dilexit
2862 4072 3003 4127 Deus
3035 4071 3313 4139 mundum,
3361 4083 3420 4127 ut
3468 4074 3670 4130 Filium
3699 4093 3853 4132 suum

2260 4160 2588 4231 unigenitum
2618 4163 2769 4219 daret
2796 4164 2850 4218 in
2895 4164 3017 4234 illo,
3049 4174 3106 4219 ut
3150 4179 3340 4221 omnes
3386 4166 3477 4236 qui
3524 4167 3762 4224 credunt
3804 4172 3854 4225 in

2258 4266 2381 4307 eum
2414 4269 2520 4309 non
2554 4265 2793 4325 pereant,
2817 4256 2909 4311 sed
2939 4259 3169 4315 habeant
3212 4259 3377 4315 vitam
3421 4270 3707 4317 aeternam.
3742 4264 3853 4318 Non

2257 4347 2400 4403 enim
2425 4349 2566 4403 misit
2599 4350 2739 4405 Deus
2768 4350 2961 4406 Filium
2991 4367 3145 4407 suum
3174 4354 3227 4408 in
3255 4353 3535 4423 mundum,
3562 4364 3623 4410 ut
3645 4354 3853 4426 judicet

2257 4444 2537 4510 mundum,
2591 4445 2686 4501 sed
2736 4454 2795 4502 ut
2836 4448 3077 4503 salvetur
3119 4449 3345 4505 mundus
3392 4464 3487 4521 per
3518 4449 3719 4521 ipsum.
3754 4453 3853 4521 Qui

2258 4538 2429 4592 credit
2456 4539 2508 4592 in
2538 4554 2683 4607 eum,
2718 4554 2821 4594 non
2847 4541 3138 4609 judicalur,
3167 4543 3255 4612 qui
3307 4551 3483 4599 autem
3542 4559 3649 4598 non
3681 4544 3852 4599 credit

2258 4633 2312 4701 in
2363 4646 2506 4699 eum,
2548 4632 2815 4703 judicatus
2863 4642 2965 4699 est,
3024 4634 3146 4706 quia
3196 4649 3301 4690 non
3344 4634 3518 4691 credit
3548 4636 3601 4690 in
3632 4638 3848 4691 nomine

2261 4727 2512 4796 unigeniti
2541 4724 2657 4781 Filii
2693 4725 2806 4782 Dei.
2840 4726 2950 4783 Hoc
2970 4734 3057 4783 est
3082 4736 3260 4783 autem
3287 4727 3572 4798 judicium,
3599 4729 3725 4797 quia
3766 4730 3845 4781 lux

2256 4820 2403 4875 venit
2432 4820 2485 4874 in
2518 4820 2794 4888 mundum,
2827 4829 2881 4874 et
2928 4820 3230 4876 dilexerunt
3261 4820 3507 4875 homines
3564 4820 3738 4889 magis
3778 4831 3847 4874 te-

2259 4915 2453 4969 nebras
2483 4930 2640 4985 quam
2682 4915 2878 4968 lucem.
2911 4912 3080 4968 Erant
3105 4913 3247 4970 enim
3276 4927 3462 4969 eorum
3493 4912 3633 4966 mala
3663 4927 3841 4981 opera.

2262 5006 2447 5061 Omnis
2475 5008 2618 5061 enim
2649 5007 2737 5074 qui
2770 5005 2908 5060 male
2937 5006 3064 5075 agit,
3106 5005 3220 5060 odit
3261 5006 3456 5072 lucem,
3486 5014 3543 5061 et
3568 5021 3678 5060 non
3706 5006 3845 5060 venit

2262 5100 2329 5154 ad
2362 5101 2556 5166 lucem,
2591 5108 2649 5153 ut
2702 5114 2808 5155 non
2855 5109 3148 5170 arguantur
3180 5114 3342 5168 opera
3389 5099 3523 5168 ejus.
3574 5100 3679 5167 Qui
3729 5100 3844 5153 facit

2261 5194 2565 5257 veritatem,
2598 5194 2742 5247 venit
2774 5192 2841 5257 ad
2888 5192 3081 5258 lucem,
3117 5201 3174 5247 ut
3222 5191 3630 5248 manifestentur
3688 5206 3841 5263 Opera

2262 5288 2283 5363 [
2319 5287 2458 5358 ejus,
2500 5286 2520 5359 ]
2546 5288 2665 5359 quia
2697 5288 2749 5341 in
2782 5288 2890 5344 Deo
2920 5298 3043 5342 sunt
3065 5285 3224 5341 facta.

2624 5401 2749 5452 Item
2776 5401 2869 5452 alia
2902 5402 3170 5451 secundum
3192 5400 3484 5453 Iohannem.

2332 5508 2529 5571 Amen,
2561 5521 2716 5561 amen
2745 5507 2867 5561 dico
2894 5507 3066 5572 vobis,
3102 5505 3191 5576 qui
3220 5493 3395 5560 credit
3445 5506 3496 5559 in
3527 5514 3637 5571 me,
3687 5518 3837 5572 opera

2230 5616 2380 5674 -qu:e
2406 5614 2508 5671 ego
2533 5600 2691 5665 facio,
2721 5609 2775 5655 et
2801 5600 2914 5669 ipse
2936 5596 3115 5665 faciet,
3137 5607 3189 5654 et
3206 5598 3409 5668 majora
3440 5600 3627 5651 horum
3656 5598 3834 5659 faciet;

2260 5740 2440 5815 garin
2455 5741 2761 5813 fecundam;
2790 5739 2875 5795 vel
2903 5736 3162 5794 :Ecclesia
3191 5738 3483 5813 margaritis
3512 5738 3828 5809 fecundatur.
