4060 6346
422 86 447 99 χ

332 182 437 240 565

883 180 1522 241 SACRAMENTARIUM
1558 183 2021 244 GALLICANUM.
2059 215 2129 226 —
2168 184 2549 245 LECTIONES
2584 188 3062 251 DOMINICALES.

3512 197 3619 253 566

331 308 382 357 et
411 299 784 371 quodcumque
810 298 1072 369 petieritis
1093 314 1143 353 in
1171 298 1387 354 nomine
1413 314 1553 365 meo,
1578 303 1684 357 hoc
1706 302 1916 365 faciam,
1949 296 2001 359 Α
2028 298 2099 352 tui
2130 298 2205 353 ill.
2240 314 2398 370 quem
2436 301 2487 357 in
2509 302 2609 358 hoc
2636 303 2833 358 saeculo
2858 319 3279 362 commorantem
3305 322 3473 364 sacris
3494 326 3620 365 inu-

330 403 385 450 ω
408 392 739 464 gloriﬁcetur
757 393 917 449 Pater
938 393 990 446 in
1019 390 1175 449 Filio.
1201 392 1255 449 Si
1286 392 1507 464 diligitis
1526 408 1634 461 me,
1672 396 1921 452 mandata

330 501 452 543 mea
483 496 718 542 servate.
748 484 853 554 Qui
897 484 1045 541 audit
1074 486 1324 541 mandata
1371 500 1515 555 mea,
1544 494 1600 544 et
1629 496 1811 543 servat
1836 502 1921 554 ea,

327 581 417 638 ille
440 590 525 636 est
546 580 639 652 qui
663 581 834 651 diligit
861 596 947 637 me
970 597 985 634 :
1017 582 1109 650 qui
1131 589 1309 637 autem
1335 580 1510 652 diligit
1536 595 1644 648 me,
1675 581 1921 651 diligetur

326 693 358 734 ι
385 678 543 733 Patre
569 690 713 745 meo,
741 685 795 732 et
819 690 921 743 ego
948 675 1168 747 diligam
1214 692 1361 745 eum,
1392 685 1449 733 et
1497 675 1852 733 manifestabo
1875 676 1926 733 ei

326 783 419 826 me
439 769 634 840 ipsum.

657 854 769 890 ιτκκ
800 851 936 889 κιεδλ
967 851 1248 890 εοττωιΛΝΑ
1278 850 1594 889 νοωικιωιιε.

466 924 611 983 Deus
645 924 734 995 qui
763 923 1105 995 diligentibus
1132 934 1184 980 te
1237 924 1373 978 bona
1400 922 1693 987 invisibilia
1722 936 1930 993 praepa-

329 1019 485 1085 rasti,
510 1018 733 1074 infunde
779 1018 830 1073 in
880 1016 1133 1073 cordibus
1184 1017 1385 1071 nostris
1416 1018 1491 1071 tui
1539 1014 1739 1070 amoris
1770 1015 1929 1070 eli'ec-

331 1120 468 1178 tum,
524 1121 580 1165 ut
609 1120 663 1168 te
712 1110 767 1167 in
814 1110 1065 1166 omnibus
1122 1118 1176 1165 et
1226 1123 1392 1178 super
1414 1107 1592 1164 omnia
1620 1107 1926 1179 diligentes,

330 1202 719 1275 promissiones
766 1212 884 1260 tuas
926 1218 1046 1275 quas
1103 1216 1264 1259 omne
1301 1200 1630 1265 desiderium
1672 1207 1932 1271 superant

331 1310 746 1367 consequamur.
794 1296 803 1306 '

1019 1364 1225 1415 Secreta

407 1449 657 1521 Respice,
716 1448 959 1516 Domine,
991 1463 1319 1518 quaesumus,
1344 1448 1704 1505 adﬂictionem
1750 1448 1934 1519 populi

334 1527 444 1609 tui;
476 1552 530 1598 et
558 1558 693 1614 quos
717 1542 925 1613 justitia
950 1543 1201 1613 corripis,
1247 1540 1614 1598 misericordia
1661 1542 1932 1597 consolari

334 1634 582 1705 dignare,
611 1645 667 1689 ut
690 1644 741 1690 te
763 1634 989 1690 custode
1037 1634 1261 1701 servati,
1292 1635 1360 1691 ab
1401 1633 1652 1691 omnibus
1684 1634 1937 1706 periculis

335 1725 497 1799 hujus
527 1727 650 1782 vitae
684 1726 998 1783 liberemur.

979 1817 1295 1870 Contestatio.

412 1902 551 1959 Vere
571 1902 790 1973 dignum
814 1903 1091 1973 etjustum
1120 1910 1205 1959 est
1255 1903 1599 1974 omnipotens
1628 1904 1795 1973 Deus,
1828 1905 1938 1962 cle-

337 2012 491 2054 mens
521 2004 575 2052 et
603 1997 931 2062 misericors,
974 1997 1062 2066 qui
1117 1996 1335 2066 januam
1394 1996 1640 2052 fidelibus
1697 1997 1802 2052 tuis
1836 2013 1931 2067 per

339 2090 574 2145 studium
606 2090 771 2159 pacis,
806 2100 860 2144 et
886 2088 1124 2143 caritatis
1156 2089 1449 2144 munimine
1474 2099 1659 2159 patere
1681 2090 1935 2157 voluisti;

339 2182 551 2251 respice
596 2181 649 2235 in
701 2181 875 2248 nobis,
927 2190 982 2236 et
1029 2180 1290 2235 miserere
1347 2180 1517 2235 nostri
1549 2181 1725 2247 Deus,
1758 2182 1937 2250 quiad

340 2284 596 2330 aeternam
626 2274 791 2329 vitam
819 2273 872 2328 in
902 2272 1105 2329 Christi
1130 2275 1533 2330 resurrectione
1568 2288 1665 2329 nos
1694 2290 1936 2344 reparas.

340 2365 562 2422 Custodi
589 2381 752 2436 opera
778 2365 1166 2422 misericordiae
1193 2374 1331 2432 tuas;
1356 2376 1413 2420 ut
1443 2381 1563 2421 cum
1591 2368 1642 2421 in
1662 2368 1941 2437 majestate

342 2474 437 2515 sua
464 2460 779 2531 Unigenitus
798 2468 921 2515 tuus
948 2459 1246 2525 advenerit,
1273 2458 1338 2514 ad
1379 2459 1796 2514 immortalitatis
1826 2460 1943 2531 glo-

340 2552 475 2607 riam
503 2567 842 2623 resurgamus
888 2567 983 2623 per
1025 2552 1293 2607 Christum
1328 2552 1633 2608 Dominum.
1667 2551 1938 2609 Sancrus.

577 2661 821 2701 LEGENDA
859 2660 911 2699 ΙΝ
951 2658 1296 2699 θερῡειτιοκε
1348 2657 1692 2698 εΑοΕιωοτιε.

688 2737 904 2800 Epistula
930 2736 1069 2785 Pauli
1097 2734 1303 2798 apostoli
1336 2735 1394 2784 ad
1419 2735 1598 2785 Titum.

411 2820 650 2889 Fratres,
688 2822 755 2877 de
786 2819 1173 2876 dormientibus
1198 2818 1225 2857 ι’
1253 2821 1499 2875 nolumus
1537 2835 1633 2874 vos
1663 2818 1940 2890 ignorare,

341 2924 522 2969 utnon
549 2914 939 2969 contristemiui
970 2915 1107 2968 sicut
1154 2912 1321 2967 ceteri
1373 2913 1465 2981 qui
1497 2927 1646 2981 spem
1703 2927 1808 2967 non
1839 2912 1940 2965 lia-

341 3005 490 3063 bent.
539 3007 595 3061 Si
636 3008 778 3062 enim
810 3006 1080 3061 credimus
1111 3003 1253 3075 quod
1300 3003 1456 3057 Jesus
1483 3012 1727 3057 mortuus
1755 3010 1859 3069 est,
1890 3010 1944 3057 et

341 3104 655 3168 resurrexit,
688 3100 759 3154 ita
788 3111 841 3157 et
870 3101 1014 3156 Deus
1047 3114 1139 3154 eos
1166 3099 1253 3169 qui
1278 3098 1611 3152 dormierunt
1643 3112 1737 3167 per
1761 3095 1945 3151 Jesnm
1971 3088 2018 3152 C

268 3186 279 3191 ’
342 3194 574 3249 adducet
602 3211 723 3249 cum
752 3209 838 3248 eo.
885 3192 996 3247 Hoc
1049 3192 1189 3245 enim
1222 3191 1372 3243 vobis
1418 3190 1645 3244 dicimus
1679 3190 1729 3242 in
1779 3190 1945 3244 verbo

345 3287 577 3355 Domini,
619 3286 739 3358 quia
775 3302 869 3341 nos
895 3286 986 3357 qui
1018 3284 1266 3347 vivimus,
1296 3283 1383 3354 qui
1418 3282 1620 3338 residui
1655 3298 1840 3337 sumus
1891 3285 1942 3338 in

344 3379 631 3436 adventum
665 3378 897 3449 Domini,
948 3392 1051 3432 non
1082 3376 1473 3445 praeveniemus
1529 3391 1623 3430 eos
1681 3378 1770 3445 qui
1819 3374 1946 3431 dor-

348 3477 600 3532 mierunt.
634 3475 894 3543 Quoniam
923 3472 1037 3542 ipse
1064 3475 1320 3529 Dominus
1349 3472 1398 3523 in
1445 3469 1596 3538 jussu
1619 3477 1674 3523 et
1699 3483 1831 3522 voce
1860 3483 1946 3522 ar-

345 3569 613 3641 changeli,
645 3579 697 3623 et
723 3568 772 3621 io
810 3565 932 3621 tuba
966 3565 1056 3621 Dei
1087 3565 1380 3621 descendet
1427 3560 1494 3616 de
1522 3560 1677 3627 caelo,
1712 3568 1766 3615 et
1799 3576 1947 3613 mor-

346 3664 421 3717 tui
452 3664 536 3731 qui
571 3663 621 3717 in
647 3663 860 3717 Christo
891 3668 1015 3715 sunt
1066 3668 1347 3730 resurgent
1378 3657 1559 3728 primi.
1591 3655 1797 3711 Deinde
1844 3669 1944 3711 nos

294 3764 303 3777 ‘
347 3758 431 3827 qui
463 3758 710 3822 vivimus,
737 3756 821 3826 qui
854 3754 1237 3824 relinquemur,
1285 3751 1448 3805 simul
1501 3749 1774 3818 rapiemur
1822 3761 1945 3802 cum

346 3850 449 3904 illis
473 3850 524 3903 in
559 3849 784 3904 nubibus
815 3847 1027 3901 obviam
1069 3843 1295 3899 Domino
1325 3843 1381 3898 in
1420 3856 1568 3909 aera,
1603 3848 1660 3896 et
1693 3840 1774 3897 sic
1803 3852 1946 3894 sem-

347 3959 443 4014 per
469 3958 588 3999 cnm
624 3942 847 3997 Domino
878 3941 1100 3996 erimus.

523 4035 692 4085 Lectio
715 4035 868 4084 sancti
894 4031 1148 4094 Evangelii
1173 4028 1445 4081 secundum
1472 4027 1766 4078 Jobauuem.

418 4120 559 4174 Dlel.
586 4118 838 4172 Dominus
865 4116 1020 4172 Jesus
1048 4114 1114 4169 ad
1138 4115 1358 4169 turbas:
1392 4115 1565 4168 Amen
1608 4125 1765 4166 amen
1815 4108 1942 4164 dico

272 4208 279 4213 “
346 4214 522 4281 vobis,
554 4213 673 4282 quia
704 4212 791 4281 qui
817 4211 1039 4265 verbum
1070 4223 1250 4263 meum
1284 4206 1452 4270 audit,
1488 4214 1543 4260 et
1570 4204 1743 4260 credit
1773 4203 1822 4257 ei
1844 4202 1937 4272 qui

345 4308 490 4364 misit
516 4322 622 4369 me,
655 4306 813 4361 habet
838 4305 999 4358 vitam
1042 4312 1322 4367 aeternam,
1377 4311 1428 4371 et
1457 4299 1510 4353 in
1538 4296 1802 4368 judicium
1833 4310 1942 4351 non

290 4456 293 4459 ,
346 4401 511 4467 venit,
543 4399 635 4456 sed
666 4396 855 4453 transit
880 4413 909 4451 a
934 4406 1106 4451 morte
1130 4395 1181 4448 in
1206 4393 1393 4448 vitam.
1424 4392 1592 4445 Amen
1625 4403 1784 4443 amen
1821 4387 1943 4442 dico

346 4493 497 4549 vobis
524 4491 646 4563 quia
673 4490 815 4547 venit
839 4489 997 4551 hora,
1029 4500 1081 4541 et
1129 4500 1267 4540 nunc
1313 4491 1415 4549 est,
1472 4478 1685 4552 quando
1737 4478 1939 4533 mortui
1967 4485 2020 4546 D

346 4585 562 4641 audient
608 4598 793 4639 vocem
845 4580 960 4636 Filii
1008 4579 1125 4646 Dei,
1181 4586 1237 4634 et
1284 4577 1373 4647 qui
1418 4574 1692 4630 audierint
1728 4572 1935 4627 vivent.

346 4676 496 4733 Sicut
519 4680 660 4732 enim
686 4674 842 4729 Pater
871 4672 1031 4726 habet
1061 4670 1221 4725 vitam
1246 4669 1299 4723 in
1326 4668 1642 4735 semetipso,
1685 4664 1763 4719 sic
1789 4662 1940 4718 dedit

345 4784 395 4826 et
420 4771 553 4826 Filio
600 4771 797 4825 habere
834 4767 995 4821 vitam
1046 4767 1098 4821 in
1148 4765 1463 4841 semetipso,
1519 4768 1573 4815 et
1615 4766 1936 4829 potestatem

346 4864 491 4919 dedit
524 4862 573 4918 ei
624 4862 882 4931 judicium
922 4858 1116 4925 facere,
1160 4856 1281 4927 quia
1334 4853 1501 4909 Filius
1554 4851 1784 4906 hominis
1831 4858 1934 4904 est.

347 4952 521 5008 Nolite
543 4950 723 5007 mirari
757 4950 879 5014 hoc,
911 4949 1033 5020 quia
1064 4950 1211 5002 venit
1244 4946 1396 5010 hora,
1432 4946 1484 4998 in
1508 4957 1614 5013 qua
1637 4952 1825 4995 omnes
1846 4938 1939 5009 qui

348 5050 398 5104 in
430 5048 786 5104 monumentis
833 5053 979 5111 sunt,
1035 5042 1254 5098 audient
1304 5055 1488 5095 vocem
1541 5038 1694 5109 ejus;
1726 5044 1779 5092 et
1812 5049 1940 5106 pro-

348 5140 541 5198 cedent
581 5139 670 5207 qni
720 5140 858 5193 bona
914 5137 1153 5191 fecerunt
1199 5134 1250 5188 in
1292 5131 1746 5188 resurrectionem
1792 5129 1942 5195 vitae,

347 5234 441 5305 qui
466 5248 593 5290 vero
615 5232 754 5288 mala
783 5239 1099 5304 gesserunt,
1125 5226 1176 5281 in
1205 5226 1655 5281 resurrectionem
1675 5222 1882 5295 judicii.

785 5335 918 5375 MISSA
950 5333 1228 5370 εΑεειιυσῖιδ
1261 5331 1486 5368 DIFUNCTI
1495 5353 1504 5363 .

426 5411 646 5475 Praesta,
678 5409 923 5472 Domine,
955 5417 1281 5476 quaesumus,
1331 5411 1390 5457 ut
1424 5402 1599 5456 anima
1647 5396 1940 5454 sacerdotis

424 5536 449 5565 ⁸
481 5526 607 5581 Haec
636 5523 893 5579 Collectio
920 5520 1145 5576 habetur
1166 5518 1216 5573 in
1244 5517 1488 5572 Romano
1518 5515 1790 5571 Dominica
1823 5518 1943 5583 post

349 5599 704 5659 PentecOsten
744 5596 949 5665 quinta.

420 5668 450 5710 δ
493 5656 821 5740 Augustinus
847 5666 897 5740 in
928 5676 1176 5740 sermone
1204 5660 1309 5716 175
1330 5656 1683 5740 ad_populum
1713 5657 1807 5719 ait,
1841 5670 1940 5740 nos

343 5742 550 5799 ‘deberc
577 5726 714 5795 lianc
760 5736 1043 5793 lectionem
1091 5738 1352 5789 intuente
1398 5731 1617 5796 habere,
1670 5748 1688 5781 ι
1724 5726 1941 5797 quando

2027 392 2241 448 neribus
2254 394 2754 462 coronasti,caelesti
2771 396 3142 467 sede,gloriosa
3162 402 3617 470 semperexultet.

2698 506 2947 559 Collectio.

2101 589 2244 645 Deus
2274 606 2363 660 qui
2412 592 2778 648 confitentium
2809 601 2860 648 te
2912 593 3087 663 portio
3131 607 3190 649 es
3217 594 3621 660 defunctorum.

2032 696 2215 752 preces
2239 693 2448 739 nostras
2492 699 2624 754 quas
2656 684 2708 739 in
2741 685 3041 740 sacerdotis
3071 684 3144 738 tui
3173 683 3251 739 ill.
3284 685 3625 755 depositione

2031 775 2338 839 deferimus,
2366 775 2627 845 propitius
2675 775 2870 831 exaudi
2898 793 2912 842 ;
2939 784 2996 831 ut
3023 777 3112 846 qui
3162 776 3364 831 nomini
3392 784 3484 831 tuo
3515 774 3623 829 iiii-

2031 868 2309 924 nisterium
2334 868 2493 925 ﬁdele
2516 869 2790 939 dependit,
2814 878 3071 940 perpetua
3095 869 3417 927 Sanctorum
3448 870 3622 925 socie-

2034 975 2141 1021 tate
2172 966 2402 1021 laetetur.

2652 1038 2770 1089 Post
2791 1040 3001 1088 nomina.

2096 1122 2237 1178 Deus
2252 1121 2340 1193 qui
2364 1122 2732 1178 universorum
2748 1131 2960 1178 creator
2975 1131 3028 1177 et
3044 1121 3288 1179 conditor
3307 1137 3388 1188 es,
3406 1136 3528 1177 cum
3547 1122 3624 1177 sis

2036 1224 2249 1269 tuorum
2280 1215 2551 1269 beatitudo
2581 1224 2910 1281 sanctorum,
2929 1223 3121 1285 praesta
3145 1214 3298 1270 nobis
3324 1214 3629 1284 petentibus

2036 1317 2097 1364 ut
2136 1308 2526 1378 depositionem
2581 1309 2875 1365 sacerdotis
2930 1309 3004 1363 tui
3055 1318 3108 1364 et
3135 1309 3377 1379 corporis
3399 1308 3632 1363 nexibus

2037 1400 2339 1457 absolutum
2371 1400 2425 1456 in
2463 1401 2635 1470 prima
2665 1403 3060 1458 resurrectione
3086 1401 3251 1456 facias
3292 1401 3631 1471 prmsentari.

2677 1491 2979 1543 Contestatio

2114 1596 2257 1653 Vere
2285 1595 2504 1666 dignum
2535 1605 2590 1653 et
2637 1594 2840 1666 justum
2893 1604 2992 1663 est,
3047 1594 3424 1667 mysteriorum
3473 1592 3636 1650 caele-

1965 1695 2016 1759 Β
2044 1689 2204 1744 stium
2234 1698 2578 1743 consecratur
2606 1697 2806 1743 aeterne
2831 1686 2991 1752 Deus,
3021 1693 3204 1742 custos
3244 1684 3517 1753 Ecclesiae,
3547 1699 3637 1741 sa-

2040 1781 2315 1836 cerdotum
2341 1780 2530 1848 decus,
2559 1789 2614 1836 et
2656 1780 2775 1835 laus
2825 1779 3065 1835 omnium
3108 1786 3254 1834 certa
3296 1779 3637 1850 pontiﬁcum,

2040 1874 2387 1930 eminentiam
2425 1872 2713 1943 Majestatis
2755 1881 2882 1940 tum,
2925 1872 3195 1928 excelsum
3234 1886 3429 1926 nomen
3458 1885 3641 1939 orare,

2042 1975 2101 2021 ut
2130 1967 2245 2021 hinc
2295 1980 2449 2021 sacra
2480 1967 2759 2039 mysteria,
2812 1982 2934 2037 quae
2976 1975 3080 2022 tua:
3133 1966 3315 2037 pietati
3364 1965 3641 2021 oll‘erimus

2044 2074 2139 2130 pro
2168 2059 2347 2114 anima
2368 2067 2424 2115 et
2467 2061 2657 2131 spiritu
2685 2062 2982 2117 sacerdotis
3022 2062 3096 2116 tui
3140 2060 3244 2129 ill.,
3279 2057 3433 2133 cujus
3481 2059 3643 2122 hodie

2046 2154 2435 2224 depositioncm
2486 2155 2847 2223 celebramus,
2898 2154 3041 2212 inter
3069 2164 3378 2212 sanctorum
3409 2168 3643 2210 consor—

2042 2249 2175 2302 tium
2231 2246 2285 2303 in
2328 2247 2451 2303 libri
2491 2248 2615 2303 vitre
2664 2247 2855 2318 jubeas
2903 2248 3149 2320 paginam
3210 2248 3492 2319 intimare,
3546 2261 3644 2317 per

2041 2336 2315 2393 Christum
2362 2338 2643 2393 Dominum
2676 2346 2940 2393 nostrum.
2982 2340 3102 2395 Cui.

2455 2444 2747 2488 LECTIONBS
2785 2446 2885 2489 PRO
2921 2449 3233 2491 DEFUNCTIS.

2352 2521 2567 2586 Epistola
2590 2523 2729 2574 Pauli
2757 2523 2958 2586 apostoli
2983 2526 3040 2573 ad
3065 2523 3327 2575 Romanos.

2116 2606 2333 2663 Fratres
2352 2649 2366 2674 ,
2395 2623 2553 2664 nemo
2576 2617 2817 2663 vestrum
2843 2609 2942 2664 sibi
2969 2610 3120 2674 vivit,
3141 2616 3194 2662 et
3213 2621 3372 2663 nemo
3390 2606 3493 2663 sibi
3515 2620 3645 2662 nio-

2044 2700 2199 2754 ritur.
2226 2700 2350 2756 Sive
2370 2702 2510 2756 enim
2534 2700 2784 2769 vivimus,
2803 2700 3029 2755 Domino
3052 2699 3316 2765 vivimus;
3349 2699 3468 2754 sive
3484 2698 3643 2753 mori-

2045 2810 2188 2860 mur,
2207 2794 2437 2850 Domino
2457 2797 2736 2850 morimur.
2759 2793 2882 2849 Sive
2908 2792 3051 2849 enim
3068 2792 3315 2859 vivimus,
3335 2791 3455 2846 sive
3481 2791 3642 2845 mori-

2049 2905 2189 2953 mur,
2212 2887 2643 2943 Dominisumus.
2667 2872 2722 2941 lu
2740 2886 2841 2941 hoc
2861 2888 3003 2940 enim
3030 2884 3276 2941 Christus
3299 2893 3542 2939 mortuus
3556 2891 3641 2938 est

2049 2991 2103 3037 et
2125 2984 2442 3048 resurrexit,
2467 2992 2528 3038 ut
2547 2992 2603 3039 et
2623 2993 2955 3038 mortuorum
2983 2992 3037 3036 et
3060 2982 3297 3035 vivorum
3314 2979 3646 3034 dominetur.

2227 3072 2400 3124 Lectio
2421 3077 2578 3124 sancti
2602 3074 2859 3137 Evangelii
2882 3073 3153 3124 semiudum
3177 3071 3473 3123 Johannem.

2128 3162 2182 3215 ln
2238 3162 2329 3215 illo
2385 3170 2647 3230 tempore,
2710 3162 2965 3215 Dominus
2996 3169 3176 3213 noster
3202 3157 3358 3212 .lesus
3400 3154 3649 3211 Christus

2050 3254 2365 3325 loquebatur
2388 3255 2658 3323 discipulis
2699 3254 2811 3308 suis
2839 3254 3024 3309 dicens
3061 3270 3073 3306 :
3112 3251 3237 3306 Hazc
3278 3261 3359 3305 est
3405 3251 3649 3304 voluntas

2051 3347 2167 3418 ejus
2182 3348 2271 3419 qui
2294 3348 2441 3403 misit
2461 3362 2548 3402 me
2565 3346 2762 3410 Patris,
2788 3354 2846 3400 ut
2867 3359 3027 3400 omne
3045 3343 3184 3415 quod
3204 3343 3352 3397 dedit
3369 3341 3519 3408 mihi,
3540 3355 3647 3397 non

2052 3441 2271 3509 perdam
2300 3456 2367 3497 ex
2388 3456 2475 3509 eo,
2509 3440 2603 3496 sed
2629 3440 2945 3495 resuscitem
2980 3436 3112 3491 illud
3135 3437 3189 3491 in
3221 3435 3516 3490 novissimo
3536 3433 3623 3488 die
3637 3459 3653 3488 .-

2050 3535 2175 3589 llaac
2226 3543 2310 3589 est
2350 3534 2495 3590 enim
2549 3532 2796 3587 voluntas
2835 3530 3002 3585 Patris
3031 3528 3134 3583 mei
3167 3526 3257 3597 qui
3290 3524 3564 3590 misitme,
3589 3530 3649 3580 ut

2049 3624 2224 3682 omnis
2244 3627 2334 3696 qui
2357 3624 2506 3681 videt
2532 3623 2746 3692 Filium,
2770 3634 2824 3679 et
2847 3621 3017 3677 credit
3046 3621 3100 3676 in
3141 3634 3299 3688 eum,
3326 3616 3520 3683 habeat
3566 3615 3650 3670 vi-

2050 3728 2157 3775 tam
2187 3728 2463 3777 aeternam.
2496 3717 2561 3777 Et
2591 3716 2922 3773 resuscitabo
2949 3729 3070 3769 eum
3093 3713 3148 3767 in
3170 3709 3466 3767 novissimo
3488 3709 3599 3763 die.

2569 3819 2703 3859 IISSA
2733 3819 2826 3856 PRO
2858 3817 3129 3855 DRFUNCTII.

2121 3894 2555 3964 Omnipotentem
2589 3893 2899 3957 Dominum,
2933 3891 3123 3945 fratres
3136 3885 3424 3954 carissimi,
3453 3884 3651 3955 depre-

2049 4002 2253 4056 cemur,
2287 3998 2345 4045 ut
2371 3988 2603 4059 animam
2648 3966 2832 4041 famoli
2861 3984 2935 4038 tui
2991 3983 3066 4037 ill.
3096 3995 3254 4051 quam
3298 3980 3366 4034 de
3395 3976 3641 4047 corporis

2048 4096 2265 4139 carcere
2294 4081 2591 4136 absolutam
2625 4079 2676 4132 in
2701 4075 2830 4132 illud
2861 4073 3278 4142 sempiternum,
3324 4079 3380 4126 et
3409 4069 3649 4124 inviola-

2048 4179 2155 4236 bile
2178 4177 2432 4235 saeculum
2464 4174 2693 4243 migrare
2737 4168 3060 4242 praecepisti,
3107 4168 3160 4221 in
3192 4164 3423 4221 Abrahae
3468 4162 3648 4218 sinuin

2048 4285 2171 4325 eum
2197 4269 2434 4340 digneris
2464 4268 2733 4335 excipere,
2778 4271 2833 4319 et
2860 4263 2915 4317 in
2946 4259 3221 4316 consortio
3248 4257 3436 4329 prima
3462 4270 3649 4312 resur-

2047 4362 2303 4418 rectionis
2343 4359 2608 4415 suscitare
2646 4357 2860 4427 iubeas.

2795 4448 2980 4499 llectio.

2795 4450 2827 4498 ll
2863 4462 2889 4499 c
2918 4450 2980 4498 'o.

2121 4540 2349 4595 Domine
2396 4536 2637 4592 salvator
2684 4450 3028 4601 ngteifqui
3075 4528 3145 4584 de
3189 4525 3437 4583 ﬂuctibus
3481 4521 3643 4593 hujus

2046 4632 2225 4687 saeculi
2251 4631 2513 4686 bonorum
2562 4628 2768 4684 animas
2814 4624 3090 4693 suscipere
3119 4620 3367 4690 dignatus
3394 4630 3485 4681 es,
3520 4616 3639 4671 ani-

2047 4738 2188 4780 mam
2218 4736 2433 4792 quoque
2476 4719 2657 4775 famuli
2701 4718 2778 4772 tui
2824 4716 2900 4771 ill.
2932 4714 3216 4769 adsumere
3270 4708 3529 4779 digneris,
3585 4714 3645 4762 ut

2044 4835 2166 4875 eum
2184 4818 2252 4874 ad
2270 4826 2483 4888 portum
2506 4822 2724 4870 aeternae
2744 4810 2939 4881 quietis
2964 4806 3239 4871 admittas,
3256 4816 3314 4858 ut
3333 4799 3643 4883 cielestibus

2054 4914 2261 4968 fruatur
2273 4882 2439 4965 bonis
2477 4914 2535 4963 et
2561 4905 2786 4977 gaudeat
2817 4918 2877 4958 se
2898 4900 3051 4957 malis
3073 4898 3311 4957 evasisse
3335 4882 3645 4953 tormentis.

2668 4997 2786 5048 Post
2812 4997 3006 5046 nomina

2122 5107 2392 5177 Rogamus
2420 5104 2613 5173 etiam,
2654 5102 2904 5169 Domine,
2955 5115 3051 5170 pro
3094 5096 3271 5154 anima
3318 5091 3506 5149 famuli
3557 5089 3641 5145 tui

2051 5205 2125 5260 ill.
2159 5218 2317 5275 quam
2346 5204 2401 5256 in
2432 5215 2561 5270 pace
2582 5199 2851 5255 dominica
2878 5197 3163 5252 adsumere
3180 5192 3429 5261 dignatus
3452 5200 3547 5252 es;
3583 5194 3643 5240 ut

2053 5300 2226 5355 locum
2277 5296 2537 5368 refrigerii
2584 5303 2797 5359 teneat.
2844 5293 2965 5347 vitae
3024 5289 3213 5346 merits
3268 5292 3638 5353 consequatur

2047 5406 2267 5460 aeterna,
2306 5393 2485 5464 ibique
2511 5405 2634 5446 eum
2662 5398 2901 5446 statuere
2944 5382 3201 5454 digneris,
3251 5378 3341 5434 ubi
3390 5384 3473 5432 est
3514 5388 3632 5426 0m-

2046 5515 2382 5573 celebramus
2430 5511 2548 5566 dies
2575 5503 3240 5578 fratrumwdefunctorum.
3282 5517 3301 5549 υ
3343 5495 3628 5578 Qianlum

2048 5603 2174 5643 vero
2197 5583 2460 5640 defunctis
2483 5583 2655 5652 prosit
2674 5576 3013 5641 sacrificium,
3034 5573 3172 5628 idem
3196 5577 3424 5625 testatur
3446 5573 3498 5621 in
3518 5579 3651 5620 ser-.

2050 5673 2212 5715 mone
2243 5654 2597 5729 praecedente.
