  <div class='ocr_page' id='page_1' title='image "/cluster/home/n/w/nwhite01/storage/ocr_20150623/72/hvd.32044015469364/291.png"; bbox 0 0 4076 6348; ppageno 0'>
   <div class='ocr_carea' id='block_1_1' title="bbox 542 250 644 307">
    <p class='ocr_par' dir='ltr' id='par_1_1' title="bbox 542 250 644 307">
     <span class='ocr_line' id='line_1_1' title="bbox 542 250 644 307; baseline 0 -1"><span class='ocrx_word' id='word_1_1' title='bbox 542 250 644 307; x_wconf 78' lang='lat'><strong>567</strong></span> 
     </span>
    </p>
   </div>
   <div class='ocr_carea' id='block_1_2' title="bbox 1348 245 3009 307">
    <p class='ocr_par' dir='ltr' id='par_1_2' title="bbox 1348 245 3009 307">
     <span class='ocr_line' id='line_1_2' title="bbox 1348 245 3009 307; baseline -0.003 0"><span class='ocrx_word' id='word_1_2' title='bbox 1348 250 1688 307; x_wconf 80' lang='lat' dir='ltr'><strong>APPENDIX</strong></span> <span class='ocrx_word' id='word_1_3' title='bbox 1724 250 1817 305; x_wconf 89' lang='lat' dir='ltr'><strong>AD</strong></span> <span class='ocrx_word' id='word_1_4' title='bbox 1855 247 2086 305; x_wconf 81' lang='lat' dir='ltr'><strong>OPERA</strong></span> <span class='ocrx_word' id='word_1_5' title='bbox 2122 246 2181 303; x_wconf 90' lang='lat' dir='ltr'><strong>S.</strong></span> <span class='ocrx_word' id='word_1_6' title='bbox 2223 246 2533 303; x_wconf 73' lang='lat' dir='ltr'><strong>GERMANI</strong></span> <span class='ocrx_word' id='word_1_7' title='bbox 2572 245 3009 304; x_wconf 77' lang='lat' dir='ltr'><strong>PARISIENSIS.</strong></span> 
     </span>
    </p>
   </div>
   <div class='ocr_carea' id='block_1_3' title="bbox 3716 243 3827 301">
    <p class='ocr_par' dir='ltr' id='par_1_3' title="bbox 3716 243 3827 301">
     <span class='ocr_line' id='line_1_3' title="bbox 3716 243 3827 301; baseline 0 -2"><span class='ocrx_word' id='word_1_8' title='bbox 3716 243 3827 301; x_wconf 77' lang='lat'><strong>568</strong></span> 
     </span>
    </p>
   </div>
   <div class='ocr_carea' id='block_1_4' title="bbox 544 360 3827 457">
    <p class='ocr_par' dir='ltr' id='par_1_4' title="bbox 544 360 3827 457">
     <span class='ocr_line' id='line_1_4' title="bbox 544 360 3827 457; baseline -0.005 -31"><span class='ocrx_word' id='word_1_9' title='bbox 544 372 687 426; x_wconf 89' lang='lat' dir='ltr'><strong>nium</strong></span> <span class='ocrx_word' id='word_1_10' title='bbox 708 366 981 425; x_wconf 73' lang='lat' dir='ltr'><strong>beatitudo</strong></span> <span class='ocrx_word' id='word_1_11' title='bbox 996 366 1298 437; x_wconf 73' lang='lat' dir='ltr'><strong>justdrum;</strong></span> <span class='ocrx_word' id='word_1_12' title='bbox 1322 376 1518 423; x_wconf 97' lang='lat' dir='ltr'><strong>etcum</strong></span> <span class='ocrx_word' id='word_1_13' title='bbox 1533 360 1945 433; x_wconf 89' lang='lat' dir='ltr'><strong>diesillejndicii</strong></span> <span class='ocrx_word' id='word_1_14' title='bbox 1967 362 2128 457; x_wconf 82' lang='lat' dir='ltr'><strong>adve-</strong></span> <span class='ocrx_word' id='word_1_15' title='bbox 2152 371 2207 432; x_wconf 71' lang='grc' dir='ltr'><strong>Α</strong></span> <span class='ocrx_word' id='word_1_16' title='bbox 2233 383 2762 441; x_wconf 58' lang='lat' dir='ltr'><strong>misericordiambei</strong></span> <span class='ocrx_word' id='word_1_17' title='bbox 2794 386 3056 450; x_wconf 46' lang='lat' dir='ltr'><strong>&quot;cum,&quot;</strong></span> <span class='ocrx_word' id='word_1_18' title='bbox 3085 384 3201 454; x_wconf 51' lang='lat' dir='ltr'><strong>ipso</strong></span> <span class='ocrx_word' id='word_1_19' title='bbox 3229 383 3535 441; x_wconf 59' lang='grc' dir='ltr'><strong>ιήδηθηά</strong></span> <span class='ocrx_word' id='word_1_20' title='bbox 3565 384 3827 457; x_wconf 52' lang='lat' dir='ltr'><strong>digne,”</strong></span> 
     </span>
    </p>
   </div>
   <div class='ocr_carea' id='block_1_5' title="bbox 542 454 2120 538">
    <p class='ocr_par' dir='ltr' id='par_1_5' title="bbox 542 454 2120 538">
     <span class='ocr_line' id='line_1_5' title="bbox 542 454 2120 538; baseline -0.008 -15"><span class='ocrx_word' id='word_1_21' title='bbox 542 468 681 523; x_wconf 88' lang='lat' dir='ltr'><strong>nerit</strong></span> <span class='ocrx_word' id='word_1_22' title='bbox 692 507 706 532; x_wconf 94' lang='lat'><strong>,</strong></span> <span class='ocrx_word' id='word_1_23' title='bbox 725 465 865 521; x_wconf 88' lang='lat' dir='ltr'><strong>inter</strong></span> <span class='ocrx_word' id='word_1_24' title='bbox 878 472 1163 538; x_wconf 29' lang='lat' dir='ltr'><strong>sanctos-et</strong></span> <span class='ocrx_word' id='word_1_25' title='bbox 1183 463 1384 518; x_wconf 88' lang='lat' dir='ltr'><strong>electos</strong></span> <span class='ocrx_word' id='word_1_26' title='bbox 1400 471 1519 517; x_wconf 92' lang='lat' dir='ltr'><strong>tuos</strong></span> <span class='ocrx_word' id='word_1_27' title='bbox 1534 474 1655 516; x_wconf 89' lang='lat' dir='ltr'><strong>eum</strong></span> <span class='ocrx_word' id='word_1_28' title='bbox 1670 457 1832 514; x_wconf 78' lang='lat' dir='ltr'><strong>facias</strong></span> <span class='ocrx_word' id='word_1_29' title='bbox 1852 454 2120 513; x_wconf 78' lang='lat' dir='ltr'><strong>suscitari.</strong></span> 
     </span>
    </p>
   </div>
   <div class='ocr_carea' id='block_1_6' title="bbox 1194 554 1478 617">
    <p class='ocr_par' dir='ltr' id='par_1_6' title="bbox 1194 554 1478 617">
     <span class='ocr_line' id='line_1_6' title="bbox 1194 554 1478 617; baseline -0.018 -11"><span class='ocrx_word' id='word_1_30' title='bbox 1194 554 1270 606; x_wconf 85' lang='lat' dir='ltr'><strong>Ad</strong></span> <span class='ocrx_word' id='word_1_31' title='bbox 1294 566 1478 617; x_wconf 88' lang='lat' dir='ltr'><strong>pacem.</strong></span> 
     </span>
    </p>
   </div>
   <div class='ocr_carea' id='block_1_7' title="bbox 612 635 2126 713">
    <p class='ocr_par' dir='ltr' id='par_1_7' title="bbox 612 635 2126 713">
     <span class='ocr_line' id='line_1_7' title="bbox 612 635 2126 713; baseline -0.009 -13"><span class='ocrx_word' id='word_1_32' title='bbox 612 644 785 700; x_wconf 80' lang='lat' dir='ltr'><strong>Judex</strong></span> <span class='ocrx_word' id='word_1_33' title='bbox 823 644 1171 713; x_wconf 69' lang='lat' dir='ltr'><strong>superstitum</strong></span> <span class='ocrx_word' id='word_1_34' title='bbox 1213 640 1413 710; x_wconf 87' lang='lat' dir='ltr'><strong>pariter</strong></span> <span class='ocrx_word' id='word_1_35' title='bbox 1441 646 1601 704; x_wconf 90' lang='lat' dir='ltr'><strong>atque</strong></span> <span class='ocrx_word' id='word_1_36' title='bbox 1632 635 1996 705; x_wconf 85' lang='lat' dir='ltr'><strong>pausantium,</strong></span> <span class='ocrx_word' id='word_1_37' title='bbox 2029 645 2126 702; x_wconf 94' lang='lat' dir='ltr'><strong>pro</strong></span> 
     </span>
    </p>
   </div>
   <div class='ocr_carea' id='block_1_8' title="bbox 543 725 2124 797">
    <p class='ocr_par' dir='ltr' id='par_1_8' title="bbox 543 725 2124 797">
     <span class='ocr_line' id='line_1_8' title="bbox 543 725 2124 797; baseline -0.006 -9"><span class='ocrx_word' id='word_1_38' title='bbox 543 734 777 791; x_wconf 80' lang='lat' dir='ltr'><strong>fidelium</strong></span> <span class='ocrx_word' id='word_1_39' title='bbox 806 734 1044 789; x_wconf 90' lang='lat' dir='ltr'><strong>omnium</strong></span> <span class='ocrx_word' id='word_1_40' title='bbox 1065 729 1435 786; x_wconf 73' lang='lat' dir='ltr'><strong>defunctorum</strong></span> <span class='ocrx_word' id='word_1_41' title='bbox 1464 726 1740 797; x_wconf 81' lang='lat' dir='ltr'><strong>Spiritibus</strong></span> <span class='ocrx_word' id='word_1_42' title='bbox 1775 734 1827 779; x_wconf 90' lang='lat' dir='ltr'><strong>te</strong></span> <span class='ocrx_word' id='word_1_43' title='bbox 1864 725 2124 791; x_wconf 89' lang='lat' dir='ltr'><strong>depreca—</strong></span> 
     </span>
    </p>
   </div>
   <div class='ocr_carea' id='block_1_9' title="bbox 542 816 2129 892">
    <p class='ocr_par' dir='ltr' id='par_1_9' title="bbox 542 816 2129 892">
     <span class='ocr_line' id='line_1_9' title="bbox 542 816 2129 892; baseline -0.007 -11"><span class='ocrx_word' id='word_1_44' title='bbox 542 841 684 891; x_wconf 91' lang='lat' dir='ltr'><strong>mur,</strong></span> <span class='ocrx_word' id='word_1_45' title='bbox 705 825 796 880; x_wconf 88' lang='lat' dir='ltr'><strong>sed</strong></span> <span class='ocrx_word' id='word_1_46' title='bbox 828 825 1058 879; x_wconf 82' lang='lat' dir='ltr'><strong>maxime</strong></span> <span class='ocrx_word' id='word_1_47' title='bbox 1082 837 1177 892; x_wconf 90' lang='lat' dir='ltr'><strong>pro</strong></span> <span class='ocrx_word' id='word_1_48' title='bbox 1209 822 1365 890; x_wconf 90' lang='lat' dir='ltr'><strong>hujus</strong></span> <span class='ocrx_word' id='word_1_49' title='bbox 1393 819 1570 875; x_wconf 91' lang='lat' dir='ltr'><strong>anima</strong></span> <span class='ocrx_word' id='word_1_50' title='bbox 1603 818 1782 873; x_wconf 85' lang='lat' dir='ltr'><strong>iamoli</strong></span> <span class='ocrx_word' id='word_1_51' title='bbox 1826 816 1903 871; x_wconf 89' lang='lat' dir='ltr'><strong>tui</strong></span> <span class='ocrx_word' id='word_1_52' title='bbox 1934 816 2036 877; x_wconf 91' lang='lat' dir='ltr'><strong>ill.,</strong></span> <span class='ocrx_word' id='word_1_53' title='bbox 2069 824 2129 870; x_wconf 91' lang='lat' dir='ltr'><strong>ut</strong></span> 
     </span>
    </p>
   </div>
   <div class='ocr_carea' id='block_1_10' title="bbox 543 906 2126 988">
    <p class='ocr_par' dir='ltr' id='par_1_10' title="bbox 543 906 2126 988">
     <span class='ocr_line' id='line_1_10' title="bbox 543 906 2126 988; baseline -0.008 -15"><span class='ocrx_word' id='word_1_54' title='bbox 543 932 642 988; x_wconf 87' lang='lat' dir='ltr'><strong>pro</strong></span> <span class='ocrx_word' id='word_1_55' title='bbox 671 916 875 971; x_wconf 83' lang='lat' dir='ltr'><strong>meritis</strong></span> <span class='ocrx_word' id='word_1_56' title='bbox 895 925 950 970; x_wconf 92' lang='lat' dir='ltr'><strong>et</strong></span> <span class='ocrx_word' id='word_1_57' title='bbox 969 914 1276 984; x_wconf 73' lang='lat' dir='ltr'><strong>operatione</strong></span> <span class='ocrx_word' id='word_1_58' title='bbox 1295 913 1557 981; x_wconf 90' lang='lat' dir='ltr'><strong>justorum</strong></span> <span class='ocrx_word' id='word_1_59' title='bbox 1586 918 1760 963; x_wconf 91' lang='lat' dir='ltr'><strong>motus</strong></span> <span class='ocrx_word' id='word_1_60' title='bbox 1786 908 1840 962; x_wconf 91' lang='lat' dir='ltr'><strong>in</strong></span> <span class='ocrx_word' id='word_1_61' title='bbox 1862 922 1928 962; x_wconf 90' lang='lat' dir='ltr'><strong>eo</strong></span> <span class='ocrx_word' id='word_1_62' title='bbox 1949 906 2126 961; x_wconf 88' lang='lat' dir='ltr'><strong>anim-</strong></span> 
     </span>
    </p>
   </div>
   <div class='ocr_carea' id='block_1_11' title="bbox 544 998 2125 1073">
    <p class='ocr_par' dir='ltr' id='par_1_11' title="bbox 544 998 2125 1073">
     <span class='ocr_line' id='line_1_11' title="bbox 544 998 2125 1073; baseline -0.005 -13"><span class='ocrx_word' id='word_1_63' title='bbox 544 1006 878 1063; x_wconf 79' lang='lat' dir='ltr'><strong>adversionis</strong></span> <span class='ocrx_word' id='word_1_64' title='bbox 921 1020 1175 1073; x_wconf 72' lang='lat' dir='ltr'><strong>exngeres</strong></span> <span class='ocrx_word' id='word_1_65' title='bbox 1221 1012 1271 1065; x_wconf 78' lang='grc' dir='ltr'><strong>ι,</strong></span> <span class='ocrx_word' id='word_1_66' title='bbox 1331 1010 1387 1057; x_wconf 92' lang='lat' dir='ltr'><strong>et</strong></span> <span class='ocrx_word' id='word_1_67' title='bbox 1435 1000 1615 1057; x_wconf 87' lang='lat' dir='ltr'><strong>omnia</strong></span> <span class='ocrx_word' id='word_1_68' title='bbox 1663 1000 1715 1055; x_wconf 90' lang='lat' dir='ltr'><strong>ei</strong></span> <span class='ocrx_word' id='word_1_69' title='bbox 1755 1012 1855 1069; x_wconf 88' lang='lat' dir='ltr'><strong>pro</strong></span> <span class='ocrx_word' id='word_1_70' title='bbox 1882 998 2125 1055; x_wconf 88' lang='lat' dir='ltr'><strong>clemen-</strong></span> 
     </span>
    </p>
   </div>
   <div class='ocr_carea' id='block_1_12' title="bbox 458 1095 1309 1168">
    <p class='ocr_par' dir='ltr' id='par_1_12' title="bbox 458 1095 1309 1168">
     <span class='ocr_line' id='line_1_12' title="bbox 458 1095 1309 1168; baseline -0.008 -13"><span class='ocrx_word' id='word_1_71' title='bbox 458 1118 459 1121; x_wconf 42' lang='grc' dir='ltr'><strong>η</strong></span> <span class='ocrx_word' id='word_1_72' title='bbox 498 1136 502 1145; x_wconf 57' lang='grc'>.</span> <span class='ocrx_word' id='word_1_73' title='bbox 546 1100 617 1155; x_wconf 92' lang='lat' dir='ltr'><strong>tia</strong></span> <span class='ocrx_word' id='word_1_74' title='bbox 647 1109 752 1154; x_wconf 76' lang='lat' dir='ltr'><strong>tute</strong></span> <span class='ocrx_word' id='word_1_75' title='bbox 781 1096 991 1168; x_wconf 87' lang='lat' dir='ltr'><strong>pietatis</strong></span> <span class='ocrx_word' id='word_1_76' title='bbox 1016 1095 1309 1164; x_wconf 71' lang='lat' dir='ltr'><strong>indulgeas.</strong></span> 
     </span>
    </p>
   </div>
   <div class='ocr_carea' id='block_1_13' title="bbox 1179 1186 1491 1237">
    <p class='ocr_par' dir='ltr' id='par_1_13' title="bbox 1179 1186 1491 1237">
     <span class='ocr_line' id='line_1_13' title="bbox 1179 1186 1491 1237; baseline -0.003 0"><span class='ocrx_word' id='word_1_77' title='bbox 1179 1186 1491 1237; x_wconf 82' lang='lat' dir='ltr'><strong>Contestatio.</strong></span> 
     </span>
    </p>
   </div>
   <div class='ocr_carea' id='block_1_14' title="bbox 614 1265 2123 1344">
    <p class='ocr_par' dir='ltr' id='par_1_14' title="bbox 614 1265 2123 1344">
     <span class='ocr_line' id='line_1_14' title="bbox 614 1265 2123 1344; baseline -0.006 -14"><span class='ocrx_word' id='word_1_78' title='bbox 614 1275 753 1331; x_wconf 79' lang='lat' dir='ltr'><strong>Vere</strong></span> <span class='ocrx_word' id='word_1_79' title='bbox 780 1274 995 1344; x_wconf 91' lang='lat' dir='ltr'><strong>dignum</strong></span> <span class='ocrx_word' id='word_1_80' title='bbox 1016 1282 1071 1328; x_wconf 93' lang='lat' dir='ltr'><strong>et</strong></span> <span class='ocrx_word' id='word_1_81' title='bbox 1093 1273 1295 1343; x_wconf 89' lang='lat' dir='ltr'><strong>justum</strong></span> <span class='ocrx_word' id='word_1_82' title='bbox 1327 1282 1431 1337; x_wconf 90' lang='lat' dir='ltr'><strong>est,</strong></span> <span class='ocrx_word' id='word_1_83' title='bbox 1456 1268 1796 1337; x_wconf 84' lang='lat' dir='ltr'><strong>omnipotens</strong></span> <span class='ocrx_word' id='word_1_84' title='bbox 1827 1267 1993 1323; x_wconf 83' lang='lat' dir='ltr'><strong>Deus.</strong></span> <span class='ocrx_word' id='word_1_85' title='bbox 2018 1265 2123 1333; x_wconf 85' lang='lat' dir='ltr'><strong>Tu,</strong></span> 
     </span>
    </p>
   </div>
   <div class='ocr_carea' id='block_1_15' title="bbox 544 1358 2129 1433">
    <p class='ocr_par' dir='ltr' id='par_1_15' title="bbox 544 1358 2129 1433">
     <span class='ocr_line' id='line_1_15' title="bbox 544 1358 2129 1433; baseline -0.004 -12"><span class='ocrx_word' id='word_1_86' title='bbox 544 1366 787 1433; x_wconf 88' lang='lat' dir='ltr'><strong>Domine,</strong></span> <span class='ocrx_word' id='word_1_87' title='bbox 821 1366 906 1421; x_wconf 89' lang='lat' dir='ltr'><strong>cui</strong></span> <span class='ocrx_word' id='word_1_88' title='bbox 951 1365 1129 1420; x_wconf 88' lang='lat' dir='ltr'><strong>omnia</strong></span> <span class='ocrx_word' id='word_1_89' title='bbox 1158 1364 1389 1430; x_wconf 79' lang='lat' dir='ltr'><strong>adsunt,</strong></span> <span class='ocrx_word' id='word_1_90' title='bbox 1435 1362 1519 1417; x_wconf 92' lang='lat' dir='ltr'><strong>cui</strong></span> <span class='ocrx_word' id='word_1_91' title='bbox 1570 1360 1759 1415; x_wconf 87' lang='lat' dir='ltr'><strong>vivunt</strong></span> <span class='ocrx_word' id='word_1_92' title='bbox 1804 1359 2006 1425; x_wconf 83' lang='lat' dir='ltr'><strong>omnia,</strong></span> <span class='ocrx_word' id='word_1_93' title='bbox 2037 1358 2129 1429; x_wconf 91' lang='lat' dir='ltr'><strong>qui</strong></span> 
     </span>
    </p>
   </div>
   <div class='ocr_carea' id='block_1_16' title="bbox 542 1462 2124 1529">
    <p class='ocr_par' dir='ltr' id='par_1_16' title="bbox 542 1462 2124 1529">
     <span class='ocr_line' id='line_1_16' title="bbox 542 1462 2124 1529; baseline -0.004 -16"><span class='ocrx_word' id='word_1_94' title='bbox 542 1473 702 1515; x_wconf 61' lang='grc' dir='ltr'><strong>ωορδ</strong></span> <span class='ocrx_word' id='word_1_95' title='bbox 724 1474 786 1515; x_wconf 89' lang='lat' dir='ltr'><strong>ea</strong></span> <span class='ocrx_word' id='word_1_96' title='bbox 807 1474 926 1529; x_wconf 70' lang='lat' dir='ltr'><strong>quae</strong></span> <span class='ocrx_word' id='word_1_97' title='bbox 954 1473 1060 1513; x_wconf 87' lang='lat' dir='ltr'><strong>non</strong></span> <span class='ocrx_word' id='word_1_98' title='bbox 1081 1464 1206 1513; x_wconf 78' lang='grc' dir='ltr'><strong>ευιιι</strong></span> <span class='ocrx_word' id='word_1_99' title='bbox 1229 1469 1496 1525; x_wconf 89' lang='lat' dir='ltr'><strong>tamquam</strong></span> <span class='ocrx_word' id='word_1_100' title='bbox 1519 1470 1578 1509; x_wconf 88' lang='lat' dir='ltr'><strong>ea</strong></span> <span class='ocrx_word' id='word_1_101' title='bbox 1609 1469 1727 1523; x_wconf 71' lang='lat' dir='ltr'><strong>qua:</strong></span> <span class='ocrx_word' id='word_1_102' title='bbox 1752 1464 1895 1517; x_wconf 91' lang='lat' dir='ltr'><strong>sunt,</strong></span> <span class='ocrx_word' id='word_1_103' title='bbox 1921 1462 2124 1507; x_wconf 57' lang='lat' dir='ltr'><strong>aeterne</strong></span> 
     </span>
    </p>
   </div>
   <div class='ocr_carea' id='block_1_17' title="bbox 484 1546 2129 1620">
    <p class='ocr_par' dir='ltr' id='par_1_17' title="bbox 484 1546 2129 1620">
     <span class='ocr_line' id='line_1_17' title="bbox 484 1546 2129 1620; baseline -0.005 -14"><span class='ocrx_word' id='word_1_104' title='bbox 484 1606 487 1613; x_wconf 79' lang='grc'><em>,</em></span> <span class='ocrx_word' id='word_1_105' title='bbox 543 1549 847 1617; x_wconf 83' lang='lat' dir='ltr'><strong>miseratur,</strong></span> <span class='ocrx_word' id='word_1_106' title='bbox 879 1550 967 1620; x_wconf 87' lang='lat' dir='ltr'><strong>qui</strong></span> <span class='ocrx_word' id='word_1_107' title='bbox 999 1562 1107 1604; x_wconf 91' lang='lat' dir='ltr'><strong>non</strong></span> <span class='ocrx_word' id='word_1_108' title='bbox 1136 1547 1432 1603; x_wconf 90' lang='lat' dir='ltr'><strong>secundum</strong></span> <span class='ocrx_word' id='word_1_109' title='bbox 1461 1546 1766 1614; x_wconf 84' lang='lat' dir='ltr'><strong>iniquitates</strong></span> <span class='ocrx_word' id='word_1_110' title='bbox 1798 1554 2010 1600; x_wconf 88' lang='lat' dir='ltr'><strong>nostras</strong></span> <span class='ocrx_word' id='word_1_111' title='bbox 2041 1558 2129 1598; x_wconf 90' lang='lat' dir='ltr'><strong>re-</strong></span> 
     </span>
    </p>
   </div>
   <div class='ocr_carea' id='block_1_18' title="bbox 543 1640 2123 1715">
    <p class='ocr_par' dir='ltr' id='par_1_18' title="bbox 543 1640 2123 1715">
     <span class='ocr_line' id='line_1_18' title="bbox 543 1640 2123 1715; baseline -0.008 -12"><span class='ocrx_word' id='word_1_112' title='bbox 543 1649 731 1703; x_wconf 92' lang='lat' dir='ltr'><strong>tribuis</strong></span> <span class='ocrx_word' id='word_1_113' title='bbox 757 1647 910 1703; x_wconf 89' lang='lat' dir='ltr'><strong>nobis</strong></span> <span class='ocrx_word' id='word_1_114' title='bbox 927 1664 943 1711; x_wconf 86' lang='lat'><strong>;</strong></span> <span class='ocrx_word' id='word_1_115' title='bbox 960 1654 1015 1703; x_wconf 92' lang='lat' dir='ltr'><strong>et</strong></span> <span class='ocrx_word' id='word_1_116' title='bbox 1036 1646 1081 1700; x_wconf 92' lang='lat' dir='ltr'><strong>si</strong></span> <span class='ocrx_word' id='word_1_117' title='bbox 1104 1644 1435 1715; x_wconf 86' lang='lat' dir='ltr'><strong>iniquitatem</strong></span> <span class='ocrx_word' id='word_1_118' title='bbox 1458 1641 1852 1704; x_wconf 82' lang='lat' dir='ltr'><strong>observaveris,</strong></span> <span class='ocrx_word' id='word_1_119' title='bbox 1878 1640 2123 1703; x_wconf 85' lang='lat' dir='ltr'><strong>Domine,</strong></span> 
     </span>
    </p>
   </div>
   <div class='ocr_carea' id='block_1_19' title="bbox 488 1732 2204 1820">
    <p class='ocr_par' dir='ltr' id='par_1_19' title="bbox 488 1732 2204 1820">
     <span class='ocr_line' id='line_1_19' title="bbox 488 1732 2204 1820; baseline -0.008 -25"><span class='ocrx_word' id='word_1_120' title='bbox 488 1812 489 1815; x_wconf 16' lang='grc' dir='ltr'><strong>η</strong></span> <span class='ocrx_word' id='word_1_121' title='bbox 540 1741 661 1811; x_wconf 89' lang='lat' dir='ltr'><strong>quis</strong></span> <span class='ocrx_word' id='word_1_122' title='bbox 688 1739 1019 1795; x_wconf 85' lang='lat' dir='ltr'><strong>sustinebit?</strong></span> <span class='ocrx_word' id='word_1_123' title='bbox 1054 1741 1225 1808; x_wconf 85' lang='lat' dir='ltr'><strong>Atque</strong></span> <span class='ocrx_word' id='word_1_124' title='bbox 1254 1736 1377 1791; x_wconf 88' lang='lat' dir='ltr'><strong>ideo</strong></span> <span class='ocrx_word' id='word_1_125' title='bbox 1402 1734 1756 1804; x_wconf 82' lang='lat' dir='ltr'><strong>deprecamur</strong></span> <span class='ocrx_word' id='word_1_126' title='bbox 1790 1732 2123 1801; x_wconf 81' lang='lat' dir='ltr'><strong>Majestatem</strong></span> <span class='ocrx_word' id='word_1_127' title='bbox 2156 1761 2204 1820; x_wconf 78' lang='grc' dir='ltr'><strong>Β</strong></span> 
     </span>
    </p>
   </div>
   <div class='ocr_carea' id='block_1_20' title="bbox 544 1822 2121 1900">
    <p class='ocr_par' dir='ltr' id='par_1_20' title="bbox 544 1822 2121 1900">
     <span class='ocr_line' id='line_1_20' title="bbox 544 1822 2121 1900; baseline -0.006 -13"><span class='ocrx_word' id='word_1_128' title='bbox 544 1841 691 1888; x_wconf 90' lang='lat' dir='ltr'><strong>tuam</strong></span> <span class='ocrx_word' id='word_1_129' title='bbox 714 1832 1052 1900; x_wconf 86' lang='lat' dir='ltr'><strong>omnipotens</strong></span> <span class='ocrx_word' id='word_1_130' title='bbox 1098 1829 1260 1893; x_wconf 90' lang='lat' dir='ltr'><strong>Deus,</strong></span> <span class='ocrx_word' id='word_1_131' title='bbox 1306 1837 1365 1883; x_wconf 92' lang='lat' dir='ltr'><strong>ut</strong></span> <span class='ocrx_word' id='word_1_132' title='bbox 1402 1827 1643 1883; x_wconf 84' lang='lat' dir='ltr'><strong>remittas</strong></span> <span class='ocrx_word' id='word_1_133' title='bbox 1670 1825 1865 1880; x_wconf 87' lang='lat' dir='ltr'><strong>famulo</strong></span> <span class='ocrx_word' id='word_1_134' title='bbox 1907 1834 1996 1878; x_wconf 91' lang='lat' dir='ltr'><strong>tuo</strong></span> <span class='ocrx_word' id='word_1_135' title='bbox 2044 1822 2121 1878; x_wconf 92' lang='lat' dir='ltr'><strong>ill.</strong></span> 
     </span>
    </p>
   </div>
   <div class='ocr_carea' id='block_1_21' title="bbox 480 1914 2125 1995">
    <p class='ocr_par' dir='ltr' id='par_1_21' title="bbox 480 1914 2125 1995">
     <span class='ocr_line' id='line_1_21' title="bbox 480 1914 2125 1995; baseline -0.006 -16"><span class='ocrx_word' id='word_1_136' title='bbox 480 1980 485 1985; x_wconf 71' lang='lat'><strong>,</strong></span> <span class='ocrx_word' id='word_1_137' title='bbox 542 1940 679 1995; x_wconf 90' lang='lat' dir='ltr'><strong>quos</strong></span> <span class='ocrx_word' id='word_1_138' title='bbox 708 1924 762 1978; x_wconf 90' lang='lat' dir='ltr'><strong>in</strong></span> <span class='ocrx_word' id='word_1_139' title='bbox 804 1924 905 1977; x_wconf 88' lang='lat' dir='ltr'><strong>hac</strong></span> <span class='ocrx_word' id='word_1_140' title='bbox 931 1922 1039 1977; x_wconf 81' lang='lat' dir='ltr'><strong>vita</strong></span> <span class='ocrx_word' id='word_1_141' title='bbox 1091 1922 1273 1978; x_wconf 84' lang='lat' dir='ltr'><strong>habuit</strong></span> <span class='ocrx_word' id='word_1_142' title='bbox 1301 1919 1480 1976; x_wconf 90' lang='lat' dir='ltr'><strong>carnis</strong></span> <span class='ocrx_word' id='word_1_143' title='bbox 1518 1932 1751 1974; x_wconf 88' lang='lat' dir='ltr'><strong>errores.</strong></span> <span class='ocrx_word' id='word_1_144' title='bbox 1782 1916 2007 1971; x_wconf 89' lang='lat' dir='ltr'><strong>Tribuas</strong></span> <span class='ocrx_word' id='word_1_145' title='bbox 2054 1914 2125 1979; x_wconf 89' lang='lat' dir='ltr'><strong>ei,</strong></span> 
     </span>
    </p>
   </div>
   <div class='ocr_carea' id='block_1_22' title="bbox 480 2008 2128 2089">
    <p class='ocr_par' dir='ltr' id='par_1_22' title="bbox 480 2008 2128 2089">
     <span class='ocr_line' id='line_1_22' title="bbox 480 2008 2128 2089; baseline -0.005 -18"><span class='ocrx_word' id='word_1_146' title='bbox 480 2088 483 2089; x_wconf 12' lang='grc' dir='ltr'><em>γ</em></span> <span class='ocrx_word' id='word_1_147' title='bbox 542 2015 792 2081; x_wconf 86' lang='lat' dir='ltr'><strong>Domine,</strong></span> <span class='ocrx_word' id='word_1_148' title='bbox 830 2013 1141 2069; x_wconf 86' lang='lat' dir='ltr'><strong>delictorum</strong></span> <span class='ocrx_word' id='word_1_149' title='bbox 1185 2026 1401 2067; x_wconf 88' lang='lat' dir='ltr'><strong>suorum</strong></span> <span class='ocrx_word' id='word_1_150' title='bbox 1433 2009 1646 2066; x_wconf 87' lang='lat' dir='ltr'><strong>veniam</strong></span> <span class='ocrx_word' id='word_1_151' title='bbox 1693 2009 1747 2064; x_wconf 92' lang='lat' dir='ltr'><strong>in</strong></span> <span class='ocrx_word' id='word_1_152' title='bbox 1798 2008 1887 2063; x_wconf 89' lang='lat' dir='ltr'><strong>illo</strong></span> <span class='ocrx_word' id='word_1_153' title='bbox 1919 2016 2128 2063; x_wconf 89' lang='lat' dir='ltr'><strong>secreto</strong></span> 
     </span>
    </p>
   </div>
   <div class='ocr_carea' id='block_1_23' title="bbox 542 2097 2128 2176">
    <p class='ocr_par' dir='ltr' id='par_1_23' title="bbox 542 2097 2128 2176">
     <span class='ocr_line' id='line_1_23' title="bbox 542 2097 2128 2176; baseline -0.005 -15"><span class='ocrx_word' id='word_1_154' title='bbox 542 2105 901 2176; x_wconf 87' lang='lat' dir='ltr'><strong>receptacolo,</strong></span> <span class='ocrx_word' id='word_1_155' title='bbox 944 2104 1030 2160; x_wconf 92' lang='lat' dir='ltr'><strong>ubi</strong></span> <span class='ocrx_word' id='word_1_156' title='bbox 1057 2104 1166 2173; x_wconf 89' lang='lat' dir='ltr'><strong>jam</strong></span> <span class='ocrx_word' id='word_1_157' title='bbox 1198 2117 1305 2159; x_wconf 91' lang='lat' dir='ltr'><strong>non</strong></span> <span class='ocrx_word' id='word_1_158' title='bbox 1332 2109 1417 2158; x_wconf 90' lang='lat' dir='ltr'><strong>est</strong></span> <span class='ocrx_word' id='word_1_159' title='bbox 1445 2102 1593 2157; x_wconf 90' lang='lat' dir='ltr'><strong>locus</strong></span> <span class='ocrx_word' id='word_1_160' title='bbox 1636 2099 1980 2170; x_wconf 75' lang='lat' dir='ltr'><strong>paenitentize.</strong></span> <span class='ocrx_word' id='word_1_161' title='bbox 2010 2097 2128 2153; x_wconf 85' lang='lat' dir='ltr'><strong>Non</strong></span> 
     </span>
    </p>
   </div>
   <div class='ocr_carea' id='block_1_24' title="bbox 539 2192 2129 2267">
    <p class='ocr_par' dir='ltr' id='par_1_24' title="bbox 539 2192 2129 2267">
     <span class='ocr_line' id='line_1_24' title="bbox 539 2192 2129 2267; baseline -0.006 -11"><span class='ocrx_word' id='word_1_162' title='bbox 539 2198 711 2256; x_wconf 87' lang='lat' dir='ltr'><strong>intres</strong></span> <span class='ocrx_word' id='word_1_163' title='bbox 737 2198 790 2254; x_wconf 92' lang='lat' dir='ltr'><strong>in</strong></span> <span class='ocrx_word' id='word_1_164' title='bbox 811 2196 1069 2267; x_wconf 88' lang='lat' dir='ltr'><strong>judicium</strong></span> <span class='ocrx_word' id='word_1_165' title='bbox 1094 2211 1216 2252; x_wconf 91' lang='lat' dir='ltr'><strong>cum</strong></span> <span class='ocrx_word' id='word_1_166' title='bbox 1248 2210 1405 2251; x_wconf 89' lang='lat' dir='ltr'><strong>servo</strong></span> <span class='ocrx_word' id='word_1_167' title='bbox 1435 2205 1547 2250; x_wconf 92' lang='lat' dir='ltr'><strong>tuo.</strong></span> <span class='ocrx_word' id='word_1_168' title='bbox 1579 2192 1713 2261; x_wconf 81' lang='lat' dir='ltr'><strong>Quis</strong></span> <span class='ocrx_word' id='word_1_169' title='bbox 1739 2193 1881 2248; x_wconf 89' lang='lat' dir='ltr'><strong>enim</strong></span> <span class='ocrx_word' id='word_1_170' title='bbox 1921 2194 1972 2245; x_wconf 93' lang='lat' dir='ltr'><strong>in</strong></span> <span class='ocrx_word' id='word_1_171' title='bbox 1998 2205 2129 2247; x_wconf 90' lang='lat' dir='ltr'><strong>con-</strong></span> 
     </span>
    </p>
   </div>
   <div class='ocr_carea' id='block_1_25' title="bbox 539 2286 2126 2362">
    <p class='ocr_par' dir='ltr' id='par_1_25' title="bbox 539 2286 2126 2362">
     <span class='ocr_line' id='line_1_25' title="bbox 539 2286 2126 2362; baseline -0.004 -15"><span class='ocrx_word' id='word_1_172' title='bbox 539 2298 727 2362; x_wconf 89' lang='lat' dir='ltr'><strong>specto</strong></span> <span class='ocrx_word' id='word_1_173' title='bbox 748 2298 854 2346; x_wconf 89' lang='lat' dir='ltr'><strong>tuae</strong></span> <span class='ocrx_word' id='word_1_174' title='bbox 872 2290 1094 2359; x_wconf 88' lang='lat' dir='ltr'><strong>justitiac</strong></span> <span class='ocrx_word' id='word_1_175' title='bbox 1111 2288 1285 2358; x_wconf 86' lang='lat' dir='ltr'><strong>justus</strong></span> <span class='ocrx_word' id='word_1_176' title='bbox 1312 2297 1567 2360; x_wconf 87' lang='lat' dir='ltr'><strong>appareat</strong></span> <span class='ocrx_word' id='word_1_177' title='bbox 1592 2287 1615 2341; x_wconf 86' lang='lat'><strong>?</strong></span> <span class='ocrx_word' id='word_1_178' title='bbox 1643 2287 1761 2342; x_wconf 83' lang='lat' dir='ltr'><strong>Non</strong></span> <span class='ocrx_word' id='word_1_179' title='bbox 1793 2302 1853 2342; x_wconf 90' lang='lat' dir='ltr'><strong>se</strong></span> <span class='ocrx_word' id='word_1_180' title='bbox 1875 2286 1925 2341; x_wconf 90' lang='lat' dir='ltr'><strong>ei</strong></span> <span class='ocrx_word' id='word_1_181' title='bbox 1955 2300 2126 2355; x_wconf 88' lang='lat' dir='ltr'><strong>oppo-</strong></span> 
     </span>
    </p>
   </div>
   <div class='ocr_carea' id='block_1_26' title="bbox 543 2375 2126 2451">
    <p class='ocr_par' dir='ltr' id='par_1_26' title="bbox 543 2375 2126 2451">
     <span class='ocr_line' id='line_1_26' title="bbox 543 2375 2126 2451; baseline -0.005 -13"><span class='ocrx_word' id='word_1_182' title='bbox 543 2391 637 2438; x_wconf 88' lang='lat' dir='ltr'><strong>nat</strong></span> <span class='ocrx_word' id='word_1_183' title='bbox 665 2382 750 2438; x_wconf 89' lang='lat' dir='ltr'><strong>leo</strong></span> <span class='ocrx_word' id='word_1_184' title='bbox 780 2382 1013 2451; x_wconf 89' lang='lat' dir='ltr'><strong>rugiens,</strong></span> <span class='ocrx_word' id='word_1_185' title='bbox 1041 2390 1096 2437; x_wconf 93' lang='lat' dir='ltr'><strong>et</strong></span> <span class='ocrx_word' id='word_1_186' title='bbox 1140 2380 1303 2436; x_wconf 86' lang='lat' dir='ltr'><strong>draco</strong></span> <span class='ocrx_word' id='word_1_187' title='bbox 1333 2381 1619 2445; x_wconf 87' lang='lat' dir='ltr'><strong>devorans,</strong></span> <span class='ocrx_word' id='word_1_188' title='bbox 1650 2378 1966 2434; x_wconf 90' lang='lat' dir='ltr'><strong>miserorum</strong></span> <span class='ocrx_word' id='word_1_189' title='bbox 2008 2375 2126 2431; x_wconf 85' lang='lat' dir='ltr'><strong>ani-</strong></span> 
     </span>
    </p>
   </div>
   <div class='ocr_carea' id='block_1_27' title="bbox 540 2472 2127 2543">
    <p class='ocr_par' dir='ltr' id='par_1_27' title="bbox 540 2472 2127 2543">
     <span class='ocr_line' id='line_1_27' title="bbox 540 2472 2127 2543; baseline -0.003 -13"><span class='ocrx_word' id='word_1_190' title='bbox 540 2489 661 2530; x_wconf 86' lang='lat' dir='ltr'><strong>mas</strong></span> <span class='ocrx_word' id='word_1_191' title='bbox 689 2489 879 2543; x_wconf 88' lang='lat' dir='ltr'><strong>rapere</strong></span> <span class='ocrx_word' id='word_1_192' title='bbox 904 2484 1211 2530; x_wconf 91' lang='lat' dir='ltr'><strong>consuetus.</strong></span> <span class='ocrx_word' id='word_1_193' title='bbox 1242 2472 1360 2528; x_wconf 82' lang='lat' dir='ltr'><strong>Non</strong></span> <span class='ocrx_word' id='word_1_194' title='bbox 1402 2472 1800 2529; x_wconf 86' lang='lat' dir='ltr'><strong>accusationem</strong></span> <span class='ocrx_word' id='word_1_195' title='bbox 1830 2478 2127 2539; x_wconf 80' lang='lat' dir='ltr'><strong>exequatut‘</strong></span> 
     </span>
    </p>
   </div>
   <div class='ocr_carea' id='block_1_28' title="bbox 432 2562 2127 2635">
    <p class='ocr_par' dir='ltr' id='par_1_28' title="bbox 432 2562 2127 2635">
     <span class='ocr_line' id='line_1_28' title="bbox 432 2562 2127 2635; baseline -0.002 -15"><span class='ocrx_word' id='word_1_196' title='bbox 432 2596 435 2599; x_wconf 58' lang='grc' dir='ltr'>η</span> <span class='ocrx_word' id='word_1_197' title='bbox 536 2568 800 2623; x_wconf 84' lang='lat' dir='ltr'><strong>adversus</strong></span> <span class='ocrx_word' id='word_1_198' title='bbox 828 2581 972 2622; x_wconf 89' lang='lat' dir='ltr'><strong>eum.</strong></span> <span class='ocrx_word' id='word_1_199' title='bbox 995 2565 1113 2621; x_wconf 87' lang='lat' dir='ltr'><strong>Non</strong></span> <span class='ocrx_word' id='word_1_200' title='bbox 1151 2564 1347 2620; x_wconf 90' lang='lat' dir='ltr'><strong>obiciat</strong></span> <span class='ocrx_word' id='word_1_201' title='bbox 1374 2564 1622 2635; x_wconf 90' lang='lat' dir='ltr'><strong>quicquid</strong></span> <span class='ocrx_word' id='word_1_202' title='bbox 1654 2578 1867 2633; x_wconf 85' lang='lat' dir='ltr'><strong>semper</strong></span> <span class='ocrx_word' id='word_1_203' title='bbox 1898 2562 2127 2617; x_wconf 88' lang='lat' dir='ltr'><strong>suaden-</strong></span> 
     </span>
    </p>
   </div>
   <div class='ocr_carea' id='block_1_29' title="bbox 536 2654 2127 2727">
    <p class='ocr_par' dir='ltr' id='par_1_29' title="bbox 536 2654 2127 2727">
     <span class='ocr_line' id='line_1_29' title="bbox 536 2654 2127 2727; baseline -0.002 -15"><span class='ocrx_word' id='word_1_204' title='bbox 536 2658 667 2712; x_wconf 90' lang='lat' dir='ltr'><strong>dum</strong></span> <span class='ocrx_word' id='word_1_205' title='bbox 696 2672 818 2713; x_wconf 90' lang='lat' dir='ltr'><strong>cum</strong></span> <span class='ocrx_word' id='word_1_206' title='bbox 839 2658 955 2727; x_wconf 90' lang='lat' dir='ltr'><strong>ipso</strong></span> <span class='ocrx_word' id='word_1_207' title='bbox 976 2666 1080 2712; x_wconf 88' lang='lat' dir='ltr'><strong>est.</strong></span> <span class='ocrx_word' id='word_1_208' title='bbox 1111 2655 1190 2709; x_wconf 85' lang='lat' dir='ltr'><strong>Tit</strong></span> <span class='ocrx_word' id='word_1_209' title='bbox 1217 2665 1417 2723; x_wconf 89' lang='lat' dir='ltr'><strong>autem,</strong></span> <span class='ocrx_word' id='word_1_210' title='bbox 1441 2654 1873 2723; x_wconf 86' lang='lat' dir='ltr'><strong>Christe,_recipe</strong></span> <span class='ocrx_word' id='word_1_211' title='bbox 1894 2654 2127 2709; x_wconf 88' lang='lat' dir='ltr'><strong>animam</strong></span> 
     </span>
    </p>
   </div>
   <div class='ocr_carea' id='block_1_30' title="bbox 538 2744 2127 2816">
    <p class='ocr_par' dir='ltr' id='par_1_30' title="bbox 538 2744 2127 2816">
     <span class='ocr_line' id='line_1_30' title="bbox 538 2744 2127 2816; baseline -0.003 -11"><span class='ocrx_word' id='word_1_212' title='bbox 538 2748 719 2805; x_wconf 89' lang='lat' dir='ltr'><strong>famoli</strong></span> <span class='ocrx_word' id='word_1_213' title='bbox 754 2748 830 2804; x_wconf 90' lang='lat' dir='ltr'><strong>tui</strong></span> <span class='ocrx_word' id='word_1_214' title='bbox 877 2747 957 2803; x_wconf 89' lang='lat' dir='ltr'><strong>ill.</strong></span> <span class='ocrx_word' id='word_1_215' title='bbox 988 2761 1150 2816; x_wconf 90' lang='lat' dir='ltr'><strong>quam</strong></span> <span class='ocrx_word' id='word_1_216' title='bbox 1186 2745 1406 2815; x_wconf 87' lang='lat' dir='ltr'><strong>dedisti,</strong></span> <span class='ocrx_word' id='word_1_217' title='bbox 1455 2754 1512 2802; x_wconf 89' lang='lat' dir='ltr'><strong>et</strong></span> <span class='ocrx_word' id='word_1_218' title='bbox 1538 2745 1759 2801; x_wconf 88' lang='lat' dir='ltr'><strong>demitte</strong></span> <span class='ocrx_word' id='word_1_219' title='bbox 1787 2744 1903 2814; x_wconf 86' lang='lat' dir='ltr'><strong>ejus</strong></span> <span class='ocrx_word' id='word_1_220' title='bbox 1947 2744 2127 2802; x_wconf 83' lang='lat' dir='ltr'><strong>debita</strong></span> 
     </span>
    </p>
   </div>
   <div class='ocr_carea' id='block_1_31' title="bbox 476 2838 2127 2915">
    <p class='ocr_par' dir='ltr' id='par_1_31' title="bbox 476 2838 2127 2915">
     <span class='ocr_line' id='line_1_31' title="bbox 476 2838 2127 2915; baseline -0.002 -17"><span class='ocrx_word' id='word_1_221' title='bbox 476 2908 481 2911; x_wconf 80' lang='lat'><strong><em>_</em></strong></span> <span class='ocrx_word' id='word_1_222' title='bbox 540 2842 712 2915; x_wconf 75' lang='lat' dir='ltr'><strong>magis</strong></span> <span class='ocrx_word' id='word_1_223' title='bbox 751 2856 911 2913; x_wconf 88' lang='lat' dir='ltr'><strong>quam</strong></span> <span class='ocrx_word' id='word_1_224' title='bbox 958 2841 1051 2896; x_wconf 91' lang='lat' dir='ltr'><strong>ille</strong></span> <span class='ocrx_word' id='word_1_225' title='bbox 1097 2840 1315 2897; x_wconf 87' lang='lat' dir='ltr'><strong>demisit</strong></span> <span class='ocrx_word' id='word_1_226' title='bbox 1362 2838 1696 2896; x_wconf 88' lang='lat' dir='ltr'><strong>debitoribus</strong></span> <span class='ocrx_word' id='word_1_227' title='bbox 1752 2840 1898 2904; x_wconf 86' lang='lat' dir='ltr'><strong>suis;</strong></span> <span class='ocrx_word' id='word_1_228' title='bbox 1956 2848 2015 2893; x_wconf 94' lang='lat' dir='ltr'><strong>ut</strong></span> <span class='ocrx_word' id='word_1_229' title='bbox 2059 2838 2127 2894; x_wconf 88' lang='lat' dir='ltr'><strong>ab</strong></span> 
     </span>
    </p>
   </div>
   <div class='ocr_carea' id='block_1_32' title="bbox 474 2935 2127 3008">
    <p class='ocr_par' dir='ltr' id='par_1_32' title="bbox 474 2935 2127 3008">
     <span class='ocr_line' id='line_1_32' title="bbox 474 2935 2127 3008; baseline 0 -18"><span class='ocrx_word' id='word_1_230' title='bbox 474 3002 479 3007; x_wconf 90' lang='lat'>_</span> <span class='ocrx_word' id='word_1_231' title='bbox 537 2938 687 2992; x_wconf 88' lang='lat' dir='ltr'><strong>onmi</strong></span> <span class='ocrx_word' id='word_1_232' title='bbox 716 2946 862 2994; x_wconf 88' lang='lat' dir='ltr'><strong>metu</strong></span> <span class='ocrx_word' id='word_1_233' title='bbox 886 2953 1057 3008; x_wconf 70' lang='lat' dir='ltr'><strong>ptente</strong></span> <span class='ocrx_word' id='word_1_234' title='bbox 1086 2937 1260 3007; x_wconf 89' lang='lat' dir='ltr'><strong>adque</strong></span> <span class='ocrx_word' id='word_1_235' title='bbox 1286 2937 1354 2992; x_wconf 91' lang='lat' dir='ltr'><strong>ab</strong></span> <span class='ocrx_word' id='word_1_236' title='bbox 1381 2938 1567 2993; x_wconf 83' lang='lat' dir='ltr'><strong>aeterni</strong></span> <span class='ocrx_word' id='word_1_237' title='bbox 1594 2936 1782 3007; x_wconf 91' lang='lat' dir='ltr'><strong>judicii</strong></span> <span class='ocrx_word' id='word_1_238' title='bbox 1833 2935 2127 2990; x_wconf 89' lang='lat' dir='ltr'><strong>terroribus</strong></span> 
     </span>
    </p>
   </div>
   <div class='ocr_carea' id='block_1_33' title="bbox 538 3026 2125 3099">
    <p class='ocr_par' dir='ltr' id='par_1_33' title="bbox 538 3026 2125 3099">
     <span class='ocr_line' id='line_1_33' title="bbox 538 3026 2125 3099; baseline -0.003 -14"><span class='ocrx_word' id='word_1_239' title='bbox 538 3028 839 3099; x_wconf 87' lang='lat' dir='ltr'><strong>absolutus,</strong></span> <span class='ocrx_word' id='word_1_240' title='bbox 864 3030 919 3085; x_wconf 91' lang='lat' dir='ltr'><strong>in</strong></span> <span class='ocrx_word' id='word_1_241' title='bbox 955 3030 1110 3087; x_wconf 89' lang='lat' dir='ltr'><strong>bonis</strong></span> <span class='ocrx_word' id='word_1_242' title='bbox 1144 3030 1246 3085; x_wconf 89' lang='lat' dir='ltr'><strong>tuis</strong></span> <span class='ocrx_word' id='word_1_243' title='bbox 1272 3028 1582 3085; x_wconf 91' lang='lat' dir='ltr'><strong>demoretur</strong></span> <span class='ocrx_word' id='word_1_244' title='bbox 1610 3029 1662 3083; x_wconf 90' lang='lat' dir='ltr'><strong>in</strong></span> <span class='ocrx_word' id='word_1_245' title='bbox 1692 3044 1822 3098; x_wconf 87' lang='lat' dir='ltr'><strong>pace</strong></span> <span class='ocrx_word' id='word_1_246' title='bbox 1854 3043 1946 3097; x_wconf 61' lang='grc' dir='ltr'><strong>ρει·</strong></span> <span class='ocrx_word' id='word_1_247' title='bbox 1969 3026 2125 3081; x_wconf 80' lang='lat' dir='ltr'><strong>Chri-</strong></span> 
     </span>
    </p>
   </div>
   <div class='ocr_carea' id='block_1_34' title="bbox 536 3120 1940 3178">
    <p class='ocr_par' dir='ltr' id='par_1_34' title="bbox 536 3120 1940 3178">
     <span class='ocr_line' id='line_1_34' title="bbox 536 3120 1940 3178; baseline -0.003 -1"><span class='ocrx_word' id='word_1_248' title='bbox 536 3132 680 3178; x_wconf 88' lang='lat' dir='ltr'><strong>stum</strong></span> <span class='ocrx_word' id='word_1_249' title='bbox 710 3122 991 3178; x_wconf 90' lang='lat' dir='ltr'><strong>Dominum</strong></span> <span class='ocrx_word' id='word_1_250' title='bbox 1021 3130 1283 3177; x_wconf 89' lang='lat' dir='ltr'><strong>nostrum.</strong></span> <span class='ocrx_word' id='word_1_251' title='bbox 1306 3120 1404 3177; x_wconf 82' lang='lat' dir='ltr'><strong>Cui</strong></span> <span class='ocrx_word' id='word_1_252' title='bbox 1435 3121 1645 3175; x_wconf 89' lang='lat' dir='ltr'><strong>merito.</strong></span> <span class='ocrx_word' id='word_1_253' title='bbox 1681 3120 1940 3175; x_wconf 67' lang='lat' dir='ltr'><strong>Smcrus.</strong></span> 
     </span>
    </p>
   </div>
   <div class='ocr_carea' id='block_1_35' title="bbox 975 3212 1678 3281">
    <p class='ocr_par' dir='ltr' id='par_1_35' title="bbox 975 3212 1678 3281">
     <span class='ocr_line' id='line_1_35' title="bbox 975 3212 1678 3281; baseline -0.001 -16"><span class='ocrx_word' id='word_1_254' title='bbox 975 3212 1246 3268; x_wconf 76' lang='lat' dir='ltr'><strong>Orationes</strong></span> <span class='ocrx_word' id='word_1_255' title='bbox 1283 3212 1351 3266; x_wconf 85' lang='lat' dir='ltr'><strong>ad</strong></span> <span class='ocrx_word' id='word_1_256' title='bbox 1390 3212 1678 3281; x_wconf 79' lang='lat' dir='ltr'><strong>defunctos.</strong></span> 
     </span>
    </p>
   </div>
   <div class='ocr_carea' id='block_1_36' title="bbox 612 3301 2122 3371">
    <p class='ocr_par' dir='ltr' id='par_1_36' title="bbox 612 3301 2122 3371">
     <span class='ocr_line' id='line_1_36' title="bbox 612 3301 2122 3371; baseline -0.003 -11"><span class='ocrx_word' id='word_1_257' title='bbox 612 3303 708 3360; x_wconf 84' lang='lat' dir='ltr'><strong>Pie</strong></span> <span class='ocrx_word' id='word_1_258' title='bbox 729 3304 1117 3361; x_wconf 86' lang='lat' dir='ltr'><strong>recordationis</strong></span> <span class='ocrx_word' id='word_1_259' title='bbox 1146 3304 1360 3371; x_wconf 78' lang='lat' dir='ltr'><strong>allecto,</strong></span> <span class='ocrx_word' id='word_1_260' title='bbox 1392 3301 1585 3360; x_wconf 83' lang='lat' dir='ltr'><strong>fratres</strong></span> <span class='ocrx_word' id='word_1_261' title='bbox 1635 3302 1921 3366; x_wconf 86' lang='lat' dir='ltr'><strong>carissimi,</strong></span> <span class='ocrx_word' id='word_1_262' title='bbox 1975 3316 2122 3356; x_wconf 88' lang='lat' dir='ltr'><strong>com-</strong></span> 
     </span>
    </p>
   </div>
   <div class='ocr_carea' id='block_1_37' title="bbox 535 3395 2122 3466">
    <p class='ocr_par' dir='ltr' id='par_1_37' title="bbox 535 3395 2122 3466">
     <span class='ocr_line' id='line_1_37' title="bbox 535 3395 2122 3466; baseline -0.005 -9"><span class='ocrx_word' id='word_1_263' title='bbox 535 3400 976 3457; x_wconf 86' lang='lat' dir='ltr'><strong>memorationem</strong></span> <span class='ocrx_word' id='word_1_264' title='bbox 1008 3399 1268 3455; x_wconf 81' lang='lat' dir='ltr'><strong>faciamus</strong></span> <span class='ocrx_word' id='word_1_265' title='bbox 1297 3399 1408 3453; x_wconf 87' lang='lat' dir='ltr'><strong>cari</strong></span> <span class='ocrx_word' id='word_1_266' title='bbox 1438 3398 1605 3453; x_wconf 87' lang='lat' dir='ltr'><strong>nostri</strong></span> <span class='ocrx_word' id='word_1_267' title='bbox 1636 3396 1715 3452; x_wconf 92' lang='lat' dir='ltr'><strong>ill.</strong></span> <span class='ocrx_word' id='word_1_268' title='bbox 1752 3411 1910 3466; x_wconf 86' lang='lat' dir='ltr'><strong>quem</strong></span> <span class='ocrx_word' id='word_1_269' title='bbox 1943 3395 2122 3451; x_wconf 86' lang='lat' dir='ltr'><strong>Domi-</strong></span> 
     </span>
    </p>
   </div>
   <div class='ocr_carea' id='block_1_38' title="bbox 2227 477 3824 549">
    <p class='ocr_par' dir='ltr' id='par_1_38' title="bbox 2227 477 3824 549">
     <span class='ocr_line' id='line_1_38' title="bbox 2227 477 3824 549; baseline 0 -16"><span class='ocrx_word' id='word_1_270' title='bbox 2227 478 2479 546; x_wconf 81' lang='lat' dir='ltr'><strong>placitam</strong></span> <span class='ocrx_word' id='word_1_271' title='bbox 2502 487 2558 535; x_wconf 90' lang='lat' dir='ltr'><strong>et</strong></span> <span class='ocrx_word' id='word_1_272' title='bbox 2585 480 2819 549; x_wconf 87' lang='lat' dir='ltr'><strong>quietam</strong></span> <span class='ocrx_word' id='word_1_273' title='bbox 2838 478 3193 535; x_wconf 85' lang='lat' dir='ltr'><strong>mansionem.</strong></span> <span class='ocrx_word' id='word_1_274' title='bbox 3226 477 3483 534; x_wconf 85' lang='lat' dir='ltr'><strong>Remittat</strong></span> <span class='ocrx_word' id='word_1_275' title='bbox 3508 492 3709 534; x_wconf 77' lang='lat' dir='ltr'><strong>omnes</strong></span> <span class='ocrx_word' id='word_1_276' title='bbox 3734 478 3824 533; x_wconf 82' lang='lat' dir='ltr'><strong>lu-</strong></span> 
     </span>
    </p>
   </div>
   <div class='ocr_carea' id='block_1_39' title="bbox 2228 570 3821 640">
    <p class='ocr_par' dir='ltr' id='par_1_39' title="bbox 2228 570 3821 640">
     <span class='ocr_line' id='line_1_39' title="bbox 2228 570 3821 640; baseline -0.001 -14"><span class='ocrx_word' id='word_1_277' title='bbox 2228 570 2390 627; x_wconf 58' lang='lat' dir='ltr'><strong>bricae</strong></span> <span class='ocrx_word' id='word_1_278' title='bbox 2423 572 2738 627; x_wconf 85' lang='lat' dir='ltr'><strong>temeritatis</strong></span> <span class='ocrx_word' id='word_1_279' title='bbox 2766 570 2999 627; x_wconf 82' lang='lat' dir='ltr'><strong>offensas</strong></span> <span class='ocrx_word' id='word_1_280' title='bbox 3032 580 3129 625; x_wconf 91' lang='lat' dir='ltr'><strong>:ut</strong></span> <span class='ocrx_word' id='word_1_281' title='bbox 3157 584 3412 625; x_wconf 88' lang='lat' dir='ltr'><strong>concessa</strong></span> <span class='ocrx_word' id='word_1_282' title='bbox 3431 570 3607 640; x_wconf 64' lang='lat' dir='ltr'><strong>plena</strong></span> <span class='ocrx_word' id='word_1_283' title='bbox 3635 570 3821 625; x_wconf 83' lang='lat' dir='ltr'><strong>indul-</strong></span> 
     </span>
    </p>
   </div>
   <div class='ocr_carea' id='block_1_40' title="bbox 2227 660 3823 733">
    <p class='ocr_par' dir='ltr' id='par_1_40' title="bbox 2227 660 3823 733">
     <span class='ocr_line' id='line_1_40' title="bbox 2227 660 3823 733; baseline 0.001 -17"><span class='ocrx_word' id='word_1_284' title='bbox 2227 663 2419 732; x_wconf 66' lang='lat' dir='ltr'><strong>gentia:</strong></span> <span class='ocrx_word' id='word_1_285' title='bbox 2453 664 2632 726; x_wconf 86' lang='lat' dir='ltr'><strong>venia,</strong></span> <span class='ocrx_word' id='word_1_286' title='bbox 2655 662 2905 733; x_wconf 89' lang='lat' dir='ltr'><strong>quicquid</strong></span> <span class='ocrx_word' id='word_1_287' title='bbox 2948 663 3002 717; x_wconf 90' lang='lat' dir='ltr'><strong>in</strong></span> <span class='ocrx_word' id='word_1_288' title='bbox 3028 663 3128 717; x_wconf 91' lang='lat' dir='ltr'><strong>hoc</strong></span> <span class='ocrx_word' id='word_1_289' title='bbox 3159 661 3357 717; x_wconf 63' lang='lat' dir='ltr'><strong>saeculo</strong></span> <span class='ocrx_word' id='word_1_290' title='bbox 3388 660 3638 731; x_wconf 85' lang='lat' dir='ltr'><strong>proprius</strong></span> <span class='ocrx_word' id='word_1_291' title='bbox 3665 676 3823 717; x_wconf 81' lang='lat' dir='ltr'><strong>error</strong></span> 
     </span>
    </p>
   </div>
   <div class='ocr_carea' id='block_1_41' title="bbox 2228 752 3821 824">
    <p class='ocr_par' dir='ltr' id='par_1_41' title="bbox 2228 752 3821 824">
     <span class='ocr_line' id='line_1_41' title="bbox 2228 752 3821 824; baseline 0 -16"><span class='ocrx_word' id='word_1_292' title='bbox 2228 753 2421 821; x_wconf 88' lang='lat' dir='ltr'><strong>attulit,</strong></span> <span class='ocrx_word' id='word_1_293' title='bbox 2449 753 2718 810; x_wconf 76' lang='lat' dir='ltr'><strong>ineffabile</strong></span> <span class='ocrx_word' id='word_1_294' title='bbox 2748 754 2945 824; x_wconf 89' lang='lat' dir='ltr'><strong>pietate</strong></span> <span class='ocrx_word' id='word_1_295' title='bbox 2971 768 3035 809; x_wconf 88' lang='lat' dir='ltr'><strong>ac</strong></span> <span class='ocrx_word' id='word_1_296' title='bbox 3046 753 3373 823; x_wconf 75' lang='lat' dir='ltr'><strong>benignitate</strong></span> <span class='ocrx_word' id='word_1_297' title='bbox 3393 767 3490 809; x_wconf 86' lang='lat' dir='ltr'><strong>sua</strong></span> <span class='ocrx_word' id='word_1_298' title='bbox 3518 752 3821 824; x_wconf 70' lang='lat' dir='ltr'><strong>indulgeat.</strong></span> 
     </span>
    </p>
   </div>
   <div class='ocr_carea' id='block_1_42' title="bbox 2882 844 3160 899">
    <p class='ocr_par' dir='ltr' id='par_1_42' title="bbox 2882 844 3160 899">
     <span class='ocr_line' id='line_1_42' title="bbox 2882 844 3160 899; baseline 0.004 -2"><span class='ocrx_word' id='word_1_299' title='bbox 2882 844 3015 897; x_wconf 82' lang='lat' dir='ltr'><strong>Item</strong></span> <span class='ocrx_word' id='word_1_300' title='bbox 3036 846 3160 899; x_wconf 79' lang='lat' dir='ltr'><strong>alia.</strong></span> 
     </span>
    </p>
   </div>
   <div class='ocr_carea' id='block_1_43' title="bbox 2300 935 3826 1008">
    <p class='ocr_par' dir='ltr' id='par_1_43' title="bbox 2300 935 3826 1008">
     <span class='ocr_line' id='line_1_43' title="bbox 2300 935 3826 1008; baseline -0.001 -15"><span class='ocrx_word' id='word_1_301' title='bbox 2300 937 2381 993; x_wconf 85' lang='lat' dir='ltr'><strong>Tu</strong></span> <span class='ocrx_word' id='word_1_302' title='bbox 2414 939 2593 1003; x_wconf 88' lang='lat' dir='ltr'><strong>nobis,</strong></span> <span class='ocrx_word' id='word_1_303' title='bbox 2627 936 2877 1005; x_wconf 83' lang='lat' dir='ltr'><strong>Domine,</strong></span> <span class='ocrx_word' id='word_1_304' title='bbox 2909 937 3167 993; x_wconf 77' lang='lat' dir='ltr'><strong>auxilium</strong></span> <span class='ocrx_word' id='word_1_305' title='bbox 3192 946 3451 1008; x_wconf 68' lang='lat' dir='ltr'><strong>praestare</strong></span> <span class='ocrx_word' id='word_1_306' title='bbox 3478 935 3745 1006; x_wconf 81' lang='lat' dir='ltr'><strong>digneris,</strong></span> <span class='ocrx_word' id='word_1_307' title='bbox 3770 944 3826 991; x_wconf 77' lang='lat' dir='ltr'><strong>tu</strong></span> 
     </span>
    </p>
   </div>
   <div class='ocr_carea' id='block_1_44' title="bbox 2229 1033 3821 1117">
    <p class='ocr_par' dir='ltr' id='par_1_44' title="bbox 2229 1033 3821 1117">
     <span class='ocr_line' id='line_1_44' title="bbox 2229 1033 3821 1117; baseline -0.003 -25"><span class='ocrx_word' id='word_1_308' title='bbox 2229 1050 2325 1106; x_wconf 87' lang='lat' dir='ltr'><strong>per</strong></span> <span class='ocrx_word' id='word_1_309' title='bbox 2351 1036 2775 1117; x_wconf 81' lang='lat' dir='ltr'><strong>misericordiam</strong></span> <span class='ocrx_word' id='word_1_310' title='bbox 2805 1033 3066 1107; x_wconf 86' lang='lat' dir='ltr'><strong>largiaris,</strong></span> <span class='ocrx_word' id='word_1_311' title='bbox 3100 1036 3328 1090; x_wconf 89' lang='lat' dir='ltr'><strong>animam</strong></span> <span class='ocrx_word' id='word_1_312' title='bbox 3375 1049 3589 1105; x_wconf 90' lang='lat' dir='ltr'><strong>quoque</strong></span> <span class='ocrx_word' id='word_1_313' title='bbox 3630 1033 3821 1088; x_wconf 73' lang='lat' dir='ltr'><strong>famuli</strong></span> 
     </span>
    </p>
   </div>
   <div class='ocr_carea' id='block_1_45' title="bbox 2228 1126 3827 1197">
    <p class='ocr_par' dir='ltr' id='par_1_45' title="bbox 2228 1126 3827 1197">
     <span class='ocr_line' id='line_1_45' title="bbox 2228 1126 3827 1197; baseline -0.003 -12"><span class='ocrx_word' id='word_1_314' title='bbox 2228 1130 2306 1185; x_wconf 90' lang='lat' dir='ltr'><strong>tui</strong></span> <span class='ocrx_word' id='word_1_315' title='bbox 2354 1127 2429 1182; x_wconf 90' lang='lat' dir='ltr'><strong>ill.</strong></span> <span class='ocrx_word' id='word_1_316' title='bbox 2481 1142 2510 1181; x_wconf 91' lang='lat' dir='ltr'><strong>a</strong></span> <span class='ocrx_word' id='word_1_317' title='bbox 2556 1126 2782 1183; x_wconf 91' lang='lat' dir='ltr'><strong>vinculis</strong></span> <span class='ocrx_word' id='word_1_318' title='bbox 2831 1127 3200 1197; x_wconf 88' lang='lat' dir='ltr'><strong>corporalibus</strong></span> <span class='ocrx_word' id='word_1_319' title='bbox 3252 1128 3534 1182; x_wconf 86' lang='lat' dir='ltr'><strong>liberatam</strong></span> <span class='ocrx_word' id='word_1_320' title='bbox 3592 1127 3649 1181; x_wconf 87' lang='lat' dir='ltr'><strong>in</strong></span> <span class='ocrx_word' id='word_1_321' title='bbox 3694 1141 3827 1194; x_wconf 83' lang='lat' dir='ltr'><strong>pace</strong></span> 
     </span>
    </p>
   </div>
   <div class='ocr_carea' id='block_1_46' title="bbox 2230 1217 3827 1289">
    <p class='ocr_par' dir='ltr' id='par_1_46' title="bbox 2230 1217 3827 1289">
     <span class='ocr_line' id='line_1_46' title="bbox 2230 1217 3827 1289; baseline -0.004 -12"><span class='ocrx_word' id='word_1_322' title='bbox 2230 1229 2535 1277; x_wconf 88' lang='lat' dir='ltr'><strong>sanctorum</strong></span> <span class='ocrx_word' id='word_1_323' title='bbox 2562 1228 2771 1275; x_wconf 90' lang='lat' dir='ltr'><strong>tuorum</strong></span> <span class='ocrx_word' id='word_1_324' title='bbox 2803 1219 3052 1287; x_wconf 86' lang='lat' dir='ltr'><strong>recipias,</strong></span> <span class='ocrx_word' id='word_1_325' title='bbox 3077 1229 3131 1275; x_wconf 91' lang='lat' dir='ltr'><strong>et</strong></span> <span class='ocrx_word' id='word_1_326' title='bbox 3158 1219 3417 1289; x_wconf 70' lang='lat' dir='ltr'><strong>gehennae</strong></span> <span class='ocrx_word' id='word_1_327' title='bbox 3438 1217 3580 1288; x_wconf 86' lang='lat' dir='ltr'><strong>ignis</strong></span> <span class='ocrx_word' id='word_1_328' title='bbox 3600 1217 3827 1273; x_wconf 82' lang='lat' dir='ltr'><strong>evadat.</strong></span> 
     </span>
    </p>
   </div>
   <div class='ocr_carea' id='block_1_47' title="bbox 2873 1310 3171 1367">
    <p class='ocr_par' dir='ltr' id='par_1_47' title="bbox 2873 1310 3171 1367">
     <span class='ocr_line' id='line_1_47' title="bbox 2873 1310 3171 1367; baseline 0 -1"><span class='ocrx_word' id='word_1_329' title='bbox 2873 1310 3005 1367; x_wconf 88' lang='lat' dir='ltr'><strong>Item</strong></span> <span class='ocrx_word' id='word_1_330' title='bbox 3046 1312 3171 1367; x_wconf 80' lang='lat' dir='ltr'><strong>alia.</strong></span> 
     </span>
    </p>
   </div>
   <div class='ocr_carea' id='block_1_48' title="bbox 2300 1402 3826 1475">
    <p class='ocr_par' dir='ltr' id='par_1_48' title="bbox 2300 1402 3826 1475">
     <span class='ocr_line' id='line_1_48' title="bbox 2300 1402 3826 1475; baseline -0.005 -14"><span class='ocrx_word' id='word_1_331' title='bbox 2300 1407 2462 1470; x_wconf 90' lang='lat' dir='ltr'><strong>Deus,</strong></span> <span class='ocrx_word' id='word_1_332' title='bbox 2495 1405 2586 1475; x_wconf 89' lang='lat' dir='ltr'><strong>qui</strong></span> <span class='ocrx_word' id='word_1_333' title='bbox 2611 1404 2772 1474; x_wconf 89' lang='lat' dir='ltr'><strong>justis</strong></span> <span class='ocrx_word' id='word_1_334' title='bbox 2820 1402 3297 1473; x_wconf 88' lang='lat' dir='ltr'><strong>supplicationibus</strong></span> <span class='ocrx_word' id='word_1_335' title='bbox 3345 1416 3563 1469; x_wconf 85' lang='lat' dir='ltr'><strong>semper</strong></span> <span class='ocrx_word' id='word_1_336' title='bbox 3615 1408 3826 1469; x_wconf 67' lang='lat' dir='ltr'><strong>praesto</strong></span> 
     </span>
    </p>
   </div>
   <div class='ocr_carea' id='block_1_49' title="bbox 2229 1491 3831 1568">
    <p class='ocr_par' dir='ltr' id='par_1_49' title="bbox 2229 1491 3831 1568">
     <span class='ocr_line' id='line_1_49' title="bbox 2229 1491 3831 1568; baseline -0.004 -15"><span class='ocrx_word' id='word_1_337' title='bbox 2229 1499 2377 1566; x_wconf 84' lang='lat' dir='ltr'><strong>ades,</strong></span> <span class='ocrx_word' id='word_1_338' title='bbox 2404 1498 2491 1568; x_wconf 92' lang='lat' dir='ltr'><strong>qui</strong></span> <span class='ocrx_word' id='word_1_339' title='bbox 2521 1497 2605 1567; x_wconf 89' lang='lat' dir='ltr'><strong>pia</strong></span> <span class='ocrx_word' id='word_1_340' title='bbox 2634 1506 2753 1551; x_wconf 88' lang='lat' dir='ltr'><strong>vota</strong></span> <span class='ocrx_word' id='word_1_341' title='bbox 2784 1495 3021 1567; x_wconf 82' lang='lat' dir='ltr'><strong>dignaris</strong></span> <span class='ocrx_word' id='word_1_342' title='bbox 3051 1494 3269 1557; x_wconf 87' lang='lat' dir='ltr'><strong>intueri,</strong></span> <span class='ocrx_word' id='word_1_343' title='bbox 3301 1493 3370 1548; x_wconf 93' lang='lat' dir='ltr'><strong>da</strong></span> <span class='ocrx_word' id='word_1_344' title='bbox 3402 1508 3600 1548; x_wconf 71' lang='lat' dir='ltr'><strong>anima:</strong></span> <span class='ocrx_word' id='word_1_345' title='bbox 3637 1491 3831 1552; x_wconf 84' lang='lat' dir='ltr'><strong>lamoll</strong></span> 
     </span>
    </p>
   </div>
   <div class='ocr_carea' id='block_1_50' title="bbox 2232 1585 3833 1659">
    <p class='ocr_par' dir='ltr' id='par_1_50' title="bbox 2232 1585 3833 1659">
     <span class='ocr_line' id='line_1_50' title="bbox 2232 1585 3833 1659; baseline -0.003 -14"><span class='ocrx_word' id='word_1_346' title='bbox 2232 1590 2307 1645; x_wconf 90' lang='lat' dir='ltr'><strong>tui</strong></span> <span class='ocrx_word' id='word_1_347' title='bbox 2339 1590 2417 1644; x_wconf 92' lang='lat' dir='ltr'><strong>ill.</strong></span> <span class='ocrx_word' id='word_1_348' title='bbox 2442 1588 2596 1659; x_wconf 89' lang='lat' dir='ltr'><strong>cujus</strong></span> <span class='ocrx_word' id='word_1_349' title='bbox 2619 1590 2874 1643; x_wconf 88' lang='lat' dir='ltr'><strong>transitus</strong></span> <span class='ocrx_word' id='word_1_350' title='bbox 2903 1586 3063 1641; x_wconf 83' lang='lat' dir='ltr'><strong>hodie</strong></span> <span class='ocrx_word' id='word_1_351' title='bbox 3103 1585 3276 1639; x_wconf 82' lang='lat' dir='ltr'><strong>ofﬁcia</strong></span> <span class='ocrx_word' id='word_1_352' title='bbox 3328 1592 3675 1655; x_wconf 65' lang='lat' dir='ltr'><strong>praestamus,</strong></span> <span class='ocrx_word' id='word_1_353' title='bbox 3705 1598 3833 1641; x_wconf 83' lang='lat' dir='ltr'><strong>cum</strong></span> 
     </span>
    </p>
   </div>
   <div class='ocr_carea' id='block_1_51' title="bbox 2230 1677 3831 1753">
    <p class='ocr_par' dir='ltr' id='par_1_51' title="bbox 2230 1677 3831 1753">
     <span class='ocr_line' id='line_1_51' title="bbox 2230 1677 3831 1753; baseline -0.006 -14"><span class='ocrx_word' id='word_1_354' title='bbox 2230 1682 2430 1739; x_wconf 90' lang='lat' dir='ltr'><strong>sanctis</strong></span> <span class='ocrx_word' id='word_1_355' title='bbox 2451 1681 2626 1753; x_wconf 90' lang='lat' dir='ltr'><strong>adque</strong></span> <span class='ocrx_word' id='word_1_356' title='bbox 2661 1679 2845 1736; x_wconf 88' lang='lat' dir='ltr'><strong>electis</strong></span> <span class='ocrx_word' id='word_1_357' title='bbox 2874 1679 2977 1734; x_wconf 90' lang='lat' dir='ltr'><strong>tuis</strong></span> <span class='ocrx_word' id='word_1_358' title='bbox 3022 1677 3161 1733; x_wconf 89' lang='lat' dir='ltr'><strong>beati</strong></span> <span class='ocrx_word' id='word_1_359' title='bbox 3200 1677 3438 1732; x_wconf 87' lang='lat' dir='ltr'><strong>muneris</strong></span> <span class='ocrx_word' id='word_1_360' title='bbox 3490 1677 3831 1747; x_wconf 85' lang='lat' dir='ltr'><strong>portionem.</strong></span> 
     </span>
    </p>
   </div>
   <div class='ocr_carea' id='block_1_52' title="bbox 2874 1771 3174 1826">
    <p class='ocr_par' dir='ltr' id='par_1_52' title="bbox 2874 1771 3174 1826">
     <span class='ocr_line' id='line_1_52' title="bbox 2874 1771 3174 1826; baseline -0.003 0"><span class='ocrx_word' id='word_1_361' title='bbox 2874 1771 3007 1826; x_wconf 82' lang='lat' dir='ltr'><strong>Item</strong></span> <span class='ocrx_word' id='word_1_362' title='bbox 3049 1772 3174 1826; x_wconf 82' lang='lat' dir='ltr'><strong>alia.</strong></span> 
     </span>
    </p>
   </div>
   <div class='ocr_carea' id='block_1_53' title="bbox 2304 1864 3828 1940">
    <p class='ocr_par' dir='ltr' id='par_1_53' title="bbox 2304 1864 3828 1940">
     <span class='ocr_line' id='line_1_53' title="bbox 2304 1864 3828 1940; baseline -0.003 -15"><span class='ocrx_word' id='word_1_363' title='bbox 2304 1869 2521 1940; x_wconf 84' lang='lat' dir='ltr'><strong>Antiqui</strong></span> <span class='ocrx_word' id='word_1_364' title='bbox 2546 1881 2814 1924; x_wconf 89' lang='lat' dir='ltr'><strong>memores</strong></span> <span class='ocrx_word' id='word_1_365' title='bbox 2840 1864 3431 1938; x_wconf 68' lang='lat' dir='ltr'><strong>chirographi,—fratres</strong></span> <span class='ocrx_word' id='word_1_366' title='bbox 3450 1864 3828 1935; x_wconf 88' lang='lat' dir='ltr'><strong>dilectissimi,</strong></span> 
     </span>
    </p>
   </div>
   <div class='ocr_carea' id='block_1_54' title="bbox 2230 1958 3829 2036">
    <p class='ocr_par' dir='ltr' id='par_1_54' title="bbox 2230 1958 3829 2036">
     <span class='ocr_line' id='line_1_54' title="bbox 2230 1958 3829 2036; baseline -0.001 -17"><span class='ocrx_word' id='word_1_367' title='bbox 2230 1980 2336 2036; x_wconf 90' lang='lat' dir='ltr'><strong>quo</strong></span> <span class='ocrx_word' id='word_1_368' title='bbox 2368 1962 2521 2034; x_wconf 82' lang='lat' dir='ltr'><strong>primi</strong></span> <span class='ocrx_word' id='word_1_369' title='bbox 2542 1962 2776 2018; x_wconf 87' lang='lat' dir='ltr'><strong>hominis</strong></span> <span class='ocrx_word' id='word_1_370' title='bbox 2797 1970 3018 2030; x_wconf 89' lang='lat' dir='ltr'><strong>peccato</strong></span> <span class='ocrx_word' id='word_1_371' title='bbox 3043 1970 3099 2017; x_wconf 90' lang='lat' dir='ltr'><strong>et</strong></span> <span class='ocrx_word' id='word_1_372' title='bbox 3129 1960 3473 2028; x_wconf 88' lang='lat' dir='ltr'><strong>corruptione</strong></span> <span class='ocrx_word' id='word_1_373' title='bbox 3496 1958 3718 2015; x_wconf 84' lang='lat' dir='ltr'><strong>addicta</strong></span> <span class='ocrx_word' id='word_1_374' title='bbox 3748 1969 3829 2018; x_wconf 74' lang='lat' dir='ltr'><strong>est</strong></span> 
     </span>
    </p>
   </div>
   <div class='ocr_carea' id='block_1_55' title="bbox 2230 2050 3826 2123">
    <p class='ocr_par' dir='ltr' id='par_1_55' title="bbox 2230 2050 3826 2123">
     <span class='ocr_line' id='line_1_55' title="bbox 2230 2050 3826 2123; baseline -0.003 -12"><span class='ocrx_word' id='word_1_375' title='bbox 2230 2056 2460 2110; x_wconf 89' lang='lat' dir='ltr'><strong>humana</strong></span> <span class='ocrx_word' id='word_1_376' title='bbox 2481 2053 2738 2119; x_wconf 89' lang='lat' dir='ltr'><strong>conditio,</strong></span> <span class='ocrx_word' id='word_1_377' title='bbox 2771 2052 2870 2108; x_wconf 88' lang='lat' dir='ltr'><strong>sub</strong></span> <span class='ocrx_word' id='word_1_378' title='bbox 2890 2052 3042 2123; x_wconf 85' lang='lat' dir='ltr'><strong>cujus</strong></span> <span class='ocrx_word' id='word_1_379' title='bbox 3070 2051 3189 2121; x_wconf 89' lang='lat' dir='ltr'><strong>lege</strong></span> <span class='ocrx_word' id='word_1_380' title='bbox 3215 2050 3268 2105; x_wconf 93' lang='lat' dir='ltr'><strong>id</strong></span> <span class='ocrx_word' id='word_1_381' title='bbox 3318 2050 3420 2105; x_wconf 85' lang='lat' dir='ltr'><strong>sibi</strong></span> <span class='ocrx_word' id='word_1_382' title='bbox 3449 2052 3826 2121; x_wconf 82' lang='lat' dir='ltr'><strong>unusquisque</strong></span> 
     </span>
    </p>
   </div>
   <div class='ocr_carea' id='block_1_56' title="bbox 2229 2140 3826 2217">
    <p class='ocr_par' dir='ltr' id='par_1_56' title="bbox 2229 2140 3826 2217">
     <span class='ocr_line' id='line_1_56' title="bbox 2229 2140 3826 2217; baseline -0.006 -14"><span class='ocrx_word' id='word_1_383' title='bbox 2229 2146 2502 2215; x_wconf 86' lang='lat' dir='ltr'><strong>formidat,</strong></span> <span class='ocrx_word' id='word_1_384' title='bbox 2532 2146 2673 2217; x_wconf 91' lang='lat' dir='ltr'><strong>quod</strong></span> <span class='ocrx_word' id='word_1_385' title='bbox 2700 2146 2801 2201; x_wconf 92' lang='lat' dir='ltr'><strong>alia</strong></span> <span class='ocrx_word' id='word_1_386' title='bbox 2844 2144 3205 2215; x_wconf 64' lang='lat' dir='ltr'><strong>investigarit,</strong></span> <span class='ocrx_word' id='word_1_387' title='bbox 3239 2142 3543 2211; x_wconf 88' lang='lat' dir='ltr'><strong>videatque,</strong></span> <span class='ocrx_word' id='word_1_388' title='bbox 3575 2140 3826 2212; x_wconf 87' lang='lat' dir='ltr'><strong>omnipo-</strong></span> 
     </span>
    </p>
   </div>
   <div class='ocr_carea' id='block_1_57' title="bbox 2230 2237 3824 2307">
    <p class='ocr_par' dir='ltr' id='par_1_57' title="bbox 2230 2237 3824 2307">
     <span class='ocr_line' id='line_1_57' title="bbox 2230 2237 3824 2307; baseline -0.005 -8"><span class='ocrx_word' id='word_1_389' title='bbox 2230 2243 2389 2299; x_wconf 90' lang='lat' dir='ltr'><strong>tentis</strong></span> <span class='ocrx_word' id='word_1_390' title='bbox 2411 2242 2505 2297; x_wconf 87' lang='lat' dir='ltr'><strong>Dei</strong></span> <span class='ocrx_word' id='word_1_391' title='bbox 2535 2240 2960 2297; x_wconf 78' lang='lat' dir='ltr'><strong>misericordiam</strong></span> <span class='ocrx_word' id='word_1_392' title='bbox 2984 2238 3337 2307; x_wconf 82' lang='lat' dir='ltr'><strong>deprecemur</strong></span> <span class='ocrx_word' id='word_1_393' title='bbox 3380 2251 3475 2306; x_wconf 88' lang='lat' dir='ltr'><strong>pro</strong></span> <span class='ocrx_word' id='word_1_394' title='bbox 3503 2237 3688 2292; x_wconf 85' lang='lat' dir='ltr'><strong>anima</strong></span> <span class='ocrx_word' id='word_1_395' title='bbox 3714 2237 3824 2291; x_wconf 83' lang='lat' dir='ltr'><strong>cari</strong></span> 
     </span>
    </p>
   </div>
   <div class='ocr_carea' id='block_1_58' title="bbox 2228 2327 3825 2401">
    <p class='ocr_par' dir='ltr' id='par_1_58' title="bbox 2228 2327 3825 2401">
     <span class='ocr_line' id='line_1_58' title="bbox 2228 2327 3825 2401; baseline -0.004 -11"><span class='ocrx_word' id='word_1_396' title='bbox 2228 2332 2398 2390; x_wconf 83' lang='lat' dir='ltr'><strong>nostri</strong></span> <span class='ocrx_word' id='word_1_397' title='bbox 2430 2332 2529 2397; x_wconf 90' lang='lat' dir='ltr'><strong>il|.,</strong></span> <span class='ocrx_word' id='word_1_398' title='bbox 2578 2331 2731 2401; x_wconf 88' lang='lat' dir='ltr'><strong>cujus</strong></span> <span class='ocrx_word' id='word_1_399' title='bbox 2761 2330 2917 2386; x_wconf 86' lang='lat' dir='ltr'><strong>hodie</strong></span> <span class='ocrx_word' id='word_1_400' title='bbox 2945 2327 3335 2399; x_wconf 89' lang='lat' dir='ltr'><strong>depositionem</strong></span> <span class='ocrx_word' id='word_1_401' title='bbox 3363 2327 3734 2391; x_wconf 83' lang='lat' dir='ltr'><strong>celebramus,</strong></span> <span class='ocrx_word' id='word_1_402' title='bbox 3766 2336 3825 2383; x_wconf 88' lang='lat' dir='ltr'><strong>ut</strong></span> 
     </span>
    </p>
   </div>
   <div class='ocr_carea' id='block_1_59' title="bbox 2229 2420 3819 2493">
    <p class='ocr_par' dir='ltr' id='par_1_59' title="bbox 2229 2420 3819 2493">
     <span class='ocr_line' id='line_1_59' title="bbox 2229 2420 3819 2493; baseline -0.003 -12"><span class='ocrx_word' id='word_1_403' title='bbox 2229 2440 2347 2481; x_wconf 87' lang='lat' dir='ltr'><strong>eam</strong></span> <span class='ocrx_word' id='word_1_404' title='bbox 2378 2425 2431 2480; x_wconf 91' lang='lat' dir='ltr'><strong>in</strong></span> <span class='ocrx_word' id='word_1_405' title='bbox 2460 2434 2717 2480; x_wconf 85' lang='lat' dir='ltr'><strong>aeternam</strong></span> <span class='ocrx_word' id='word_1_406' title='bbox 2750 2422 2987 2493; x_wconf 89' lang='lat' dir='ltr'><strong>requiem</strong></span> <span class='ocrx_word' id='word_1_407' title='bbox 3018 2421 3293 2492; x_wconf 89' lang='lat' dir='ltr'><strong>suscipiat,</strong></span> <span class='ocrx_word' id='word_1_408' title='bbox 3334 2428 3390 2477; x_wconf 87' lang='lat' dir='ltr'><strong>et</strong></span> <span class='ocrx_word' id='word_1_409' title='bbox 3431 2420 3607 2476; x_wconf 81' lang='lat' dir='ltr'><strong>beatae</strong></span> <span class='ocrx_word' id='word_1_410' title='bbox 3635 2435 3819 2476; x_wconf 84' lang='lat' dir='ltr'><strong>resur-</strong></span> 
     </span>
    </p>
   </div>
   <div class='ocr_carea' id='block_1_60' title="bbox 2228 2519 2849 2589">
    <p class='ocr_par' dir='ltr' id='par_1_60' title="bbox 2228 2519 2849 2589">
     <span class='ocr_line' id='line_1_60' title="bbox 2228 2519 2849 2589; baseline -0.008 -12"><span class='ocrx_word' id='word_1_411' title='bbox 2228 2519 2454 2577; x_wconf 87' lang='lat' dir='ltr'><strong>rectioni</strong></span> <span class='ocrx_word' id='word_1_412' title='bbox 2483 2528 2849 2589; x_wconf 68' lang='lat' dir='ltr'><strong>repraesentet.</strong></span> 
     </span>
    </p>
   </div>
   <div class='ocr_carea' id='block_1_61' title="bbox 2877 2588 3161 2645">
    <p class='ocr_par' dir='ltr' id='par_1_61' title="bbox 2877 2588 3161 2645">
     <span class='ocr_line' id='line_1_61' title="bbox 2877 2588 3161 2645; baseline 0.007 -2"><span class='ocrx_word' id='word_1_413' title='bbox 2877 2588 3010 2643; x_wconf 85' lang='lat' dir='ltr'><strong>Item</strong></span> <span class='ocrx_word' id='word_1_414' title='bbox 3037 2590 3161 2645; x_wconf 82' lang='lat' dir='ltr'><strong>alia.</strong></span> 
     </span>
    </p>
   </div>
   <div class='ocr_carea' id='block_1_62' title="bbox 2298 2682 3818 2753">
    <p class='ocr_par' dir='ltr' id='par_1_62' title="bbox 2298 2682 3818 2753">
     <span class='ocr_line' id='line_1_62' title="bbox 2298 2682 3818 2753; baseline -0.005 -12"><span class='ocrx_word' id='word_1_415' title='bbox 2298 2686 2395 2753; x_wconf 86' lang='lat' dir='ltr'><strong>Te,</strong></span> <span class='ocrx_word' id='word_1_416' title='bbox 2423 2686 2670 2753; x_wconf 90' lang='lat' dir='ltr'><strong>Domine,</strong></span> <span class='ocrx_word' id='word_1_417' title='bbox 2697 2692 2881 2741; x_wconf 88' lang='lat' dir='ltr'><strong>sancte</strong></span> <span class='ocrx_word' id='word_1_418' title='bbox 2909 2684 3090 2751; x_wconf 89' lang='lat' dir='ltr'><strong>Pater,</strong></span> <span class='ocrx_word' id='word_1_419' title='bbox 3120 2683 3464 2751; x_wconf 85' lang='lat' dir='ltr'><strong>omnipotens</strong></span> <span class='ocrx_word' id='word_1_420' title='bbox 3496 2682 3659 2747; x_wconf 86' lang='lat' dir='ltr'><strong>Deus,</strong></span> <span class='ocrx_word' id='word_1_421' title='bbox 3694 2695 3818 2749; x_wconf 85' lang='lat' dir='ltr'><strong>sup-</strong></span> 
     </span>
    </p>
   </div>
   <div class='ocr_carea' id='block_1_63' title="bbox 2228 2771 3813 2847">
    <p class='ocr_par' dir='ltr' id='par_1_63' title="bbox 2228 2771 3813 2847">
     <span class='ocr_line' id='line_1_63' title="bbox 2228 2771 3813 2847; baseline -0.004 -15"><span class='ocrx_word' id='word_1_422' title='bbox 2228 2776 2392 2847; x_wconf 90' lang='lat' dir='ltr'><strong>plices</strong></span> <span class='ocrx_word' id='word_1_423' title='bbox 2420 2778 2771 2847; x_wconf 89' lang='lat' dir='ltr'><strong>deprecamur</strong></span> <span class='ocrx_word' id='word_1_424' title='bbox 2803 2790 2897 2844; x_wconf 91' lang='lat' dir='ltr'><strong>pro</strong></span> <span class='ocrx_word' id='word_1_425' title='bbox 2936 2775 3117 2830; x_wconf 89' lang='lat' dir='ltr'><strong>anima</strong></span> <span class='ocrx_word' id='word_1_426' title='bbox 3165 2774 3275 2829; x_wconf 91' lang='lat' dir='ltr'><strong>cari</strong></span> <span class='ocrx_word' id='word_1_427' title='bbox 3334 2773 3502 2827; x_wconf 83' lang='lat' dir='ltr'><strong>nostri</strong></span> <span class='ocrx_word' id='word_1_428' title='bbox 3536 2771 3618 2826; x_wconf 95' lang='lat' dir='ltr'><strong>ill.</strong></span> <span class='ocrx_word' id='word_1_429' title='bbox 3652 2786 3813 2839; x_wconf 84' lang='lat' dir='ltr'><strong>quem</strong></span> 
     </span>
    </p>
   </div>
   <div class='ocr_carea' id='block_1_64' title="bbox 2226 2862 3812 2937">
    <p class='ocr_par' dir='ltr' id='par_1_64' title="bbox 2226 2862 3812 2937">
     <span class='ocr_line' id='line_1_64' title="bbox 2226 2862 3812 2937; baseline -0.006 -12"><span class='ocrx_word' id='word_1_430' title='bbox 2226 2871 2294 2925; x_wconf 92' lang='lat' dir='ltr'><strong>ab</strong></span> <span class='ocrx_word' id='word_1_431' title='bbox 2326 2871 2427 2925; x_wconf 89' lang='lat' dir='ltr'><strong>hoc</strong></span> <span class='ocrx_word' id='word_1_432' title='bbox 2476 2868 2673 2925; x_wconf 85' lang='lat' dir='ltr'><strong>saeculo</strong></span> <span class='ocrx_word' id='word_1_433' title='bbox 2702 2867 2951 2923; x_wconf 89' lang='lat' dir='ltr'><strong>arcessiri</strong></span> <span class='ocrx_word' id='word_1_434' title='bbox 2976 2865 3202 2937; x_wconf 90' lang='lat' dir='ltr'><strong>jussisti.</strong></span> <span class='ocrx_word' id='word_1_435' title='bbox 3241 2866 3388 2918; x_wconf 89' lang='lat' dir='ltr'><strong>Dona</strong></span> <span class='ocrx_word' id='word_1_436' title='bbox 3438 2864 3509 2928; x_wconf 87' lang='lat' dir='ltr'><strong>ei,</strong></span> <span class='ocrx_word' id='word_1_437' title='bbox 3562 2862 3812 2928; x_wconf 87' lang='lat' dir='ltr'><strong>Domine,</strong></span> 
     </span>
    </p>
   </div>
   <div class='ocr_carea' id='block_1_65' title="bbox 2231 2951 3817 3028">
    <p class='ocr_par' dir='ltr' id='par_1_65' title="bbox 2231 2951 3817 3028">
     <span class='ocr_line' id='line_1_65' title="bbox 2231 2951 3817 3028; baseline -0.006 -13"><span class='ocrx_word' id='word_1_438' title='bbox 2231 2962 2405 3018; x_wconf 89' lang='lat' dir='ltr'><strong>locum</strong></span> <span class='ocrx_word' id='word_1_439' title='bbox 2464 2959 2696 3015; x_wconf 90' lang='lat' dir='ltr'><strong>lucidum</strong></span> <span class='ocrx_word' id='word_1_440' title='bbox 2743 2966 2798 3014; x_wconf 92' lang='lat' dir='ltr'><strong>et</strong></span> <span class='ocrx_word' id='word_1_441' title='bbox 2852 2956 3208 3028; x_wconf 87' lang='lat' dir='ltr'><strong>refrigerium.</strong></span> <span class='ocrx_word' id='word_1_442' title='bbox 3257 2955 3440 3010; x_wconf 87' lang='lat' dir='ltr'><strong>Liceat</strong></span> <span class='ocrx_word' id='word_1_443' title='bbox 3483 2952 3533 3007; x_wconf 92' lang='lat' dir='ltr'><strong>ei</strong></span> <span class='ocrx_word' id='word_1_444' title='bbox 3588 2951 3817 3007; x_wconf 87' lang='lat' dir='ltr'><strong>transire</strong></span> 
     </span>
    </p>
   </div>
   <div class='ocr_carea' id='block_1_66' title="bbox 2227 3044 3816 3126">
    <p class='ocr_par' dir='ltr' id='par_1_66' title="bbox 2227 3044 3816 3126">
     <span class='ocr_line' id='line_1_66' title="bbox 2227 3044 3816 3126; baseline -0.008 -15"><span class='ocrx_word' id='word_1_445' title='bbox 2227 3065 2408 3126; x_wconf 90' lang='lat' dir='ltr'><strong>portas</strong></span> <span class='ocrx_word' id='word_1_446' title='bbox 2435 3054 2728 3111; x_wconf 87' lang='lat' dir='ltr'><strong>inferorum</strong></span> <span class='ocrx_word' id='word_1_447' title='bbox 2753 3063 2807 3109; x_wconf 88' lang='lat' dir='ltr'><strong>et</strong></span> <span class='ocrx_word' id='word_1_448' title='bbox 2833 3054 2949 3108; x_wconf 89' lang='lat' dir='ltr'><strong>vias</strong></span> <span class='ocrx_word' id='word_1_449' title='bbox 2995 3051 3356 3113; x_wconf 88' lang='lat' dir='ltr'><strong>tenebrarum,</strong></span> <span class='ocrx_word' id='word_1_450' title='bbox 3390 3055 3715 3115; x_wconf 85' lang='lat' dir='ltr'><strong>maneatque</strong></span> <span class='ocrx_word' id='word_1_451' title='bbox 3764 3044 3816 3099; x_wconf 90' lang='lat' dir='ltr'><strong>in</strong></span> 
     </span>
    </p>
   </div>
   <div class='ocr_carea' id='block_1_67' title="bbox 2145 3137 3807 3215">
    <p class='ocr_par' dir='ltr' id='par_1_67' title="bbox 2145 3137 3807 3215">
     <span class='ocr_line' id='line_1_67' title="bbox 2145 3137 3807 3215; baseline -0.011 -7"><span class='ocrx_word' id='word_1_452' title='bbox 2145 3144 2192 3208; x_wconf 88' lang='lat' dir='ltr'>C</span> <span class='ocrx_word' id='word_1_453' title='bbox 2225 3145 2588 3203; x_wconf 87' lang='lat' dir='ltr'><strong>mansionibus</strong></span> <span class='ocrx_word' id='word_1_454' title='bbox 2610 3142 2801 3215; x_wconf 70' lang='lat' dir='ltr'><strong>Moysi,</strong></span> <span class='ocrx_word' id='word_1_455' title='bbox 2835 3143 2984 3210; x_wconf 73' lang='lat' dir='ltr'><strong>Elite,</strong></span> <span class='ocrx_word' id='word_1_456' title='bbox 3010 3152 3061 3196; x_wconf 86' lang='lat' dir='ltr'><strong>et</strong></span> <span class='ocrx_word' id='word_1_457' title='bbox 3083 3140 3339 3205; x_wconf 90' lang='lat' dir='ltr'><strong>Simonis,</strong></span> <span class='ocrx_word' id='word_1_458' title='bbox 3362 3147 3416 3193; x_wconf 91' lang='lat' dir='ltr'><strong>et</strong></span> <span class='ocrx_word' id='word_1_459' title='bbox 3438 3137 3648 3199; x_wconf 83' lang='lat' dir='ltr'><strong>Lazari,</strong></span> <span class='ocrx_word' id='word_1_460' title='bbox 3671 3150 3807 3190; x_wconf 85' lang='lat' dir='ltr'><strong>cun-</strong></span> 
     </span>
    </p>
   </div>
   <div class='ocr_carea' id='block_1_68' title="bbox 2224 3224 3809 3306">
    <p class='ocr_par' dir='ltr' id='par_1_68' title="bbox 2224 3224 3809 3306">
     <span class='ocr_line' id='line_1_68' title="bbox 2224 3224 3809 3306; baseline -0.009 -13"><span class='ocrx_word' id='word_1_461' title='bbox 2224 3248 2537 3306; x_wconf 84' lang='lat' dir='ltr'><strong>ctorumque</strong></span> <span class='ocrx_word' id='word_1_462' title='bbox 2588 3244 2916 3300; x_wconf 90' lang='lat' dir='ltr'><strong>sanctorum,</strong></span> <span class='ocrx_word' id='word_1_463' title='bbox 2950 3241 3005 3289; x_wconf 89' lang='lat' dir='ltr'><strong>et</strong></span> <span class='ocrx_word' id='word_1_464' title='bbox 3048 3232 3101 3287; x_wconf 92' lang='lat' dir='ltr'><strong>in</strong></span> <span class='ocrx_word' id='word_1_465' title='bbox 3153 3230 3273 3285; x_wconf 89' lang='lat' dir='ltr'><strong>luce</strong></span> <span class='ocrx_word' id='word_1_466' title='bbox 3320 3244 3479 3298; x_wconf 87' lang='lat' dir='ltr'><strong>quam</strong></span> <span class='ocrx_word' id='word_1_467' title='bbox 3512 3224 3809 3297; x_wconf 81' lang='lat' dir='ltr'><strong>promisisti</strong></span> 
     </span>
    </p>
   </div>
   <div class='ocr_carea' id='block_1_69' title="bbox 2226 3317 3811 3394">
    <p class='ocr_par' dir='ltr' id='par_1_69' title="bbox 2226 3317 3811 3394">
     <span class='ocr_line' id='line_1_69' title="bbox 2226 3317 3811 3394; baseline -0.008 -10"><span class='ocrx_word' id='word_1_468' title='bbox 2226 3328 2494 3384; x_wconf 84' lang='lat' dir='ltr'><strong>Abraham</strong></span> <span class='ocrx_word' id='word_1_469' title='bbox 2522 3338 2578 3383; x_wconf 88' lang='lat' dir='ltr'><strong>et</strong></span> <span class='ocrx_word' id='word_1_470' title='bbox 2623 3326 2817 3382; x_wconf 88' lang='lat' dir='ltr'><strong>semini</strong></span> <span class='ocrx_word' id='word_1_471' title='bbox 2862 3325 3009 3394; x_wconf 84' lang='lat' dir='ltr'><strong>ejus;</strong></span> <span class='ocrx_word' id='word_1_472' title='bbox 3068 3332 3126 3377; x_wconf 92' lang='lat' dir='ltr'><strong>ut</strong></span> <span class='ocrx_word' id='word_1_473' title='bbox 3154 3336 3278 3378; x_wconf 88' lang='lat' dir='ltr'><strong>cum</strong></span> <span class='ocrx_word' id='word_1_474' title='bbox 3327 3320 3444 3376; x_wconf 87' lang='lat' dir='ltr'><strong>dies</strong></span> <span class='ocrx_word' id='word_1_475' title='bbox 3498 3317 3811 3374; x_wconf 86' lang='lat' dir='ltr'><strong>tremendus</strong></span> 
     </span>
    </p>
   </div>
   <div class='ocr_carea' id='block_1_70' title="bbox 2223 3409 3807 3481">
    <p class='ocr_par' dir='ltr' id='par_1_70' title="bbox 2223 3409 3807 3481">
     <span class='ocr_line' id='line_1_70' title="bbox 2223 3409 3807 3481; baseline -0.009 -3"><span class='ocrx_word' id='word_1_476' title='bbox 2223 3423 2313 3479; x_wconf 88' lang='lat' dir='ltr'><strong>ille</strong></span> <span class='ocrx_word' id='word_1_477' title='bbox 2342 3421 2752 3478; x_wconf 86' lang='lat' dir='ltr'><strong>resurrectionis</strong></span> <span class='ocrx_word' id='word_1_478' title='bbox 2778 3417 3077 3480; x_wconf 81' lang='lat' dir='ltr'><strong>advenerit,</strong></span> <span class='ocrx_word' id='word_1_479' title='bbox 3112 3412 3421 3471; x_wconf 85' lang='lat' dir='ltr'><strong>resuscitari</strong></span> <span class='ocrx_word' id='word_1_480' title='bbox 3457 3426 3582 3468; x_wconf 89' lang='lat' dir='ltr'><strong>eum</strong></span> <span class='ocrx_word' id='word_1_481' title='bbox 3614 3409 3807 3481; x_wconf 70' lang='lat' dir='ltr'><strong>praeci-</strong></span> 
     </span>
    </p>
   </div>
   <div class='ocr_carea' id='block_1_71' title="bbox 535 3489 3459 3583">
    <p class='ocr_par' dir='ltr' id='par_1_71' title="bbox 535 3489 3459 3583">
     <span class='ocr_line' id='line_1_71' title="bbox 535 3489 3459 3583; baseline -0.002 -35"><span class='ocrx_word' id='word_1_482' title='bbox 535 3507 637 3549; x_wconf 88' lang='lat' dir='ltr'><strong>nus</strong></span> <span class='ocrx_word' id='word_1_483' title='bbox 680 3491 751 3549; x_wconf 91' lang='lat' dir='ltr'><strong>de</strong></span> <span class='ocrx_word' id='word_1_484' title='bbox 780 3492 1183 3550; x_wconf 90' lang='lat' dir='ltr'><strong>temtationibus</strong></span> <span class='ocrx_word' id='word_1_485' title='bbox 1212 3491 1394 3548; x_wconf 81' lang='lat' dir='ltr'><strong>saeculi</strong></span> <span class='ocrx_word' id='word_1_486' title='bbox 1426 3492 1745 3562; x_wconf 84' lang='lat' dir='ltr'><strong>adsumpsit,</strong></span> <span class='ocrx_word' id='word_1_487' title='bbox 1777 3489 2121 3546; x_wconf 85' lang='lat' dir='ltr'><strong>obsecrantes</strong></span> <span class='ocrx_word' id='word_1_488' title='bbox 2222 3513 2339 3583; x_wconf 60' lang='lat' dir='ltr'><strong>pias</strong></span> <span class='ocrx_word' id='word_1_489' title='bbox 2367 3512 2433 3568; x_wconf 65' lang='lat' dir='ltr'><strong>ad</strong></span> <span class='ocrx_word' id='word_1_490' title='bbox 2456 3512 2863 3581; x_wconf 48' lang='lat' dir='ltr'><strong>indulgentiam,</strong></span> <span class='ocrx_word' id='word_1_491' title='bbox 2895 3519 2950 3566; x_wconf 64' lang='grc' dir='ltr'><strong>οι</strong></span> <span class='ocrx_word' id='word_1_492' title='bbox 2978 3523 3084 3565; x_wconf 71' lang='lat' dir='ltr'><strong>non</strong></span> <span class='ocrx_word' id='word_1_493' title='bbox 3128 3506 3195 3563; x_wconf 67' lang='lat' dir='ltr'><strong>ad</strong></span> <span class='ocrx_word' id='word_1_494' title='bbox 3226 3520 3459 3578; x_wconf 43' lang='lat' dir='ltr'><strong>pugnam.</strong></span> 
     </span>
    </p>
   </div>
   <div class='ocr_carea' id='block_1_72' title="bbox 608 3627 1549 3698">
    <p class='ocr_par' dir='ltr' id='par_1_72' title="bbox 608 3627 1549 3698">
     <span class='ocr_line' id='line_1_72' title="bbox 608 3627 1549 3698; baseline 0 -18"><span class='ocrx_word' id='word_1_495' title='bbox 608 3637 631 3662; x_wconf 83' lang='grc'><strong>·</strong></span> <span class='ocrx_word' id='word_1_496' title='bbox 669 3628 754 3681; x_wconf 91' lang='lat' dir='ltr'><strong>An</strong></span> <span class='ocrx_word' id='word_1_497' title='bbox 783 3627 1090 3698; x_wconf 86' lang='lat' dir='ltr'><strong>legendum,</strong></span> <span class='ocrx_word' id='word_1_498' title='bbox 1129 3644 1232 3681; x_wconf 84' lang='lat' dir='ltr'><strong>non</strong></span> <span class='ocrx_word' id='word_1_499' title='bbox 1256 3642 1549 3698; x_wconf 71' lang='lat' dir='ltr'><strong>exaggera.</strong></span> 
     </span>
    </p>
   </div>
   <div class='ocr_carea' id='block_1_73' title="bbox 532 3740 3823 3766">
    <p class='ocr_par' dir='ltr' id='par_1_73' title="bbox 532 3740 3823 3766">
     <span class='ocr_line' id='line_1_73' title="bbox 532 3740 3823 3766; baseline -0.003 3"><span class='ocrx_word' id='word_1_500' title='bbox 532 3740 3823 3766; x_wconf 51' lang='grc' dir='ltr'>Μ</span> 
     </span>
    </p>
   </div>
   <div class='ocr_carea' id='block_1_74' title="bbox 1361 3907 2934 4133">
    <p class='ocr_par' dir='ltr' id='par_1_74' title="bbox 1361 3907 2934 4133">
     <span class='ocr_line' id='line_1_74' title="bbox 1361 3907 2934 4133; baseline -0.003 -66"><span class='ocrx_word' id='word_1_501' title='bbox 1361 3907 2934 4068; x_wconf 71' lang='lat' dir='ltr'><strong>EXORCISMUM‘.</strong></span> 
     </span>
    </p>
   </div>
   <div class='ocr_carea' id='block_1_75' title="bbox 890 4349 1767 4392">
    <p class='ocr_par' dir='ltr' id='par_1_75' title="bbox 890 4349 1767 4392">
     <span class='ocr_line' id='line_1_75' title="bbox 890 4349 1767 4392; baseline -0.003 0"><span class='ocrx_word' id='word_1_502' title='bbox 890 4354 957 4392; x_wconf 82' lang='lat' dir='ltr'><strong>AD</strong></span> <span class='ocrx_word' id='word_1_503' title='bbox 993 4350 1139 4391; x_wconf 80' lang='lat' dir='ltr'><strong>SALIS</strong></span> <span class='ocrx_word' id='word_1_504' title='bbox 1176 4351 1409 4391; x_wconf 72' lang='lat' dir='ltr'><strong>SPARSUII</strong></span> <span class='ocrx_word' id='word_1_505' title='bbox 1446 4349 1767 4390; x_wconf 74' lang='lat' dir='ltr'><strong>FACIENDUI.</strong></span> 
     </span>
    </p>
   </div>
   <div class='ocr_carea' id='block_1_76' title="bbox 605 4424 2132 4493">
    <p class='ocr_par' dir='ltr' id='par_1_76' title="bbox 605 4424 2132 4493">
     <span class='ocr_line' id='line_1_76' title="bbox 605 4424 2132 4493; baseline 0.001 -14"><span class='ocrx_word' id='word_1_506' title='bbox 605 4425 874 4481; x_wconf 80' lang='lat' dir='ltr'><strong>Exorcizo</strong></span> <span class='ocrx_word' id='word_1_507' title='bbox 907 4436 975 4492; x_wconf 86' lang='lat' dir='ltr'><strong>te,</strong></span> <span class='ocrx_word' id='word_1_508' title='bbox 1033 4436 1281 4482; x_wconf 90' lang='lat' dir='ltr'><strong>creatura</strong></span> <span class='ocrx_word' id='word_1_509' title='bbox 1322 4427 1471 4493; x_wconf 91' lang='lat' dir='ltr'><strong>salis,</strong></span> <span class='ocrx_word' id='word_1_510' title='bbox 1501 4428 1553 4481; x_wconf 91' lang='lat' dir='ltr'><strong>in</strong></span> <span class='ocrx_word' id='word_1_511' title='bbox 1585 4426 1804 4483; x_wconf 92' lang='lat' dir='ltr'><strong>nomine</strong></span> <span class='ocrx_word' id='word_1_512' title='bbox 1849 4424 2045 4489; x_wconf 85' lang='lat' dir='ltr'><strong>Patris,</strong></span> <span class='ocrx_word' id='word_1_513' title='bbox 2076 4433 2132 4481; x_wconf 89' lang='lat' dir='ltr'><strong>et</strong></span> 
     </span>
    </p>
   </div>
   <div class='ocr_carea' id='block_1_77' title="bbox 533 4516 2129 4590">
    <p class='ocr_par' dir='ltr' id='par_1_77' title="bbox 533 4516 2129 4590">
     <span class='ocr_line' id='line_1_77' title="bbox 533 4516 2129 4590; baseline -0.001 -17"><span class='ocrx_word' id='word_1_514' title='bbox 533 4516 673 4585; x_wconf 84' lang='lat' dir='ltr'><strong>Filii,</strong></span> <span class='ocrx_word' id='word_1_515' title='bbox 704 4527 759 4572; x_wconf 91' lang='lat' dir='ltr'><strong>et</strong></span> <span class='ocrx_word' id='word_1_516' title='bbox 785 4518 1016 4588; x_wconf 88' lang='lat' dir='ltr'><strong>Spiritus</strong></span> <span class='ocrx_word' id='word_1_517' title='bbox 1046 4518 1254 4585; x_wconf 90' lang='lat' dir='ltr'><strong>sancti;</strong></span> <span class='ocrx_word' id='word_1_518' title='bbox 1283 4534 1374 4590; x_wconf 83' lang='lat' dir='ltr'><strong>qui</strong></span> <span class='ocrx_word' id='word_1_519' title='bbox 1403 4530 1455 4574; x_wconf 89' lang='lat' dir='ltr'><strong>te</strong></span> <span class='ocrx_word' id='word_1_520' title='bbox 1479 4534 1573 4587; x_wconf 86' lang='lat' dir='ltr'><strong>per</strong></span> <span class='ocrx_word' id='word_1_521' title='bbox 1600 4519 1837 4574; x_wconf 88' lang='lat' dir='ltr'><strong>Eliseum</strong></span> <span class='ocrx_word' id='word_1_522' title='bbox 1863 4518 1917 4573; x_wconf 91' lang='lat' dir='ltr'><strong>in</strong></span> <span class='ocrx_word' id='word_1_523' title='bbox 1937 4532 2129 4587; x_wconf 90' lang='lat' dir='ltr'><strong>aquam</strong></span> 
     </span>
    </p>
   </div>
   <div class='ocr_carea' id='block_1_78' title="bbox 533 4609 2131 4682">
    <p class='ocr_par' dir='ltr' id='par_1_78' title="bbox 533 4609 2131 4682">
     <span class='ocr_line' id='line_1_78' title="bbox 533 4609 2131 4682; baseline 0 -18"><span class='ocrx_word' id='word_1_524' title='bbox 533 4609 670 4664; x_wconf 91' lang='lat' dir='ltr'><strong>mitti</strong></span> <span class='ocrx_word' id='word_1_525' title='bbox 698 4609 879 4680; x_wconf 85' lang='lat' dir='ltr'><strong>jussit,</strong></span> <span class='ocrx_word' id='word_1_526' title='bbox 931 4623 989 4666; x_wconf 90' lang='lat' dir='ltr'><strong>ut</strong></span> <span class='ocrx_word' id='word_1_527' title='bbox 1011 4621 1294 4666; x_wconf 79' lang='lat' dir='ltr'><strong>saltaretur</strong></span> <span class='ocrx_word' id='word_1_528' title='bbox 1321 4612 1543 4678; x_wconf 90' lang='lat' dir='ltr'><strong>sterilis,</strong></span> <span class='ocrx_word' id='word_1_529' title='bbox 1577 4612 1668 4682; x_wconf 93' lang='lat' dir='ltr'><strong>qui</strong></span> <span class='ocrx_word' id='word_1_530' title='bbox 1692 4611 1872 4667; x_wconf 86' lang='lat' dir='ltr'><strong>divina</strong></span> <span class='ocrx_word' id='word_1_531' title='bbox 1910 4611 2021 4666; x_wconf 89' lang='lat' dir='ltr'><strong>oris</strong></span> <span class='ocrx_word' id='word_1_532' title='bbox 2047 4610 2131 4665; x_wconf 91' lang='lat' dir='ltr'><strong>sui</strong></span> 
     </span>
    </p>
   </div>
   <div class='ocr_carea' id='block_1_79' title="bbox 534 4700 2127 4773">
    <p class='ocr_par' dir='ltr' id='par_1_79' title="bbox 534 4700 2127 4773">
     <span class='ocr_line' id='line_1_79' title="bbox 534 4700 2127 4773; baseline -0.001 -16"><span class='ocrx_word' id='word_1_533' title='bbox 534 4717 663 4757; x_wconf 89' lang='lat' dir='ltr'><strong>voce</strong></span> <span class='ocrx_word' id='word_1_534' title='bbox 683 4703 759 4757; x_wconf 88' lang='lat' dir='ltr'><strong>ait</strong></span> <span class='ocrx_word' id='word_1_535' title='bbox 779 4720 790 4753; x_wconf 90' lang='lat'><strong>:</strong></span> <span class='ocrx_word' id='word_1_536' title='bbox 818 4700 926 4757; x_wconf 80' lang='lat' dir='ltr'><strong>Vos</strong></span> <span class='ocrx_word' id='word_1_537' title='bbox 948 4702 1077 4758; x_wconf 89' lang='lat' dir='ltr'><strong>estis</strong></span> <span class='ocrx_word' id='word_1_538' title='bbox 1093 4703 1171 4758; x_wconf 87' lang='lat' dir='ltr'><strong>sal</strong></span> <span class='ocrx_word' id='word_1_539' title='bbox 1196 4712 1349 4758; x_wconf 71' lang='lat' dir='ltr'><strong>terra:</strong></span> <span class='ocrx_word' id='word_1_540' title='bbox 1369 4721 1382 4770; x_wconf 92' lang='lat'><strong>;</strong></span> <span class='ocrx_word' id='word_1_541' title='bbox 1409 4713 1462 4758; x_wconf 90' lang='lat' dir='ltr'><strong>et</strong></span> <span class='ocrx_word' id='word_1_542' title='bbox 1483 4718 1579 4773; x_wconf 89' lang='lat' dir='ltr'><strong>per</strong></span> <span class='ocrx_word' id='word_1_543' title='bbox 1595 4703 1912 4773; x_wconf 87' lang='lat' dir='ltr'><strong>Apostolum</strong></span> <span class='ocrx_word' id='word_1_544' title='bbox 1934 4716 2087 4757; x_wconf 88' lang='lat' dir='ltr'><strong>suum</strong></span> <span class='ocrx_word' id='word_1_545' title='bbox 2111 4716 2127 4756; x_wconf 89' lang='lat'><strong>:</strong></span> 
     </span>
    </p>
   </div>
   <div class='ocr_carea' id='block_1_80' title="bbox 532 4792 2127 4865">
    <p class='ocr_par' dir='ltr' id='par_1_80' title="bbox 532 4792 2127 4865">
     <span class='ocr_line' id='line_1_80' title="bbox 532 4792 2127 4865; baseline -0.003 -14"><span class='ocrx_word' id='word_1_546' title='bbox 532 4793 614 4851; x_wconf 89' lang='lat' dir='ltr'><strong>Sit</strong></span> <span class='ocrx_word' id='word_1_547' title='bbox 637 4808 815 4849; x_wconf 90' lang='lat' dir='ltr'><strong>sermo</strong></span> <span class='ocrx_word' id='word_1_548' title='bbox 851 4802 1034 4850; x_wconf 87' lang='lat' dir='ltr'><strong>noster</strong></span> <span class='ocrx_word' id='word_1_549' title='bbox 1062 4796 1176 4850; x_wconf 87' lang='lat' dir='ltr'><strong>sale</strong></span> <span class='ocrx_word' id='word_1_550' title='bbox 1200 4796 1469 4851; x_wconf 90' lang='lat' dir='ltr'><strong>conditus.</strong></span> <span class='ocrx_word' id='word_1_551' title='bbox 1521 4794 1749 4865; x_wconf 88' lang='lat' dir='ltr'><strong>Ideoque</strong></span> <span class='ocrx_word' id='word_1_552' title='bbox 1777 4795 1997 4850; x_wconf 80' lang='lat' dir='ltr'><strong>efﬁcere</strong></span> <span class='ocrx_word' id='word_1_553' title='bbox 2046 4792 2127 4850; x_wconf 89' lang='lat' dir='ltr'><strong>sal</strong></span> 
     </span>
    </p>
   </div>
   <div class='ocr_carea' id='block_1_81' title="bbox 533 4885 2128 4957">
    <p class='ocr_par' dir='ltr' id='par_1_81' title="bbox 533 4885 2128 4957">
     <span class='ocr_line' id='line_1_81' title="bbox 533 4885 2128 4957; baseline -0.002 -15"><span class='ocrx_word' id='word_1_554' title='bbox 533 4885 893 4942; x_wconf 81' lang='lat' dir='ltr'><strong>exorcizatum</strong></span> <span class='ocrx_word' id='word_1_555' title='bbox 924 4926 940 4953; x_wconf 90' lang='lat'><strong>,</strong></span> <span class='ocrx_word' id='word_1_556' title='bbox 982 4894 1041 4942; x_wconf 93' lang='lat' dir='ltr'><strong>ut</strong></span> <span class='ocrx_word' id='word_1_557' title='bbox 1080 4886 1403 4957; x_wconf 89' lang='lat' dir='ltr'><strong>ubicumque</strong></span> <span class='ocrx_word' id='word_1_558' title='bbox 1434 4887 1597 4943; x_wconf 89' lang='lat' dir='ltr'><strong>fueris</strong></span> <span class='ocrx_word' id='word_1_559' title='bbox 1624 4901 1839 4955; x_wconf 88' lang='lat' dir='ltr'><strong>aspersa</strong></span> <span class='ocrx_word' id='word_1_560' title='bbox 1861 4928 1874 4951; x_wconf 94' lang='lat'><strong>,</strong></span> <span class='ocrx_word' id='word_1_561' title='bbox 1908 4895 2128 4955; x_wconf 64' lang='lat' dir='ltr'><strong>praestes</strong></span> 
     </span>
    </p>
   </div>
   <div class='ocr_carea' id='block_1_82' title="bbox 536 4979 2124 5050">
    <p class='ocr_par' dir='ltr' id='par_1_82' title="bbox 536 4979 2124 5050">
     <span class='ocr_line' id='line_1_82' title="bbox 536 4979 2124 5050; baseline -0.002 -16"><span class='ocrx_word' id='word_1_562' title='bbox 536 4980 787 5036; x_wconf 90' lang='lat' dir='ltr'><strong>omnibus</strong></span> <span class='ocrx_word' id='word_1_563' title='bbox 831 4981 1115 5037; x_wconf 90' lang='lat' dir='ltr'><strong>sanitatem</strong></span> <span class='ocrx_word' id='word_1_564' title='bbox 1160 4981 1357 5036; x_wconf 88' lang='lat' dir='ltr'><strong>mentis</strong></span> <span class='ocrx_word' id='word_1_565' title='bbox 1402 4980 1456 5036; x_wconf 90' lang='lat' dir='ltr'><strong>in</strong></span> <span class='ocrx_word' id='word_1_566' title='bbox 1503 4982 1888 5050; x_wconf 87' lang='lat' dir='ltr'><strong>protectionem</strong></span> <span class='ocrx_word' id='word_1_567' title='bbox 1919 4979 2124 5044; x_wconf 88' lang='lat' dir='ltr'><strong>salutis,</strong></span> 
     </span>
    </p>
   </div>
   <div class='ocr_carea' id='block_1_83' title="bbox 535 5072 2128 5144">
    <p class='ocr_par' dir='ltr' id='par_1_83' title="bbox 535 5072 2128 5144">
     <span class='ocr_line' id='line_1_83' title="bbox 535 5072 2128 5144; baseline -0.003 -16"><span class='ocrx_word' id='word_1_568' title='bbox 535 5072 607 5128; x_wconf 87' lang='lat' dir='ltr'><strong>ad</strong></span> <span class='ocrx_word' id='word_1_569' title='bbox 656 5072 1008 5144; x_wconf 81' lang='lat' dir='ltr'><strong>expellendas</strong></span> <span class='ocrx_word' id='word_1_570' title='bbox 1064 5082 1118 5128; x_wconf 92' lang='lat' dir='ltr'><strong>et</strong></span> <span class='ocrx_word' id='word_1_571' title='bbox 1172 5074 1532 5129; x_wconf 76' lang='lat' dir='ltr'><strong>excindendae</strong></span> <span class='ocrx_word' id='word_1_572' title='bbox 1590 5088 1779 5128; x_wconf 90' lang='lat' dir='ltr'><strong>omnes</strong></span> <span class='ocrx_word' id='word_1_573' title='bbox 1825 5072 2128 5127; x_wconf 64' lang='lat' dir='ltr'><strong>daamonum</strong></span> 
     </span>
    </p>
   </div>
   <div class='ocr_carea' id='block_1_84' title="bbox 537 5164 2126 5237">
    <p class='ocr_par' dir='ltr' id='par_1_84' title="bbox 537 5164 2126 5237">
     <span class='ocr_line' id='line_1_84' title="bbox 537 5164 2126 5237; baseline -0.001 -15"><span class='ocrx_word' id='word_1_574' title='bbox 537 5167 882 5223; x_wconf 89' lang='lat' dir='ltr'><strong>temtationes</strong></span> <span class='ocrx_word' id='word_1_575' title='bbox 905 5181 1000 5237; x_wconf 91' lang='lat' dir='ltr'><strong>per</strong></span> <span class='ocrx_word' id='word_1_576' title='bbox 1043 5166 1326 5222; x_wconf 90' lang='lat' dir='ltr'><strong>Dominum</strong></span> <span class='ocrx_word' id='word_1_577' title='bbox 1358 5176 1598 5222; x_wconf 89' lang='lat' dir='ltr'><strong>nostrum</strong></span> <span class='ocrx_word' id='word_1_578' title='bbox 1621 5165 1804 5221; x_wconf 82' lang='lat' dir='ltr'><strong>Jesum</strong></span> <span class='ocrx_word' id='word_1_579' title='bbox 1831 5164 2126 5235; x_wconf 84' lang='lat' dir='ltr'><strong>Christum,</strong></span> 
     </span>
    </p>
   </div>
   <div class='ocr_carea' id='block_1_85' title="bbox 538 5258 1948 5330">
    <p class='ocr_par' dir='ltr' id='par_1_85' title="bbox 538 5258 1948 5330">
     <span class='ocr_line' id='line_1_85' title="bbox 538 5258 1948 5330; baseline -0.001 -16"><span class='ocrx_word' id='word_1_580' title='bbox 538 5260 633 5329; x_wconf 88' lang='lat' dir='ltr'><strong>qui</strong></span> <span class='ocrx_word' id='word_1_581' title='bbox 662 5268 926 5317; x_wconf 88' lang='lat' dir='ltr'><strong>venturus</strong></span> <span class='ocrx_word' id='word_1_582' title='bbox 944 5267 1028 5315; x_wconf 87' lang='lat' dir='ltr'><strong>est</strong></span> <span class='ocrx_word' id='word_1_583' title='bbox 1058 5258 1303 5327; x_wconf 88' lang='lat' dir='ltr'><strong>judicare</strong></span> <span class='ocrx_word' id='word_1_584' title='bbox 1338 5260 1591 5315; x_wconf 86' lang='lat' dir='ltr'><strong>saeculum</strong></span> <span class='ocrx_word' id='word_1_585' title='bbox 1626 5274 1719 5329; x_wconf 88' lang='lat' dir='ltr'><strong>per</strong></span> <span class='ocrx_word' id='word_1_586' title='bbox 1749 5260 1948 5330; x_wconf 90' lang='lat' dir='ltr'><strong>ignem.</strong></span> 
     </span>
    </p>
   </div>
   <div class='ocr_carea' id='block_1_86' title="bbox 1101 5350 1566 5402">
    <p class='ocr_par' dir='ltr' id='par_1_86' title="bbox 1101 5350 1566 5402">
     <span class='ocr_line' id='line_1_86' title="bbox 1101 5350 1566 5402; baseline 0.002 -3"><span class='ocrx_word' id='word_1_587' title='bbox 1101 5350 1396 5402; x_wconf 89' lang='lat' dir='ltr'><strong>Benedictio</strong></span> <span class='ocrx_word' id='word_1_588' title='bbox 1433 5350 1566 5401; x_wconf 84' lang='lat' dir='ltr'><strong>salis.</strong></span> 
     </span>
    </p>
   </div>
   <div class='ocr_carea' id='block_1_87' title="bbox 612 5433 2122 5504">
    <p class='ocr_par' dir='ltr' id='par_1_87' title="bbox 612 5433 2122 5504">
     <span class='ocr_line' id='line_1_87' title="bbox 612 5433 2122 5504; baseline -0.001 -16"><span class='ocrx_word' id='word_1_589' title='bbox 612 5434 830 5490; x_wconf 84' lang='lat' dir='ltr'><strong>Virtutis</strong></span> <span class='ocrx_word' id='word_1_590' title='bbox 863 5445 967 5490; x_wconf 90' lang='lat' dir='ltr'><strong>tuae</strong></span> <span class='ocrx_word' id='word_1_591' title='bbox 1007 5433 1414 5490; x_wconf 88' lang='lat' dir='ltr'><strong>invictissimam</strong></span> <span class='ocrx_word' id='word_1_592' title='bbox 1441 5435 1808 5489; x_wconf 90' lang='lat' dir='ltr'><strong>fortitudinem</strong></span> <span class='ocrx_word' id='word_1_593' title='bbox 1837 5434 2122 5504; x_wconf 89' lang='lat' dir='ltr'><strong>deprecor,</strong></span> 
     </span>
    </p>
   </div>
   <div class='ocr_carea' id='block_1_88' title="bbox 535 5521 2128 5597">
    <p class='ocr_par' dir='ltr' id='par_1_88' title="bbox 535 5521 2128 5597">
     <span class='ocr_line' id='line_1_88' title="bbox 535 5521 2128 5597; baseline -0.001 -17"><span class='ocrx_word' id='word_1_594' title='bbox 535 5521 761 5580; x_wconf 79' lang='lat' dir='ltr'><strong>Domine</strong></span> <span class='ocrx_word' id='word_1_595' title='bbox 788 5536 991 5591; x_wconf 90' lang='lat' dir='ltr'><strong>sancte,</strong></span> <span class='ocrx_word' id='word_1_596' title='bbox 1023 5525 1181 5581; x_wconf 88' lang='lat' dir='ltr'><strong>Pater</strong></span> <span class='ocrx_word' id='word_1_597' title='bbox 1203 5526 1562 5597; x_wconf 88' lang='lat' dir='ltr'><strong>omnipotens,</strong></span> <span class='ocrx_word' id='word_1_598' title='bbox 1605 5535 1804 5580; x_wconf 67' lang='lat' dir='ltr'><strong>aeterne</strong></span> <span class='ocrx_word' id='word_1_599' title='bbox 1832 5525 1995 5593; x_wconf 84' lang='lat' dir='ltr'><strong>Deus,</strong></span> <span class='ocrx_word' id='word_1_600' title='bbox 2037 5526 2128 5595; x_wconf 87' lang='lat' dir='ltr'><strong>qui</strong></span> 
     </span>
    </p>
   </div>
   <div class='ocr_carea' id='block_1_89' title="bbox 542 5616 2126 5688">
    <p class='ocr_par' dir='ltr' id='par_1_89' title="bbox 542 5616 2126 5688">
     <span class='ocr_line' id='line_1_89' title="bbox 542 5616 2126 5688; baseline 0 -15"><span class='ocrx_word' id='word_1_601' title='bbox 542 5616 683 5673; x_wconf 90' lang='lat' dir='ltr'><strong>inter</strong></span> <span class='ocrx_word' id='word_1_602' title='bbox 712 5626 901 5672; x_wconf 90' lang='lat' dir='ltr'><strong>cuncta</strong></span> <span class='ocrx_word' id='word_1_603' title='bbox 960 5632 1081 5686; x_wconf 67' lang='lat' dir='ltr'><strong>qua:</strong></span> <span class='ocrx_word' id='word_1_604' title='bbox 1118 5617 1392 5687; x_wconf 89' lang='lat' dir='ltr'><strong>procreari</strong></span> <span class='ocrx_word' id='word_1_605' title='bbox 1419 5616 1649 5688; x_wconf 87' lang='lat' dir='ltr'><strong>jussisti,</strong></span> <span class='ocrx_word' id='word_1_606' title='bbox 1704 5632 1808 5672; x_wconf 91' lang='lat' dir='ltr'><strong>non</strong></span> <span class='ocrx_word' id='word_1_607' title='bbox 1853 5618 2126 5673; x_wconf 87' lang='lat' dir='ltr'><strong>minimam</strong></span> 
     </span>
    </p>
   </div>
   <div class='ocr_carea' id='block_1_90' title="bbox 539 5708 2129 5780">
    <p class='ocr_par' dir='ltr' id='par_1_90' title="bbox 539 5708 2129 5780">
     <span class='ocr_line' id='line_1_90' title="bbox 539 5708 2129 5780; baseline 0.001 -17"><span class='ocrx_word' id='word_1_608' title='bbox 539 5709 764 5780; x_wconf 89' lang='lat' dir='ltr'><strong>gratiam</strong></span> <span class='ocrx_word' id='word_1_609' title='bbox 791 5708 1039 5764; x_wconf 83' lang='lat' dir='ltr'><strong>conferre</strong></span> <span class='ocrx_word' id='word_1_610' title='bbox 1082 5709 1328 5779; x_wconf 85' lang='lat' dir='ltr'><strong>dignatus</strong></span> <span class='ocrx_word' id='word_1_611' title='bbox 1361 5723 1420 5764; x_wconf 89' lang='lat' dir='ltr'><strong>es</strong></span> <span class='ocrx_word' id='word_1_612' title='bbox 1446 5709 1568 5775; x_wconf 89' lang='lat' dir='ltr'><strong>sali,</strong></span> <span class='ocrx_word' id='word_1_613' title='bbox 1620 5718 1676 5764; x_wconf 87' lang='lat' dir='ltr'><strong>ut</strong></span> <span class='ocrx_word' id='word_1_614' title='bbox 1704 5723 1771 5764; x_wconf 81' lang='lat' dir='ltr'><strong>ex</strong></span> <span class='ocrx_word' id='word_1_615' title='bbox 1802 5710 1893 5763; x_wconf 90' lang='lat' dir='ltr'><strong>illo</strong></span> <span class='ocrx_word' id='word_1_616' title='bbox 1922 5712 2129 5779; x_wconf 88' lang='lat' dir='ltr'><strong>possint</strong></span> 
     </span>
    </p>
   </div>
   <div class='ocr_carea' id='block_1_91' title="bbox 2235 4329 3827 4402">
    <p class='ocr_par' dir='ltr' id='par_1_91' title="bbox 2235 4329 3827 4402">
     <span class='ocr_line' id='line_1_91' title="bbox 2235 4329 3827 4402; baseline 0.001 -14"><span class='ocrx_word' id='word_1_617' title='bbox 2235 4334 2481 4391; x_wconf 88' lang='lat' dir='ltr'><strong>universa</strong></span> <span class='ocrx_word' id='word_1_618' title='bbox 2511 4332 2739 4402; x_wconf 86' lang='lat' dir='ltr'><strong>condiri,</strong></span> <span class='ocrx_word' id='word_1_619' title='bbox 2763 4347 2882 4402; x_wconf 73' lang='lat' dir='ltr'><strong>quae</strong></span> <span class='ocrx_word' id='word_1_620' title='bbox 2911 4332 3219 4389; x_wconf 89' lang='lat' dir='ltr'><strong>hominibus</strong></span> <span class='ocrx_word' id='word_1_621' title='bbox 3240 4330 3308 4387; x_wconf 88' lang='lat' dir='ltr'><strong>ad</strong></span> <span class='ocrx_word' id='word_1_622' title='bbox 3337 4344 3516 4387; x_wconf 88' lang='lat' dir='ltr'><strong>escam</strong></span> <span class='ocrx_word' id='word_1_623' title='bbox 3542 4344 3641 4402; x_wconf 90' lang='lat' dir='ltr'><strong>per</strong></span> <span class='ocrx_word' id='word_1_624' title='bbox 3660 4329 3827 4390; x_wconf 83' lang='lat' dir='ltr'><strong>ﬁlium</strong></span> 
     </span>
    </p>
   </div>
   <div class='ocr_carea' id='block_1_92' title="bbox 2234 4423 3826 4495">
    <p class='ocr_par' dir='ltr' id='par_1_92' title="bbox 2234 4423 3826 4495">
     <span class='ocr_line' id='line_1_92' title="bbox 2234 4423 3826 4495; baseline -0.001 -16"><span class='ocrx_word' id='word_1_625' title='bbox 2234 4432 2385 4480; x_wconf 90' lang='lat' dir='ltr'><strong>tuum</strong></span> <span class='ocrx_word' id='word_1_626' title='bbox 2438 4425 2724 4481; x_wconf 88' lang='lat' dir='ltr'><strong>Dominum</strong></span> <span class='ocrx_word' id='word_1_627' title='bbox 2766 4431 3009 4481; x_wconf 85' lang='lat' dir='ltr'><strong>nostrum</strong></span> <span class='ocrx_word' id='word_1_628' title='bbox 3060 4425 3306 4495; x_wconf 87' lang='lat' dir='ltr'><strong>dignatus</strong></span> <span class='ocrx_word' id='word_1_629' title='bbox 3342 4438 3403 4479; x_wconf 89' lang='lat' dir='ltr'><strong>es</strong></span> <span class='ocrx_word' id='word_1_630' title='bbox 3448 4423 3681 4493; x_wconf 85' lang='lat' dir='ltr'><strong>largiri:</strong></span> <span class='ocrx_word' id='word_1_631' title='bbox 3733 4437 3826 4491; x_wconf 89' lang='lat' dir='ltr'><strong>per</strong></span> 
     </span>
    </p>
   </div>
   <div class='ocr_carea' id='block_1_93' title="bbox 2233 4514 3825 4589">
    <p class='ocr_par' dir='ltr' id='par_1_93' title="bbox 2233 4514 3825 4589">
     <span class='ocr_line' id='line_1_93' title="bbox 2233 4514 3825 4589; baseline -0.003 -15"><span class='ocrx_word' id='word_1_632' title='bbox 2233 4534 2415 4588; x_wconf 89' lang='lat' dir='ltr'><strong>quem,</strong></span> <span class='ocrx_word' id='word_1_633' title='bbox 2446 4517 2694 4586; x_wconf 91' lang='lat' dir='ltr'><strong>Domine,</strong></span> <span class='ocrx_word' id='word_1_634' title='bbox 2746 4518 3021 4589; x_wconf 84' lang='lat' dir='ltr'><strong>suppiices</strong></span> <span class='ocrx_word' id='word_1_635' title='bbox 3041 4531 3351 4583; x_wconf 78' lang='lat' dir='ltr'><strong>exoramus,</strong></span> <span class='ocrx_word' id='word_1_636' title='bbox 3396 4525 3455 4571; x_wconf 93' lang='lat' dir='ltr'><strong>ut</strong></span> <span class='ocrx_word' id='word_1_637' title='bbox 3488 4515 3592 4570; x_wconf 94' lang='lat' dir='ltr'><strong>hoc</strong></span> <span class='ocrx_word' id='word_1_638' title='bbox 3643 4514 3825 4570; x_wconf 85' lang='lat' dir='ltr'><strong>saldi-</strong></span> 
     </span>
    </p>
   </div>
   <div class='ocr_carea' id='block_1_94' title="bbox 2232 4605 3827 4681">
    <p class='ocr_par' dir='ltr' id='par_1_94' title="bbox 2232 4605 3827 4681">
     <span class='ocr_line' id='line_1_94' title="bbox 2232 4605 3827 4681; baseline -0.003 -16"><span class='ocrx_word' id='word_1_639' title='bbox 2232 4612 2413 4681; x_wconf 89' lang='lat' dir='ltr'><strong>gneris</strong></span> <span class='ocrx_word' id='word_1_640' title='bbox 2458 4610 2813 4676; x_wconf 81' lang='lat' dir='ltr'><strong>sanctiﬁcare,</strong></span> <span class='ocrx_word' id='word_1_641' title='bbox 2863 4619 2923 4664; x_wconf 94' lang='lat' dir='ltr'><strong>ut</strong></span> <span class='ocrx_word' id='word_1_642' title='bbox 2973 4624 3036 4664; x_wconf 79' lang='lat' dir='ltr'><strong>ex</strong></span> <span class='ocrx_word' id='word_1_643' title='bbox 3068 4609 3217 4663; x_wconf 88' lang='lat' dir='ltr'><strong>vultu</strong></span> <span class='ocrx_word' id='word_1_644' title='bbox 3262 4607 3553 4678; x_wconf 81' lang='lat' dir='ltr'><strong>Majestatis</strong></span> <span class='ocrx_word' id='word_1_645' title='bbox 3583 4614 3695 4661; x_wconf 76' lang='lat' dir='ltr'><strong>tute</strong></span> <span class='ocrx_word' id='word_1_646' title='bbox 3721 4605 3827 4660; x_wconf 83' lang='lat' dir='ltr'><strong>vir-</strong></span> 
     </span>
    </p>
   </div>
   <div class='ocr_carea' id='block_1_95' title="bbox 2238 4698 3828 4772">
    <p class='ocr_par' dir='ltr' id='par_1_95' title="bbox 2238 4698 3828 4772">
     <span class='ocr_line' id='line_1_95' title="bbox 2238 4698 3828 4772; baseline -0.003 -13"><span class='ocrx_word' id='word_1_647' title='bbox 2238 4713 2402 4760; x_wconf 88' lang='lat' dir='ltr'><strong>tutem</strong></span> <span class='ocrx_word' id='word_1_648' title='bbox 2451 4715 2637 4760; x_wconf 90' lang='lat' dir='ltr'><strong>contra</strong></span> <span class='ocrx_word' id='word_1_649' title='bbox 2665 4718 2854 4760; x_wconf 90' lang='lat' dir='ltr'><strong>omnes</strong></span> <span class='ocrx_word' id='word_1_650' title='bbox 2890 4701 3180 4757; x_wconf 90' lang='lat' dir='ltr'><strong>inmundos</strong></span> <span class='ocrx_word' id='word_1_651' title='bbox 3226 4700 3449 4772; x_wconf 90' lang='lat' dir='ltr'><strong>spiritus</strong></span> <span class='ocrx_word' id='word_1_652' title='bbox 3474 4699 3647 4771; x_wconf 89' lang='lat' dir='ltr'><strong>possit</strong></span> <span class='ocrx_word' id='word_1_653' title='bbox 3684 4698 3828 4755; x_wconf 86' lang='lat' dir='ltr'><strong>acci-</strong></span> 
     </span>
    </p>
   </div>
   <div class='ocr_carea' id='block_1_96' title="bbox 2238 4793 3824 4866">
    <p class='ocr_par' dir='ltr' id='par_1_96' title="bbox 2238 4793 3824 4866">
     <span class='ocr_line' id='line_1_96' title="bbox 2238 4793 3824 4866; baseline -0.003 -15"><span class='ocrx_word' id='word_1_654' title='bbox 2238 4812 2386 4865; x_wconf 88' lang='lat' dir='ltr'><strong>pere.</strong></span> <span class='ocrx_word' id='word_1_655' title='bbox 2436 4796 2685 4866; x_wconf 82' lang='lat' dir='ltr'><strong>Expellat</strong></span> <span class='ocrx_word' id='word_1_656' title='bbox 2732 4810 2765 4849; x_wconf 87' lang='lat' dir='ltr'><strong>a</strong></span> <span class='ocrx_word' id='word_1_657' title='bbox 2821 4794 3180 4850; x_wconf 88' lang='lat' dir='ltr'><strong>tabernaculis</strong></span> <span class='ocrx_word' id='word_1_658' title='bbox 3238 4793 3561 4849; x_wconf 89' lang='lat' dir='ltr'><strong>famolorum</strong></span> <span class='ocrx_word' id='word_1_659' title='bbox 3610 4801 3824 4847; x_wconf 85' lang='lat' dir='ltr'><strong>tuorum</strong></span> 
     </span>
    </p>
   </div>
   <div class='ocr_carea' id='block_1_97' title="bbox 2234 4885 3825 4959">
    <p class='ocr_par' dir='ltr' id='par_1_97' title="bbox 2234 4885 3825 4959">
     <span class='ocr_line' id='line_1_97' title="bbox 2234 4885 3825 4959; baseline -0.003 -16"><span class='ocrx_word' id='word_1_660' title='bbox 2234 4889 2485 4959; x_wconf 91' lang='lat' dir='ltr'><strong>quicquid</strong></span> <span class='ocrx_word' id='word_1_661' title='bbox 2536 4897 2712 4959; x_wconf 89' lang='lat' dir='ltr'><strong>potest</strong></span> <span class='ocrx_word' id='word_1_662' title='bbox 2760 4903 2882 4945; x_wconf 87' lang='lat' dir='ltr'><strong>esse</strong></span> <span class='ocrx_word' id='word_1_663' title='bbox 2931 4888 3270 4957; x_wconf 85' lang='lat' dir='ltr'><strong>pestiferum;</strong></span> <span class='ocrx_word' id='word_1_664' title='bbox 3303 4886 3554 4942; x_wconf 76' lang='lat' dir='ltr'><strong>exhibeat</strong></span> <span class='ocrx_word' id='word_1_665' title='bbox 3609 4885 3825 4952; x_wconf 89' lang='lat' dir='ltr'><strong>plenum</strong></span> 
     </span>
    </p>
   </div>
   <div class='ocr_carea' id='block_1_98' title="bbox 2232 4976 3822 5055">
    <p class='ocr_par' dir='ltr' id='par_1_98' title="bbox 2232 4976 3822 5055">
     <span class='ocr_line' id='line_1_98' title="bbox 2232 4976 3822 5055; baseline -0.003 -19"><span class='ocrx_word' id='word_1_666' title='bbox 2232 4981 2417 5036; x_wconf 89' lang='lat' dir='ltr'><strong>salutis</strong></span> <span class='ocrx_word' id='word_1_667' title='bbox 2446 4979 2717 5047; x_wconf 88' lang='lat' dir='ltr'><strong>effectum,</strong></span> <span class='ocrx_word' id='word_1_668' title='bbox 2752 4982 2995 5055; x_wconf 78' lang='lat' dir='ltr'><strong>detergat</strong></span> <span class='ocrx_word' id='word_1_669' title='bbox 3034 4996 3224 5036; x_wconf 73' lang='lat' dir='ltr'><strong>omnes</strong></span> <span class='ocrx_word' id='word_1_670' title='bbox 3256 4978 3552 5050; x_wconf 70' lang='lat' dir='ltr'><strong>praestigias</strong></span> <span class='ocrx_word' id='word_1_671' title='bbox 3597 4976 3822 5043; x_wconf 85' lang='lat' dir='ltr'><strong>inimici,</strong></span> 
     </span>
    </p>
   </div>
   <div class='ocr_carea' id='block_1_99' title="bbox 2233 5071 3822 5147">
    <p class='ocr_par' dir='ltr' id='par_1_99' title="bbox 2233 5071 3822 5147">
     <span class='ocr_line' id='line_1_99' title="bbox 2233 5071 3822 5147; baseline -0.004 -16"><span class='ocrx_word' id='word_1_672' title='bbox 2233 5083 2290 5131; x_wconf 87' lang='lat' dir='ltr'><strong>ct</strong></span> <span class='ocrx_word' id='word_1_673' title='bbox 2322 5076 2499 5130; x_wconf 90' lang='lat' dir='ltr'><strong>omnia</strong></span> <span class='ocrx_word' id='word_1_674' title='bbox 2525 5087 2885 5133; x_wconf 88' lang='lat' dir='ltr'><strong>monstrorum</strong></span> <span class='ocrx_word' id='word_1_675' title='bbox 2912 5091 3109 5147; x_wconf 86' lang='lat' dir='ltr'><strong>genera</strong></span> <span class='ocrx_word' id='word_1_676' title='bbox 3127 5077 3335 5146; x_wconf 86' lang='lat' dir='ltr'><strong>longius</strong></span> <span class='ocrx_word' id='word_1_677' title='bbox 3365 5074 3524 5128; x_wconf 84' lang='lat' dir='ltr'><strong>faciat</strong></span> <span class='ocrx_word' id='word_1_678' title='bbox 3554 5071 3822 5143; x_wconf 83' lang='lat' dir='ltr'><strong>effugere,</strong></span> 
     </span>
    </p>
   </div>
   <div class='ocr_carea' id='block_1_100' title="bbox 2234 5170 3825 5242">
    <p class='ocr_par' dir='ltr' id='par_1_100' title="bbox 2234 5170 3825 5242">
     <span class='ocr_line' id='line_1_100' title="bbox 2234 5170 3825 5242; baseline -0.002 -21"><span class='ocrx_word' id='word_1_679' title='bbox 2234 5170 2548 5239; x_wconf 76' lang='lat' dir='ltr'><strong>gravedines</strong></span> <span class='ocrx_word' id='word_1_680' title='bbox 2579 5185 2768 5225; x_wconf 89' lang='lat' dir='ltr'><strong>omnes</strong></span> <span class='ocrx_word' id='word_1_681' title='bbox 2806 5170 3168 5242; x_wconf 86' lang='lat' dir='ltr'><strong>fantasiasque</strong></span> <span class='ocrx_word' id='word_1_682' title='bbox 3198 5177 3538 5239; x_wconf 88' lang='lat' dir='ltr'><strong>compescat,</strong></span> <span class='ocrx_word' id='word_1_683' title='bbox 3584 5177 3639 5223; x_wconf 90' lang='lat' dir='ltr'><strong>et</strong></span> <span class='ocrx_word' id='word_1_684' title='bbox 3681 5175 3825 5220; x_wconf 83' lang='lat' dir='ltr'><strong>tran-</strong></span> 
     </span>
    </p>
   </div>
   <div class='ocr_carea' id='block_1_101' title="bbox 2233 5258 3825 5330">
    <p class='ocr_par' dir='ltr' id='par_1_101' title="bbox 2233 5258 3825 5330">
     <span class='ocr_line' id='line_1_101' title="bbox 2233 5258 3825 5330; baseline -0.001 -17"><span class='ocrx_word' id='word_1_685' title='bbox 2233 5261 2511 5328; x_wconf 88' lang='lat' dir='ltr'><strong>quillitatis</strong></span> <span class='ocrx_word' id='word_1_686' title='bbox 2540 5260 2591 5313; x_wconf 93' lang='lat' dir='ltr'><strong>in</strong></span> <span class='ocrx_word' id='word_1_687' title='bbox 2624 5261 2873 5315; x_wconf 85' lang='lat' dir='ltr'><strong>omnibus</strong></span> <span class='ocrx_word' id='word_1_688' title='bbox 2931 5259 3172 5315; x_wconf 85' lang='lat' dir='ltr'><strong>conferat</strong></span> <span class='ocrx_word' id='word_1_689' title='bbox 3200 5260 3449 5329; x_wconf 88' lang='lat' dir='ltr'><strong>gratiam.</strong></span> <span class='ocrx_word' id='word_1_690' title='bbox 3482 5258 3586 5314; x_wconf 83' lang='lat' dir='ltr'><strong>Per</strong></span> <span class='ocrx_word' id='word_1_691' title='bbox 3613 5258 3825 5330; x_wconf 81' lang='lat' dir='ltr'><strong>signum</strong></span> 
     </span>
    </p>
   </div>
   <div class='ocr_carea' id='block_1_102' title="bbox 2169 5349 3823 5424">
    <p class='ocr_par' dir='ltr' id='par_1_102' title="bbox 2169 5349 3823 5424">
     <span class='ocr_line' id='line_1_102' title="bbox 2169 5349 3823 5424; baseline 0.001 -19"><span class='ocrx_word' id='word_1_692' title='bbox 2169 5420 2172 5424; x_wconf 20' lang='grc' dir='ltr'>λ</span> <span class='ocrx_word' id='word_1_693' title='bbox 2238 5350 2410 5406; x_wconf 87' lang='lat' dir='ltr'><strong>crucis</strong></span> <span class='ocrx_word' id='word_1_694' title='bbox 2437 5349 2551 5406; x_wconf 83' lang='lat' dir='ltr'><strong>Filii</strong></span> <span class='ocrx_word' id='word_1_695' title='bbox 2592 5352 2667 5406; x_wconf 89' lang='lat' dir='ltr'><strong>tui</strong></span> <span class='ocrx_word' id='word_1_696' title='bbox 2700 5351 2909 5407; x_wconf 90' lang='lat' dir='ltr'><strong>Domini</strong></span> <span class='ocrx_word' id='word_1_697' title='bbox 2957 5352 3125 5408; x_wconf 88' lang='lat' dir='ltr'><strong>nostri</strong></span> <span class='ocrx_word' id='word_1_698' title='bbox 3168 5353 3405 5408; x_wconf 89' lang='lat' dir='ltr'><strong>tutellam</strong></span> <span class='ocrx_word' id='word_1_699' title='bbox 3458 5350 3823 5407; x_wconf 83' lang='lat' dir='ltr'><strong>ﬁdelissimam</strong></span> 
     </span>
    </p>
   </div>
   <div class='ocr_carea' id='block_1_103' title="bbox 2235 5433 2931 5514">
    <p class='ocr_par' dir='ltr' id='par_1_103' title="bbox 2235 5433 2931 5514">
     <span class='ocr_line' id='line_1_103' title="bbox 2235 5433 2931 5514; baseline 0.003 -14"><span class='ocrx_word' id='word_1_700' title='bbox 2235 5442 2660 5501; x_wconf 89' lang='lat' dir='ltr'><strong>desiderantibus</strong></span> <span class='ocrx_word' id='word_1_701' title='bbox 2673 5433 2931 5514; x_wconf 47' lang='lat' dir='ltr'><strong>&#39;przL-stes.</strong></span> 
     </span>
    </p>
   </div>
   <div class='ocr_carea' id='block_1_104' title="bbox 2774 5537 3289 5600">
    <p class='ocr_par' dir='ltr' id='par_1_104' title="bbox 2774 5537 3289 5600">
     <span class='ocr_line' id='line_1_104' title="bbox 2774 5537 3289 5600; baseline 0 -13"><span class='ocrx_word' id='word_1_702' title='bbox 2774 5537 3109 5587; x_wconf 81' lang='lat' dir='ltr'><strong>Exorcismnm</strong></span> <span class='ocrx_word' id='word_1_703' title='bbox 3135 5550 3289 5600; x_wconf 57' lang='lat' dir='ltr'><strong>aqua.</strong></span> 
     </span>
    </p>
   </div>
   <div class='ocr_carea' id='block_1_105' title="bbox 2307 5618 3823 5693">
    <p class='ocr_par' dir='ltr' id='par_1_105' title="bbox 2307 5618 3823 5693">
     <span class='ocr_line' id='line_1_105' title="bbox 2307 5618 3823 5693; baseline 0 -20"><span class='ocrx_word' id='word_1_704' title='bbox 2307 5618 2569 5675; x_wconf 81' lang='lat' dir='ltr'><strong>Exorcizo</strong></span> <span class='ocrx_word' id='word_1_705' title='bbox 2598 5629 2651 5675; x_wconf 91' lang='lat' dir='ltr'><strong>te</strong></span> <span class='ocrx_word' id='word_1_706' title='bbox 2679 5630 2924 5676; x_wconf 85' lang='lat' dir='ltr'><strong>creatura</strong></span> <span class='ocrx_word' id='word_1_707' title='bbox 2950 5636 3102 5693; x_wconf 72' lang='lat' dir='ltr'><strong>aqua:</strong></span> <span class='ocrx_word' id='word_1_708' title='bbox 3150 5636 3243 5692; x_wconf 90' lang='lat' dir='ltr'><strong>per</strong></span> <span class='ocrx_word' id='word_1_709' title='bbox 3276 5620 3441 5675; x_wconf 88' lang='lat' dir='ltr'><strong>Deum</strong></span> <span class='ocrx_word' id='word_1_710' title='bbox 3481 5621 3696 5685; x_wconf 83' lang='lat' dir='ltr'><strong>vivum,</strong></span> <span class='ocrx_word' id='word_1_711' title='bbox 3734 5630 3823 5686; x_wconf 78' lang='lat' dir='ltr'><strong>per</strong></span> 
     </span>
    </p>
   </div>
   <div class='ocr_carea' id='block_1_106' title="bbox 2240 5709 3823 5788">
    <p class='ocr_par' dir='ltr' id='par_1_106' title="bbox 2240 5709 3823 5788">
     <span class='ocr_line' id='line_1_106' title="bbox 2240 5709 3823 5788; baseline -0.001 -24"><span class='ocrx_word' id='word_1_712' title='bbox 2240 5709 2406 5764; x_wconf 90' lang='lat' dir='ltr'><strong>Deum</strong></span> <span class='ocrx_word' id='word_1_713' title='bbox 2437 5719 2757 5777; x_wconf 89' lang='lat' dir='ltr'><strong>creatorem,</strong></span> <span class='ocrx_word' id='word_1_714' title='bbox 2788 5716 2878 5785; x_wconf 82' lang='lat' dir='ltr'><strong>qui</strong></span> <span class='ocrx_word' id='word_1_715' title='bbox 2924 5719 2974 5788; x_wconf 85' lang='lat' dir='ltr'><strong>te</strong></span> <span class='ocrx_word' id='word_1_716' title='bbox 3021 5712 3073 5773; x_wconf 85' lang='lat' dir='ltr'><strong>in</strong></span> <span class='ocrx_word' id='word_1_717' title='bbox 3108 5710 3368 5784; x_wconf 72' lang='lat' dir='ltr'><strong>principio</strong></span> <span class='ocrx_word' id='word_1_718' title='bbox 3410 5725 3439 5773; x_wconf 71' lang='grc' dir='ltr'><strong>θ</strong></span> <span class='ocrx_word' id='word_1_719' title='bbox 3486 5721 3629 5767; x_wconf 78' lang='lat' dir='ltr'><strong>terra</strong></span> <span class='ocrx_word' id='word_1_720' title='bbox 3670 5723 3823 5780; x_wconf 77' lang='lat' dir='ltr'><strong>sepa-</strong></span> 
     </span>
    </p>
   </div>
   <div class='ocr_carea' id='block_1_107' title="bbox 601 5797 2709 5857">
    <p class='ocr_par' dir='ltr' id='par_1_107' title="bbox 601 5797 2709 5857">
     <span class='ocr_line' id='line_1_107' title="bbox 601 5797 2709 5857; baseline 0.001 -9"><span class='ocrx_word' id='word_1_721' title='bbox 601 5799 618 5818; x_wconf 78' lang='lat'><strong>’</strong></span> <span class='ocrx_word' id='word_1_722' title='bbox 644 5798 743 5849; x_wconf 90' lang='lat' dir='ltr'><strong>Sic.</strong></span> <span class='ocrx_word' id='word_1_723' title='bbox 769 5798 1008 5849; x_wconf 81' lang='lat' dir='ltr'><strong>Libenter</strong></span> <span class='ocrx_word' id='word_1_724' title='bbox 1034 5804 1201 5850; x_wconf 84' lang='lat' dir='ltr'><strong>autem</strong></span> <span class='ocrx_word' id='word_1_725' title='bbox 1222 5812 1311 5857; x_wconf 79' lang='lat' dir='ltr'><strong>pro</strong></span> <span class='ocrx_word' id='word_1_726' title='bbox 1334 5797 1473 5854; x_wconf 82' lang='lat' dir='ltr'><strong>titulo</strong></span> <span class='ocrx_word' id='word_1_727' title='bbox 1495 5800 1766 5853; x_wconf 88' lang='lat' dir='ltr'><strong>scriberem</strong></span> <span class='ocrx_word' id='word_1_728' title='bbox 1786 5814 1800 5854; x_wconf 84' lang='lat'><strong>:</strong></span> <span class='ocrx_word' id='word_1_729' title='bbox 1823 5801 2185 5856; x_wconf 80' lang='lat' dir='ltr'><strong>Benedictiones</strong></span> <span class='ocrx_word' id='word_1_730' title='bbox 2208 5811 2252 5855; x_wconf 81' lang='lat' dir='ltr'><strong>et</strong></span> <span class='ocrx_word' id='word_1_731' title='bbox 2277 5801 2553 5854; x_wconf 65' lang='lat' dir='ltr'><strong>exercitati.</strong></span> <span class='ocrx_word' id='word_1_732' title='bbox 2580 5802 2709 5854; x_wconf 77' lang='grc' dir='ltr'><strong>Εωτ.</strong></span> 
     </span>
    </p>
   </div>
   <div class='ocr_carea' id='block_1_108' title="bbox 3308 5936 3335 5945">
    <p class='ocr_par' dir='ltr' id='par_1_108' title="bbox 3308 5936 3335 5945">
     <span class='ocr_line' id='line_1_108' title="bbox 3308 5936 3335 5945; baseline 0 0"><span class='ocrx_word' id='word_1_733' title='bbox 3308 5936 3335 5945; x_wconf 60' lang='grc'><em>,4</em></span> 
     </span>
    </p>
   </div>
  </div>
