4076 6348
283 247 383 309 $69

726 246 1362 318 SACRAMENTARIUM
1400 246 1865 304 GALLICANU‘M.
1895 273 1966 287 --
1995 245 2537 304 BENEDICTIONES
2577 246 2665 302 ET
2705 243 3105 304 EXORCISMI.

3443 231 3551 298 5'70

281 370 437 436 ravit,
461 377 516 425 et
540 369 591 423 in
618 376 843 437 quatuor
871 365 1173 420 fluminibus
1197 363 1437 418 dividere
1460 363 1708 433 dignatus
1737 372 1844 425 est,
1876 364 1929 423 Α
1951 365 2120 419 cretio
2167 380 2416 432 sexuum,
2465 379 2563 420 nec
2600 364 2704 418 ulla
2746 371 3050 419 sanctarum
3081 358 3408 429 disparilitas
3429 357 3539 418 aui-

280 473 339 520 ut
357 462 680 529 ubicumque
708 468 885 529 potata
913 458 994 513 vel
1028 472 1248 527 aSparsa
1283 457 1466 525 fueris,
1498 454 1783 528 effugctur,
1807 464 1862 510 et

277 562 612 624 expugnetur
637 550 886 606 inimicus
918 561 972 607 et
1002 549 1182 605 omnis
1222 549 1517 619 putredinis
1546 550 1626 604 vis
1657 589 1672 616 ,
1701 557 1758 604 ut
1787 551 1860 604 sis

277 646 495 718 proprie
522 645 632 700 Deo
658 644 851 718 dicata.

846 714 1135 764 Benedictio
1158 726 1314 776 aquae.

350 789 493 843 Deus
520 786 611 857 qui
633 786 701 841 ad
728 785 952 841 salutem
982 787 1198 856 generis
1228 785 1445 840 humani
1492 786 1722 840 maxima
1773 799 1860 840 sa-

274 889 554 937 cramenta
575 879 629 934 in
657 894 915 949 aquarum
939 879 1239 933 substantia
1265 878 1494 944 dedisti,
1525 879 1710 935 adesto
1732 891 1860 946 sup-

276 975 650 1046 plicationibus
689 975 906 1042 nostris,
957 985 1012 1030 et
1055 976 1319 1031 elemento
1365 977 1488 1031 huic
1532 976 1858 1032 multimodis

272 1069 740 1140 puriﬁcacionibus
758 1077 1049 1138 praeparato
1073 1069 1282 1124 virtutis
1307 1081 1409 1124 tuae
1425 1069 1854 1126 benedictionem

271 1161 530 1229 infunde;
561 1169 618 1215 ut
644 1160 757 1216 hac
786 1171 1026 1216 creatura
1051 1163 1319 1232 mysteriis
1347 1161 1450 1216 tuis
1476 1161 1718 1217 serviens
1742 1206 1755 1228 ,
1791 1161 1857 1216 ad

267 1254 602 1326 ablegandos
629 1254 902 1310 daemones
933 1256 1254 1323 morbosque
1285 1254 1623 1324 repellendos
1661 1254 1856 1309 divina:

266 1350 455 1420 gratiae
479 1357 655 1404 sumat
679 1346 925 1404 etl’ectum
953 1366 966 1410 ;
998 1356 1052 1402 et
1075 1347 1326 1418 quicquid
1361 1347 1412 1400 in
1443 1347 1691 1402 domibus
1716 1346 1850 1401 ﬁde-

267 1443 400 1498 lium
431 1442 547 1498 haec
574 1441 714 1496 unda
737 1441 1045 1510 asparserit,
1076 1448 1258 1496 careat
1284 1439 1618 1503 inmunditia,
1654 1440 1852 1495 libere-

265 1545 357 1594 tur
375 1552 404 1591 a
431 1536 586 1592 noxia
612 1553 624 1589 :
651 1549 755 1590 non
785 1535 893 1590 illic
914 1534 1148 1591 resideat
1168 1534 1390 1604 Spiritus
1414 1535 1696 1605 pestilens,
1733 1550 1844 1590 non

265 1647 398 1688 aura
423 1646 807 1701 corrumpens;
841 1629 1130 1686 abscedant
1158 1644 1346 1684 omnes
1371 1629 1599 1686 latentes
1630 1630 1838 1684 insidiae

263 1723 506 1789 inimici,
540 1738 832 1792 omnesque
863 1721 1277 1792 inquietudines}
1299 1722 1482 1793 procul
1531 1722 1804 1793 aufugiam
1834 1737 1847 1772 :
1881 1755 1932 1818 Β

262 1826 320 1874 et
346 1819 391 1873 si
421 1818 547 1886 quid
573 1827 658 1872 est
681 1817 822 1887 quod
847 1817 1198 1872 incolomitati
1226 1816 1578 1872 habitantium
1611 1816 1849 1872 invideat

265 1921 358 1967 aut
381 1911 536 1966 saluti
563 1954 576 1976 ,
610 1909 956 1978 adsparsione
977 1924 1128 1979 aqua:
1156 1909 1312 1978 hujus
1342 1908 1619 1973 abscedat,
1651 1917 1709 1963 ut
1753 1924 1844 1964 sa-

265 2002 491 2058 lubritas
522 2016 618 2072 per
644 2002 1032 2057 invocationem
1069 2002 1244 2057 sancti
1273 2000 1505 2056 nominis
1539 2011 1849 2071 permaneat

262 2092 645 2165 inpugnatione
684 2093 923 2149 defensa.

715 2174 1001 2225 Benedictio
1022 2173 1138 2224 salis
1162 2181 1212 2224 et
1236 2187 1395 2236 aquai.

333 2248 560 2303 Domine
588 2247 725 2302 Deus
754 2246 1111 2316 omnipotens,
1153 2246 1428 2300 institutor
1473 2247 1714 2301 omnium
1741 2247 1853 2304 ele-

260 2353 587 2408 mentorum,
611 2352 660 2398 te
683 2357 777 2412 per
797 2341 1080 2396 Dominum
1105 2348 1347 2395 nostrum
1371 2341 1554 2397 Jesum
1578 2339 1849 2397 Christum

260 2436 456 2494 Filium
489 2444 637 2490 tuum
668 2435 933 2504 supplices
960 2450 1247 2490 exoramus
1273 2475 1288 2499 ,
1334 2443 1391 2488 ut
1439 2435 1532 2489 has
1561 2442 1843 2490 creaturas

259 2530 386 2588 salis
414 2539 468 2585 et
493 2544 646 2598 aquae
678 2529 990 2583 benedicere
1014 2536 1068 2582 et
1097 2527 1441 2582 sanctiﬁcare
1487 2527 1756 2596 digneris;
1788 2537 1844 2582 ut

262 2622 581 2691 ubicumque
602 2635 833 2690 aspersa:
857 2620 1073 2685 fuerint,
1099 2620 1276 2674 omnis
1320 2619 1542 2688 spiritus
1562 2620 1851 2675 inmundus

260 2717 329 2772 ab
357 2731 422 2772 eo
447 2716 564 2770 loco
592 2714 848 2770 confusus
871 2712 1127 2767 abscedat
1171 2722 1331 2782 atque
1363 2711 1607 2776 recedat,
1641 2726 1742 2766 nec
1771 2711 1852 2766 ul-

262 2809 428 2865 terius
478 2808 528 2862 in
559 2823 623 2864 eo
669 2809 784 2862 loco
822 2804 1192 2860 commorandi
1240 2804 1435 2860 habeat
1487 2813 1847 2872 potestatem;

261 2918 359 2974 per
389 2901 636 2956 virtutem
672 2900 878 2954 Domini
921 2898 1086 2954 nostri
1117 2897 1243 2952 Jesu
1285 2896 1517 2961 Christi,
1553 2897 1642 2966 qui
1675 2905 1848 2950 tecum

244 2994 407 3068 Deus
428 2994 586 3049 Pater
609 2993 966 3062 omnipotens,
1002 3001 1056 3045 et
1077 3006 1201 3046 eum
1228 2990 1432 3059 bpiritu
1458 2999 1644 3044 sancto
1673 3006 1851 3060 aequa-

261 3088 327 3145 lis
351 3102 563 3158 semper
586 3087 712 3142 vivit
735 3096 788 3142 et
815 3095 1000 3156 regnat
1023 3087 1074 3139 in
1104 3084 1296 3140 smcula
1329 3084 1672 3139 saeculorum.

817 3181 1010 3222 ORATIO
1054 3182 1100 3220 IN
1141 3181 1304 3219 1)οΜοο

337 3250 586 3314 Benedic,
630 3250 871 3315 Domine,
903 3248 1122 3302 domum
1170 3247 1324 3300 istam
1354 3286 1369 3310 ,
1405 3253 1458 3298 et
1484 3258 1671 3297 omnes
1701 3243 1849 3298 imbi-

261 3354 438 3401 tantes
486 3345 541 3398 in
581 3358 642 3398 ea
687 3357 781 3412 per
812 3339 1254 3395 intercessionem
1287 3345 1594 3391 sanctorum
1637 3343 1848 3388 tuorum

261 3439 584 3496 benedicere
609 3445 662 3492 et
687 3434 1024 3490 sanctiﬁcare
1052 3431 1314 3502 digneris,
1338 3438 1392 3484 et
1417 3429 1570 3484 bonis
1594 3426 1846 3482 omnibus

262 3529 630 3602 ampliﬁcare:
657 3527 861 3583 tribuas
888 3526 966 3581 eis
1001 3524 1070 3580 de
1111 3538 1234 3578 rore
1283 3521 1401 3577 caeli
1431 3531 1485 3576 et
1513 3519 1583 3575 de
1628 3520 1850 3588 pingue-

263 3622 394 3678 dine
425 3632 580 3677 ιρι-τω
610 3619 967 3677 abundantem
993 3617 1116 3671 vita:
1165 3613 1514 3669 substantiam
1539 3652 1556 3678 ,
1591 3613 1642 3666 in
1691 3611 1847 3666 bonis

261 3715 509 3772 omnibus
559 3713 880 3770 desiderium
909 3712 977 3766 ad
1021 3708 1270 3765 effectum
1312 3722 1425 3761 sua:
1474 3704 1844 3760 miserationis

263 3809 540 3884 perducat.
575 3808 675 3864 Per
706 3807 988 3862 Dominum
1011 3845 1026 3870 ,
1052 3813 1163 3860 etc.

535 3904 674 3945 OBDO
712 3905 780 3944 AD
819 3898 1228 3943 CONSECRAﬁDAS
1267 3895 1564 3937 MONACBAS.

336 3973 686 4042 Omnipotens
716 3969 1043 4038 sempiterne
1068 3966 1230 4029 Deus,
1259 3971 1408 4032 pater
1443 3959 1654 4016 Domini
1682 3958 1852 4015 nostri

265 4063 390 4122 Iesu
413 4063 613 4119 Christi
637 4079 654 4119 z
678 4070 757 4127 tu,
789 4060 1036 4124 Domine,
1085 4056 1279 4126 adiuva
1311 4055 1642 4109 voluntatem
1686 4051 1854 4106 ancil-

265 4159 438 4216 larum
464 4167 694 4223 tuarum,
722 4168 844 4224 quae
871 4153 1150 4208 meliorem
1185 4150 1484 4218 portionem
1524 4147 1844 4216 elegerunt;

265 4262 321 4311 et
347 4261 540 4324 praesta
586 4251 664 4306 eis
705 4248 929 4320 gratiam
957 4243 1276 4316 spiritalem,
1301 4250 1362 4297 ut
1406 4239 1606 4304 sobrie,
1655 4238 1846 4308 pudice

266 4351 531 4414 viventes,
556 4347 670 4402 haec
692 4358 907 4414 semper
922 4341 1121 4396 faciant
1149 4352 1270 4410 quae
1284 4337 1376 4392 tibi
1390 4345 1516 4392 sunt
1532 4335 1743 4405 placita.
1767 4332 1854 4388 Di-

269 4455 431 4512 gnare
444 4441 627 4507 etiam,
649 4436 892 4503 Domine,
920 4431 1194 4502 lampadas
1216 4444 1402 4486 eorum
1425 4424 1851 4496 inestinguibiles

1965 472 2172 512 marum
2200 475 2210 509 ε
2236 457 2325 526 qui
2352 458 2422 509 ita
2451 457 2590 510 viros
2623 455 2688 509 ad
2733 452 2994 523 spiritalia
3024 451 3319 508 certamina
3346 462 3541 504 conro-

1963 553 2142 616 boras,
2171 561 2224 605 ut
2250 550 2468 605 feminas
2486 563 2589 603 non
2613 546 2970 616 derelinquas,
2997 546 3248 615 pietatem
3275 553 3416 595 tuam
3440 541 3541 594 hu-

1964 643 2073 698 mili
2115 644 2500 714 supplicatione
2537 639 2898 707 deposcimus,
2933 646 2990 692 ut
3018 636 3142 690 huic
3183 634 3392 689 famula:
3437 643 3540 686 tuae

1963 736 2067 802 ill.,
2115 752 2272 805 quam
2317 740 2660 789 sacrosancto
2707 731 2854 801 gregi
2899 729 3186 798 virginum,
3237 736 3540 780 nostrarum

1962 828 2298 896 impositione
2327 841 2574 881 manuum
2605 833 2659 879 et
2688 825 2788 877 hoc
2828 821 3108 877 velaminis
3141 827 3450 889 tegumento
3486 818 3536 868 in

1961 920 2206 976 cmuobio
2236 919 2312 974 ill.
2339 926 2561 973 matrem
2593 917 2707 970 ﬁeri
2743 926 3011 984 optamus,
3040 910 3321 966 clementia
3351 919 3436 962 tua
3469 923 3542 959 ro-

1961 1015 2193 1071 boratrix
2224 1021 2477 1082 perpetua
2509 1026 2614 1064 non
2648 991 2883 1062 recedat.
2917 1007 2990 1060 Da
3024 1005 3074 1060 ei
3104 1045 3118 1068 ,
3146 1002 3392 1065 Domine,
3427 1000 3540 1053 fur-

1961 1108 2246 1165 titudinem
2291 1103 2550 1174 spiritalia
2594 1101 2730 1156 bella
2764 1097 3019 1168 gerendi,
3053 1106 3110 1150 ut
3149 1110 3251 1150 nec
3300 1095 3526 1147 honesta

1959 1201 2246 1264 delaceret,
2277 1211 2377 1252 nec
2404 1196 2686 1251 inhonesta
2708 1193 2974 1256 delectet;
3006 1199 3163 1259 atque
3210 1187 3279 1241 ita
3311 1201 3339 1240 a
3371 1195 3421 1241 te
3450 1186 3532 1239 in-

1961 1291 2238 1354 luminata,
2268 1289 2367 1342 sibi
2399 1285 2654 1342 creditam
2683 1281 3081 1339 multitudinem
3114 1280 3411 1333 animarum
3442 1286 3532 1331 tuo

1958 1391 2145 1438 sancto
2173 1380 2374 1436 nomini
2402 1377 2598 1448 iugiter
2620 1373 2958 1430 admonendo
2985 1371 3147 1427 faciat
3169 1370 3454 1436 inservire,
3482 1378 3541 1425 ut

1958 1478 2024 1532 de
2065 1475 2256 1530 nullius
2300 1473 2595 1545 perditione
2624 1469 2865 1535 confusa,
2894 1478 2997 1522 tuae
3022 1465 3309 1522 Genitricis
3336 1465 3529 1534 adjun-

1958 1579 2109 1641 gatur
2134 1568 2362 1624 coetibus
2389 1563 2714 1632 laetabunda,
2741 1576 2863 1619 cum
2887 1561 2999 1617 suis
3032 1558 3278 1616 omnibus
3306 1559 3535 1613 feliciter

1957 1661 2282 1717 coronanda.
2309 1659 2429 1724 Per,
2459 1667 2564 1713 etc.

2098 1767 2408 1808 BENEDICTIO
2445 1765 2609 1806 SUPER
2647 1762 2846 1804 νιυυιιιι
2885 1759 3050 1801 νεετε
3088 1758 3402 1799 κυτΑΝοΑΜ.

2031 1844 2252 1899 Domine
2294 1853 2497 1911 sancte,
2528 1841 2683 1896 Pater
2724 1837 3091 1906 omnipotens,
3125 1845 3326 1890 aeterne
3371 1837 3534 1898 Deus,

1957 1938 2045 2008 qui
2077 1938 2129 1992 in
2153 1947 2356 1991 tantum
2387 1935 2618 1989 humano
2635 1930 2816 2004 generi
2844 1927 3205 1984 miserationis
3230 1935 3332 1980 tuae
3353 1939 3536 1979 curam

1958 2029 2226 2101 inpendis,
2252 2039 2304 2084 et
2334 2030 2402 2083 ita
2426 2028 2746 2098 virginitatis
2775 2023 3110 2081 devotionem
3161 2020 3502 2091 amplecteris
3522 2063 3536 2086 ,

1959 2137 2015 2181 ut
2050 2125 2321 2180 viduitatis
2363 2107 2746 2193 professionem
2793 2121 3084 2175 clementer
3130 2127 3397 2185 acceptos,
3457 2124 3532 2179 te,

1957 2232 2282 2287 quaesumus,
2318 2215 2556 2281 Domine,
2587 2214 2836 2284 precibus
2883 2211 3234 2280 inploremus,
3262 2216 3312 2262 te
3339 2206 3540 2276 suppli-

1956 2323 2045 2364 ces
2068 2308 2443 2377 deprecamur,
2471 2315 2530 2360 ut
2554 2305 2804 2360 famolam
2831 2313 2972 2358 tuam
2995 2301 3072 2356 ill.
3117 2314 3236 2370 quae
3279 2297 3349 2354 ob
3373 2299 3536 2352 timo-

1957 2416 2068 2456 rem
2100 2400 2173 2454 tui
2197 2399 2424 2454 nominis
2448 2410 2591 2453 casto
2617 2398 2807 2452 timore
2837 2396 2938 2450 sibi
2964 2393 3297 2464 prospiciens
3319 2431 3335 2456 ,
3362 2389 3536 2444 vidui-

1956 2490 2078 2546 tatis
2105 2490 2474 2545 indumentum
2500 2504 2593 2557 per
2618 2500 2816 2542 nostrae
2844 2483 3159 2539 humilitatis
3191 2493 3381 2534 manus
3410 2492 3533 2548 per-

1955 2587 2133 2656 cipere
2157 2586 2458 2654 postulavit,
2480 2592 2570 2637 tuo
2587 2581 2790 2635 auxilio
2809 2587 2997 2634 contra
3019 2574 3322 2631 inlecebras
3347 2574 3529 2627 carnis

1956 2687 2112 2748 atque
2133 2676 2351 2730 insidias
2375 2673 2576 2729 inimici
2615 2672 2825 2727 munias
2851 2668 3100 2739 praesidio
3122 2680 3185 2722 ac
3214 2665 3471 2721 delendas
3495 2707 3511 2732 ,

1956 2778 2012 2823 ut
2037 2769 2106 2823 sit
2129 2768 2320 2822 famola
2347 2777 2433 2821 tua
2462 2766 2541 2821 ill.
2571 2765 2739 2821 Annae
2765 2764 2886 2818 ﬁliae
2930 2759 3222 2816 Fanuhelis
3249 2758 3442 2814 similis
3467 2759 3523 2812 in

1953 2859 2170 2930 vigiliis,
2198 2860 2250 2913 in
2277 2856 2619 2924 abstinentia,
2651 2854 2706 2910 in
2730 2854 3059 2911 orationibus
3103 2859 3265 2920 atque
3295 2850 3534 2905 eleemo.

1955 2953 2105 3025 synis
2145 2963 2409 3022 prompta.

2150 3057 2464 3097 BENEDICTIO
2504 3052 2742 3092 THALAII
2779 3051 2948 3092 SUPER
2985 3047 3260 3088 NUDENTES
3285 3041 3333 3084 ⁸ο

2029 3137 2195 3191 Deum
2217 3136 2309 3206 qui
2331 3133 2394 3187 ad
2424 3129 2880 3199 multiplicandam
2917 3127 3134 3182 humani
3171 3124 3386 3194 generis
3411 3137 3538 3192 pro-

1952 3231 2059 3287 lem
2091 3226 2480 3285 benedictionis
2504 3239 2616 3278 sus:
2638 3222 2778 3276 dona
2808 3221 2985 3290 largiri
3010 3219 3255 3287 dignatus
3288 3225 3389 3280 est,
3429 3211 3536 3268 fra-

1951 3330 2060 3376 tres
2085 3318 2380 3384 carissimi,
2407 3317 2780 3384 deprecemur,
2809 3323 2866 3366 ut
2891 3311 2990 3366 bos
3028 3309 3256 3363 famulos
3285 3320 3412 3361 suos
3457 3305 3538 3361 ill.

1950 3423 2006 3468 et
2038 3412 2115 3466 ill.
2151 3425 2281 3480 quos
2307 3408 2372 3462 ad
2412 3405 2745 3474 coniugalem
2786 3402 3028 3468 capulam
3075 3399 3191 3467 ipse
3221 3395 3536 3466 praeelegit,

1951 3503 2067 3572 ipse
2095 3498 2384 3555 custodiat.
2415 3497 2514 3552 Det
2564 3494 2644 3550 eis
2687 3506 2878 3549 sensus
2923 3490 3195 3556 paciﬁcos,
3229 3500 3385 3558 pares
3417 3484 3538 3540 ani-

1952 3610 2088 3660 mos,
2123 3606 2301 3648 mores
2332 3600 2512 3645 mutua
2540 3588 2761 3644 caritate
2802 3584 3097 3639 devinctos.
3133 3580 3377 3636 Habeant
3402 3593 3537 3649 quo-

1952 3701 2056 3758 que
2085 3692 2294 3756 optatas
2335 3683 2451 3752 ejus
2496 3694 2718 3734 munere
2763 3675 3002 3740 soboles,
3034 3689 3136 3744 qua
3165 3673 3303 3727 sicut
3331 3671 3533 3726 donum

1953 3780 2122 3849 ipsius
2151 3778 2352 3843 tribuit,
2388 3777 2458 3829 ita
2500 3774 2668 3844 ipsius
2700 3769 3071 3826 benedictione
3101 3773 3521 3836 consequantur,

1951 3881 2013 3926 ut
2042 3871 2094 3924 hi
2122 3869 2299 3924 famoli
2327 3868 2408 3921 sui
2431 3867 2509 3921 ill.
2539 3873 2594 3919 et
2623 3863 2698 3918 ill.
2723 3863 2778 3917 in
2805 3862 2953 3917 omni
2981 3859 3122 3916 idem
3143 3857 3321 3914 cordis
3354 3856 3533 3911 humi-

1955 3964 2103 4019 litate
2133 3961 2456 4018 deserviant.
2491 3958 2620 4014 Per.

2625 4048 2753 4099 Item
2775 4046 2889 4096 alia.

2028 4138 2106 4193 Te
2151 4136 2520 4206 deprecamur,
2559 4132 2786 4187 Domine
2833 4137 3048 4196 sancte,
3100 4127 3261 4183 Pater
3296 4126 3544 4194 omnipo-

1960 4243 2099 4300 tens,
2130 4243 2328 4287 aeterne
2360 4230 2518 4293 Deus,
2548 4242 2708 4296 super
2740 4227 2837 4280 hos
2868 4223 3093 4278 famolos
3117 4231 3236 4276 tuos
3269 4219 3344 4274 ill.
3377 4227 3430 4274 et
3463 4216 3545 4272 ili.

1958 4342 2092 4396 quos
2141 4326 2206 4378 ad
2253 4322 2476 4394 gratiam
2506 4318 2735 4389 conjugii
2776 4316 2961 4372 venire
3006 4313 3251 4384 iussisti,
3302 4309 3393 4380 qui
3445 4322 3541 4376 per

1960 4425 2197 4472 nostram
2225 4414 2351 4470 licet
2381 4427 2593 4482 precem
2617 4421 2708 4465 aut
2728 4423 2912 4464 vocem
2943 4405 3372 4462 benedictionem
3399 4411 3544 4456 tuam

269 4547 485 4589 servare
513 4543 681 4600 usque
701 4529 756 4582 in
781 4529 941 4582 ﬁnem
970 4541 985 4591 ;
1015 4531 1074 4578 ut
1098 4536 1299 4592 sponso
1325 4518 1577 4575 veniente
1601 4493 1739 4572 laeta:
1760 4530 1853 4571 oc-
1883 4539 1936 4600 ι)
1961 4510 2284 4566 desiderant.
2316 4505 2516 4561 Tribue
2546 4503 2625 4558 eis
2650 4545 2664 4569 ,
2702 4501 2925 4556 Domine
2947 4539 2963 4564 ,
2997 4497 3159 4552 ﬁdele
3212 4493 3547 4549 consortium

270 4640 486 4682 currere
509 4623 734 4694 possint,
754 4631 912 4690 atque
931 4631 1094 4690 regna
1109 4614 1344 4670 caelestia
1373 4613 1573 4666 intrare
1595 4627 1608 4665 :
1634 4609 1856 4666 inclusze

272 4721 469 4791 gratias
496 4719 590 4774 tibi
619 4718 853 4773 referant
880 4715 933 4769 in
972 4711 1191 4781 regione
1228 4710 1471 4764 vivorum
1498 4706 1600 4761 hoc
1643 4705 1854 4775 signum

272 4811 396 4868 Filii
427 4809 502 4866 tui
531 4809 828 4880 bajulantes
852 4805 892 4876 ἰ-
919 4803 1010 4876 qui
1029 4803 1158 4859 vivit
1185 4811 1241 4858 et
1268 4808 1476 4870 regnat,
1512 4809 1618 4854 etc.

715 4906 1101 4955 an'veusoau
1141 4909 1412 4951 “nomen.

346 4984 472 5041 Haec
499 4993 644 5049 sunt,
668 4981 914 5045 Domine,
939 4979 1130 5048 capitis
1156 4975 1458 5032 consecrati
1485 4971 1857 5042 splendidiora

272 5076 556 5135 velamina.
610 5074 796 5130 Nullus
837 5072 923 5126 hic
983 5067 1378 5126 candidissima
1426 5065 1590 5122 vestis
1637 5073 1858 5119 ornatus

273 5185 398 5228 cum
415 5183 521 5240 quo
543 5180 728 5224 errore
750 5165 973 5233 decepta
993 5163 1212 5218 iter.....
1236 5167 1493 5229 sequatur
1515 5158 1722 5227 Agnum
1748 5173 1762 5221 ;
1790 5155 1862 5211 ita

275 5265 461 5323 lumen
489 5261 745 5318 Ecclesia:
769 5267 928 5328 atque
958 5255 1300 5312 immaculata
1330 5253 1480 5323 virgo
1507 5251 1599 5308 uni
1624 5251 1855 5307 Domino

276 5367 444 5428 nupta
468 5355 682 5412 beatam
707 5351 890 5408 sedem
917 5346 1178 5418 requirat.

739 5455 1053 5500 BENBDIC'I'IO
1091 5451 1386 5494 ABBA’I'ISSE
1395 5479 1409 5493 .

350 5540 704 5612 Omnipotens
730 5535 953 5592 Domine
980 5534 1144 5600 Deus,
1170 5530 1309 5601 apud
1337 5544 1496 5598 quem
1520 5543 1626 5585 non
1650 5537 1735 5583 est
1756 5527 1866 5584 dis-

359 5669 386 5699 ι
409 5661 523 5716 Hoc
544 5668 628 5714 est
643 5656 783 5728 quod
806 5653 1206 5728 aitAmbrosius
1227 5649 1280 5704 in
1304 5647 1542 5728 epistola
1560 5644 1631 5699 24
1656 5642 1872 5728 advel:

283 5715 590 5796 cellettses,
617 5749 635 5782 ι
662 5715 844 5798 ipsum
885 5724 1190 5798 coniugium
1233 5715 1499 5776 velamine
1549 5715 1867 5773 sacerdotali

287 5812 346 5862 et
369 5797 738 5861 benedictione
763 5797 1082 5856 sanctilicari
1111 5803 1378 5868 oportere.
1413 5811 1433 5845 ι

1960 4601 2216 4660 caritatis.
2246 4600 2470 4654 lnduant
2495 4595 2771 4650 caritatem
2803 4592 2999 4653 Same,
3029 4585 3394 4656 pmnitentiam
3431 4581 3546 4638 Re-

1962 4697 2137 4753 beccae
2159 4734 2175 4761 ,
2202 4706 2440 4748 amorem
2491 4686 2691 4742 Rachel
2715 4727 2730 4751 ,
2761 4683 2984 4754 gratiam
3015 4689 3069 4735 et
3116 4679 3395 4734 caritatem
3438 4677 3540 4732 Su-

1964 4803 2171 4844 sannae.
2203 4782 2501 4841 Descendat
2536 4792 2698 4847 super
2746 4775 2843 4830 hos
2873 4772 3100 4828 famolos
3132 4778 3251 4824 tuos
3280 4768 3355 4822 ill.
3387 4775 3444 4820 et
3472 4767 3546 4822 ill.

1962 4881 2102 4936 sicut
2128 4874 2402 4934 descendit
2429 4887 2518 4928 ros
2544 4869 2737 4939 pluvia:
2775 4879 2939 4935 super
2970 4862 3159 4918 faciem
3203 4870 3361 4917 terra:
3386 4876 3398 4912 :
3423 4874 3540 4912 ma-

1964 4985 2068 5026 nus
2097 4978 2201 5023 tua:
2230 4966 2464 5021 sentiant
2491 4969 2690 5025 actum,
2718 4967 2774 5015 et
2799 4956 3031 5028 Spiritus
3053 4953 3226 5010 sancti
3259 4952 3334 5008 tui
3363 4949 3541 5024 perci-

1971 5066 2119 5135 piant
2147 5060 2399 5134 gaudium
2431 5055 2836 5125 sempiternum.

2213 5163 2379 5215 Oratio
2411 5172 2564 5224 super
2595 5171 2681 5208 eos
2701 5159 2786 5221 qui
2809 5156 3028 5207 secundo
3050 5154 3240 5204 nubunt
3261 5150 3307 5200 ι.

2041 5249 2355 5324 Antiphone.
2412 5245 2712 5302 Benedictio
2759 5243 2970 5300 Domini
3014 5255 3176 5312 super
3229 5252 3347 5294 vos.
3407 5233 3546 5290 Beati

1968 5358 2178 5401 omnes.

2049 5438 2211 5502 Deus,
2238 5435 2325 5505 qui
2356 5431 2666 5489 multimoda
2695 5428 3056 5486 subsidiorum
3089 5418 3326 5478 remedia
3355 5415 3546 5486 fragili.

1977 5532 2069 5587 tati
2101 5529 2346 5585 humana:
2363 5525 2632 5582 beneﬁcia
2662 5523 2898 5588 confers,
2931 5528 2986 5575 et
3020 5514 3213 5573 tribuis
3243 5514 3542 5569 incremen-

2047 5646 2075 5686 δ
2121 5643 2496 5714 Antiquissima
2528 5647 2611 5694 est
2658 5639 2709 5714 in
2759 5634 2996 5714 Ecclesia
3039 5627 3348 5712 benedictio
3398 5636 3545 5700 supet

1978 5703 2274 5785 nubentes,"
2291 5728 2448 5784 super
2478 5709 2715 5766 secundo
2747 5706 3010 5764 nubentes
3041 5703 3234 5758 rarior.
