  <div class='ocr_page' id='page_1' title='image "/cluster/home/n/w/nwhite01/storage/ocr_20150623/72/hvd.32044015469364/294.png"; bbox 0 0 4076 6348; ppageno 0'>
   <div class='ocr_carea' id='block_1_1' title="bbox 343 210 452 274">
    <p class='ocr_par' dir='ltr' id='par_1_1' title="bbox 343 210 452 274">
     <span class='ocr_line' id='line_1_1' title="bbox 343 210 452 274; baseline 0.018 -9"><span class='ocrx_word' id='word_1_1' title='bbox 343 210 452 274; x_wconf 77' lang='lat'><strong>5&#39;73</strong></span> 
     </span>
    </p>
   </div>
   <div class='ocr_carea' id='block_1_2' title="bbox 786 318 1484 375">
    <p class='ocr_par' dir='ltr' id='par_1_2' title="bbox 786 318 1484 375">
     <span class='ocr_line' id='line_1_2' title="bbox 786 318 1484 375; baseline 0.001 -4"><span class='ocrx_word' id='word_1_2' title='bbox 786 318 1083 375; x_wconf 73' lang='lat' dir='ltr'><strong>nitutones</strong></span> <span class='ocrx_word' id='word_1_3' title='bbox 1121 333 1484 373; x_wconf 64' lang='lat' dir='ltr'><strong>VESPERTINE.</strong></span> 
     </span>
    </p>
   </div>
   <div class='ocr_carea' id='block_1_3' title="bbox 414 413 1936 485">
    <p class='ocr_par' dir='ltr' id='par_1_3' title="bbox 414 413 1936 485">
     <span class='ocr_line' id='line_1_3' title="bbox 414 413 1936 485; baseline -0.005 -13"><span class='ocrx_word' id='word_1_4' title='bbox 414 417 767 485; x_wconf 80' lang='lat' dir='ltr'><strong>Omnipotens</strong></span> <span class='ocrx_word' id='word_1_5' title='bbox 796 413 1124 483; x_wconf 88' lang='lat' dir='ltr'><strong>sempiterne</strong></span> <span class='ocrx_word' id='word_1_6' title='bbox 1158 414 1320 478; x_wconf 88' lang='lat' dir='ltr'><strong>Deus,</strong></span> <span class='ocrx_word' id='word_1_7' title='bbox 1350 426 1573 482; x_wconf 84' lang='lat' dir='ltr'><strong>vespere</strong></span> <span class='ocrx_word' id='word_1_8' title='bbox 1604 418 1658 466; x_wconf 86' lang='lat' dir='ltr'><strong>et</strong></span> <span class='ocrx_word' id='word_1_9' title='bbox 1700 426 1858 467; x_wconf 81' lang='lat' dir='ltr'><strong>mane</strong></span> <span class='ocrx_word' id='word_1_10' title='bbox 1880 420 1936 467; x_wconf 89' lang='lat' dir='ltr'><strong>et</strong></span> 
     </span>
    </p>
   </div>
   <div class='ocr_carea' id='block_1_4' title="bbox 341 504 1931 578">
    <p class='ocr_par' dir='ltr' id='par_1_4' title="bbox 341 504 1931 578">
     <span class='ocr_line' id='line_1_4' title="bbox 341 504 1931 578; baseline -0.007 -11"><span class='ocrx_word' id='word_1_11' title='bbox 341 509 565 568; x_wconf 79' lang='lat' dir='ltr'><strong>meridie</strong></span> <span class='ocrx_word' id='word_1_12' title='bbox 625 508 957 578; x_wconf 76' lang='lat' dir='ltr'><strong>maiestatem</strong></span> <span class='ocrx_word' id='word_1_13' title='bbox 1009 515 1152 560; x_wconf 89' lang='lat' dir='ltr'><strong>tuam</strong></span> <span class='ocrx_word' id='word_1_14' title='bbox 1201 504 1513 575; x_wconf 84' lang='lat' dir='ltr'><strong>suppliciter</strong></span> <span class='ocrx_word' id='word_1_15' title='bbox 1556 504 1931 573; x_wconf 76' lang='lat' dir='ltr'><strong>deprecamur;</strong></span> 
     </span>
    </p>
   </div>
   <div class='ocr_carea' id='block_1_5' title="bbox 345 596 1929 669">
    <p class='ocr_par' dir='ltr' id='par_1_5' title="bbox 345 596 1929 669">
     <span class='ocr_line' id='line_1_5' title="bbox 345 596 1929 669; baseline -0.005 -12"><span class='ocrx_word' id='word_1_16' title='bbox 345 613 403 658; x_wconf 90' lang='lat' dir='ltr'><strong>ut</strong></span> <span class='ocrx_word' id='word_1_17' title='bbox 434 602 669 668; x_wconf 78' lang='lat' dir='ltr'><strong>expulsis</strong></span> <span class='ocrx_word' id='word_1_18' title='bbox 699 600 767 656; x_wconf 91' lang='lat' dir='ltr'><strong>de</strong></span> <span class='ocrx_word' id='word_1_19' title='bbox 794 600 1045 656; x_wconf 86' lang='lat' dir='ltr'><strong>cordibus</strong></span> <span class='ocrx_word' id='word_1_20' title='bbox 1071 599 1269 653; x_wconf 83' lang='lat' dir='ltr'><strong>nostris</strong></span> <span class='ocrx_word' id='word_1_21' title='bbox 1296 606 1637 669; x_wconf 80' lang='lat' dir='ltr'><strong>peccatorum</strong></span> <span class='ocrx_word' id='word_1_22' title='bbox 1670 596 1929 665; x_wconf 84' lang='lat' dir='ltr'><strong>tenebris,</strong></span> 
     </span>
    </p>
   </div>
   <div class='ocr_carea' id='block_1_6' title="bbox 346 691 1931 764">
    <p class='ocr_par' dir='ltr' id='par_1_6' title="bbox 346 691 1931 764">
     <span class='ocr_line' id='line_1_6' title="bbox 346 691 1931 764; baseline -0.003 -13"><span class='ocrx_word' id='word_1_23' title='bbox 346 696 413 751; x_wconf 87' lang='lat' dir='ltr'><strong>ad</strong></span> <span class='ocrx_word' id='word_1_24' title='bbox 443 711 623 751; x_wconf 84' lang='lat' dir='ltr'><strong>veram</strong></span> <span class='ocrx_word' id='word_1_25' title='bbox 671 694 870 762; x_wconf 88' lang='lat' dir='ltr'><strong>lucem,</strong></span> <span class='ocrx_word' id='word_1_26' title='bbox 903 708 1022 764; x_wconf 66' lang='lat' dir='ltr'><strong>qua:</strong></span> <span class='ocrx_word' id='word_1_27' title='bbox 1052 694 1292 748; x_wconf 81' lang='lat' dir='ltr'><strong>Christus</strong></span> <span class='ocrx_word' id='word_1_28' title='bbox 1329 698 1431 758; x_wconf 88' lang='lat' dir='ltr'><strong>est,</strong></span> <span class='ocrx_word' id='word_1_29' title='bbox 1481 691 1644 746; x_wconf 81' lang='lat' dir='ltr'><strong>facias</strong></span> <span class='ocrx_word' id='word_1_30' title='bbox 1684 707 1783 747; x_wconf 90' lang='lat' dir='ltr'><strong>nos</strong></span> <span class='ocrx_word' id='word_1_31' title='bbox 1810 706 1931 762; x_wconf 92' lang='lat' dir='ltr'><strong>per-</strong></span> 
     </span>
    </p>
   </div>
   <div class='ocr_carea' id='block_1_7' title="bbox 338 791 543 844">
    <p class='ocr_par' dir='ltr' id='par_1_7' title="bbox 338 791 543 844">
     <span class='ocr_line' id='line_1_7' title="bbox 338 791 543 844; baseline -0.005 0"><span class='ocrx_word' id='word_1_32' title='bbox 338 791 543 844; x_wconf 47' lang='lat' dir='ltr'><strong>va‘nire.</strong></span> 
     </span>
    </p>
   </div>
   <div class='ocr_carea' id='block_1_8' title="bbox 1007 854 1269 906">
    <p class='ocr_par' dir='ltr' id='par_1_8' title="bbox 1007 854 1269 906">
     <span class='ocr_line' id='line_1_8' title="bbox 1007 854 1269 906; baseline 0 -1"><span class='ocrx_word' id='word_1_33' title='bbox 1007 855 1132 906; x_wconf 79' lang='lat' dir='ltr'><strong>item</strong></span> <span class='ocrx_word' id='word_1_34' title='bbox 1159 854 1269 906; x_wconf 76' lang='lat' dir='ltr'><strong>alia.</strong></span> 
     </span>
    </p>
   </div>
   <div class='ocr_carea' id='block_1_9' title="bbox 409 936 1931 1010">
    <p class='ocr_par' dir='ltr' id='par_1_9' title="bbox 409 936 1931 1010">
     <span class='ocr_line' id='line_1_9' title="bbox 409 936 1931 1010; baseline -0.004 -14"><span class='ocrx_word' id='word_1_35' title='bbox 409 945 547 997; x_wconf 86' lang='lat' dir='ltr'><strong>Deus</strong></span> <span class='ocrx_word' id='word_1_36' title='bbox 568 942 659 1010; x_wconf 87' lang='lat' dir='ltr'><strong>qui</strong></span> <span class='ocrx_word' id='word_1_37' title='bbox 678 938 966 995; x_wconf 87' lang='lat' dir='ltr'><strong>inluminas</strong></span> <span class='ocrx_word' id='word_1_38' title='bbox 989 947 1221 1007; x_wconf 89' lang='lat' dir='ltr'><strong>noctem,</strong></span> <span class='ocrx_word' id='word_1_39' title='bbox 1257 949 1311 993; x_wconf 89' lang='lat' dir='ltr'><strong>et</strong></span> <span class='ocrx_word' id='word_1_40' title='bbox 1332 937 1512 992; x_wconf 86' lang='lat' dir='ltr'><strong>lumen</strong></span> <span class='ocrx_word' id='word_1_41' title='bbox 1534 943 1655 1007; x_wconf 90' lang='lat' dir='ltr'><strong>post</strong></span> <span class='ocrx_word' id='word_1_42' title='bbox 1676 936 1931 992; x_wconf 81' lang='lat' dir='ltr'><strong>tenebras</strong></span> 
     </span>
    </p>
   </div>
   <div class='ocr_carea' id='block_1_10' title="bbox 332 1027 1929 1100">
    <p class='ocr_par' dir='ltr' id='par_1_10' title="bbox 332 1027 1929 1100">
     <span class='ocr_line' id='line_1_10' title="bbox 332 1027 1929 1100; baseline -0.004 -11"><span class='ocrx_word' id='word_1_43' title='bbox 332 1034 500 1100; x_wconf 84' lang='lat' dir='ltr'><strong>facis,</strong></span> <span class='ocrx_word' id='word_1_44' title='bbox 548 1032 788 1090; x_wconf 79' lang='lat' dir='ltr'><strong>concede</strong></span> <span class='ocrx_word' id='word_1_45' title='bbox 831 1032 986 1086; x_wconf 84' lang='lat' dir='ltr'><strong>nobis</strong></span> <span class='ocrx_word' id='word_1_46' title='bbox 1034 1039 1094 1084; x_wconf 91' lang='lat' dir='ltr'><strong>ut</strong></span> <span class='ocrx_word' id='word_1_47' title='bbox 1132 1029 1268 1084; x_wconf 88' lang='lat' dir='ltr'><strong>hanc</strong></span> <span class='ocrx_word' id='word_1_48' title='bbox 1315 1039 1526 1084; x_wconf 89' lang='lat' dir='ltr'><strong>noctem</strong></span> <span class='ocrx_word' id='word_1_49' title='bbox 1560 1029 1676 1082; x_wconf 84' lang='lat' dir='ltr'><strong>sine</strong></span> <span class='ocrx_word' id='word_1_50' title='bbox 1725 1027 1929 1098; x_wconf 86' lang='lat' dir='ltr'><strong>inpedi-</strong></span> 
     </span>
    </p>
   </div>
   <div class='ocr_carea' id='block_1_11' title="bbox 330 1125 1927 1198">
    <p class='ocr_par' dir='ltr' id='par_1_11' title="bbox 330 1125 1927 1198">
     <span class='ocr_line' id='line_1_11' title="bbox 330 1125 1927 1198; baseline -0.002 -15"><span class='ocrx_word' id='word_1_51' title='bbox 330 1137 516 1183; x_wconf 82' lang='lat' dir='ltr'><strong>mento</strong></span> <span class='ocrx_word' id='word_1_52' title='bbox 544 1128 757 1183; x_wconf 66' lang='lat' dir='ltr'><strong>Satanae</strong></span> <span class='ocrx_word' id='word_1_53' title='bbox 786 1135 1141 1196; x_wconf 76' lang='lat' dir='ltr'><strong>transeamus,</strong></span> <span class='ocrx_word' id='word_1_54' title='bbox 1174 1128 1351 1198; x_wconf 85' lang='lat' dir='ltr'><strong>adque</strong></span> <span class='ocrx_word' id='word_1_55' title='bbox 1376 1126 1442 1181; x_wconf 82' lang='lat' dir='ltr'><strong>ad</strong></span> <span class='ocrx_word' id='word_1_56' title='bbox 1473 1126 1754 1181; x_wconf 89' lang='lat' dir='ltr'><strong>matutinis</strong></span> <span class='ocrx_word' id='word_1_57' title='bbox 1777 1125 1927 1180; x_wconf 90' lang='lat' dir='ltr'><strong>horis</strong></span> 
     </span>
    </p>
   </div>
   <div class='ocr_carea' id='block_1_12' title="bbox 326 1217 1926 1289">
    <p class='ocr_par' dir='ltr' id='par_1_12' title="bbox 326 1217 1926 1289">
     <span class='ocr_line' id='line_1_12' title="bbox 326 1217 1926 1289; baseline -0.003 -13"><span class='ocrx_word' id='word_1_58' title='bbox 326 1221 404 1276; x_wconf 78' lang='lat' dir='ltr'><strong>ad</strong></span> <span class='ocrx_word' id='word_1_59' title='bbox 440 1222 609 1277; x_wconf 84' lang='lat' dir='ltr'><strong>altare</strong></span> <span class='ocrx_word' id='word_1_60' title='bbox 639 1229 787 1277; x_wconf 87' lang='lat' dir='ltr'><strong>tuum</strong></span> <span class='ocrx_word' id='word_1_61' title='bbox 810 1229 1177 1288; x_wconf 82' lang='lat' dir='ltr'><strong>revertentes,</strong></span> <span class='ocrx_word' id='word_1_62' title='bbox 1211 1220 1304 1275; x_wconf 86' lang='lat' dir='ltr'><strong>tibi</strong></span> <span class='ocrx_word' id='word_1_63' title='bbox 1348 1220 1459 1275; x_wconf 89' lang='lat' dir='ltr'><strong>Deo</strong></span> <span class='ocrx_word' id='word_1_64' title='bbox 1493 1218 1694 1289; x_wconf 75' lang='lat' dir='ltr'><strong>gratias</strong></span> <span class='ocrx_word' id='word_1_65' title='bbox 1718 1217 1926 1274; x_wconf 73' lang='lat' dir='ltr'><strong>refen-</strong></span> 
     </span>
    </p>
   </div>
   <div class='ocr_carea' id='block_1_13' title="bbox 328 1329 477 1373">
    <p class='ocr_par' dir='ltr' id='par_1_13' title="bbox 328 1329 477 1373">
     <span class='ocr_line' id='line_1_13' title="bbox 328 1329 477 1373; baseline -0.007 -1"><span class='ocrx_word' id='word_1_66' title='bbox 328 1329 477 1373; x_wconf 78' lang='lat' dir='ltr'><strong>mus.</strong></span> 
     </span>
    </p>
   </div>
   <div class='ocr_carea' id='block_1_14' title="bbox 994 1384 1256 1438">
    <p class='ocr_par' dir='ltr' id='par_1_14' title="bbox 994 1384 1256 1438">
     <span class='ocr_line' id='line_1_14' title="bbox 994 1384 1256 1438; baseline -0.008 -2"><span class='ocrx_word' id='word_1_67' title='bbox 994 1385 1121 1438; x_wconf 86' lang='lat' dir='ltr'><strong>Item</strong></span> <span class='ocrx_word' id='word_1_68' title='bbox 1144 1384 1256 1437; x_wconf 85' lang='lat' dir='ltr'><strong>alia.</strong></span> 
     </span>
    </p>
   </div>
   <div class='ocr_carea' id='block_1_15' title="bbox 402 1467 1919 1539">
    <p class='ocr_par' dir='ltr' id='par_1_15' title="bbox 402 1467 1919 1539">
     <span class='ocr_line' id='line_1_15' title="bbox 402 1467 1919 1539; baseline 0 -15"><span class='ocrx_word' id='word_1_69' title='bbox 402 1470 685 1535; x_wconf 89' lang='lat' dir='ltr'><strong>Inlumina,</strong></span> <span class='ocrx_word' id='word_1_70' title='bbox 708 1482 1034 1539; x_wconf 63' lang='lat' dir='ltr'><strong>quaesumus,</strong></span> <span class='ocrx_word' id='word_1_71' title='bbox 1058 1468 1307 1532; x_wconf 90' lang='lat' dir='ltr'><strong>Domine,</strong></span> <span class='ocrx_word' id='word_1_72' title='bbox 1336 1467 1590 1524; x_wconf 86' lang='lat' dir='ltr'><strong>tenebras</strong></span> <span class='ocrx_word' id='word_1_73' title='bbox 1609 1474 1845 1534; x_wconf 87' lang='lat' dir='ltr'><strong>nostras,</strong></span> <span class='ocrx_word' id='word_1_74' title='bbox 1862 1476 1919 1525; x_wconf 85' lang='lat' dir='ltr'><strong>et</strong></span> 
     </span>
    </p>
   </div>
   <div class='ocr_carea' id='block_1_16' title="bbox 324 1558 1647 1632">
    <p class='ocr_par' dir='ltr' id='par_1_16' title="bbox 324 1558 1647 1632">
     <span class='ocr_line' id='line_1_16' title="bbox 324 1558 1647 1632; baseline -0.005 -13"><span class='ocrx_word' id='word_1_75' title='bbox 324 1558 496 1620; x_wconf 83' lang='lat' dir='ltr'><strong>totius</strong></span> <span class='ocrx_word' id='word_1_76' title='bbox 520 1562 694 1629; x_wconf 75' lang='lat' dir='ltr'><strong>noctis</strong></span> <span class='ocrx_word' id='word_1_77' title='bbox 721 1560 944 1627; x_wconf 82' lang='lat' dir='ltr'><strong>insidias</strong></span> <span class='ocrx_word' id='word_1_78' title='bbox 970 1561 1172 1631; x_wconf 86' lang='lat' dir='ltr'><strong>repelle</strong></span> <span class='ocrx_word' id='word_1_79' title='bbox 1200 1561 1498 1632; x_wconf 82' lang='lat' dir='ltr'><strong>prepicius.</strong></span> <span class='ocrx_word' id='word_1_80' title='bbox 1526 1558 1647 1614; x_wconf 88' lang='lat' dir='ltr'><strong>Per.</strong></span> 
     </span>
    </p>
   </div>
   <div class='ocr_carea' id='block_1_17' title="bbox 1068 1676 1187 1725">
    <p class='ocr_par' dir='ltr' id='par_1_17' title="bbox 1068 1676 1187 1725">
     <span class='ocr_line' id='line_1_17' title="bbox 1068 1676 1187 1725; baseline 0 0"><span class='ocrx_word' id='word_1_81' title='bbox 1068 1676 1187 1725; x_wconf 81' lang='lat' dir='ltr'><strong>Alia.</strong></span> 
     </span>
    </p>
   </div>
   <div class='ocr_carea' id='block_1_18' title="bbox 398 1778 1919 1849">
    <p class='ocr_par' dir='ltr' id='par_1_18' title="bbox 398 1778 1919 1849">
     <span class='ocr_line' id='line_1_18' title="bbox 398 1778 1919 1849; baseline -0.001 -13"><span class='ocrx_word' id='word_1_82' title='bbox 398 1781 543 1837; x_wconf 84' lang='lat' dir='ltr'><strong>Tuus</strong></span> <span class='ocrx_word' id='word_1_83' title='bbox 570 1788 656 1838; x_wconf 84' lang='lat' dir='ltr'><strong>est</strong></span> <span class='ocrx_word' id='word_1_84' title='bbox 691 1780 809 1836; x_wconf 83' lang='lat' dir='ltr'><strong>dies</strong></span> <span class='ocrx_word' id='word_1_85' title='bbox 834 1826 847 1849; x_wconf 91' lang='lat'><strong>,</strong></span> <span class='ocrx_word' id='word_1_86' title='bbox 880 1780 1143 1847; x_wconf 87' lang='lat' dir='ltr'><strong>Domine,</strong></span> <span class='ocrx_word' id='word_1_87' title='bbox 1178 1789 1231 1835; x_wconf 87' lang='lat' dir='ltr'><strong>et</strong></span> <span class='ocrx_word' id='word_1_88' title='bbox 1258 1788 1348 1835; x_wconf 92' lang='lat' dir='ltr'><strong>tua</strong></span> <span class='ocrx_word' id='word_1_89' title='bbox 1379 1787 1462 1834; x_wconf 89' lang='lat' dir='ltr'><strong>est</strong></span> <span class='ocrx_word' id='word_1_90' title='bbox 1503 1795 1609 1833; x_wconf 82' lang='lat' dir='ltr'><strong>nox</strong></span> <span class='ocrx_word' id='word_1_91' title='bbox 1642 1778 1919 1835; x_wconf 85' lang='lat' dir='ltr'><strong>:coneede</strong></span> 
     </span>
    </p>
   </div>
   <div class='ocr_carea' id='block_1_19' title="bbox 329 1871 1921 1947">
    <p class='ocr_par' dir='ltr' id='par_1_19' title="bbox 329 1871 1921 1947">
     <span class='ocr_line' id='line_1_19' title="bbox 329 1871 1921 1947; baseline -0.003 -16"><span class='ocrx_word' id='word_1_92' title='bbox 329 1876 502 1932; x_wconf 86' lang='lat' dir='ltr'><strong>solem</strong></span> <span class='ocrx_word' id='word_1_93' title='bbox 532 1876 751 1947; x_wconf 69' lang='lat' dir='ltr'><strong>iustitia:</strong></span> <span class='ocrx_word' id='word_1_94' title='bbox 780 1886 884 1932; x_wconf 71' lang='lat' dir='ltr'><strong>tuae</strong></span> <span class='ocrx_word' id='word_1_95' title='bbox 914 1889 1235 1946; x_wconf 84' lang='lat' dir='ltr'><strong>permanere</strong></span> <span class='ocrx_word' id='word_1_96' title='bbox 1266 1875 1319 1929; x_wconf 89' lang='lat' dir='ltr'><strong>in</strong></span> <span class='ocrx_word' id='word_1_97' title='bbox 1347 1874 1599 1929; x_wconf 90' lang='lat' dir='ltr'><strong>cordibus</strong></span> <span class='ocrx_word' id='word_1_98' title='bbox 1626 1875 1824 1929; x_wconf 85' lang='lat' dir='ltr'><strong>nostris</strong></span> <span class='ocrx_word' id='word_1_99' title='bbox 1849 1871 1921 1927; x_wconf 89' lang='lat' dir='ltr'><strong>ad</strong></span> 
     </span>
    </p>
   </div>
   <div class='ocr_carea' id='block_1_20' title="bbox 320 1967 1772 2038">
    <p class='ocr_par' dir='ltr' id='par_1_20' title="bbox 320 1967 1772 2038">
     <span class='ocr_line' id='line_1_20' title="bbox 320 1967 1772 2038; baseline -0.001 -14"><span class='ocrx_word' id='word_1_100' title='bbox 320 1967 665 2037; x_wconf 75' lang='lat' dir='ltr'><strong>repellendas</strong></span> <span class='ocrx_word' id='word_1_101' title='bbox 692 1968 1076 2038; x_wconf 77' lang='lat' dir='ltr'><strong>cogitationum</strong></span> <span class='ocrx_word' id='word_1_102' title='bbox 1112 1970 1362 2024; x_wconf 86' lang='lat' dir='ltr'><strong>tenebras</strong></span> <span class='ocrx_word' id='word_1_103' title='bbox 1406 1969 1772 2037; x_wconf 86' lang='lat' dir='ltr'><strong>iniquitatum.</strong></span> 
     </span>
    </p>
   </div>
   <div class='ocr_carea' id='block_1_21' title="bbox 992 2082 1259 2134">
    <p class='ocr_par' dir='ltr' id='par_1_21' title="bbox 992 2082 1259 2134">
     <span class='ocr_line' id='line_1_21' title="bbox 992 2082 1259 2134; baseline -0.004 -1"><span class='ocrx_word' id='word_1_104' title='bbox 992 2084 1117 2133; x_wconf 88' lang='lat' dir='ltr'><strong>Item</strong></span> <span class='ocrx_word' id='word_1_105' title='bbox 1143 2082 1259 2134; x_wconf 88' lang='lat' dir='ltr'><strong>alia.</strong></span> 
     </span>
    </p>
   </div>
   <div class='ocr_carea' id='block_1_22' title="bbox 399 2162 1914 2233">
    <p class='ocr_par' dir='ltr' id='par_1_22' title="bbox 399 2162 1914 2233">
     <span class='ocr_line' id='line_1_22' title="bbox 399 2162 1914 2233; baseline -0.002 -13"><span class='ocrx_word' id='word_1_106' title='bbox 399 2164 731 2232; x_wconf 81' lang='lat' dir='ltr'><strong>Vespertinae</strong></span> <span class='ocrx_word' id='word_1_107' title='bbox 754 2165 928 2222; x_wconf 86' lang='lat' dir='ltr'><strong>laudis</strong></span> <span class='ocrx_word' id='word_1_108' title='bbox 951 2164 1124 2221; x_wconf 85' lang='lat' dir='ltr'><strong>officia</strong></span> <span class='ocrx_word' id='word_1_109' title='bbox 1154 2164 1550 2233; x_wconf 67' lang='lat' dir='ltr'><strong>ret-solventes,</strong></span> <span class='ocrx_word' id='word_1_110' title='bbox 1574 2162 1914 2219; x_wconf 89' lang='lat' dir='ltr'><strong>clementiam</strong></span> 
     </span>
    </p>
   </div>
   <div class='ocr_carea' id='block_1_23' title="bbox 320 2254 1911 2327">
    <p class='ocr_par' dir='ltr' id='par_1_23' title="bbox 320 2254 1911 2327">
     <span class='ocr_line' id='line_1_23' title="bbox 320 2254 1911 2327; baseline -0.004 -12"><span class='ocrx_word' id='word_1_111' title='bbox 320 2262 489 2325; x_wconf 79' lang='lat' dir='ltr'><strong>tuam,</strong></span> <span class='ocrx_word' id='word_1_112' title='bbox 526 2258 771 2324; x_wconf 88' lang='lat' dir='ltr'><strong>Domine,</strong></span> <span class='ocrx_word' id='word_1_113' title='bbox 806 2259 1004 2313; x_wconf 87' lang='lat' dir='ltr'><strong>humile</strong></span> <span class='ocrx_word' id='word_1_114' title='bbox 1050 2271 1205 2327; x_wconf 86' lang='lat' dir='ltr'><strong>prece</strong></span> <span class='ocrx_word' id='word_1_115' title='bbox 1236 2256 1512 2327; x_wconf 88' lang='lat' dir='ltr'><strong>poscimus</strong></span> <span class='ocrx_word' id='word_1_116' title='bbox 1532 2299 1545 2322; x_wconf 91' lang='lat'><strong>,</strong></span> <span class='ocrx_word' id='word_1_117' title='bbox 1576 2264 1635 2310; x_wconf 91' lang='lat' dir='ltr'><strong>ut</strong></span> <span class='ocrx_word' id='word_1_118' title='bbox 1663 2254 1911 2310; x_wconf 87' lang='lat' dir='ltr'><strong>nocturni</strong></span> 
     </span>
    </p>
   </div>
   <div class='ocr_carea' id='block_1_24' title="bbox 327 2350 1603 2421">
    <p class='ocr_par' dir='ltr' id='par_1_24' title="bbox 327 2350 1603 2421">
     <span class='ocr_line' id='line_1_24' title="bbox 327 2350 1603 2421; baseline -0.003 -13"><span class='ocrx_word' id='word_1_119' title='bbox 327 2353 660 2409; x_wconf 83' lang='lat' dir='ltr'><strong>insidiatoris</strong></span> <span class='ocrx_word' id='word_1_120' title='bbox 691 2352 907 2409; x_wconf 83' lang='lat' dir='ltr'><strong>fraudes</strong></span> <span class='ocrx_word' id='word_1_121' title='bbox 938 2360 988 2407; x_wconf 89' lang='lat' dir='ltr'><strong>te</strong></span> <span class='ocrx_word' id='word_1_122' title='bbox 1017 2360 1330 2421; x_wconf 75' lang='lat' dir='ltr'><strong>protegente</strong></span> <span class='ocrx_word' id='word_1_123' title='bbox 1351 2350 1603 2406; x_wconf 78' lang='lat' dir='ltr'><strong>vitemus.</strong></span> 
     </span>
    </p>
   </div>
   <div class='ocr_carea' id='block_1_25' title="bbox 989 2466 1253 2518">
    <p class='ocr_par' dir='ltr' id='par_1_25' title="bbox 989 2466 1253 2518">
     <span class='ocr_line' id='line_1_25' title="bbox 989 2466 1253 2518; baseline -0.015 0"><span class='ocrx_word' id='word_1_124' title='bbox 989 2466 1114 2518; x_wconf 86' lang='lat' dir='ltr'><strong>Item</strong></span> <span class='ocrx_word' id='word_1_125' title='bbox 1144 2466 1253 2516; x_wconf 81' lang='lat' dir='ltr'><strong>alia.</strong></span> 
     </span>
    </p>
   </div>
   <div class='ocr_carea' id='block_1_26' title="bbox 392 2568 1914 2645">
    <p class='ocr_par' dir='ltr' id='par_1_26' title="bbox 392 2568 1914 2645">
     <span class='ocr_line' id='line_1_26' title="bbox 392 2568 1914 2645; baseline -0.004 -17"><span class='ocrx_word' id='word_1_126' title='bbox 392 2573 714 2645; x_wconf 86' lang='lat' dir='ltr'><strong>Propiciare,</strong></span> <span class='ocrx_word' id='word_1_127' title='bbox 763 2574 1004 2638; x_wconf 82' lang='lat' dir='ltr'><strong>Domine,</strong></span> <span class='ocrx_word' id='word_1_128' title='bbox 1054 2573 1377 2643; x_wconf 79' lang='lat' dir='ltr'><strong>vespertinis</strong></span> <span class='ocrx_word' id='word_1_129' title='bbox 1426 2568 1914 2641; x_wconf 89' lang='lat' dir='ltr'><strong>supplicationibus</strong></span> 
     </span>
    </p>
   </div>
   <div class='ocr_carea' id='block_1_27' title="bbox 317 2661 1913 2734">
    <p class='ocr_par' dir='ltr' id='par_1_27' title="bbox 317 2661 1913 2734">
     <span class='ocr_line' id='line_1_27' title="bbox 317 2661 1913 2734; baseline -0.004 -12"><span class='ocrx_word' id='word_1_130' title='bbox 317 2665 538 2734; x_wconf 87' lang='lat' dir='ltr'><strong>nostris,</strong></span> <span class='ocrx_word' id='word_1_131' title='bbox 568 2674 621 2720; x_wconf 91' lang='lat' dir='ltr'><strong>et</strong></span> <span class='ocrx_word' id='word_1_132' title='bbox 652 2668 731 2720; x_wconf 89' lang='lat' dir='ltr'><strong>fac</strong></span> <span class='ocrx_word' id='word_1_133' title='bbox 757 2680 854 2721; x_wconf 91' lang='lat' dir='ltr'><strong>nos</strong></span> <span class='ocrx_word' id='word_1_134' title='bbox 882 2666 997 2720; x_wconf 89' lang='lat' dir='ltr'><strong>sine</strong></span> <span class='ocrx_word' id='word_1_135' title='bbox 1028 2664 1136 2720; x_wconf 91' lang='lat' dir='ltr'><strong>ullo</strong></span> <span class='ocrx_word' id='word_1_136' title='bbox 1167 2675 1315 2720; x_wconf 80' lang='lat' dir='ltr'><strong>reatu</strong></span> <span class='ocrx_word' id='word_1_137' title='bbox 1357 2663 1631 2719; x_wconf 76' lang='lat' dir='ltr'><strong>matutinis</strong></span> <span class='ocrx_word' id='word_1_138' title='bbox 1661 2662 1757 2717; x_wconf 88' lang='lat' dir='ltr'><strong>tibi</strong></span> <span class='ocrx_word' id='word_1_139' title='bbox 1791 2661 1913 2716; x_wconf 86' lang='lat' dir='ltr'><strong>lau-</strong></span> 
     </span>
    </p>
   </div>
   <div class='ocr_carea' id='block_1_28' title="bbox 314 2757 1045 2829">
    <p class='ocr_par' dir='ltr' id='par_1_28' title="bbox 314 2757 1045 2829">
     <span class='ocr_line' id='line_1_28' title="bbox 314 2757 1045 2829; baseline -0.004 -15"><span class='ocrx_word' id='word_1_140' title='bbox 314 2757 477 2815; x_wconf 82' lang='lat' dir='ltr'><strong>dibus</strong></span> <span class='ocrx_word' id='word_1_141' title='bbox 503 2759 895 2829; x_wconf 83' lang='lat' dir='ltr'><strong>repraeseulari.</strong></span> <span class='ocrx_word' id='word_1_142' title='bbox 925 2757 1045 2813; x_wconf 84' lang='lat' dir='ltr'><strong>Per.</strong></span> 
     </span>
    </p>
   </div>
   <div class='ocr_carea' id='block_1_29' title="bbox 790 2866 1427 2909">
    <p class='ocr_par' dir='ltr' id='par_1_29' title="bbox 790 2866 1427 2909">
     <span class='ocr_line' id='line_1_29' title="bbox 790 2866 1427 2909; baseline -0.006 0"><span class='ocrx_word' id='word_1_143' title='bbox 790 2868 987 2909; x_wconf 78' lang='lat' dir='ltr'><strong>ORATIO</strong></span> <span class='ocrx_word' id='word_1_144' title='bbox 1022 2868 1089 2907; x_wconf 77' lang='lat' dir='ltr'><strong>DE</strong></span> <span class='ocrx_word' id='word_1_145' title='bbox 1127 2866 1427 2908; x_wconf 70' lang='lat' dir='ltr'><strong>IATUTINIS.</strong></span> 
     </span>
    </p>
   </div>
   <div class='ocr_carea' id='block_1_30' title="bbox 394 2942 1914 3016">
    <p class='ocr_par' dir='ltr' id='par_1_30' title="bbox 394 2942 1914 3016">
     <span class='ocr_line' id='line_1_30' title="bbox 394 2942 1914 3016; baseline -0.004 -13"><span class='ocrx_word' id='word_1_146' title='bbox 394 2945 606 3003; x_wconf 87' lang='lat' dir='ltr'><strong>Gratias</strong></span> <span class='ocrx_word' id='word_1_147' title='bbox 638 2947 733 3000; x_wconf 88' lang='lat' dir='ltr'><strong>tibi</strong></span> <span class='ocrx_word' id='word_1_148' title='bbox 764 2949 972 3016; x_wconf 83' lang='lat' dir='ltr'><strong>agimus</strong></span> <span class='ocrx_word' id='word_1_149' title='bbox 992 2988 1007 3014; x_wconf 95' lang='lat'><strong>,</strong></span> <span class='ocrx_word' id='word_1_150' title='bbox 1040 2947 1264 3000; x_wconf 85' lang='lat' dir='ltr'><strong>Domine</strong></span> <span class='ocrx_word' id='word_1_151' title='bbox 1294 2954 1479 3000; x_wconf 88' lang='lat' dir='ltr'><strong>sancte</strong></span> <span class='ocrx_word' id='word_1_152' title='bbox 1499 2989 1513 3012; x_wconf 90' lang='lat'><strong>,</strong></span> <span class='ocrx_word' id='word_1_153' title='bbox 1543 2944 1703 2999; x_wconf 83' lang='lat' dir='ltr'><strong>Pater</strong></span> <span class='ocrx_word' id='word_1_154' title='bbox 1737 2942 1914 2998; x_wconf 88' lang='lat' dir='ltr'><strong>omni-</strong></span> 
     </span>
    </p>
   </div>
   <div class='ocr_carea' id='block_1_31' title="bbox 317 3037 1911 3110">
    <p class='ocr_par' dir='ltr' id='par_1_31' title="bbox 317 3037 1911 3110">
     <span class='ocr_line' id='line_1_31' title="bbox 317 3037 1911 3110; baseline -0.002 -17"><span class='ocrx_word' id='word_1_155' title='bbox 317 3049 533 3110; x_wconf 57' lang='lat' dir='ltr'><strong>potens,</strong></span> <span class='ocrx_word' id='word_1_156' title='bbox 567 3047 768 3094; x_wconf 73' lang='lat' dir='ltr'><strong>aeterne</strong></span> <span class='ocrx_word' id='word_1_157' title='bbox 799 3039 958 3102; x_wconf 81' lang='lat' dir='ltr'><strong>Deus,</strong></span> <span class='ocrx_word' id='word_1_158' title='bbox 986 3039 1074 3108; x_wconf 90' lang='lat' dir='ltr'><strong>qui</strong></span> <span class='ocrx_word' id='word_1_159' title='bbox 1105 3052 1203 3093; x_wconf 91' lang='lat' dir='ltr'><strong>nos</strong></span> <span class='ocrx_word' id='word_1_160' title='bbox 1246 3047 1515 3092; x_wconf 89' lang='lat' dir='ltr'><strong>transacto</strong></span> <span class='ocrx_word' id='word_1_161' title='bbox 1540 3037 1710 3090; x_wconf 91' lang='lat' dir='ltr'><strong>noctis</strong></span> <span class='ocrx_word' id='word_1_162' title='bbox 1737 3039 1911 3106; x_wconf 87' lang='lat' dir='ltr'><strong>spatio</strong></span> 
     </span>
    </p>
   </div>
   <div class='ocr_carea' id='block_1_32' title="bbox 901 199 1913 263">
    <p class='ocr_par' dir='ltr' id='par_1_32' title="bbox 901 199 1913 263">
     <span class='ocr_line' id='line_1_32' title="bbox 901 199 1913 263; baseline -0.004 0"><span class='ocrx_word' id='word_1_163' title='bbox 901 199 1546 263; x_wconf 73' lang='lat' dir='ltr'><strong>SACRAMENTARIUH</strong></span> <span class='ocrx_word' id='word_1_164' title='bbox 1582 200 1913 260; x_wconf 64' lang='lat' dir='ltr'><strong>GALLICAIV</strong></span> 
     </span>
    </p>
   </div>
   <div class='ocr_carea' id='block_1_33' title="bbox 2013 199 3092 263">
    <p class='ocr_par' dir='ltr' id='par_1_33' title="bbox 2013 199 3092 261">
     <span class='ocr_line' id='line_1_33' title="bbox 2013 199 3092 261; baseline 0.001 -3"><span class='ocrx_word' id='word_1_165' title='bbox 2013 202 2046 259; x_wconf 90' lang='lat' dir='ltr'><strong>l.</strong></span> <span class='ocrx_word' id='word_1_166' title='bbox 2078 231 2149 244; x_wconf 94' lang='lat'><strong>—</strong></span> <span class='ocrx_word' id='word_1_167' title='bbox 2175 200 2482 261; x_wconf 81' lang='lat' dir='ltr'><strong>JUDlGlUS</strong></span> <span class='ocrx_word' id='word_1_168' title='bbox 2517 199 3092 261; x_wconf 71' lang='grc' dir='ltr'><strong>ΡΕΕΝΙΤΕΝἹἹΑῙᾸΞ.</strong></span> 
     </span>
    </p>
   </div>
   <div class='ocr_carea' id='block_1_34' title="bbox 1954 319 3629 392">
    <p class='ocr_par' dir='ltr' id='par_1_34' title="bbox 1954 319 3629 392">
     <span class='ocr_line' id='line_1_34' title="bbox 1954 319 3629 392; baseline 0.002 -19"><span class='ocrx_word' id='word_1_169' title='bbox 1954 323 2010 389; x_wconf 66' lang='grc' dir='ltr'>Α</span> <span class='ocrx_word' id='word_1_170' title='bbox 2036 320 2109 374; x_wconf 83' lang='grc' dir='ltr'>ιιιὶ</span> <span class='ocrx_word' id='word_1_171' title='bbox 2140 328 2224 376; x_wconf 90' lang='lat' dir='ltr'><strong>est</strong></span> <span class='ocrx_word' id='word_1_172' title='bbox 2249 319 2390 391; x_wconf 91' lang='lat' dir='ltr'><strong>quod</strong></span> <span class='ocrx_word' id='word_1_173' title='bbox 2418 320 2483 374; x_wconf 90' lang='lat' dir='ltr'><strong>ad</strong></span> <span class='ocrx_word' id='word_1_174' title='bbox 2512 328 2565 376; x_wconf 92' lang='lat' dir='ltr'><strong>te</strong></span> <span class='ocrx_word' id='word_1_175' title='bbox 2594 319 2829 376; x_wconf 80' lang='lat' dir='ltr'><strong>diluculo</strong></span> <span class='ocrx_word' id='word_1_176' title='bbox 2852 320 3154 392; x_wconf 76' lang='lat' dir='ltr'><strong>vigilamus.</strong></span> <span class='ocrx_word' id='word_1_177' title='bbox 3178 321 3328 378; x_wconf 84' lang='lat' dir='ltr'><strong>Dona</strong></span> <span class='ocrx_word' id='word_1_178' title='bbox 3360 321 3629 379; x_wconf 81' lang='lat' dir='ltr'><strong>desidera-</strong></span> 
     </span>
    </p>
   </div>
   <div class='ocr_carea' id='block_1_35' title="bbox 3520 204 3628 264">
    <p class='ocr_par' dir='ltr' id='par_1_35' title="bbox 3520 204 3628 264">
     <span class='ocr_line' id='line_1_35' title="bbox 3520 204 3628 264; baseline -0.046 -1"><span class='ocrx_word' id='word_1_179' title='bbox 3520 204 3628 264; x_wconf 73' lang='grc'><strong>574</strong></span> 
     </span>
    </p>
   </div>
   <div class='ocr_carea' id='block_1_36' title="bbox 2041 410 3628 484">
    <p class='ocr_par' dir='ltr' id='par_1_36' title="bbox 2041 410 3628 484">
     <span class='ocr_line' id='line_1_36' title="bbox 2041 410 3628 484; baseline 0.004 -20"><span class='ocrx_word' id='word_1_180' title='bbox 2041 410 2202 465; x_wconf 87' lang='lat' dir='ltr'><strong>bilem</strong></span> <span class='ocrx_word' id='word_1_181' title='bbox 2246 410 2448 467; x_wconf 88' lang='lat' dir='ltr'><strong>fontem</strong></span> <span class='ocrx_word' id='word_1_182' title='bbox 2480 411 2616 468; x_wconf 89' lang='lat' dir='ltr'><strong>lueis</strong></span> <span class='ocrx_word' id='word_1_183' title='bbox 2644 419 2767 483; x_wconf 86' lang='lat' dir='ltr'><strong>post</strong></span> <span class='ocrx_word' id='word_1_184' title='bbox 2808 413 3058 469; x_wconf 87' lang='lat' dir='ltr'><strong>tenebras</strong></span> <span class='ocrx_word' id='word_1_185' title='bbox 3080 412 3286 481; x_wconf 88' lang='lat' dir='ltr'><strong>noctis;</strong></span> <span class='ocrx_word' id='word_1_186' title='bbox 3318 420 3380 470; x_wconf 92' lang='lat' dir='ltr'><strong>ut</strong></span> <span class='ocrx_word' id='word_1_187' title='bbox 3422 413 3628 484; x_wconf 87' lang='lat' dir='ltr'><strong>perfusi</strong></span> 
     </span>
    </p>
   </div>
   <div class='ocr_carea' id='block_1_37' title="bbox 2034 506 3651 582">
    <p class='ocr_par' dir='ltr' id='par_1_37' title="bbox 2034 506 3651 582">
     <span class='ocr_line' id='line_1_37' title="bbox 2034 506 3651 582; baseline 0.004 -22"><span class='ocrx_word' id='word_1_188' title='bbox 2034 520 2157 561; x_wconf 91' lang='lat' dir='ltr'><strong>rore</strong></span> <span class='ocrx_word' id='word_1_189' title='bbox 2196 506 2435 574; x_wconf 68' lang='lat' dir='ltr'><strong>ctelesti,</strong></span> <span class='ocrx_word' id='word_1_190' title='bbox 2469 515 2579 563; x_wconf 89' lang='lat' dir='ltr'><strong>tota</strong></span> <span class='ocrx_word' id='word_1_191' title='bbox 2624 506 2713 563; x_wconf 91' lang='lat' dir='ltr'><strong>die</strong></span> <span class='ocrx_word' id='word_1_192' title='bbox 2747 506 3041 579; x_wconf 75' lang='lat' dir='ltr'><strong>refrigeriis</strong></span> <span class='ocrx_word' id='word_1_193' title='bbox 3082 508 3493 565; x_wconf 81' lang='lat' dir='ltr'><strong>medicinalibus</strong></span> <span class='ocrx_word' id='word_1_194' title='bbox 3535 509 3651 582; x_wconf 36' lang='lat' dir='ltr'><strong>fo-,</strong></span> 
     </span>
    </p>
   </div>
   <div class='ocr_carea' id='block_1_38' title="bbox 2034 610 2276 653">
    <p class='ocr_par' dir='ltr' id='par_1_38' title="bbox 2034 610 2276 653">
     <span class='ocr_line' id='line_1_38' title="bbox 2034 610 2276 653; baseline 0.004 -1"><span class='ocrx_word' id='word_1_195' title='bbox 2034 610 2276 653; x_wconf 85' lang='lat' dir='ltr'><strong>veamur.</strong></span> 
     </span>
    </p>
   </div>
   <div class='ocr_carea' id='block_1_39' title="bbox 2768 670 2890 721">
    <p class='ocr_par' dir='ltr' id='par_1_39' title="bbox 2768 670 2890 721">
     <span class='ocr_line' id='line_1_39' title="bbox 2768 670 2890 721; baseline 0.008 -1"><span class='ocrx_word' id='word_1_196' title='bbox 2768 670 2890 721; x_wconf 83' lang='lat' dir='ltr'><strong>Alia.</strong></span> 
     </span>
    </p>
   </div>
   <div class='ocr_carea' id='block_1_40' title="bbox 2104 754 3618 830">
    <p class='ocr_par' dir='ltr' id='par_1_40' title="bbox 2104 754 3618 830">
     <span class='ocr_line' id='line_1_40' title="bbox 2104 754 3618 830; baseline 0.004 -21"><span class='ocrx_word' id='word_1_197' title='bbox 2104 754 2469 827; x_wconf 78' lang='lat' dir='ltr'><strong>Exsurgentes</strong></span> <span class='ocrx_word' id='word_1_198' title='bbox 2496 754 2566 813; x_wconf 90' lang='lat' dir='ltr'><strong>de</strong></span> <span class='ocrx_word' id='word_1_199' title='bbox 2584 755 2851 813; x_wconf 87' lang='lat' dir='ltr'><strong>cubilibus</strong></span> <span class='ocrx_word' id='word_1_200' title='bbox 2874 757 3096 828; x_wconf 84' lang='lat' dir='ltr'><strong>nostris,</strong></span> <span class='ocrx_word' id='word_1_201' title='bbox 3124 758 3384 815; x_wconf 82' lang='lat' dir='ltr'><strong>auxilium</strong></span> <span class='ocrx_word' id='word_1_202' title='bbox 3429 759 3618 830; x_wconf 65' lang='lat' dir='ltr'><strong>gratia</strong></span> 
     </span>
    </p>
   </div>
   <div class='ocr_carea' id='block_1_41' title="bbox 2031 847 3626 919">
    <p class='ocr_par' dir='ltr' id='par_1_41' title="bbox 2031 847 3626 919">
     <span class='ocr_line' id='line_1_41' title="bbox 2031 847 3626 919; baseline 0.004 -18"><span class='ocrx_word' id='word_1_203' title='bbox 2031 855 2139 903; x_wconf 71' lang='lat' dir='ltr'><strong>tute</strong></span> <span class='ocrx_word' id='word_1_204' title='bbox 2165 847 2439 902; x_wconf 85' lang='lat' dir='ltr'><strong>matutinis</strong></span> <span class='ocrx_word' id='word_1_205' title='bbox 2468 848 2716 918; x_wconf 90' lang='lat' dir='ltr'><strong>precibus</strong></span> <span class='ocrx_word' id='word_1_206' title='bbox 2743 849 3125 919; x_wconf 88' lang='lat' dir='ltr'><strong>imploramus;</strong></span> <span class='ocrx_word' id='word_1_207' title='bbox 3156 860 3212 905; x_wconf 93' lang='lat' dir='ltr'><strong>ut</strong></span> <span class='ocrx_word' id='word_1_208' title='bbox 3251 850 3512 907; x_wconf 83' lang='lat' dir='ltr'><strong>discussis</strong></span> <span class='ocrx_word' id='word_1_209' title='bbox 3540 857 3626 907; x_wconf 85' lang='lat' dir='ltr'><strong>te-</strong></span> 
     </span>
    </p>
   </div>
   <div class='ocr_carea' id='block_1_42' title="bbox 2029 936 3622 1004">
    <p class='ocr_par' dir='ltr' id='par_1_42' title="bbox 2029 936 3622 1004">
     <span class='ocr_line' id='line_1_42' title="bbox 2029 936 3622 1004; baseline 0.004 -12"><span class='ocrx_word' id='word_1_210' title='bbox 2029 936 2214 994; x_wconf 86' lang='lat' dir='ltr'><strong>nebris</strong></span> <span class='ocrx_word' id='word_1_211' title='bbox 2230 938 2502 1004; x_wconf 85' lang='lat' dir='ltr'><strong>vitiorum,</strong></span> <span class='ocrx_word' id='word_1_212' title='bbox 2516 939 2792 995; x_wconf 90' lang='lat' dir='ltr'><strong>ambolare</strong></span> <span class='ocrx_word' id='word_1_213' title='bbox 2807 954 3108 996; x_wconf 90' lang='lat' dir='ltr'><strong>mereamur</strong></span> <span class='ocrx_word' id='word_1_214' title='bbox 3120 940 3174 997; x_wconf 91' lang='lat' dir='ltr'><strong>in</strong></span> <span class='ocrx_word' id='word_1_215' title='bbox 3199 940 3321 997; x_wconf 90' lang='lat' dir='ltr'><strong>luce</strong></span> <span class='ocrx_word' id='word_1_216' title='bbox 3338 942 3622 999; x_wconf 82' lang='lat' dir='ltr'><strong>virtutum.</strong></span> 
     </span>
    </p>
   </div>
   <div class='ocr_carea' id='block_1_43' title="bbox 2166 1031 2886 1085">
    <p class='ocr_par' dir='ltr' id='par_1_43' title="bbox 2166 1031 2886 1085">
     <span class='ocr_line' id='line_1_43' title="bbox 2166 1031 2886 1085; baseline -0.013 8"><span class='ocrx_word' id='word_1_217' title='bbox 2166 1031 2173 1038; x_wconf 77' lang='grc'><em>’</em></span> <span class='ocrx_word' id='word_1_218' title='bbox 2758 1033 2886 1085; x_wconf 79' lang='lat' dir='ltr'><strong>Alia.</strong></span> 
     </span>
    </p>
   </div>
   <div class='ocr_carea' id='block_1_44' title="bbox 2102 1136 3617 1210">
    <p class='ocr_par' dir='ltr' id='par_1_44' title="bbox 2102 1136 3617 1210">
     <span class='ocr_line' id='line_1_44' title="bbox 2102 1136 3617 1210; baseline -0.002 -14"><span class='ocrx_word' id='word_1_219' title='bbox 2102 1140 2358 1196; x_wconf 83' lang='lat' dir='ltr'><strong>Matutina</strong></span> <span class='ocrx_word' id='word_1_220' title='bbox 2392 1139 2694 1210; x_wconf 88' lang='lat' dir='ltr'><strong>supplicum</strong></span> <span class='ocrx_word' id='word_1_221' title='bbox 2736 1148 2891 1207; x_wconf 87' lang='lat' dir='ltr'><strong>vota,</strong></span> <span class='ocrx_word' id='word_1_222' title='bbox 2925 1138 3171 1204; x_wconf 90' lang='lat' dir='ltr'><strong>Domine,</strong></span> <span class='ocrx_word' id='word_1_223' title='bbox 3218 1136 3486 1209; x_wconf 88' lang='lat' dir='ltr'><strong>propitius</strong></span> <span class='ocrx_word' id='word_1_224' title='bbox 3529 1138 3617 1193; x_wconf 82' lang='lat' dir='ltr'><strong>in-</strong></span> 
     </span>
    </p>
   </div>
   <div class='ocr_carea' id='block_1_45' title="bbox 2027 1227 3617 1299">
    <p class='ocr_par' dir='ltr' id='par_1_45' title="bbox 2027 1227 3617 1299">
     <span class='ocr_line' id='line_1_45' title="bbox 2027 1227 3617 1299; baseline -0.003 -12"><span class='ocrx_word' id='word_1_225' title='bbox 2027 1239 2203 1299; x_wconf 88' lang='lat' dir='ltr'><strong>tuere,</strong></span> <span class='ocrx_word' id='word_1_226' title='bbox 2234 1242 2291 1288; x_wconf 91' lang='lat' dir='ltr'><strong>et</strong></span> <span class='ocrx_word' id='word_1_227' title='bbox 2318 1233 2527 1288; x_wconf 86' lang='lat' dir='ltr'><strong>occulta</strong></span> <span class='ocrx_word' id='word_1_228' title='bbox 2549 1232 2731 1287; x_wconf 89' lang='lat' dir='ltr'><strong>cordis</strong></span> <span class='ocrx_word' id='word_1_229' title='bbox 2759 1231 2929 1286; x_wconf 86' lang='lat' dir='ltr'><strong>nostri</strong></span> <span class='ocrx_word' id='word_1_230' title='bbox 2959 1230 3203 1286; x_wconf 89' lang='lat' dir='ltr'><strong>remedio</strong></span> <span class='ocrx_word' id='word_1_231' title='bbox 3230 1237 3337 1286; x_wconf 63' lang='lat' dir='ltr'><strong>tuae</strong></span> <span class='ocrx_word' id='word_1_232' title='bbox 3377 1227 3617 1284; x_wconf 86' lang='lat' dir='ltr'><strong>elarilica</strong></span> 
     </span>
    </p>
   </div>
   <div class='ocr_carea' id='block_1_46' title="bbox 2025 1318 3619 1398">
    <p class='ocr_par' dir='ltr' id='par_1_46' title="bbox 2025 1318 3619 1398">
     <span class='ocr_line' id='line_1_46' title="bbox 2025 1318 3619 1398; baseline -0.006 -15"><span class='ocrx_word' id='word_1_233' title='bbox 2025 1326 2276 1398; x_wconf 87' lang='lat' dir='ltr'><strong>pietatis;</strong></span> <span class='ocrx_word' id='word_1_234' title='bbox 2305 1334 2361 1380; x_wconf 93' lang='lat' dir='ltr'><strong>ut</strong></span> <span class='ocrx_word' id='word_1_235' title='bbox 2383 1325 2653 1380; x_wconf 84' lang='lat' dir='ltr'><strong>desideria</strong></span> <span class='ocrx_word' id='word_1_236' title='bbox 2679 1326 2961 1379; x_wconf 85' lang='lat' dir='ltr'><strong>tenebrosa</strong></span> <span class='ocrx_word' id='word_1_237' title='bbox 2984 1337 3090 1380; x_wconf 93' lang='lat' dir='ltr'><strong>non</strong></span> <span class='ocrx_word' id='word_1_238' title='bbox 3111 1328 3349 1388; x_wconf 85' lang='lat' dir='ltr'><strong>teneant,</strong></span> <span class='ocrx_word' id='word_1_239' title='bbox 3372 1333 3507 1391; x_wconf 89' lang='lat' dir='ltr'><strong>quos</strong></span> <span class='ocrx_word' id='word_1_240' title='bbox 3527 1318 3619 1374; x_wconf 81' lang='lat' dir='ltr'><strong>lux</strong></span> 
     </span>
    </p>
   </div>
   <div class='ocr_carea' id='block_1_47' title="bbox 2029 1418 2946 1492">
    <p class='ocr_par' dir='ltr' id='par_1_47' title="bbox 2029 1418 2946 1492">
     <span class='ocr_line' id='line_1_47' title="bbox 2029 1418 2946 1492; baseline -0.005 -15"><span class='ocrx_word' id='word_1_241' title='bbox 2029 1422 2261 1477; x_wconf 65' lang='lat' dir='ltr'><strong>emlestis</strong></span> <span class='ocrx_word' id='word_1_242' title='bbox 2288 1421 2472 1492; x_wconf 71' lang='lat' dir='ltr'><strong>gratiae</strong></span> <span class='ocrx_word' id='word_1_243' title='bbox 2499 1418 2789 1488; x_wconf 83' lang='lat' dir='ltr'><strong>reparavit.</strong></span> <span class='ocrx_word' id='word_1_244' title='bbox 2820 1418 2946 1474; x_wconf 86' lang='lat' dir='ltr'><strong>Per.</strong></span> 
     </span>
    </p>
   </div>
   <div class='ocr_carea' id='block_1_48' title="bbox 2763 1510 2887 1562">
    <p class='ocr_par' dir='ltr' id='par_1_48' title="bbox 2763 1510 2887 1562">
     <span class='ocr_line' id='line_1_48' title="bbox 2763 1510 2887 1562; baseline 0 -1"><span class='ocrx_word' id='word_1_245' title='bbox 2763 1510 2887 1562; x_wconf 75' lang='lat' dir='ltr'><strong>Alta.</strong></span> 
     </span>
    </p>
   </div>
   <div class='ocr_carea' id='block_1_49' title="bbox 2093 1591 3613 1662">
    <p class='ocr_par' dir='ltr' id='par_1_49' title="bbox 2093 1591 3613 1662">
     <span class='ocr_line' id='line_1_49' title="bbox 2093 1591 3613 1662; baseline -0.004 -9"><span class='ocrx_word' id='word_1_246' title='bbox 2093 1596 2171 1653; x_wconf 82' lang='lat' dir='ltr'><strong>Te</strong></span> <span class='ocrx_word' id='word_1_247' title='bbox 2193 1598 2366 1655; x_wconf 88' lang='lat' dir='ltr'><strong>lucem</strong></span> <span class='ocrx_word' id='word_1_248' title='bbox 2389 1612 2571 1655; x_wconf 88' lang='lat' dir='ltr'><strong>veram</strong></span> <span class='ocrx_word' id='word_1_249' title='bbox 2593 1607 2649 1654; x_wconf 88' lang='lat' dir='ltr'><strong>et</strong></span> <span class='ocrx_word' id='word_1_250' title='bbox 2671 1597 2806 1652; x_wconf 89' lang='lat' dir='ltr'><strong>lucis</strong></span> <span class='ocrx_word' id='word_1_251' title='bbox 2826 1604 3123 1662; x_wconf 84' lang='lat' dir='ltr'><strong>auctorem,</strong></span> <span class='ocrx_word' id='word_1_252' title='bbox 3146 1593 3395 1659; x_wconf 87' lang='lat' dir='ltr'><strong>Domine,</strong></span> <span class='ocrx_word' id='word_1_253' title='bbox 3417 1591 3613 1662; x_wconf 86' lang='lat' dir='ltr'><strong>depre-</strong></span> 
     </span>
    </p>
   </div>
   <div class='ocr_carea' id='block_1_50' title="bbox 1947 1686 3610 1778">
    <p class='ocr_par' dir='ltr' id='par_1_50' title="bbox 1947 1686 3610 1778">
     <span class='ocr_line' id='line_1_50' title="bbox 1947 1686 3610 1778; baseline -0.004 -31"><span class='ocrx_word' id='word_1_254' title='bbox 1947 1700 2246 1778; x_wconf 76' lang='lat' dir='ltr'><strong>B&#39;eamur;</strong></span> <span class='ocrx_word' id='word_1_255' title='bbox 2278 1700 2336 1747; x_wconf 91' lang='lat' dir='ltr'><strong>ut</strong></span> <span class='ocrx_word' id='word_1_256' title='bbox 2374 1692 2610 1763; x_wconf 72' lang='lat' dir='ltr'><strong>digneris</strong></span> <span class='ocrx_word' id='word_1_257' title='bbox 2640 1690 2795 1746; x_wconf 82' lang='lat' dir='ltr'><strong>nobis</strong></span> <span class='ocrx_word' id='word_1_258' title='bbox 2826 1689 3076 1745; x_wconf 82' lang='lat' dir='ltr'><strong>tenebras</strong></span> <span class='ocrx_word' id='word_1_259' title='bbox 3113 1686 3380 1756; x_wconf 88' lang='lat' dir='ltr'><strong>repellere</strong></span> <span class='ocrx_word' id='word_1_260' title='bbox 3417 1697 3610 1757; x_wconf 83' lang='lat' dir='ltr'><strong>pecca-</strong></span> 
     </span>
    </p>
   </div>
   <div class='ocr_carea' id='block_1_51' title="bbox 2025 1780 3219 1852">
    <p class='ocr_par' dir='ltr' id='par_1_51' title="bbox 2025 1780 3219 1852">
     <span class='ocr_line' id='line_1_51' title="bbox 2025 1780 3219 1852; baseline -0.006 -12"><span class='ocrx_word' id='word_1_261' title='bbox 2025 1792 2227 1852; x_wconf 88' lang='lat' dir='ltr'><strong>torum,</strong></span> <span class='ocrx_word' id='word_1_262' title='bbox 2253 1791 2309 1841; x_wconf 89' lang='lat' dir='ltr'><strong>et</strong></span> <span class='ocrx_word' id='word_1_263' title='bbox 2344 1784 2645 1839; x_wconf 79' lang='lat' dir='ltr'><strong>clarificare</strong></span> <span class='ocrx_word' id='word_1_264' title='bbox 2669 1797 2768 1838; x_wconf 88' lang='lat' dir='ltr'><strong>nos</strong></span> <span class='ocrx_word' id='word_1_265' title='bbox 2800 1782 2919 1837; x_wconf 90' lang='lat' dir='ltr'><strong>luce</strong></span> <span class='ocrx_word' id='word_1_266' title='bbox 2941 1780 3219 1835; x_wconf 91' lang='lat' dir='ltr'><strong>virtutum.</strong></span> 
     </span>
    </p>
   </div>
   <div class='ocr_carea' id='block_1_52' title="bbox 2562 1909 3088 1953">
    <p class='ocr_par' dir='ltr' id='par_1_52' title="bbox 2562 1909 3088 1953">
     <span class='ocr_line' id='line_1_52' title="bbox 2562 1909 3088 1953; baseline -0.006 -1"><span class='ocrx_word' id='word_1_267' title='bbox 2562 1911 2901 1953; x_wconf 74' lang='grc' dir='ltr'>εχοιιοιειιιιιι</span> <span class='ocrx_word' id='word_1_268' title='bbox 2944 1909 3088 1950; x_wconf 71' lang='grc' dir='ltr'>οιιει.</span> 
     </span>
    </p>
   </div>
   <div class='ocr_carea' id='block_1_53' title="bbox 2095 2010 3615 2088">
    <p class='ocr_par' dir='ltr' id='par_1_53' title="bbox 2095 2010 3615 2088">
     <span class='ocr_line' id='line_1_53' title="bbox 2095 2010 3615 2088; baseline -0.007 -15"><span class='ocrx_word' id='word_1_269' title='bbox 2095 2016 2364 2077; x_wconf 74' lang='lat' dir='ltr'><strong>Exorcizo</strong></span> <span class='ocrx_word' id='word_1_270' title='bbox 2413 2026 2502 2083; x_wconf 89' lang='lat' dir='ltr'><strong>te,</strong></span> <span class='ocrx_word' id='word_1_271' title='bbox 2550 2017 2772 2088; x_wconf 87' lang='lat' dir='ltr'><strong>spiritus</strong></span> <span class='ocrx_word' id='word_1_272' title='bbox 2812 2013 3255 2080; x_wconf 87' lang='lat' dir='ltr'><strong>inmundissime,</strong></span> <span class='ocrx_word' id='word_1_273' title='bbox 3310 2026 3403 2080; x_wconf 91' lang='lat' dir='ltr'><strong>per</strong></span> <span class='ocrx_word' id='word_1_274' title='bbox 3447 2010 3615 2065; x_wconf 91' lang='lat' dir='ltr'><strong>Deum</strong></span> 
     </span>
    </p>
   </div>
   <div class='ocr_carea' id='block_1_54' title="bbox 2020 2103 3613 2182">
    <p class='ocr_par' dir='ltr' id='par_1_54' title="bbox 2020 2103 3613 2182">
     <span class='ocr_line' id='line_1_54' title="bbox 2020 2103 3613 2182; baseline -0.004 -16"><span class='ocrx_word' id='word_1_275' title='bbox 2020 2109 2235 2167; x_wconf 86' lang='lat' dir='ltr'><strong>Patrem</strong></span> <span class='ocrx_word' id='word_1_276' title='bbox 2256 2112 2680 2182; x_wconf 88' lang='lat' dir='ltr'><strong>omnipotentem</strong></span> <span class='ocrx_word' id='word_1_277' title='bbox 2705 2120 2758 2169; x_wconf 91' lang='lat' dir='ltr'><strong>et</strong></span> <span class='ocrx_word' id='word_1_278' title='bbox 2776 2110 2959 2167; x_wconf 85' lang='lat' dir='ltr'><strong>Jesum</strong></span> <span class='ocrx_word' id='word_1_279' title='bbox 2972 2110 3248 2164; x_wconf 87' lang='lat' dir='ltr'><strong>Christum</strong></span> <span class='ocrx_word' id='word_1_280' title='bbox 3275 2107 3471 2163; x_wconf 86' lang='lat' dir='ltr'><strong>Filium</strong></span> <span class='ocrx_word' id='word_1_281' title='bbox 3495 2103 3613 2177; x_wconf 83' lang='lat' dir='ltr'><strong>ejus</strong></span> 
     </span>
    </p>
   </div>
   <div class='ocr_carea' id='block_1_55' title="bbox 2020 2199 3611 2266">
    <p class='ocr_par' dir='ltr' id='par_1_55' title="bbox 2020 2199 3611 2266">
     <span class='ocr_line' id='line_1_55' title="bbox 2020 2199 3611 2266; baseline -0.005 -8"><span class='ocrx_word' id='word_1_282' title='bbox 2020 2203 2308 2260; x_wconf 89' lang='lat' dir='ltr'><strong>Dominum</strong></span> <span class='ocrx_word' id='word_1_283' title='bbox 2338 2214 2610 2266; x_wconf 88' lang='lat' dir='ltr'><strong>nostrum;</strong></span> <span class='ocrx_word' id='word_1_284' title='bbox 2644 2212 2702 2260; x_wconf 93' lang='lat' dir='ltr'><strong>ut</strong></span> <span class='ocrx_word' id='word_1_285' title='bbox 2727 2202 2903 2259; x_wconf 91' lang='lat' dir='ltr'><strong>omnis</strong></span> <span class='ocrx_word' id='word_1_286' title='bbox 2927 2204 3098 2259; x_wconf 90' lang='lat' dir='ltr'><strong>virtus</strong></span> <span class='ocrx_word' id='word_1_287' title='bbox 3137 2199 3428 2257; x_wconf 87' lang='lat' dir='ltr'><strong>adversarii</strong></span> <span class='ocrx_word' id='word_1_288' title='bbox 3453 2239 3468 2262; x_wconf 94' lang='lat'><strong>,</strong></span> <span class='ocrx_word' id='word_1_289' title='bbox 3495 2212 3611 2251; x_wconf 84' lang='lat' dir='ltr'><strong>om-</strong></span> 
     </span>
    </p>
   </div>
   <div class='ocr_carea' id='block_1_56' title="bbox 2019 2289 3613 2371">
    <p class='ocr_par' dir='ltr' id='par_1_56' title="bbox 2019 2289 3613 2371">
     <span class='ocr_line' id='line_1_56' title="bbox 2019 2289 3613 2371; baseline -0.008 -18"><span class='ocrx_word' id='word_1_290' title='bbox 2019 2313 2117 2354; x_wconf 87' lang='lat' dir='ltr'><strong>nes</strong></span> <span class='ocrx_word' id='word_1_291' title='bbox 2139 2299 2406 2371; x_wconf 79' lang='lat' dir='ltr'><strong>exercitus</strong></span> <span class='ocrx_word' id='word_1_292' title='bbox 2436 2297 2668 2363; x_wconf 89' lang='lat' dir='ltr'><strong>diaboli,</strong></span> <span class='ocrx_word' id='word_1_293' title='bbox 2695 2310 2855 2351; x_wconf 89' lang='lat' dir='ltr'><strong>omne</strong></span> <span class='ocrx_word' id='word_1_294' title='bbox 2894 2296 3209 2365; x_wconf 88' lang='lat' dir='ltr'><strong>phantasma</strong></span> <span class='ocrx_word' id='word_1_295' title='bbox 3237 2289 3536 2346; x_wconf 90' lang='lat' dir='ltr'><strong>eradicetur</strong></span> <span class='ocrx_word' id='word_1_296' title='bbox 3558 2293 3613 2341; x_wconf 89' lang='lat' dir='ltr'><strong>et</strong></span> 
     </span>
    </p>
   </div>
   <div class='ocr_carea' id='block_1_57' title="bbox 2026 2382 3611 2460">
    <p class='ocr_par' dir='ltr' id='par_1_57' title="bbox 2026 2382 3611 2460">
     <span class='ocr_line' id='line_1_57' title="bbox 2026 2382 3611 2460; baseline -0.007 -12"><span class='ocrx_word' id='word_1_297' title='bbox 2026 2391 2239 2460; x_wconf 79' lang='lat' dir='ltr'><strong>effugiat</strong></span> <span class='ocrx_word' id='word_1_298' title='bbox 2265 2391 2332 2444; x_wconf 91' lang='lat' dir='ltr'><strong>ab</strong></span> <span class='ocrx_word' id='word_1_299' title='bbox 2374 2390 2475 2445; x_wconf 90' lang='lat' dir='ltr'><strong>hae</strong></span> <span class='ocrx_word' id='word_1_300' title='bbox 2516 2400 2761 2445; x_wconf 88' lang='lat' dir='ltr'><strong>creatura</strong></span> <span class='ocrx_word' id='word_1_301' title='bbox 2791 2388 2929 2455; x_wconf 88' lang='lat' dir='ltr'><strong>olei;</strong></span> <span class='ocrx_word' id='word_1_302' title='bbox 2958 2397 3015 2443; x_wconf 92' lang='lat' dir='ltr'><strong>et</strong></span> <span class='ocrx_word' id='word_1_303' title='bbox 3044 2387 3118 2442; x_wconf 90' lang='lat' dir='ltr'><strong>sit</strong></span> <span class='ocrx_word' id='word_1_304' title='bbox 3145 2385 3235 2452; x_wconf 93' lang='lat' dir='ltr'><strong>ei,</strong></span> <span class='ocrx_word' id='word_1_305' title='bbox 3262 2385 3351 2456; x_wconf 87' lang='lat' dir='ltr'><strong>qui</strong></span> <span class='ocrx_word' id='word_1_306' title='bbox 3396 2398 3465 2438; x_wconf 87' lang='lat' dir='ltr'><strong>ex</strong></span> <span class='ocrx_word' id='word_1_307' title='bbox 3509 2382 3611 2437; x_wconf 86' lang='lat' dir='ltr'><strong>hac</strong></span> 
     </span>
    </p>
   </div>
   <div class='ocr_carea' id='block_1_58' title="bbox 2016 2464 3609 2553">
    <p class='ocr_par' dir='ltr' id='par_1_58' title="bbox 2016 2464 3609 2553">
     <span class='ocr_line' id='line_1_58' title="bbox 2016 2464 3609 2553; baseline -0.006 -16"><span class='ocrx_word' id='word_1_308' title='bbox 2016 2492 2271 2539; x_wconf 85' lang='lat' dir='ltr'><strong>creatura</strong></span> <span class='ocrx_word' id='word_1_309' title='bbox 2315 2483 2421 2539; x_wconf 91' lang='lat' dir='ltr'><strong>olei</strong></span> <span class='ocrx_word' id='word_1_310' title='bbox 2466 2482 2829 2553; x_wconf 84' lang='lat' dir='ltr'><strong>contingitur,</strong></span> <span class='ocrx_word' id='word_1_311' title='bbox 2881 2464 3206 2550; x_wconf 85' lang='lat' dir='ltr'><strong>ubicumque</strong></span> <span class='ocrx_word' id='word_1_312' title='bbox 3253 2476 3307 2531; x_wconf 89' lang='lat' dir='ltr'><strong>in</strong></span> <span class='ocrx_word' id='word_1_313' title='bbox 3351 2473 3609 2530; x_wconf 87' lang='lat' dir='ltr'><strong>membris</strong></span> 
     </span>
    </p>
   </div>
   <div class='ocr_carea' id='block_1_59' title="bbox 2017 2568 3617 2654">
    <p class='ocr_par' dir='ltr' id='par_1_59' title="bbox 2017 2568 3617 2654">
     <span class='ocr_line' id='line_1_59' title="bbox 2017 2568 3617 2654; baseline -0.006 -23"><span class='ocrx_word' id='word_1_314' title='bbox 2017 2576 2162 2654; x_wconf 84' lang='lat' dir='ltr'><strong>illius</strong></span> <span class='ocrx_word' id='word_1_315' title='bbox 2181 2576 2538 2647; x_wconf 79' lang='lat' dir='ltr'><strong>tetigerit,vel</strong></span> <span class='ocrx_word' id='word_1_316' title='bbox 2557 2576 2809 2647; x_wconf 82' lang='lat' dir='ltr'><strong>perfusus</strong></span> <span class='ocrx_word' id='word_1_317' title='bbox 2835 2572 3013 2640; x_wconf 85' lang='lat' dir='ltr'><strong>fuerit,</strong></span> <span class='ocrx_word' id='word_1_318' title='bbox 3040 2571 3266 2627; x_wconf 90' lang='lat' dir='ltr'><strong>Domino</strong></span> <span class='ocrx_word' id='word_1_319' title='bbox 3291 2568 3617 2645; x_wconf 80' lang='lat' dir='ltr'><strong>auxiliante,-</strong></span> 
     </span>
    </p>
   </div>
   <div class='ocr_carea' id='block_1_60' title="bbox 2015 2662 3610 2739">
    <p class='ocr_par' dir='ltr' id='par_1_60' title="bbox 2015 2662 3610 2739">
     <span class='ocr_line' id='line_1_60' title="bbox 2015 2662 3610 2739; baseline -0.004 -14"><span class='ocrx_word' id='word_1_320' title='bbox 2015 2668 2448 2726; x_wconf 88' lang='lat' dir='ltr'><strong>benedictionem</strong></span> <span class='ocrx_word' id='word_1_321' title='bbox 2475 2668 2755 2739; x_wconf 85' lang='lat' dir='ltr'><strong>percipiat,</strong></span> <span class='ocrx_word' id='word_1_322' title='bbox 2783 2677 2838 2724; x_wconf 92' lang='lat' dir='ltr'><strong>et</strong></span> <span class='ocrx_word' id='word_1_323' title='bbox 2859 2668 3020 2722; x_wconf 89' lang='lat' dir='ltr'><strong>vitam</strong></span> <span class='ocrx_word' id='word_1_324' title='bbox 3043 2676 3301 2723; x_wconf 69' lang='lat' dir='ltr'><strong>aeternam</strong></span> <span class='ocrx_word' id='word_1_325' title='bbox 3332 2662 3610 2735; x_wconf 88' lang='lat' dir='ltr'><strong>percipere</strong></span> 
     </span>
    </p>
   </div>
   <div class='ocr_carea' id='block_1_61' title="bbox 2015 2774 2342 2817">
    <p class='ocr_par' dir='ltr' id='par_1_61' title="bbox 2015 2774 2342 2817">
     <span class='ocr_line' id='line_1_61' title="bbox 2015 2774 2342 2817; baseline -0.003 0"><span class='ocrx_word' id='word_1_326' title='bbox 2015 2774 2342 2817; x_wconf 82' lang='lat' dir='ltr'><strong>mereamur.</strong></span> 
     </span>
    </p>
   </div>
   <div class='ocr_carea' id='block_1_62' title="bbox 2594 2829 3035 2883">
    <p class='ocr_par' dir='ltr' id='par_1_62' title="bbox 2594 2829 3035 2883">
     <span class='ocr_line' id='line_1_62' title="bbox 2594 2829 3035 2883; baseline -0.005 -1"><span class='ocrx_word' id='word_1_327' title='bbox 2594 2830 2884 2883; x_wconf 85' lang='lat' dir='ltr'><strong>Benedictio</strong></span> <span class='ocrx_word' id='word_1_328' title='bbox 2918 2829 3035 2881; x_wconf 88' lang='lat' dir='ltr'><strong>olei.</strong></span> 
     </span>
    </p>
   </div>
   <div class='ocr_carea' id='block_1_63' title="bbox 2087 2926 3609 3007">
    <p class='ocr_par' dir='ltr' id='par_1_63' title="bbox 2087 2926 3609 3007">
     <span class='ocr_line' id='line_1_63' title="bbox 2087 2926 3609 3007; baseline -0.003 -17"><span class='ocrx_word' id='word_1_329' title='bbox 2087 2935 2202 2991; x_wconf 81' lang='lat' dir='ltr'><strong>Rex</strong></span> <span class='ocrx_word' id='word_1_330' title='bbox 2230 2935 2413 3007; x_wconf 76' lang='lat' dir='ltr'><strong>gloriae</strong></span> <span class='ocrx_word' id='word_1_331' title='bbox 2442 2932 2738 3005; x_wconf 89' lang='lat' dir='ltr'><strong>majestatis</strong></span> <span class='ocrx_word' id='word_1_332' title='bbox 2762 2942 2889 3001; x_wconf 84' lang='lat' dir='ltr'><strong>tuae,</strong></span> <span class='ocrx_word' id='word_1_333' title='bbox 2937 2933 3161 2990; x_wconf 89' lang='lat' dir='ltr'><strong>Domine</strong></span> <span class='ocrx_word' id='word_1_334' title='bbox 3192 2931 3353 2998; x_wconf 91' lang='lat' dir='ltr'><strong>Deus,</strong></span> <span class='ocrx_word' id='word_1_335' title='bbox 3380 2926 3609 2986; x_wconf 89' lang='lat' dir='ltr'><strong>benedic</strong></span> 
     </span>
    </p>
   </div>
   <div class='ocr_carea' id='block_1_64' title="bbox 2014 3022 3608 3095">
    <p class='ocr_par' dir='ltr' id='par_1_64' title="bbox 2014 3022 3608 3095">
     <span class='ocr_line' id='line_1_64' title="bbox 2014 3022 3608 3095; baseline -0.004 -12"><span class='ocrx_word' id='word_1_336' title='bbox 2014 3027 2153 3083; x_wconf 87' lang='lat' dir='ltr'><strong>hanc</strong></span> <span class='ocrx_word' id='word_1_337' title='bbox 2167 3037 2470 3084; x_wconf 87' lang='lat' dir='ltr'><strong>creaturam</strong></span> <span class='ocrx_word' id='word_1_338' title='bbox 2486 3028 2611 3095; x_wconf 93' lang='lat' dir='ltr'><strong>olei,</strong></span> <span class='ocrx_word' id='word_1_339' title='bbox 2634 3036 2689 3084; x_wconf 92' lang='lat' dir='ltr'><strong>et</strong></span> <span class='ocrx_word' id='word_1_340' title='bbox 2712 3028 2989 3083; x_wconf 86' lang='lat' dir='ltr'><strong>sanetifica</strong></span> <span class='ocrx_word' id='word_1_341' title='bbox 3016 3041 3156 3081; x_wconf 89' lang='lat' dir='ltr'><strong>eam.</strong></span> <span class='ocrx_word' id='word_1_342' title='bbox 3174 3024 3395 3081; x_wconf 86' lang='lat' dir='ltr'><strong>infunde</strong></span> <span class='ocrx_word' id='word_1_343' title='bbox 3417 3022 3563 3077; x_wconf 90' lang='lat' dir='ltr'><strong>illam</strong></span> <span class='ocrx_word' id='word_1_344' title='bbox 3578 3036 3608 3076; x_wconf 92' lang='lat' dir='ltr'><strong>a</strong></span> 
     </span>
    </p>
   </div>
   <div class='ocr_carea' id='block_1_65' title="bbox 315 3107 3608 3199">
    <p class='ocr_par' dir='ltr' id='par_1_65' title="bbox 315 3107 3608 3199">
     <span class='ocr_line' id='line_1_65' title="bbox 315 3107 3608 3199; baseline -0.005 -14"><span class='ocrx_word' id='word_1_345' title='bbox 315 3107 385 3186; x_wconf 73' lang='lat' dir='ltr'><strong>ad</strong></span> <span class='ocrx_word' id='word_1_346' title='bbox 426 3132 716 3186; x_wconf 87' lang='lat' dir='ltr'><strong>matutinas</strong></span> <span class='ocrx_word' id='word_1_347' title='bbox 765 3130 922 3186; x_wconf 84' lang='lat' dir='ltr'><strong>horas</strong></span> <span class='ocrx_word' id='word_1_348' title='bbox 956 3107 1249 3196; x_wconf 84' lang='lat' dir='ltr'><strong>perducere</strong></span> <span class='ocrx_word' id='word_1_349' title='bbox 1283 3129 1533 3199; x_wconf 80' lang='lat' dir='ltr'><strong>dignatus</strong></span> <span class='ocrx_word' id='word_1_350' title='bbox 1576 3144 1636 3183; x_wconf 89' lang='lat' dir='ltr'><strong>es</strong></span> <span class='ocrx_word' id='word_1_351' title='bbox 1660 3146 1671 3181; x_wconf 91' lang='lat'>:</span> <span class='ocrx_word' id='word_1_352' title='bbox 1698 3143 1909 3198; x_wconf 85' lang='lat' dir='ltr'><strong>quaesu-</strong></span> <span class='ocrx_word' id='word_1_353' title='bbox 1937 3107 1987 3174; x_wconf 63' lang='grc' dir='ltr'><strong>(ἶ</strong></span> <span class='ocrx_word' id='word_1_354' title='bbox 2028 3139 2150 3181; x_wconf 90' lang='lat' dir='ltr'><strong>rore</strong></span> <span class='ocrx_word' id='word_1_355' title='bbox 2181 3124 2383 3179; x_wconf 59' lang='lat' dir='ltr'><strong>caelesti</strong></span> <span class='ocrx_word' id='word_1_356' title='bbox 2413 3124 2603 3195; x_wconf 90' lang='lat' dir='ltr'><strong>spiritu</strong></span> <span class='ocrx_word' id='word_1_357' title='bbox 2631 3122 2964 3184; x_wconf 86' lang='lat' dir='ltr'><strong>sanctitatis;</strong></span> <span class='ocrx_word' id='word_1_358' title='bbox 2995 3130 3053 3175; x_wconf 90' lang='lat' dir='ltr'><strong>ut</strong></span> <span class='ocrx_word' id='word_1_359' title='bbox 3077 3120 3461 3189; x_wconf 86' lang='lat' dir='ltr'><strong>cujuscumque</strong></span> <span class='ocrx_word' id='word_1_360' title='bbox 3485 3130 3608 3170; x_wconf 71' lang='lat' dir='ltr'><strong>cor-</strong></span> 
     </span>
    </p>
   </div>
   <div class='ocr_carea' id='block_1_66' title="bbox 313 3222 1931 3292">
    <p class='ocr_par' dir='ltr' id='par_1_66' title="bbox 313 3222 1931 3292">
     <span class='ocr_line' id='line_1_66' title="bbox 313 3222 1931 3292; baseline -0.001 -11"><span class='ocrx_word' id='word_1_361' title='bbox 313 3236 459 3289; x_wconf 82' lang='lat' dir='ltr'><strong>mus,</strong></span> <span class='ocrx_word' id='word_1_362' title='bbox 486 3232 543 3278; x_wconf 91' lang='lat' dir='ltr'><strong>ut</strong></span> <span class='ocrx_word' id='word_1_363' title='bbox 568 3225 735 3278; x_wconf 90' lang='lat' dir='ltr'><strong>dones</strong></span> <span class='ocrx_word' id='word_1_364' title='bbox 761 3224 915 3277; x_wconf 91' lang='lat' dir='ltr'><strong>nobis</strong></span> <span class='ocrx_word' id='word_1_365' title='bbox 943 3224 1083 3277; x_wconf 89' lang='lat' dir='ltr'><strong>diem</strong></span> <span class='ocrx_word' id='word_1_366' title='bbox 1110 3222 1247 3277; x_wconf 89' lang='lat' dir='ltr'><strong>hanc</strong></span> <span class='ocrx_word' id='word_1_367' title='bbox 1271 3223 1387 3278; x_wconf 90' lang='lat' dir='ltr'><strong>sine</strong></span> <span class='ocrx_word' id='word_1_368' title='bbox 1410 3230 1629 3292; x_wconf 79' lang='lat' dir='ltr'><strong>peccato</strong></span> <span class='ocrx_word' id='word_1_369' title='bbox 1654 3222 1904 3291; x_wconf 86' lang='lat' dir='ltr'><strong>transire,</strong></span> <span class='ocrx_word' id='word_1_370' title='bbox 1926 3274 1931 3279; x_wconf 83' lang='lat'><strong>.</strong></span> 
     </span>
    </p>
   </div>
   <div class='ocr_carea' id='block_1_67' title="bbox 318 3315 1566 3387">
    <p class='ocr_par' dir='ltr' id='par_1_67' title="bbox 318 3315 1566 3387">
     <span class='ocr_line' id='line_1_67' title="bbox 318 3315 1566 3387; baseline -0.002 -15"><span class='ocrx_word' id='word_1_371' title='bbox 318 3323 587 3387; x_wconf 73' lang='lat' dir='ltr'><strong>quatenus</strong></span> <span class='ocrx_word' id='word_1_372' title='bbox 613 3316 680 3372; x_wconf 87' lang='lat' dir='ltr'><strong>ad</strong></span> <span class='ocrx_word' id='word_1_373' title='bbox 711 3330 994 3385; x_wconf 79' lang='lat' dir='ltr'><strong>veSperum</strong></span> <span class='ocrx_word' id='word_1_374' title='bbox 1021 3317 1221 3387; x_wconf 71' lang='lat' dir='ltr'><strong>gratias</strong></span> <span class='ocrx_word' id='word_1_375' title='bbox 1247 3315 1566 3371; x_wconf 86' lang='lat' dir='ltr'><strong>referamus.</strong></span> 
     </span>
    </p>
   </div>
   <div class='ocr_carea' id='block_1_68' title="bbox 1053 3407 1177 3457">
    <p class='ocr_par' dir='ltr' id='par_1_68' title="bbox 1053 3407 1177 3457">
     <span class='ocr_line' id='line_1_68' title="bbox 1053 3407 1177 3457; baseline 0.008 -1"><span class='ocrx_word' id='word_1_376' title='bbox 1053 3407 1177 3457; x_wconf 79' lang='lat' dir='ltr'><strong>Alia.</strong></span> 
     </span>
    </p>
   </div>
   <div class='ocr_carea' id='block_1_69' title="bbox 388 3489 1908 3562">
    <p class='ocr_par' dir='ltr' id='par_1_69' title="bbox 388 3489 1908 3562">
     <span class='ocr_line' id='line_1_69' title="bbox 388 3489 1908 3562; baseline 0.001 -17"><span class='ocrx_word' id='word_1_377' title='bbox 388 3489 525 3545; x_wconf 91' lang='lat' dir='ltr'><strong>Doni</strong></span> <span class='ocrx_word' id='word_1_378' title='bbox 555 3491 631 3545; x_wconf 87' lang='lat' dir='ltr'><strong>tui</strong></span> <span class='ocrx_word' id='word_1_379' title='bbox 660 3500 773 3558; x_wconf 88' lang='lat' dir='ltr'><strong>est,</strong></span> <span class='ocrx_word' id='word_1_380' title='bbox 809 3490 1069 3558; x_wconf 84' lang='lat' dir='ltr'><strong>Domine,</strong></span> <span class='ocrx_word' id='word_1_381' title='bbox 1117 3492 1259 3560; x_wconf 82' lang='lat' dir='ltr'><strong>quod</strong></span> <span class='ocrx_word' id='word_1_382' title='bbox 1308 3490 1606 3562; x_wconf 66' lang='lat' dir='ltr'><strong>quievimtm</strong></span> <span class='ocrx_word' id='word_1_383' title='bbox 1632 3507 1646 3544; x_wconf 88' lang='lat'><strong><em>:</em></strong></span> <span class='ocrx_word' id='word_1_384' title='bbox 1672 3506 1908 3547; x_wconf 79' lang='lat' dir='ltr'><strong>muneris</strong></span> 
     </span>
    </p>
   </div>
   <div class='ocr_carea' id='block_1_70' title="bbox 390 3624 1903 3698">
    <p class='ocr_par' dir='ltr' id='par_1_70' title="bbox 390 3624 1903 3698">
     <span class='ocr_line' id='line_1_70' title="bbox 390 3624 1903 3698; baseline 0 -18"><span class='ocrx_word' id='word_1_385' title='bbox 390 3635 417 3664; x_wconf 72' lang='grc' dir='ltr'><strong>ι</strong></span> <span class='ocrx_word' id='word_1_386' title='bbox 458 3625 587 3681; x_wconf 85' lang='lat' dir='ltr'><strong>Post</strong></span> <span class='ocrx_word' id='word_1_387' title='bbox 635 3624 773 3698; x_wconf 81' lang='lat' dir='ltr'><strong>hanc</strong></span> <span class='ocrx_word' id='word_1_388' title='bbox 824 3626 1121 3698; x_wconf 81' lang='lat' dir='ltr'><strong>orationem</strong></span> <span class='ocrx_word' id='word_1_389' title='bbox 1169 3626 1410 3698; x_wconf 89' lang='lat' dir='ltr'><strong>sequitur</strong></span> <span class='ocrx_word' id='word_1_390' title='bbox 1452 3625 1554 3679; x_wconf 89' lang='lat' dir='ltr'><strong>alia</strong></span> <span class='ocrx_word' id='word_1_391' title='bbox 1604 3625 1903 3698; x_wconf 86' lang='lat' dir='ltr'><strong>benedictio</strong></span> 
     </span>
    </p>
   </div>
   <div class='ocr_carea' id='block_1_71' title="bbox 312 3697 1903 3768">
    <p class='ocr_par' dir='ltr' id='par_1_71' title="bbox 312 3697 1903 3768">
     <span class='ocr_line' id='line_1_71' title="bbox 312 3697 1903 3768; baseline -0.001 -13"><span class='ocrx_word' id='word_1_392' title='bbox 312 3698 419 3755; x_wconf 90' lang='lat' dir='ltr'><strong>olei</strong></span> <span class='ocrx_word' id='word_1_393' title='bbox 450 3697 683 3752; x_wconf 85' lang='lat' dir='ltr'><strong>secunda</strong></span> <span class='ocrx_word' id='word_1_394' title='bbox 718 3714 899 3752; x_wconf 90' lang='lat' dir='ltr'><strong>manu.</strong></span> <span class='ocrx_word' id='word_1_395' title='bbox 929 3697 1203 3768; x_wconf 83' lang='lat' dir='ltr'><strong>Frequens</strong></span> <span class='ocrx_word' id='word_1_396' title='bbox 1236 3697 1365 3753; x_wconf 73' lang='lat' dir='ltr'><strong>olim</strong></span> <span class='ocrx_word' id='word_1_397' title='bbox 1396 3712 1522 3751; x_wconf 91' lang='lat' dir='ltr'><strong>usus</strong></span> <span class='ocrx_word' id='word_1_398' title='bbox 1551 3697 1656 3751; x_wconf 85' lang='lat' dir='ltr'><strong>olei</strong></span> <span class='ocrx_word' id='word_1_399' title='bbox 1682 3708 1795 3751; x_wconf 75' lang='lat' dir='ltr'><strong>erat</strong></span> <span class='ocrx_word' id='word_1_400' title='bbox 1834 3699 1903 3753; x_wconf 90' lang='lat' dir='ltr'><strong>ad</strong></span> 
     </span>
    </p>
   </div>
   <div class='ocr_carea' id='block_1_72' title="bbox 316 3768 1902 3841">
    <p class='ocr_par' dir='ltr' id='par_1_72' title="bbox 316 3768 1902 3841">
     <span class='ocr_line' id='line_1_72' title="bbox 316 3768 1902 3841; baseline -0.003 -14"><span class='ocrx_word' id='word_1_401' title='bbox 316 3768 536 3827; x_wconf 85' lang='lat' dir='ltr'><strong>morbos</strong></span> <span class='ocrx_word' id='word_1_402' title='bbox 566 3769 855 3825; x_wconf 79' lang='lat' dir='ltr'><strong>sanandos.</strong></span> <span class='ocrx_word' id='word_1_403' title='bbox 886 3768 1296 3841; x_wconf 34' lang='lat' dir='ltr'><strong>Unde‘episcOpi</strong></span> <span class='ocrx_word' id='word_1_404' title='bbox 1323 3784 1591 3837; x_wconf 87' lang='lat' dir='ltr'><strong>nunquam</strong></span> <span class='ocrx_word' id='word_1_405' title='bbox 1637 3770 1755 3825; x_wconf 89' lang='lat' dir='ltr'><strong>sine</strong></span> <span class='ocrx_word' id='word_1_406' title='bbox 1781 3771 1902 3825; x_wconf 89' lang='lat' dir='ltr'><strong>oleo</strong></span> 
     </span>
    </p>
   </div>
   <div class='ocr_carea' id='block_1_73' title="bbox 2020 3208 3600 3288">
    <p class='ocr_par' dir='ltr' id='par_1_73' title="bbox 2020 3208 3600 3288">
     <span class='ocr_line' id='line_1_73' title="bbox 2020 3208 3600 3288; baseline -0.006 -17"><span class='ocrx_word' id='word_1_407' title='bbox 2020 3231 2120 3288; x_wconf 90' lang='lat' dir='ltr'><strong>pus</strong></span> <span class='ocrx_word' id='word_1_408' title='bbox 2144 3216 2224 3270; x_wconf 87' lang='lat' dir='ltr'><strong>vel</strong></span> <span class='ocrx_word' id='word_1_409' title='bbox 2251 3216 2550 3271; x_wconf 87' lang='lat' dir='ltr'><strong>membrum</strong></span> <span class='ocrx_word' id='word_1_410' title='bbox 2575 3231 2638 3270; x_wconf 80' lang='lat' dir='ltr'><strong>ex</strong></span> <span class='ocrx_word' id='word_1_411' title='bbox 2668 3230 2734 3269; x_wconf 93' lang='lat' dir='ltr'><strong>eo</strong></span> <span class='ocrx_word' id='word_1_412' title='bbox 2756 3213 2920 3269; x_wconf 90' lang='lat' dir='ltr'><strong>fuerit</strong></span> <span class='ocrx_word' id='word_1_413' title='bbox 2947 3213 3152 3267; x_wconf 91' lang='lat' dir='ltr'><strong>linitum</strong></span> <span class='ocrx_word' id='word_1_414' title='bbox 3177 3214 3257 3265; x_wconf 88' lang='lat' dir='ltr'><strong>vel</strong></span> <span class='ocrx_word' id='word_1_415' title='bbox 3288 3208 3560 3281; x_wconf 89' lang='lat' dir='ltr'><strong>perfusum</strong></span> <span class='ocrx_word' id='word_1_416' title='bbox 3582 3249 3600 3275; x_wconf 92' lang='lat'><strong>,</strong></span> 
     </span>
    </p>
   </div>
   <div class='ocr_carea' id='block_1_74' title="bbox 2018 3301 3608 3380">
    <p class='ocr_par' dir='ltr' id='par_1_74' title="bbox 2018 3301 3608 3380">
     <span class='ocr_line' id='line_1_74' title="bbox 2018 3301 3608 3380; baseline -0.006 -15"><span class='ocrx_word' id='word_1_417' title='bbox 2018 3309 2269 3365; x_wconf 79' lang='lat' dir='ltr'><strong>salutaris</strong></span> <span class='ocrx_word' id='word_1_418' title='bbox 2300 3310 2552 3380; x_wconf 85' lang='lat' dir='ltr'><strong>gratiam,</strong></span> <span class='ocrx_word' id='word_1_419' title='bbox 2584 3320 2637 3363; x_wconf 91' lang='lat' dir='ltr'><strong>et</strong></span> <span class='ocrx_word' id='word_1_420' title='bbox 2657 3316 3008 3379; x_wconf 86' lang='lat' dir='ltr'><strong>peccatorum</strong></span> <span class='ocrx_word' id='word_1_421' title='bbox 3041 3306 3275 3369; x_wconf 89' lang='lat' dir='ltr'><strong>veniam,</strong></span> <span class='ocrx_word' id='word_1_422' title='bbox 3321 3312 3375 3358; x_wconf 93' lang='lat' dir='ltr'><strong>et</strong></span> <span class='ocrx_word' id='word_1_423' title='bbox 3406 3301 3608 3357; x_wconf 90' lang='lat' dir='ltr'><strong>sanita-</strong></span> 
     </span>
    </p>
   </div>
   <div class='ocr_carea' id='block_1_75' title="bbox 2020 3397 3607 3471">
    <p class='ocr_par' dir='ltr' id='par_1_75' title="bbox 2020 3397 3607 3471">
     <span class='ocr_line' id='line_1_75' title="bbox 2020 3397 3607 3471; baseline -0.005 -15"><span class='ocrx_word' id='word_1_424' title='bbox 2020 3411 2125 3456; x_wconf 89' lang='lat' dir='ltr'><strong>tem</strong></span> <span class='ocrx_word' id='word_1_425' title='bbox 2158 3402 2428 3458; x_wconf 80' lang='lat' dir='ltr'><strong>caelestem</strong></span> <span class='ocrx_word' id='word_1_426' title='bbox 2460 3401 2715 3471; x_wconf 89' lang='lat' dir='ltr'><strong>consequi</strong></span> <span class='ocrx_word' id='word_1_427' title='bbox 2748 3405 3043 3455; x_wconf 84' lang='lat' dir='ltr'><strong>mereatur.</strong></span> <span class='ocrx_word' id='word_1_428' title='bbox 3073 3399 3173 3453; x_wconf 87' lang='lat' dir='ltr'><strong>Per</strong></span> <span class='ocrx_word' id='word_1_429' title='bbox 3207 3397 3486 3452; x_wconf 89' lang='lat' dir='ltr'><strong>Dominum</strong></span> <span class='ocrx_word' id='word_1_430' title='bbox 3511 3408 3607 3449; x_wconf 89' lang='lat' dir='ltr'><strong>no-</strong></span> 
     </span>
    </p>
   </div>
   <div class='ocr_carea' id='block_1_76' title="bbox 2017 3492 2781 3551">
    <p class='ocr_par' dir='ltr' id='par_1_76' title="bbox 2017 3492 2781 3551">
     <span class='ocr_line' id='line_1_76' title="bbox 2017 3492 2781 3551; baseline -0.001 -3"><span class='ocrx_word' id='word_1_431' title='bbox 2017 3503 2189 3548; x_wconf 88' lang='lat' dir='ltr'><strong>strum</strong></span> <span class='ocrx_word' id='word_1_432' title='bbox 2221 3495 2404 3551; x_wconf 84' lang='lat' dir='ltr'><strong>Jesum</strong></span> <span class='ocrx_word' id='word_1_433' title='bbox 2431 3492 2701 3550; x_wconf 85' lang='lat' dir='ltr'><strong>Christum</strong></span> <span class='ocrx_word' id='word_1_434' title='bbox 2732 3501 2781 3547; x_wconf 79' lang='grc'><strong>⁸.</strong></span> 
     </span>
    </p>
   </div>
   <div class='ocr_carea' id='block_1_77' title="bbox 2012 3623 3601 3699">
    <p class='ocr_par' dir='ltr' id='par_1_77' title="bbox 2012 3623 3601 3699">
     <span class='ocr_line' id='line_1_77' title="bbox 2012 3623 3601 3699; baseline -0.003 -16"><span class='ocrx_word' id='word_1_435' title='bbox 2012 3642 2239 3699; x_wconf 80' lang='lat' dir='ltr'><strong>peregre</strong></span> <span class='ocrx_word' id='word_1_436' title='bbox 2268 3629 2770 3699; x_wconf 79' lang='lat' dir='ltr'><strong>proficiscebantur,</strong></span> <span class='ocrx_word' id='word_1_437' title='bbox 2802 3638 2862 3684; x_wconf 87' lang='lat' dir='ltr'><strong>ut</strong></span> <span class='ocrx_word' id='word_1_438' title='bbox 2888 3627 3036 3685; x_wconf 80' lang='lat' dir='ltr'><strong>varia</strong></span> <span class='ocrx_word' id='word_1_439' title='bbox 3064 3626 3307 3696; x_wconf 80' lang='lat' dir='ltr'><strong>exempla</strong></span> <span class='ocrx_word' id='word_1_440' title='bbox 3352 3623 3601 3695; x_wconf 74' lang='lat' dir='ltr'><strong>probant,</strong></span> 
     </span>
    </p>
   </div>
   <div class='ocr_carea' id='block_1_78' title="bbox 2011 3702 2625 3769">
    <p class='ocr_par' dir='ltr' id='par_1_78' title="bbox 2011 3702 2625 3769">
     <span class='ocr_line' id='line_1_78' title="bbox 2011 3702 2625 3769; baseline 0.007 -15"><span class='ocrx_word' id='word_1_441' title='bbox 2011 3715 2129 3769; x_wconf 62' lang='lat' dir='ltr'><strong>qua}</strong></span> <span class='ocrx_word' id='word_1_442' title='bbox 2158 3703 2295 3761; x_wconf 84' lang='lat' dir='ltr'><strong>alias</strong></span> <span class='ocrx_word' id='word_1_443' title='bbox 2321 3702 2625 3759; x_wconf 86' lang='lat' dir='ltr'><strong>retulimus.</strong></span> 
     </span>
    </p>
   </div>
   <div class='ocr_carea' id='block_1_79' title="bbox 315 3928 3604 3959">
    <p class='ocr_par' dir='ltr' id='par_1_79' title="bbox 315 3928 3604 3959">
     <span class='ocr_line' id='line_1_79' title="bbox 315 3928 3604 3959; baseline -0.001 -2"><span class='ocrx_word' id='word_1_444' title='bbox 315 3928 3604 3959; x_wconf 71' lang='lat' dir='ltr'><strong>_—-———-————————————-————-—-——_——I————&#39;—-—&#39;——‘——._</strong></span> 
     </span>
    </p>
   </div>
   <div class='ocr_carea' id='block_1_80' title="bbox 1573 4027 2339 4096">
    <p class='ocr_par' dir='ltr' id='par_1_80' title="bbox 1573 4027 2339 4096">
     <span class='ocr_line' id='line_1_80' title="bbox 1573 4027 2339 4096; baseline -0.008 -2"><span class='ocrx_word' id='word_1_445' title='bbox 1573 4032 1677 4096; x_wconf 87' lang='lat' dir='ltr'><strong>IN</strong></span> <span class='ocrx_word' id='word_1_446' title='bbox 1726 4032 1887 4092; x_wconf 84' lang='lat' dir='ltr'><strong>DEI</strong></span> <span class='ocrx_word' id='word_1_447' title='bbox 1944 4027 2339 4095; x_wconf 84' lang='lat' dir='ltr'><strong>NOMINE.</strong></span> 
     </span>
    </p>
   </div>
   <div class='ocr_carea' id='block_1_81' title="bbox 886 4174 2968 4272">
    <p class='ocr_par' dir='ltr' id='par_1_81' title="bbox 886 4174 2968 4272">
     <span class='ocr_line' id='line_1_81' title="bbox 886 4174 2968 4272; baseline -0.003 -2"><span class='ocrx_word' id='word_1_448' title='bbox 886 4185 1332 4272; x_wconf 89' lang='lat' dir='ltr'><strong>INCIPIT</strong></span> <span class='ocrx_word' id='word_1_449' title='bbox 1392 4185 1959 4272; x_wconf 87' lang='lat' dir='ltr'><strong>JUDICIUS</strong></span> <span class='ocrx_word' id='word_1_450' title='bbox 2015 4174 2968 4271; x_wconf 85' lang='lat' dir='ltr'><strong>P/ENITENTIALIS.</strong></span> 
     </span>
    </p>
   </div>
   <div class='ocr_carea' id='block_1_82' title="bbox 379 4426 3608 4505">
    <p class='ocr_par' dir='ltr' id='par_1_82' title="bbox 379 4426 3608 4505">
     <span class='ocr_line' id='line_1_82' title="bbox 379 4426 3608 4505; baseline -0.002 -13"><span class='ocrx_word' id='word_1_451' title='bbox 379 4451 418 4492; x_wconf 86' lang='grc' dir='ltr'>ι.</span> <span class='ocrx_word' id='word_1_452' title='bbox 450 4433 507 4494; x_wconf 89' lang='lat' dir='ltr'><strong>Si</strong></span> <span class='ocrx_word' id='word_1_453' title='bbox 528 4432 647 4501; x_wconf 89' lang='lat' dir='ltr'><strong>quis</strong></span> <span class='ocrx_word' id='word_1_454' title='bbox 667 4430 895 4497; x_wconf 82' lang='lat' dir='ltr'><strong>clericus</strong></span> <span class='ocrx_word' id='word_1_455' title='bbox 912 4430 1256 4502; x_wconf 86' lang='lat' dir='ltr'><strong>homicidium</strong></span> <span class='ocrx_word' id='word_1_456' title='bbox 1274 4426 1491 4494; x_wconf 85' lang='lat' dir='ltr'><strong>fecerit,</strong></span> <span class='ocrx_word' id='word_1_457' title='bbox 1515 4436 1570 4484; x_wconf 90' lang='lat' dir='ltr'><strong>et</strong></span> <span class='ocrx_word' id='word_1_458' title='bbox 1591 4428 1897 4498; x_wconf 83' lang='lat' dir='ltr'><strong>proximqu</strong></span> <span class='ocrx_word' id='word_1_459' title='bbox 1928 4436 1983 4498; x_wconf 82' lang='grc' dir='ltr'>ι)</span> <span class='ocrx_word' id='word_1_460' title='bbox 2007 4436 2061 4483; x_wconf 92' lang='lat' dir='ltr'><strong>et</strong></span> <span class='ocrx_word' id='word_1_461' title='bbox 2092 4442 2198 4482; x_wconf 92' lang='lat' dir='ltr'><strong>non</strong></span> <span class='ocrx_word' id='word_1_462' title='bbox 2230 4427 2426 4483; x_wconf 87' lang='lat' dir='ltr'><strong>factum</strong></span> <span class='ocrx_word' id='word_1_463' title='bbox 2469 4427 2671 4505; x_wconf 76' lang='lat' dir='ltr'><strong>fuerit,</strong></span> <span class='ocrx_word' id='word_1_464' title='bbox 2713 4434 2822 4483; x_wconf 91' lang='lat' dir='ltr'><strong>tres</strong></span> <span class='ocrx_word' id='word_1_465' title='bbox 2848 4441 3019 4484; x_wconf 88' lang='lat' dir='ltr'><strong>annos</strong></span> <span class='ocrx_word' id='word_1_466' title='bbox 3065 4430 3358 4505; x_wconf 65' lang='lat' dir='ltr'><strong>paeniteat,</strong></span> <span class='ocrx_word' id='word_1_467' title='bbox 3386 4429 3522 4487; x_wconf 89' lang='lat' dir='ltr'><strong>duos</strong></span> <span class='ocrx_word' id='word_1_468' title='bbox 3549 4430 3608 4487; x_wconf 87' lang='lat' dir='ltr'><strong>in</strong></span> 
     </span>
    </p>
   </div>
   <div class='ocr_carea' id='block_1_83' title="bbox 307 4519 1901 4592">
    <p class='ocr_par' dir='ltr' id='par_1_83' title="bbox 307 4519 1901 4592">
     <span class='ocr_line' id='line_1_83' title="bbox 307 4519 1901 4592; baseline -0.005 -10"><span class='ocrx_word' id='word_1_469' title='bbox 307 4539 464 4582; x_wconf 83' lang='lat' dir='ltr'><strong>suum</strong></span> <span class='ocrx_word' id='word_1_470' title='bbox 495 4524 775 4592; x_wconf 90' lang='lat' dir='ltr'><strong>occiderit,</strong></span> <span class='ocrx_word' id='word_1_471' title='bbox 809 4524 992 4579; x_wconf 85' lang='lat' dir='ltr'><strong>decem</strong></span> <span class='ocrx_word' id='word_1_472' title='bbox 1024 4536 1197 4577; x_wconf 89' lang='lat' dir='ltr'><strong>annos</strong></span> <span class='ocrx_word' id='word_1_473' title='bbox 1227 4522 1376 4578; x_wconf 83' lang='lat' dir='ltr'><strong>exsol</strong></span> <span class='ocrx_word' id='word_1_474' title='bbox 1408 4531 1435 4559; x_wconf 73' lang='grc' dir='ltr'>ει</span> <span class='ocrx_word' id='word_1_475' title='bbox 1469 4522 1742 4591; x_wconf 71' lang='lat' dir='ltr'><strong>preniteat.</strong></span> <span class='ocrx_word' id='word_1_476' title='bbox 1771 4519 1901 4575; x_wconf 87' lang='lat' dir='ltr'><strong>Post</strong></span> 
     </span>
    </p>
   </div>
   <div class='ocr_carea' id='block_1_84' title="bbox 308 4612 1897 4690">
    <p class='ocr_par' dir='ltr' id='par_1_84' title="bbox 308 4612 1897 4690">
     <span class='ocr_line' id='line_1_84' title="bbox 308 4612 1897 4690; baseline -0.004 -14"><span class='ocrx_word' id='word_1_477' title='bbox 308 4619 410 4676; x_wconf 85' lang='lat' dir='ltr'><strong>hos</strong></span> <span class='ocrx_word' id='word_1_478' title='bbox 440 4619 724 4690; x_wconf 78' lang='lat' dir='ltr'><strong>recipiatur</strong></span> <span class='ocrx_word' id='word_1_479' title='bbox 754 4618 806 4674; x_wconf 89' lang='lat' dir='ltr'><strong>in</strong></span> <span class='ocrx_word' id='word_1_480' title='bbox 831 4616 1054 4688; x_wconf 81' lang='lat' dir='ltr'><strong>patriam</strong></span> <span class='ocrx_word' id='word_1_481' title='bbox 1076 4617 1159 4671; x_wconf 91' lang='lat' dir='ltr'><strong>cui</strong></span> <span class='ocrx_word' id='word_1_482' title='bbox 1183 4612 1776 4683; x_wconf 86' lang='lat' dir='ltr'><strong>conmisit,satisfaciat</strong></span> <span class='ocrx_word' id='word_1_483' title='bbox 1803 4628 1897 4685; x_wconf 79' lang='lat' dir='ltr'><strong>pa-</strong></span> 
     </span>
    </p>
   </div>
   <div class='ocr_carea' id='block_1_85' title="bbox 306 4712 1134 4784">
    <p class='ocr_par' dir='ltr' id='par_1_85' title="bbox 306 4712 1134 4784">
     <span class='ocr_line' id='line_1_85' title="bbox 306 4712 1134 4784; baseline -0.006 -13"><span class='ocrx_word' id='word_1_484' title='bbox 306 4714 552 4772; x_wconf 82' lang='lat' dir='ltr'><strong>rentibus</strong></span> <span class='ocrx_word' id='word_1_485' title='bbox 581 4713 697 4783; x_wconf 85' lang='lat' dir='ltr'><strong>ejus</strong></span> <span class='ocrx_word' id='word_1_486' title='bbox 729 4728 887 4784; x_wconf 92' lang='lat' dir='ltr'><strong>quem</strong></span> <span class='ocrx_word' id='word_1_487' title='bbox 920 4712 1134 4767; x_wconf 87' lang='lat' dir='ltr'><strong>occidit.</strong></span> 
     </span>
    </p>
   </div>
   <div class='ocr_carea' id='block_1_86' title="bbox 378 4802 1897 4884">
    <p class='ocr_par' dir='ltr' id='par_1_86' title="bbox 378 4802 1897 4884">
     <span class='ocr_line' id='line_1_86' title="bbox 378 4802 1897 4884; baseline -0.003 -23"><span class='ocrx_word' id='word_1_488' title='bbox 378 4820 436 4861; x_wconf 86' lang='grc' dir='ltr'>ιι.</span> <span class='ocrx_word' id='word_1_489' title='bbox 477 4805 534 4861; x_wconf 89' lang='lat' dir='ltr'><strong>Si</strong></span> <span class='ocrx_word' id='word_1_490' title='bbox 562 4806 683 4877; x_wconf 90' lang='lat' dir='ltr'><strong>quis</strong></span> <span class='ocrx_word' id='word_1_491' title='bbox 713 4806 865 4867; x_wconf 83' lang='lat' dir='ltr'><strong>ruina</strong></span> <span class='ocrx_word' id='word_1_492' title='bbox 897 4804 1126 4861; x_wconf 82' lang='lat' dir='ltr'><strong>maxima</strong></span> <span class='ocrx_word' id='word_1_493' title='bbox 1152 4803 1404 4861; x_wconf 88' lang='lat' dir='ltr'><strong>ceciderit</strong></span> <span class='ocrx_word' id='word_1_494' title='bbox 1426 4802 1477 4871; x_wconf 72' lang='grc' dir='ltr'><strong>ι’,</strong></span> <span class='ocrx_word' id='word_1_495' title='bbox 1509 4813 1566 4859; x_wconf 86' lang='lat' dir='ltr'><strong>et</strong></span> <span class='ocrx_word' id='word_1_496' title='bbox 1597 4805 1766 4859; x_wconf 83' lang='lat' dir='ltr'><strong>ﬁuum</strong></span> <span class='ocrx_word' id='word_1_497' title='bbox 1796 4817 1897 4884; x_wconf 62' lang='lat' dir='ltr'><strong>ge:</strong></span> 
     </span>
    </p>
   </div>
   <div class='ocr_carea' id='block_1_87' title="bbox 307 4897 1252 4967">
    <p class='ocr_par' dir='ltr' id='par_1_87' title="bbox 307 4897 1252 4967">
     <span class='ocr_line' id='line_1_87' title="bbox 307 4897 1252 4967; baseline -0.002 -15"><span class='ocrx_word' id='word_1_498' title='bbox 307 4897 506 4963; x_wconf 88' lang='lat' dir='ltr'><strong>nuerit,</strong></span> <span class='ocrx_word' id='word_1_499' title='bbox 538 4904 747 4966; x_wconf 87' lang='lat' dir='ltr'><strong>septem</strong></span> <span class='ocrx_word' id='word_1_500' title='bbox 775 4910 948 4957; x_wconf 79' lang='lat' dir='ltr'><strong>annos</strong></span> <span class='ocrx_word' id='word_1_501' title='bbox 973 4897 1252 4967; x_wconf 67' lang='lat' dir='ltr'><strong>paeniteat.</strong></span> 
     </span>
    </p>
   </div>
   <div class='ocr_carea' id='block_1_88' title="bbox 377 4986 1887 5061">
    <p class='ocr_par' dir='ltr' id='par_1_88' title="bbox 377 4986 1887 5061">
     <span class='ocr_line' id='line_1_88' title="bbox 377 4986 1887 5061; baseline -0.001 -15"><span class='ocrx_word' id='word_1_502' title='bbox 377 5006 456 5046; x_wconf 87' lang='lat' dir='ltr'><strong>Ill.</strong></span> <span class='ocrx_word' id='word_1_503' title='bbox 496 4989 550 5048; x_wconf 91' lang='lat' dir='ltr'><strong>Si</strong></span> <span class='ocrx_word' id='word_1_504' title='bbox 582 4991 701 5061; x_wconf 92' lang='lat' dir='ltr'><strong>quis</strong></span> <span class='ocrx_word' id='word_1_505' title='bbox 728 5000 905 5046; x_wconf 91' lang='lat' dir='ltr'><strong>autem</strong></span> <span class='ocrx_word' id='word_1_506' title='bbox 938 4990 1299 5056; x_wconf 84' lang='lat' dir='ltr'><strong>fornicaverit,</strong></span> <span class='ocrx_word' id='word_1_507' title='bbox 1330 4990 1472 5044; x_wconf 90' lang='lat' dir='ltr'><strong>sicut</strong></span> <span class='ocrx_word' id='word_1_508' title='bbox 1502 4986 1800 5045; x_wconf 68' lang='lat' dir='ltr'><strong>Sodomita:</strong></span> <span class='ocrx_word' id='word_1_509' title='bbox 1821 4988 1887 5044; x_wconf 88' lang='lat' dir='ltr'><strong>fe-</strong></span> 
     </span>
    </p>
   </div>
   <div class='ocr_carea' id='block_1_89' title="bbox 308 5082 1892 5152">
    <p class='ocr_par' dir='ltr' id='par_1_89' title="bbox 308 5082 1892 5152">
     <span class='ocr_line' id='line_1_89' title="bbox 308 5082 1892 5152; baseline -0.004 -12"><span class='ocrx_word' id='word_1_510' title='bbox 308 5092 516 5150; x_wconf 87' lang='lat' dir='ltr'><strong>cerunt,</strong></span> <span class='ocrx_word' id='word_1_511' title='bbox 548 5082 734 5138; x_wconf 85' lang='lat' dir='ltr'><strong>decem</strong></span> <span class='ocrx_word' id='word_1_512' title='bbox 766 5095 938 5137; x_wconf 85' lang='lat' dir='ltr'><strong>annos</strong></span> <span class='ocrx_word' id='word_1_513' title='bbox 959 5082 1227 5152; x_wconf 71' lang='lat' dir='ltr'><strong>paeniteat,</strong></span> <span class='ocrx_word' id='word_1_514' title='bbox 1260 5090 1371 5137; x_wconf 89' lang='lat' dir='ltr'><strong>tres</strong></span> <span class='ocrx_word' id='word_1_515' title='bbox 1396 5082 1453 5136; x_wconf 91' lang='lat' dir='ltr'><strong>in</strong></span> <span class='ocrx_word' id='word_1_516' title='bbox 1485 5094 1624 5149; x_wconf 82' lang='lat' dir='ltr'><strong>pane</strong></span> <span class='ocrx_word' id='word_1_517' title='bbox 1650 5090 1707 5135; x_wconf 90' lang='lat' dir='ltr'><strong>et</strong></span> <span class='ocrx_word' id='word_1_518' title='bbox 1735 5095 1892 5151; x_wconf 90' lang='lat' dir='ltr'><strong>aqua,</strong></span> 
     </span>
    </p>
   </div>
   <div class='ocr_carea' id='block_1_90' title="bbox 301 5174 1255 5253">
    <p class='ocr_par' dir='ltr' id='par_1_90' title="bbox 301 5174 1255 5253">
     <span class='ocr_line' id='line_1_90' title="bbox 301 5174 1255 5253; baseline -0.004 -20"><span class='ocrx_word' id='word_1_519' title='bbox 301 5183 365 5233; x_wconf 84' lang='lat' dir='ltr'><strong>et</strong></span> <span class='ocrx_word' id='word_1_520' title='bbox 389 5190 679 5253; x_wconf 76' lang='lat' dir='ltr'><strong>numquam</strong></span> <span class='ocrx_word' id='word_1_521' title='bbox 707 5189 828 5230; x_wconf 89' lang='lat' dir='ltr'><strong>cum</strong></span> <span class='ocrx_word' id='word_1_522' title='bbox 858 5174 965 5237; x_wconf 87' lang='lat' dir='ltr'><strong>alio</strong></span> <span class='ocrx_word' id='word_1_523' title='bbox 1005 5175 1255 5229; x_wconf 90' lang='lat' dir='ltr'><strong>dormiat.</strong></span> 
     </span>
    </p>
   </div>
   <div class='ocr_carea' id='block_1_91' title="bbox 378 5262 1893 5337">
    <p class='ocr_par' dir='ltr' id='par_1_91' title="bbox 378 5262 1893 5337">
     <span class='ocr_line' id='line_1_91' title="bbox 378 5262 1893 5337; baseline -0.003 -15"><span class='ocrx_word' id='word_1_524' title='bbox 378 5282 452 5322; x_wconf 84' lang='lat' dir='ltr'><strong>tv.</strong></span> <span class='ocrx_word' id='word_1_525' title='bbox 494 5267 551 5322; x_wconf 87' lang='lat' dir='ltr'><strong>Si</strong></span> <span class='ocrx_word' id='word_1_526' title='bbox 579 5266 703 5337; x_wconf 89' lang='lat' dir='ltr'><strong>quis</strong></span> <span class='ocrx_word' id='word_1_527' title='bbox 727 5280 855 5321; x_wconf 89' lang='lat' dir='ltr'><strong>vero</strong></span> <span class='ocrx_word' id='word_1_528' title='bbox 882 5264 1228 5322; x_wconf 89' lang='lat' dir='ltr'><strong>homicidium</strong></span> <span class='ocrx_word' id='word_1_529' title='bbox 1255 5278 1383 5321; x_wconf 90' lang='lat' dir='ltr'><strong>casu</strong></span> <span class='ocrx_word' id='word_1_530' title='bbox 1412 5262 1624 5330; x_wconf 88' lang='lat' dir='ltr'><strong>fecerit,</strong></span> <span class='ocrx_word' id='word_1_531' title='bbox 1656 5278 1761 5319; x_wconf 91' lang='lat' dir='ltr'><strong>non</strong></span> <span class='ocrx_word' id='word_1_532' title='bbox 1794 5278 1893 5319; x_wconf 87' lang='lat' dir='ltr'><strong>vo-</strong></span> 
     </span>
    </p>
   </div>
   <div class='ocr_carea' id='block_1_92' title="bbox 301 5358 1881 5431">
    <p class='ocr_par' dir='ltr' id='par_1_92' title="bbox 301 5358 1881 5431">
     <span class='ocr_line' id='line_1_92' title="bbox 301 5358 1881 5431; baseline -0.005 -12"><span class='ocrx_word' id='word_1_533' title='bbox 301 5359 441 5428; x_wconf 83' lang='lat' dir='ltr'><strong>lens,</strong></span> <span class='ocrx_word' id='word_1_534' title='bbox 470 5360 707 5431; x_wconf 90' lang='lat' dir='ltr'><strong>quinque</strong></span> <span class='ocrx_word' id='word_1_535' title='bbox 732 5374 903 5415; x_wconf 89' lang='lat' dir='ltr'><strong>annos</strong></span> <span class='ocrx_word' id='word_1_536' title='bbox 934 5358 1205 5428; x_wconf 67' lang='lat' dir='ltr'><strong>pmniteat,</strong></span> <span class='ocrx_word' id='word_1_537' title='bbox 1237 5367 1347 5414; x_wconf 87' lang='lat' dir='ltr'><strong>tres</strong></span> <span class='ocrx_word' id='word_1_538' title='bbox 1376 5358 1429 5412; x_wconf 89' lang='lat' dir='ltr'><strong>in</strong></span> <span class='ocrx_word' id='word_1_539' title='bbox 1461 5371 1597 5427; x_wconf 89' lang='lat' dir='ltr'><strong>pane</strong></span> <span class='ocrx_word' id='word_1_540' title='bbox 1628 5364 1685 5412; x_wconf 89' lang='lat' dir='ltr'><strong>et</strong></span> <span class='ocrx_word' id='word_1_541' title='bbox 1720 5370 1881 5426; x_wconf 88' lang='lat' dir='ltr'><strong>aqua.</strong></span> 
     </span>
    </p>
   </div>
   <div class='ocr_carea' id='block_1_93' title="bbox 380 5450 1880 5522">
    <p class='ocr_par' dir='ltr' id='par_1_93' title="bbox 380 5450 1880 5522">
     <span class='ocr_line' id='line_1_93' title="bbox 380 5450 1880 5522; baseline -0.003 -15"><span class='ocrx_word' id='word_1_542' title='bbox 380 5468 427 5507; x_wconf 88' lang='lat' dir='ltr'><strong>v.</strong></span> <span class='ocrx_word' id='word_1_543' title='bbox 470 5452 528 5507; x_wconf 92' lang='lat' dir='ltr'><strong>Si</strong></span> <span class='ocrx_word' id='word_1_544' title='bbox 550 5453 669 5522; x_wconf 90' lang='lat' dir='ltr'><strong>quis</strong></span> <span class='ocrx_word' id='word_1_545' title='bbox 699 5450 766 5507; x_wconf 89' lang='lat' dir='ltr'><strong>ad</strong></span> <span class='ocrx_word' id='word_1_546' title='bbox 799 5451 1146 5507; x_wconf 91' lang='lat' dir='ltr'><strong>homicidium</strong></span> <span class='ocrx_word' id='word_1_547' title='bbox 1179 5450 1484 5505; x_wconf 84' lang='lat' dir='ltr'><strong>faciendum</strong></span> <span class='ocrx_word' id='word_1_548' title='bbox 1517 5450 1880 5517; x_wconf 88' lang='lat' dir='ltr'><strong>consenserit,</strong></span> 
     </span>
    </p>
   </div>
   <div class='ocr_carea' id='block_1_94' title="bbox 377 5586 1223 5661">
    <p class='ocr_par' dir='ltr' id='par_1_94' title="bbox 377 5586 1223 5661">
     <span class='ocr_line' id='line_1_94' title="bbox 377 5586 1223 5661; baseline -0.005 -16"><span class='ocrx_word' id='word_1_549' title='bbox 377 5600 404 5629; x_wconf 80' lang='grc' dir='ltr'><strong>ι</strong></span> <span class='ocrx_word' id='word_1_550' title='bbox 442 5591 517 5645; x_wconf 87' lang='lat' dir='ltr'><strong>ita</strong></span> <span class='ocrx_word' id='word_1_551' title='bbox 546 5589 804 5661; x_wconf 91' lang='lat' dir='ltr'><strong>scriptum</strong></span> <span class='ocrx_word' id='word_1_552' title='bbox 831 5598 916 5645; x_wconf 89' lang='lat' dir='ltr'><strong>est</strong></span> <span class='ocrx_word' id='word_1_553' title='bbox 942 5602 1039 5661; x_wconf 87' lang='lat' dir='ltr'><strong>pro</strong></span> <span class='ocrx_word' id='word_1_554' title='bbox 1058 5586 1223 5644; x_wconf 72' lang='lat' dir='ltr'><strong>mut.</strong></span> 
     </span>
    </p>
   </div>
   <div class='ocr_carea' id='block_1_95' title="bbox 372 5654 1896 5732">
    <p class='ocr_par' dir='ltr' id='par_1_95' title="bbox 372 5654 1896 5732">
     <span class='ocr_line' id='line_1_95' title="bbox 372 5654 1896 5732; baseline -0.002 -15"><span class='ocrx_word' id='word_1_555' title='bbox 372 5661 404 5703; x_wconf 68' lang='grc' dir='ltr'>δ</span> <span class='ocrx_word' id='word_1_556' title='bbox 445 5663 496 5717; x_wconf 87' lang='lat' dir='ltr'><strong>Id</strong></span> <span class='ocrx_word' id='word_1_557' title='bbox 519 5674 603 5717; x_wconf 89' lang='lat' dir='ltr'><strong>est</strong></span> <span class='ocrx_word' id='word_1_558' title='bbox 630 5654 720 5730; x_wconf 63' lang='lat' dir='ltr'><strong>q&#39;ui</strong></span> <span class='ocrx_word' id='word_1_559' title='bbox 747 5670 909 5732; x_wconf 78' lang='lat' dir='ltr'><strong>grave</strong></span> <span class='ocrx_word' id='word_1_560' title='bbox 942 5654 1146 5719; x_wconf 75' lang='lat' dir='ltr'><strong>crimen</strong></span> <span class='ocrx_word' id='word_1_561' title='bbox 1190 5654 1409 5728; x_wconf 83' lang='lat' dir='ltr'><strong>carnale</strong></span> <span class='ocrx_word' id='word_1_562' title='bbox 1436 5654 1777 5713; x_wconf 75' lang='lat' dir='ltr'><strong>commiserit</strong></span> <span class='ocrx_word' id='word_1_563' title='bbox 1798 5696 1817 5725; x_wconf 88' lang='lat'><strong>,</strong></span> <span class='ocrx_word' id='word_1_564' title='bbox 1845 5656 1896 5714; x_wconf 85' lang='lat' dir='ltr'><strong>si</strong></span> 
     </span>
    </p>
   </div>
   <div class='ocr_carea' id='block_1_96' title="bbox 296 5733 815 5825">
    <p class='ocr_par' dir='ltr' id='par_1_96' title="bbox 296 5733 815 5825">
     <span class='ocr_line' id='line_1_96' title="bbox 296 5733 815 5825; baseline -0.002 -32"><span class='ocrx_word' id='word_1_565' title='bbox 296 5744 457 5825; x_wconf 59' lang='lat' dir='ltr'><strong>recte</strong></span> <span class='ocrx_word' id='word_1_566' title='bbox 481 5733 815 5804; x_wconf 74' lang='lat' dir='ltr'><strong>conjicimus.</strong></span> 
     </span>
    </p>
   </div>
   <div class='ocr_carea' id='block_1_97' title="bbox 2012 4530 2420 4591">
    <p class='ocr_par' dir='ltr' id='par_1_97' title="bbox 2012 4530 2420 4591">
     <span class='ocr_line' id='line_1_97' title="bbox 2012 4530 2420 4591; baseline 0.002 -18"><span class='ocrx_word' id='word_1_567' title='bbox 2012 4534 2154 4590; x_wconf 89' lang='lat' dir='ltr'><strong>pane</strong></span> <span class='ocrx_word' id='word_1_568' title='bbox 2183 4530 2237 4576; x_wconf 90' lang='lat' dir='ltr'><strong>et</strong></span> <span class='ocrx_word' id='word_1_569' title='bbox 2262 4534 2420 4591; x_wconf 90' lang='lat' dir='ltr'><strong>aqua.</strong></span> 
     </span>
    </p>
   </div>
   <div class='ocr_carea' id='block_1_98' title="bbox 2080 4611 3597 4689">
    <p class='ocr_par' dir='ltr' id='par_1_98' title="bbox 2080 4611 3597 4689">
     <span class='ocr_line' id='line_1_98' title="bbox 2080 4611 3597 4689; baseline 0 -23"><span class='ocrx_word' id='word_1_570' title='bbox 2080 4623 2158 4668; x_wconf 79' lang='lat' dir='ltr'><strong>vi.</strong></span> <span class='ocrx_word' id='word_1_571' title='bbox 2197 4612 2254 4668; x_wconf 90' lang='lat' dir='ltr'><strong>Si</strong></span> <span class='ocrx_word' id='word_1_572' title='bbox 2284 4614 2404 4684; x_wconf 86' lang='lat' dir='ltr'><strong>quis</strong></span> <span class='ocrx_word' id='word_1_573' title='bbox 2434 4612 2786 4682; x_wconf 89' lang='lat' dir='ltr'><strong>perjuraverit</strong></span> <span class='ocrx_word' id='word_1_574' title='bbox 2810 4654 2826 4679; x_wconf 96' lang='lat'><strong>,</strong></span> <span class='ocrx_word' id='word_1_575' title='bbox 2856 4620 3063 4682; x_wconf 90' lang='lat' dir='ltr'><strong>septem</strong></span> <span class='ocrx_word' id='word_1_576' title='bbox 3094 4624 3265 4665; x_wconf 88' lang='lat' dir='ltr'><strong>annos</strong></span> <span class='ocrx_word' id='word_1_577' title='bbox 3297 4611 3555 4689; x_wconf 65' lang='lat' dir='ltr'><strong>paniteat</strong></span> <span class='ocrx_word' id='word_1_578' title='bbox 3584 4655 3597 4678; x_wconf 77' lang='lat'><strong>,</strong></span> 
     </span>
    </p>
   </div>
   <div class='ocr_carea' id='block_1_99' title="bbox 2009 4704 3452 4776">
    <p class='ocr_par' dir='ltr' id='par_1_99' title="bbox 2009 4704 3452 4776">
     <span class='ocr_line' id='line_1_99' title="bbox 2009 4704 3452 4776; baseline -0.002 -13"><span class='ocrx_word' id='word_1_579' title='bbox 2009 4714 2121 4763; x_wconf 90' lang='lat' dir='ltr'><strong>tres</strong></span> <span class='ocrx_word' id='word_1_580' title='bbox 2153 4707 2204 4762; x_wconf 92' lang='lat' dir='ltr'><strong>in</strong></span> <span class='ocrx_word' id='word_1_581' title='bbox 2234 4723 2374 4774; x_wconf 90' lang='lat' dir='ltr'><strong>pane</strong></span> <span class='ocrx_word' id='word_1_582' title='bbox 2403 4717 2457 4763; x_wconf 92' lang='lat' dir='ltr'><strong>et</strong></span> <span class='ocrx_word' id='word_1_583' title='bbox 2482 4722 2642 4776; x_wconf 88' lang='lat' dir='ltr'><strong>aqua,</strong></span> <span class='ocrx_word' id='word_1_584' title='bbox 2674 4716 2727 4762; x_wconf 93' lang='lat' dir='ltr'><strong>et</strong></span> <span class='ocrx_word' id='word_1_585' title='bbox 2757 4720 3046 4776; x_wconf 84' lang='lat' dir='ltr'><strong>numquam</strong></span> <span class='ocrx_word' id='word_1_586' title='bbox 3073 4704 3221 4776; x_wconf 90' lang='lat' dir='ltr'><strong>juret</strong></span> <span class='ocrx_word' id='word_1_587' title='bbox 3247 4715 3452 4775; x_wconf 90' lang='lat' dir='ltr'><strong>postea.</strong></span> 
     </span>
    </p>
   </div>
   <div class='ocr_carea' id='block_1_100' title="bbox 2080 4800 3599 4877">
    <p class='ocr_par' dir='ltr' id='par_1_100' title="bbox 2080 4800 3599 4877">
     <span class='ocr_line' id='line_1_100' title="bbox 2080 4800 3599 4877; baseline 0.001 -20"><span class='ocrx_word' id='word_1_588' title='bbox 2080 4817 2174 4857; x_wconf 78' lang='lat' dir='ltr'><strong>vn.</strong></span> <span class='ocrx_word' id='word_1_589' title='bbox 2216 4802 2273 4859; x_wconf 88' lang='lat' dir='ltr'><strong>Si</strong></span> <span class='ocrx_word' id='word_1_590' title='bbox 2299 4802 2422 4873; x_wconf 87' lang='lat' dir='ltr'><strong>quis</strong></span> <span class='ocrx_word' id='word_1_591' title='bbox 2440 4811 2664 4859; x_wconf 83' lang='lat' dir='ltr'><strong>coaetus</strong></span> <span class='ocrx_word' id='word_1_592' title='bbox 2685 4810 2778 4858; x_wconf 89' lang='lat' dir='ltr'><strong>aut</strong></span> <span class='ocrx_word' id='word_1_593' title='bbox 2803 4801 3055 4863; x_wconf 73' lang='lat' dir='ltr'><strong>nesciens</strong></span> <span class='ocrx_word' id='word_1_594' title='bbox 3082 4800 3465 4877; x_wconf 66' lang='lat' dir='ltr'><strong>perjuraverit,</strong></span> <span class='ocrx_word' id='word_1_595' title='bbox 3489 4810 3599 4860; x_wconf 75' lang='lat' dir='ltr'><strong>tres</strong></span> 
     </span>
    </p>
   </div>
   <div class='ocr_carea' id='block_1_101' title="bbox 2005 4895 2993 4966">
    <p class='ocr_par' dir='ltr' id='par_1_101' title="bbox 2005 4895 2993 4966">
     <span class='ocr_line' id='line_1_101' title="bbox 2005 4895 2993 4966; baseline -0.002 -16"><span class='ocrx_word' id='word_1_596' title='bbox 2005 4909 2177 4950; x_wconf 85' lang='lat' dir='ltr'><strong>annos</strong></span> <span class='ocrx_word' id='word_1_597' title='bbox 2204 4897 2482 4966; x_wconf 70' lang='lat' dir='ltr'><strong>paeniteat,</strong></span> <span class='ocrx_word' id='word_1_598' title='bbox 2512 4910 2678 4949; x_wconf 82' lang='lat' dir='ltr'><strong>unum</strong></span> <span class='ocrx_word' id='word_1_599' title='bbox 2702 4895 2755 4949; x_wconf 89' lang='lat' dir='ltr'><strong>in</strong></span> <span class='ocrx_word' id='word_1_600' title='bbox 2786 4909 2925 4964; x_wconf 84' lang='lat' dir='ltr'><strong>pane</strong></span> <span class='ocrx_word' id='word_1_601' title='bbox 2947 4904 2993 4948; x_wconf 79' lang='grc' dir='ltr'><strong>ο.</strong></span> 
     </span>
    </p>
   </div>
   <div class='ocr_carea' id='block_1_102' title="bbox 2080 4984 3602 5059">
    <p class='ocr_par' dir='ltr' id='par_1_102' title="bbox 2080 4984 3602 5059">
     <span class='ocr_line' id='line_1_102' title="bbox 2080 4984 3602 5059; baseline 0.001 -18"><span class='ocrx_word' id='word_1_602' title='bbox 2080 5003 2194 5042; x_wconf 76' lang='lat' dir='ltr'><strong>vni.</strong></span> <span class='ocrx_word' id='word_1_603' title='bbox 2238 4988 2297 5043; x_wconf 92' lang='lat' dir='ltr'><strong>Si</strong></span> <span class='ocrx_word' id='word_1_604' title='bbox 2325 4988 2452 5058; x_wconf 93' lang='lat' dir='ltr'><strong>quid</strong></span> <span class='ocrx_word' id='word_1_605' title='bbox 2480 4985 2683 5043; x_wconf 86' lang='lat' dir='ltr'><strong>furtum</strong></span> <span class='ocrx_word' id='word_1_606' title='bbox 2720 4987 2949 5059; x_wconf 90' lang='lat' dir='ltr'><strong>capitale</strong></span> <span class='ocrx_word' id='word_1_607' title='bbox 2995 4984 3202 5054; x_wconf 82' lang='lat' dir='ltr'><strong>fecerit,</strong></span> <span class='ocrx_word' id='word_1_608' title='bbox 3232 4984 3602 5058; x_wconf 74' lang='lat' dir='ltr'><strong>quadrupedis</strong></span> 
     </span>
    </p>
   </div>
   <div class='ocr_carea' id='block_1_103' title="bbox 2004 5078 3595 5153">
    <p class='ocr_par' dir='ltr' id='par_1_103' title="bbox 2004 5078 3595 5153">
     <span class='ocr_line' id='line_1_103' title="bbox 2004 5078 3595 5153; baseline 0.002 -19"><span class='ocrx_word' id='word_1_609' title='bbox 2004 5078 2089 5135; x_wconf 88' lang='lat' dir='ltr'><strong>vel</strong></span> <span class='ocrx_word' id='word_1_610' title='bbox 2112 5092 2266 5137; x_wconf 83' lang='lat' dir='ltr'><strong>casas</strong></span> <span class='ocrx_word' id='word_1_611' title='bbox 2294 5079 2550 5153; x_wconf 73' lang='lat' dir='ltr'><strong>fregerit,</strong></span> <span class='ocrx_word' id='word_1_612' title='bbox 2583 5080 2823 5153; x_wconf 83' lang='lat' dir='ltr'><strong>quinque</strong></span> <span class='ocrx_word' id='word_1_613' title='bbox 2847 5096 3020 5138; x_wconf 85' lang='lat' dir='ltr'><strong>annos</strong></span> <span class='ocrx_word' id='word_1_614' title='bbox 3068 5080 3322 5153; x_wconf 61' lang='lat' dir='ltr'><strong>paniteat</strong></span> <span class='ocrx_word' id='word_1_615' title='bbox 3344 5125 3360 5151; x_wconf 87' lang='lat'><strong>,</strong></span> <span class='ocrx_word' id='word_1_616' title='bbox 3394 5088 3508 5136; x_wconf 86' lang='lat' dir='ltr'><strong>tres</strong></span> <span class='ocrx_word' id='word_1_617' title='bbox 3536 5078 3595 5137; x_wconf 84' lang='lat' dir='ltr'><strong>in</strong></span> 
     </span>
    </p>
   </div>
   <div class='ocr_carea' id='block_1_104' title="bbox 2078 5186 2163 5227">
    <p class='ocr_par' dir='ltr' id='par_1_104' title="bbox 2078 5186 2163 5227">
     <span class='ocr_line' id='line_1_104' title="bbox 2078 5186 2163 5227; baseline 0.024 -2"><span class='ocrx_word' id='word_1_618' title='bbox 2078 5186 2163 5227; x_wconf 70' lang='grc' dir='ltr'><strong>ιω.</strong></span> 
     </span>
    </p>
   </div>
   <div class='ocr_carea' id='block_1_105' title="bbox 2005 5187 3591 5341">
    <p class='ocr_par' dir='ltr' id='par_1_105' title="bbox 2005 5187 3591 5341">
     <span class='ocr_line' id='line_1_105' title="bbox 2078 5187 2163 5227; baseline 0.024 -2"><span class='ocrx_word' id='word_1_619' title='bbox 2078 5187 2163 5227; x_wconf 81' lang='lat' dir='ltr'><strong>ne.</strong></span> 
     </span>
     <span class='ocr_line' id='line_1_106' title="bbox 2005 5187 3591 5341; baseline 0 -20"><span class='ocrx_word' id='word_1_620' title='bbox 2005 5187 2144 5321; x_wconf 63' lang='lat' dir='ltr'><strong>patr.</strong></span> <span class='ocrx_word' id='word_1_621' title='bbox 2190 5263 2245 5324; x_wconf 91' lang='lat' dir='ltr'><strong>Si</strong></span> <span class='ocrx_word' id='word_1_622' title='bbox 2273 5266 2392 5338; x_wconf 90' lang='lat' dir='ltr'><strong>quis</strong></span> <span class='ocrx_word' id='word_1_623' title='bbox 2415 5265 2679 5323; x_wconf 82' lang='lat' dir='ltr'><strong>maleficio</strong></span> <span class='ocrx_word' id='word_1_624' title='bbox 2705 5280 2803 5324; x_wconf 88' lang='lat' dir='ltr'><strong>suo</strong></span> <span class='ocrx_word' id='word_1_625' title='bbox 2832 5267 3034 5339; x_wconf 89' lang='lat' dir='ltr'><strong>aliquid</strong></span> <span class='ocrx_word' id='word_1_626' title='bbox 3064 5264 3377 5341; x_wconf 80' lang='lat' dir='ltr'><strong>perdiderit,</strong></span> <span class='ocrx_word' id='word_1_627' title='bbox 3403 5266 3591 5322; x_wconf 81' lang='lat' dir='ltr'><strong>decem</strong></span> 
     </span>
    </p>
   </div>
   <div class='ocr_carea' id='block_1_106' title="bbox 1998 5359 2890 5431">
    <p class='ocr_par' dir='ltr' id='par_1_106' title="bbox 1998 5359 2890 5431">
     <span class='ocr_line' id='line_1_107' title="bbox 1998 5359 2890 5431; baseline 0.002 -18"><span class='ocrx_word' id='word_1_628' title='bbox 1998 5371 2169 5415; x_wconf 89' lang='lat' dir='ltr'><strong>annos</strong></span> <span class='ocrx_word' id='word_1_629' title='bbox 2201 5359 2474 5429; x_wconf 81' lang='lat' dir='ltr'><strong>paeniteat,</strong></span> <span class='ocrx_word' id='word_1_630' title='bbox 2507 5364 2619 5417; x_wconf 85' lang='lat' dir='ltr'><strong>tres</strong></span> <span class='ocrx_word' id='word_1_631' title='bbox 2649 5359 2703 5415; x_wconf 90' lang='lat' dir='ltr'><strong>in</strong></span> <span class='ocrx_word' id='word_1_632' title='bbox 2732 5374 2890 5431; x_wconf 87' lang='lat' dir='ltr'><strong>pane.</strong></span> 
     </span>
    </p>
   </div>
   <div class='ocr_carea' id='block_1_107' title="bbox 2071 5446 3594 5523">
    <p class='ocr_par' dir='ltr' id='par_1_107' title="bbox 2071 5446 3594 5523">
     <span class='ocr_line' id='line_1_108' title="bbox 2071 5446 3594 5523; baseline 0 -18"><span class='ocrx_word' id='word_1_633' title='bbox 2071 5466 2125 5507; x_wconf 80' lang='grc' dir='ltr'>ιι.</span> <span class='ocrx_word' id='word_1_634' title='bbox 2164 5450 2222 5508; x_wconf 89' lang='lat' dir='ltr'><strong>Si</strong></span> <span class='ocrx_word' id='word_1_635' title='bbox 2254 5451 2376 5523; x_wconf 86' lang='lat' dir='ltr'><strong>quis</strong></span> <span class='ocrx_word' id='word_1_636' title='bbox 2405 5466 2506 5523; x_wconf 92' lang='lat' dir='ltr'><strong>pro</strong></span> <span class='ocrx_word' id='word_1_637' title='bbox 2533 5465 2720 5508; x_wconf 82' lang='lat' dir='ltr'><strong>amore</strong></span> <span class='ocrx_word' id='word_1_638' title='bbox 2742 5453 3063 5508; x_wconf 79' lang='lat' dir='ltr'><strong>veneﬁcium</strong></span> <span class='ocrx_word' id='word_1_639' title='bbox 3094 5448 3304 5515; x_wconf 74' lang='lat' dir='ltr'><strong>fecerit,</strong></span> <span class='ocrx_word' id='word_1_640' title='bbox 3335 5455 3392 5507; x_wconf 84' lang='lat' dir='ltr'><strong>et</strong></span> <span class='ocrx_word' id='word_1_641' title='bbox 3420 5446 3594 5506; x_wconf 81' lang='lat' dir='ltr'><strong>nemi-</strong></span> 
     </span>
    </p>
   </div>
   <div class='ocr_carea' id='block_1_108' title="bbox 1999 5586 3591 5730">
    <p class='ocr_par' dir='ltr' id='par_1_108' title="bbox 1999 5586 3591 5730">
     <span class='ocr_line' id='line_1_109' title="bbox 1999 5586 3591 5730; baseline 0.004 -89"><span class='ocrx_word' id='word_1_642' title='bbox 1999 5586 2515 5730; x_wconf 53' lang='lat' dir='ltr'><strong>qzaSupplendum</strong></span> <span class='ocrx_word' id='word_1_643' title='bbox 2557 5586 2769 5645; x_wconf 86' lang='lat' dir='ltr'><strong>videtur</strong></span> <span class='ocrx_word' id='word_1_644' title='bbox 2796 5587 2887 5644; x_wconf 89' lang='lat' dir='ltr'><strong>hie</strong></span> <span class='ocrx_word' id='word_1_645' title='bbox 2931 5596 2986 5644; x_wconf 90' lang='lat' dir='ltr'><strong>et</strong></span> <span class='ocrx_word' id='word_1_646' title='bbox 3024 5590 3077 5643; x_wconf 91' lang='lat' dir='ltr'><strong>ln</strong></span> <span class='ocrx_word' id='word_1_647' title='bbox 3121 5588 3503 5658; x_wconf 82' lang='lat' dir='ltr'><strong>sequentibus,</strong></span> <span class='ocrx_word' id='word_1_648' title='bbox 3540 5596 3591 5648; x_wconf 76' lang='grc' dir='ltr'><strong>ιι</strong></span> 
     </span>
    </p>
   </div>
  </div>
