4076 6348
495 256 600 315 575

491 392 612 436 nem
642 374 953 448 perdiderit,
982 380 1092 431 tres
1121 385 1290 429 annos
1318 370 1591 442 painiteat.
1620 380 1785 423 unum
1837 364 1892 420 in
1927 375 2064 428 pane
2106 356 2165 419 Δ

490 476 547 525 α
562 481 733 616 :3";
758 560 880 629 quis
916 556 1133 613 mulieri
1157 519 1368 626 partum
1395 553 1690 623 deceperit,
1720 566 1813 607 sex
1844 546 2077 619 quadra-

491 665 653 721 genas
681 658 804 722 agat
830 651 883 704 in
913 663 1063 718 pane.

563 759 659 798 xit.
700 743 755 798 Si
780 741 901 812 quis
929 739 1163 796 clericus
1201 739 1288 794 vel
1316 738 1537 806 superio
1564 735 1763 806 gradus
1782 774 1799 798 ,
1829 732 1919 803 qui
1949 745 2081 786 uxo-

492 845 604 890 rem
631 833 831 899 habuit,
858 840 912 887 et
942 840 1061 900 post
1086 830 1345 884 honorem
1372 828 1565 883 iterum
1594 841 1712 881 eam
1743 823 2078 893 cognoverit,

495 925 632 981 sciat
658 941 715 979 se
745 925 1062 979 adulterium
1104 923 1458 977 commisisse.
1494 919 1736 976 Clericus
1764 929 1789 957 ⁸·
1824 927 2076 989 quatuor,

492 1016 748 1073 diaconus
778 1034 892 1085 sex,
926 1017 1175 1072 sacerdos
1201 1025 1433 1085 septem,
1456 1016 1740 1085 episcopus
1766 1013 2075 1081 duodecim,

496 1109 688 1180 singuli
717 1110 767 1163 in
801 1124 936 1178 pane
963 1118 1016 1163 et
1043 1122 1176 1179 aqua
1204 1108 1354 1177 juxta
1376 1108 1621 1162 ordinem
1647 1122 1825 1161 suum.

568 1214 685 1254 xm.
726 1199 927 1269 Siquis
955 1213 1076 1255 cum
1104 1198 1541 1253 sanctaemoniale
1589 1197 1675 1252 vel
1726 1198 1835 1252 Deo
1878 1196 2069 1251 devota

498 1288 866 1355 fornicaverit,
900 1288 1272 1360 unusquisque
1302 1290 1581 1359 superiore
1619 1288 1884 1362 sententia
1926 1287 2079 1358 juxta

500 1380 741 1437 ordinem
772 1396 927 1436 suum
956 1382 1225 1451 paeniteat.

562 1491 670 1532 xlv.
695 1476 752 1533 Si
775 1478 892 1547 quis
921 1492 1052 1533 vero
1074 1485 1291 1547 propter
1313 1476 1797 1546 concupiscentiam
1814 1515 1831 1542 ,
1856 1476 1934 1531 vel
1960 1474 2079 1530 libi-

491 1566 671 1623 dinem
702 1569 938 1639 seipsum
971 1568 1340 1634 fornicaverit,
1371 1584 1534 1622 unum
1569 1582 1765 1622 annum
1800 1568 2073 1636 paeniteat.

562 1674 651 1713 xv.
692 1659 749 1715 Si
775 1660 897 1731 quis
924 1661 1234 1731 sepulcrum
1268 1660 1572 1725 violaverit,
1621 1661 1856 1730 quinque
1907 1675 2078 1716 annos

490 1752 761 1820 paniteat.

566 1860 676 1899 xw.
718 1844 773 1901 Si
819 1846 939 1914 quis
984 1845 1319 1914 concupiscit
1369 1847 1672 1913 mulierem,
1721 1854 1776 1901 et
1824 1859 1930 1899 non
1962 1846 2075 1900 vult

490 1949 608 1991 eam
634 1936 930 2007 suscipere,
957 1952 1119 1991 unum
1153 1952 1349 1991 annum
1371 1938 1639 2007 pteniteat.

565 2042 697 2083 xvn.
737 2028 793 2084 Si
824 2028 941 2099 quis
972 2028 1373 2095 eucharistiam,
1401 2044 1595 2098 corpus
1630 2028 1863 2095 Domini,
1896 2030 2077 2099 negle—

422 2128 423 2131 ‘
493 2121 633 2177 xerit
658 2122 1081 2191 autperdiderit,
1135 2138 1299 2177 unum
1342 2136 1541 2177 annum
1583 2122 1857 2193 paeniteat.
1894 2123 1950 2180 Si
1983 2138 2081 2193 per

491 2212 803 2269 ebrietatem
827 2226 917 2270 aut
945 2216 1293 2270 voracitatem
1337 2213 1484 2269 illum
1513 2216 1763 2281 vomerit,
1800 2226 1908 2270 tres
1942 2232 2075 2285 qua-

490 2306 821 2379 dragesimas
852 2312 903 2365 in
936 2326 1073 2381 pane
1125 2320 1182 2367 et
1208 2325 1368 2383 aqua.
1401 2313 1457 2368 Si
1507 2327 1637 2369 vero
1666 2326 1761 2382 per
1790 2310 2077 2366 iulirmita-

492 2411 623 2470 tem,
655 2420 757 2460 una
783 2404 1115 2463 hebdomada
1141 2408 1194 2462 in
1226 2422 1363 2477 pane
1394 2415 1448 2459 et
1479 2419 1635 2475 aqua.

562 2514 714 2555 xvnt.
757 2499 812 2554 Si
834 2500 953 2570 quis
981 2501 1230 2565 clericus,
1255 2509 1347 2554 aut
1370 2513 1504 2553 uxor
1525 2512 1643 2566 sua,
1668 2497 1749 2551 vel
1776 2496 2083 2565 cujuscum-

492 2602 597 2660 que
624 2588 877 2646 infantem
909 2593 1262 2662 oppresserit,
1292 2600 1401 2646 tres
1432 2606 1602 2646 annos
1630 2590 1897 2659 paeniteat,
1917 2604 2079 2644 unum

492 2681 546 2740 in
580 2700 735 2756 pane.

564 2794 676 2833 xix.
718 2778 775 2836 Si
803 2780 920 2851 quis
950 2796 1079 2837 vero
1108 2782 1384 2838 maleficus
1430 2781 1687 2838 inmissor
1718 2784 2074 2853 tempestatis,

498 2878 705 2939 septem
731 2884 901 2927 annos
932 2872 1206 2941 paeniteat,
1242 2882 1351 2929 tres
1379 2873 1432 2929 in
1456 2888 1590 2943 pane
1610 2883 1663 2929 et
1682 2889 1839 2944 aqua.

566 2978 653 3017 xx.
674 2962 753 3040 ,ει
794 2965 912 3032 quis
955 2974 1133 3019 autem
1166 2965 1465 3020 membrum
1498 2966 1773 3020 voluntate
1796 2974 2081 3021 truncave-

498 3054 591 3125 rit,
621 3057 855 3127 quinque
886 3072 1058 3113 annos
1087 3059 1355 3128 paeniteat.

1240 248 1581 310 APPENDI'X
1627 249 1719 305 AD
1756 245 1985 303 ΟΜΖ-ΒΑ
2043 241 2100 297 S.
2156 240 2462 300 GERMAM
2519 244 2960 304 PARISIENSIS.

3667 251 3782 305 576

2259 376 2426 415 xxvu.
2470 362 2525 417 Si
2557 360 2676 430 quis
2704 361 2770 415 ad
2800 361 3021 417 arbores
3052 363 3135 417 vel
3174 364 3240 417 ad
3281 366 3455 420 fontes
3504 377 3597 421 aut
3644 382 3783 421 can-

2184 455 2369 521 cellos,
2400 456 2488 510 vel
2518 455 2863 525 ubicumque,
2890 457 2991 511 nisi
3026 457 3080 511 in
3110 459 3360 526 ecclesia,
3395 470 3573 516 votum
3600 476 3772 517 vove-

2183 545 2275 613 rit,
2296 554 2386 599 aut
2415 546 2655 612 solverit,
2682 554 2794 601 tres
2823 562 2991 601 annos
3026 549 3294 618 paeniteat,
3339 567 3502 606 unum
3548 554 3599 607 in
3632 568 3777 623 pane

2183 645 2235 691 et
2282 652 2441 708 aqua,
2489 638 2610 707 quia
2644 640 2744 695 hoc
2771 640 3111 711 sacrilegium
3156 652 3257 697 est.
3310 644 3378 698 Et
3424 646 3516 714 qui
3566 646 3778 705 ibidem

2182 729 2479 785 comederit
2508 741 2600 785 aut
2624 730 2849 798 biberit,
2881 749 3045 787 unum
3074 750 3274 789 annum
3309 735 3585 805 paniteat.

2258 838 2446 877 xxvnt.
2484 822 2538 878 Si
2570 824 2689 892 quis
2709 824 2960 891 clericus,
3000 838 3281 895 postquam
3308 842 3369 883 se
3400 829 3512 884 Deo
3535 833 3777 898 voverit,

2181 914 2374 971 iterum
2410 916 2475 970 ad
2516 916 2775 971 seculum
2804 933 3050 973 reversus
3077 920 3258 987 fuerit,
3290 921 3373 977 vel
3402 938 3627 979 uxorem
3662 926 3771 980 du-

2182 1008 2320 1062 xerit
2359 1004 2410 1072 ά,
2442 1006 2723 1063 duodecim
2754 1024 2923 1064 annos
2964 1011 3233 1078 paeniteat,
3286 1028 3380 1067 sex
3429 1015 3481 1069 in
3515 1032 3663 1085 pane
3716 1026 3779 1072 es

2181 1113 2338 1168 aqua,
2370 1107 2425 1154 et
2462 1115 2749 1169 numquam
2800 1101 2852 1155 in
2886 1101 3135 1170 conjugio
3186 1106 3486 1173 copuletur.
3520 1107 3680 1173 Quod
3728 1108 3784 1163 si

2182 1191 2469 1261 noluerint,
2518 1203 2705 1248 sancta
2750 1192 2905 1248 sedes
2955 1195 3251 1262 apostolica
3277 1198 3552 1267 separavit
3595 1215 3697 1255 eos
3743 1216 3785 1257 ι

2179 1286 2557 1340 communione
2595 1292 2925 1340 Sanctorum.
2979 1285 3245 1343 Similiter
3290 1299 3345 1342 et
3394 1290 3589 1346 mulier
3620 1302 3784 1361 post-

2180 1396 2339 1451 quam
2371 1396 2430 1436 se
2463 1380 2574 1436 Deo
2607 1380 2768 1447 vovit,
2803 1389 2857 1437 et
2896 1381 3000 1434 tale
3026 1383 3204 1437 scelus
3247 1382 3553 1450 admiserit,
3586 1385 3785 1442 simili-

2184 1487 2264 1531 ter
2294 1475 2470 1530 faciat.

2254 1583 2403 1624 xxix.
2446 1567 2501 1622 Si
2524 1568 2644 1635 quis
2672 1566 2959 1623 falsitatem
2987 1567 3340 1637 commiserit,
3364 1577 3573 1639 septem
3594 1584 3778 1628 annos

2184 1660 2456 1729 paeniteat,
2485 1668 2593 1715 tres
2623 1660 2675 1713 in
2707 1674 2861 1729 pane.

2105 1754 2153 1815 B
2253 1768 2386 1806 xxx.
2426 1752 2480 1808 Si
2512 1752 2631 1822 quis
2655 1766 2777 1807 cum
2805 1751 3167 1823 quadrupedia
3190 1751 3562 1822 fornicavertt,
3590 1756 3640 1811 si
3668 1758 3785 1813 cle-

2183 1846 2345 1911 ricus,
2365 1847 2500 1902 duos
2527 1861 2716 1909 annos.
2758 1846 3016 1901 diaconus
3044 1847 3304 1917 quinque,
3339 1848 3625 1919 presbyter
3646 1863 3785 1919 sep-

2182 1948 2310 2005 tem,
2348 1940 2631 2009 episcopus
2658 1940 2867 1994 decem.

2252 2050 2400 2087 xxxi.
2444 2032 2499 2087 Si
2532 2034 2649 2104 quis
2678 2031 2944 2088 Kalendas
2988 2031 3271 2088 Januarias
3317 2033 3370 2088 in
3414 2033 3656 2099 cervolo,
3691 2033 3781 2094 vel

2182 2128 2348 2183 vicola
2374 2137 2397 2166 ε
2430 2127 2594 2193 vadit,
2621 2136 2729 2183 tres
2758 2141 2926 2182 annos
2955 2127 3229 2196 paeniteat.

2254 2236 2417 2275 xxxii.
2462 2219 2519 2276 Si
2547 2220 2663 2289 quis
2691 2220 2881 2274 mulier
2904 2234 3151 2275 avorsum
3200 2218 3388 2277 iecerit
3434 2220 3768 2289 voluntarie,

2185 2320 2293 2368 tres
2316 2327 2483 2367 annos
2509 2314 2776 2383 paeniteat,
2806 2328 2969 2367 unum
2998 2312 3052 2367 in
3084 2328 3221 2384 pane
3243 2322 3297 2371 et
3326 2328 3484 2384 aqua.

2254 2444 2445 2484 xxxiii.
2489 2429 2544 2484 Si
2574 2430 2692 2498 quis
2724 2444 2817 2497 per
2839 2428 3232 2484 invocationem
3259 2429 3566 2485 daemonum
3589 2429 3774 2485 homi-

2184 2540 2311 2579 num
2344 2535 2552 2579 mentes
2576 2524 2782 2587 tulerit,
2809 2524 3045 2594 quinque
3072 2540 3243 2580 annos
3268 2508 3537 2595 pretiitea't.

2254 2632 2435 2671 xxxiv.
2479 2617 2534 2672 Si
2556 2616 2673 2684 quis
2703 2615 2963 2686 virginem
2999 2617 3080 2670 vel
3128 2616 3344 2669 viduam
3377 2628 3564 2686 raptus
3597 2616 3780 2684 fuerit,

2185 2719 2295 2766 tres
2324 2724 2493 2765 annos
2516 2709 2789 2779 paeniteat,
2818 2725 2980 2763 unum
3004 2710 3055 2764 in
3091 2722 3227 2779 pane
3248 2720 3305 2765 et
3331 2725 3487 2781 aqua.

2256 2842 2415 2882 xxxv.
2459 2828 2514 2882 Si
2543 2826 2663 2895 quis
2692 2825 2949 2881 dilaturas
3004 2825 3210 2891 fecerit,
3258 2826 3400 2895 quod
3445 2826 3775 2883 deteStabile

2183 2932 2289 2988 est,
2318 2921 2598 2991 superiore
2627 2920 2894 2976 sententia
2934 2918 3232 2990 subiaceat.

2255 3030 2439 3070 xxxvi.
2480 3015 2536 3070 Si
2586 3013 2706 3083 quis
2736 3028 2953 3068 servum
2984 3013 3069 3068 vel
3098 3012 3544 3083 qualemcumque
3600 3016 3778 3067 homi-

1413 3150 1440 3189 ι,
1471 3151 1844 3222 undecumque
1884 3167 2078 3223 81086-
2103 3139 2153 3203 c
2184 3126 2306 3166 nem
2353 3110 2405 3215 in
2458 3109 2825 3181 captivitatem
2856 3108 3091 3174 duxerit,
3126 3118 3234 3165 tres
3276 3124 3447 3165 annos
3494 3108 3773 3180 paniteat,

498 3242 588 3309 rit,
618 3250 727 3297 tres
751 3257 922 3299 annos
953 3243 1224 3313 paeniteat,
1257 3259 1418 3297 unum
1444 3245 1563 3297 in...

566 3349 700 3389 xxn.
742 3334 797 3391 Si
851 3335 971 3403 quis
1003 3351 1097 3405 per
1145 3343 1460 3405 potestatem
1488 3344 1579 3389 aut
1605 3336 1883 3405 quodlibet
1928 3337 2079 3407 inge-

492 3426 641 3483 nium
684 3442 771 3483 res
813 3427 1015 3484 alienas
1062 3429 1201 3483 malo
1248 3428 1439 3484 ordine
1487 3429 1764 3496 invaserit,
1796 3429 2080 3499 superiore

492 3519 755 3576 sententia
787 3522 1055 3590 paeniteat.

562 3627 713 3668 xxttt.
754 3611 810 3667 Si
840 3613 959 3683 quis
992 3612 1327 3684 sacrilegium
1352 3612 1563 3677 fecerit,
1614 3613 1755 3682 quod
1800 3614 2078 3683 aruspices

491 3713 702 3770 vocant,
725 3706 769 3760 si
796 3719 891 3775 per
918 3720 1047 3761 aves
1078 3714 1170 3760 aut
1191 3705 1375 3776 aguria
1406 3703 1610 3771 colunt,
1644 3704 1731 3760 vel
1760 3703 1828 3759 ad
1867 3704 2079 3759 divina-

491 3796 665 3854 tiones
690 3813 876 3855 eorum
905 3798 1131 3867 vadunt,
1174 3797 1412 3869 quinque
1449 3810 1618 3853 annos
1652 3796 1925 3867 paeniteat,
1968 3809 2076 3855 tres

492 3892 545 3950 in
576 3909 714 3964 pane
743 3903 799 3950 et
823 3909 984 3963 aqua.

564 4002 711 4042 xxiv.
755 3985 813 4042 Si
841 3987 959 4056 quis
986 3987 1214 4043 clericus
1260 3986 1565 4057 proximum
1595 4003 1749 4043 suum
1792 4004 2075 4059 percusse-

489 4078 584 4146 rit,
613 4089 668 4136 et
687 4081 998 4151 sanguinem
1032 4077 1253 4145 fuderit,
1278 4092 1385 4134 uno
1413 4078 1663 4148 paeniteat
1691 4092 1853 4135 anno.

565 4186 689 4228 xxv.
731 4171 788 4230 Si
808 4173 926 4243 quis
960 4173 1103 4228 malo
1146 4171 1334 4228 ordine
1356 4169 1602 4241 cupidus.
1632 4181 1723 4226 aut
1750 4187 1961 4239 avarus,
1986 4183 2077 4229 aut

491 4264 777 4336 superbus,
820 4272 913 4320 aut
956 4263 1294 4327 tenebrosus,
1340 4270 1435 4318 aut
1464 4264 1681 4318 fratrem
1713 4279 1870 4319 suum
1902 4264 2071 4338 [odio]

491 4356 761 4424 habuerit,
791 4366 900 4413 tres
926 4371 1099 4412 annos
1120 4356 1384 4426 paniteat.

563 4469 710 4510 xxvr.
751 4452 947 4525 Siquis
973 4462 1149 4509 sortes
1185 4461 1208 4490 ο
1240 4460 1547 4509 sanctorum
1586 4462 1773 4509 contra
1804 4454 2068 4511 rationem

2185 3219 2346 3261 unum
2379 3204 2431 3259 in
2463 3219 2621 3274 pane.

2255 3312 2459 3352 xxxvii.
2499 3298 2557 3353 Si
2607 3296 2729 3367 quis
2770 3296 2986 3350 domum
3029 3294 3113 3351 vel
3164 3309 3343 3350 aream
3394 3295 3780 3366 cujuscumque

2184 3390 2304 3460 igne
2334 3389 2675 3452 cremaverit,
2701 3387 2977 3455 superiore
3007 3389 3274 3443 sententia
3308 3388 3579 3457 paeniteat.

2254 3496 2477 3535 xxxvm.
2519 3480 2576 3537 Si
2604 3481 2725 3549 quis
2766 3479 2965 3548 aliquid
3005 3478 3074 3534 de
3103 3478 3406 3533 ministerio
3430 3490 3635 3535 sancta:
3684 3494 3773 3535 ec-

2180 3576 2359 3633 clesia:
2383 3575 2705 3630 fraudaverit
2733 3574 2815 3629 vel
2851 3574 3184 3645 neglexerit,
3226 3582 3434 3644 septem
3462 3588 3634 3629 annos
3666 3590 3774 3643 pa:-

2183 3672 2368 3736 niteat,
2404 3681 2511 3725 tres
2537 3670 2589 3723 in
2616 3684 2775 3739 pane.

2255 3779 2439 3818 xxxix.
2484 3761 2586 3829 Qui
2613 3761 2821 3830 pruritu
2850 3760 3145 3815 voluntatis
3191 3761 3411 3815 fluvium
3457 3761 3661 3831 patitur
3689 3776 3777 3816 se-

2181 3858 2363 3924 minis,
2392 3867 2445 3913 et
2484 3872 2579 3927 per
2602 3871 2850 3911 somnum
2883 3854 3116 3924 pollutus
3145 3856 3462 3922 peccaverit,
3498 3866 3688 3923 surgat
3720 3863 3776 3910 et

2180 3964 2300 4009 oret
2329 3954 2395 4007 ad
2426 3952 2615 4013 Deum,
2648 3958 2826 4005 cantet
2854 3959 3058 4017 septem
3094 3948 3348 4017 psalmos,
3380 3957 3435 4004 et
3475 3948 3565 4003 die
3595 3948 3688 4002 illo
3718 3948 3769 4003 in

2181 4061 2321 4118 pane
2341 4055 2397 4101 et
2419 4061 2553 4116 aqua
2590 4046 2763 4109 vivat;
2786 4052 2842 4098 et
2868 4044 3057 4098 iterum
3102 4053 3260 4097 canat
3290 4042 3507 4112 triginta
3539 4042 3779 4110 psalmos

2182 4142 2235 4195 in
2267 4152 2451 4204 cruce,
2482 4145 2539 4192 et
2568 4135 2633 4190 ad
2662 4136 2832 4190 altare
2862 4148 2969 4189 non
2996 4133 3218 4191 accedat
3245 4148 3413 4202 usque
3442 4148 3622 4188 mane.

2254 4272 2341 4310 ιι..
2382 4254 2436 4309 Si
2471 4268 2566 4322 per
2596 4266 2841 4307 somnum
2875 4249 3175 4317 peccaverit
3209 4247 3360 4319 quasi
3399 4262 3521 4303 cum
3551 4246 3779 4317 femina,

2182 4347 2367 4419 viginti
2398 4347 2634 4416 quinque
2664 4344 2897 4415 psalmos
2924 4351 3124 4398 cantet.

2254 4476 2363 4516 xu.
2406 4460 2460 4515 Si
2492 4474 2555 4514 ex
2586 4458 2910 4527 cogitatione
2932 4470 3029 4525 per
3052 4470 3300 4513 somnum
3333 4455 3567 4525 pollutus
3588 4454 3777 4523 fuerit,

490 4544 826 4615 invocat,vel
844 4546 975 4602 alias
989 4553 1165 4602 sortes
1182 4546 1448 4614 habuerit,
1468 4556 1578 4604 tres
1602 4562 1772 4603 annos
1794 4548 2071 4621 pteniteat,
2115 4548 2160 4607 D
2187 4553 2493 4627 quindecim
2527 4551 2759 4622 psalmos
2789 4550 2953 4605 dicat.

489 4656 657 4699 unum
686 4642 739 4698 in
769 4658 905 4714 pane
929 4651 984 4698 et
1012 4657 1168 4713 aqua.

561 4812 589 4843 ι
621 4804 794 4859 Locus
819 4804 1193 4859 observatione
1222 4801 1411 4872 dignus
1434 4800 1503 4856 de
1526 4800 1853 4872 continentia
1905 4801 2074 4855 cleri-

488 4889 699 4941 corum,
747 4876 908 4930 etiam
938 4889 1123 4928 eorum
1153 4874 1242 4941 qui
1274 4870 1541 4942 conjugati
1568 4880 1742 4927 erant.
1772 4870 2072 4927 Concilium

489 4945 821 5015 Africanum,
864 4959 893 4998 a
937 4944 1195 4999 Zacharia
1224 4945 1477 5015 pontilice
1504 4943 1734 4998 relatum
1764 4944 1817 4997 in
1838 4943 2073 5015 epistola

489 5016 524 5072 9
552 5016 617 5071 ad
647 5014 918 5086 Pipinum,
963 5031 1083 5085 cap.
1113 5018 1200 5080 Η,
1228 5014 1467 5070 minores
1510 5015 1737 5069 clericos
1785 5014 1852 5068 ad
1905 5017 2077 5069 couti-

493 5088 727 5144 nentiam
752 5102 857 5142 non
883 5086 1040 5156 cogit,
1068 5088 1155 5141 sed
1185 5087 1461 5140 secundum
1489 5087 1891 5157 uniuscujusque
1910 5086 2074 5140 eccle-

490 5161 584 5217 sia:
604 5155 1021 5216 consuetudinem
1051 5158 1303 5213 observari
1330 5158 1510 5211 debere
1531 5155 1721 5212 sancit.
1772 5155 2073 5211 Concilium

490 5230 902 5296 Matisconense,
933 5245 1053 5285 can.
1100 5230 1187 5296 ll,
1216 5230 1563 5283 honoratiores
1600 5237 1806 5283 tantum
1838 5229 2071 5292 clericos,

492 5303 544 5357 id
570 5311 654 5360 est
683 5298 934 5374 majores,
964 5301 1112 5374 adid
1134 5300 1432 5374 adstringit.
1467 5300 1716 5374 Fortasse
1745 5298 2075 5374 hicclcrico-

494 5390 611 5430 rum
668 5369 883 5430 nomine
922 5369 1242 5429 subdiaconi
1281 5382 1587 5433 censentur,
1640 5370 1708 5424 de
1753 5369 1947 5440 quibus
1992 5369 2077 5422 vi-

492 5446 691 5517 denda,
721 5444 965 5517 Gregorii
1015 5445 1192 5517 magni
1248 5442 1473 5517 epistola
1538 5442 1763 5517 ﬂulib.
1807 5457 1845 5494 t.
1884 5440 2081 5517 Confer

496 5517 639 5642 .Petri
668 5509 910 5572 ι)εωὶἇυί
937 5509 1353 5588 ΟριιεοῖιιιιιῐιἺ,
1380 5529 1411 5568 a
1452 5528 1571 5585 cap.
1606 5513 1674 5568 10
1697 5522 1751 5567 et
1791 5527 1939 5566 num.
1986 5509 2080 5577 28,

496 5603 548 5642 In
574 5602 651 5642 ra.

494 5602 651 5644 Inll‘a.

566 5658 592 5696 δ
636 5660 702 5735 Et
739 5658 827 5735 hic
856 5660 1003 5716 locus
1031 5658 1401 5735 observandus
1446 5665 1634 5735 contra
1666 5668 1875 5735 usuras,
1928 5652 2074 5735 nulla

496 5734 769 5788 mentione
801 5728 938 5786 facta
965 5732 1201 5786 solorum
1224 5729 1565 5786 clericorum.
1595 5726 1794 5782 Confer
1816 5726 2077 5795 paeniten-

497 5802 624 5859 tiale
647 5801 984 5872 Cuiumeani,
1014 5816 1135 5874 cap.
1168 5802 1224 5871 8,
1258 5800 1352 5858 ubi
1393 5799 1650 5857 usurariis
1677 5807 1905 5871 quatuor
1951 5797 2076 5855 auni

2257 4664 2386 4705 xui.
2429 4646 2484 4701 Si
2528 4620 2600 4702 ex
2644 4658 2869 4714 corpore
2899 4644 3104 4715 repleto
3129 4620 3364 4712 pollutus
3409 4637 3593 4707 fuerit,
3627 4638 3776 4696 psal-

2188 4786 2514 4854 poenitentia:
2536 4780 2899 4854 imponuntur.
2920 4776 3109 4854 Exstat
3124 4788 3258 4854 culi
3285 4772 3537 4843 operibus
3556 4771 3777 4829 Colum-

2182 4842 2305 4913 bani
2337 4853 2587 4909 editionis
2615 4842 2967 4904 Lovaniensis
2996 4862 3086 4901 an.
3117 4842 3278 4901 1667.

2261 4937 2283 4967 ο
2326 4927 2509 4981 Sortes
2548 4919 2810 4992 ejusmodi
2862 4918 3061 4974 fiebant
3092 4933 3185 4986 per
3212 4930 3396 4973 sacros
3441 4914 3675 4984 codices,
3705 4924 3769 4970 ut

2183 5008 2367 5055 notum
2390 5006 2491 5052 83L

2251 5069 2279 5108 ἀ
2321 5070 2445 5123 llaec
2465 5066 2653 5121 iisdem
2673 5063 2843 5119 ferme
2862 5060 3041 5118 verbis
3063 5060 3301 5131 reperies
3326 5059 3380 5114 in
3399 5057 3773 5115 Pmnitentiali
3798 5104 3805 5115 .

2178 5140 2511 5207 Cutntneani,
2544 5152 2663 5206 cap.
2694 5138 2746 5190 5.

2256 5222 2280 5251 ε
2323 5200 2626 5279 Legeudnm
2655 5207 2887 5271 videtur,
2909 5203 3067 5259 vitola
3098 5217 3198 5279 pro
3222 5202 3405 5279 vitula,
3438 5211 3497 5279 ut
3529 5202 3579 5255 in
3612 5200 3776 5279 variis

2183 5287 2335 5340 locis.
2390 5271 2445 5336 Γιι
2495 5294 2743 5335 sermone
2797 5288 2974 5331 tamen
3030 5273 3201 5328 sancti
3244 5272 3484 5327 Pirniinii
3536 5287 3565 5325 a
3616 5271 3775 5325 nobis

2181 5357 2350 5421 edito,
2380 5353 2552 5423 qualis
2581 5362 2664 5405 est
2685 5351 2739 5404 in
2765 5349 2960 5423 Codice
3011 5343 3364 5423 Einsidletisi,
3397 5342 3600 5423 legitur_
3631 5343 3777 5396 vehi-

2186 5413 2350 5493 culas,
2383 5413 2528 5480 tonio
2554 5423 2612 5477 IV
2646 5421 2915 5503 Διιιιὴείῑι.2
2956 5433 3075 5488 pag.
3096 5414 3230 5498 iisti.
3272 5414 3436 5470 Forte
3460 5413 3600 5539 q)uod
3644 5429 3772 5495 pro-

2188 5502 2501 5539 hiImI-pnlnr
2526 5502 2857 5539 vmlalmnes
2902 5507 2953 5539 In
2990 5489 3247 5539 Vt‘thllllS
3292 5501 3409 5539 nua:
3440 5500 3468 5538 a
3538 5484 3772 5539 homini-

2188 5484 2501 5557 liiberentur
2526 5495 2857 5550 vectationes
2902 5484 2970 5544 in'
2990 5484 3247 5542 vehiculis
3292 5501 3409 5557 qua;
3440 5484 3507 5539 ab
3538 5484 3773 5557 homini-

2188 5554 2636 5637 basin-Speciem
2669 5578 2923 5637 pecorum
2955 5558 3267 5637 compositis
3308 5554 3773 5637 trahebantur._l_t_i

2183 5628 2495 5722 praefatis-ie
2523 5640 2591 5722 ds
2621 5628 3451 5722 ᾼέευευριίρυξΒεέιξὲΐὶξῖἓξέψ
3475 5628 3768 5722 ιὲἑλειέδὲί

2186 5698 2326 5791 ῖιιιιβ.
2351 5712 2473 5770 edit.
2500 5712 2599 5767 col.
2631 5708 2735 5764 M7
2765 5698 2931 5776 init.),
2964 5698 3155 5774 legitur
3181 5700 3428 5757 reiectum
3481 5714 3576 5770 pro
3630 5698 3795 5767 vehis

2186 5791 2379 5850 culum.
