4076 6348
345 370 448 429 5'77

342 504 462 548 mos
502 490 783 545 duodecim
810 489 970 554 dicat,
997 499 1051 544 et
1080 489 1165 544 die
1194 489 1284 543 illo
1309 485 1538 556 jejunet.

416 573 566 641 xuii.
607 583 664 642 Sl
697 600 817 654 quis
861 583 1180 638 sacrificium
1211 596 1310 652 per
1338 578 1723 650 negligentiam
1747 576 1930 647 perdt-

345 679 504 743 derit,
539 691 646 732 uno
669 692 811 732 anno
832 676 1108 747 paeniteat.

420 783 560 824 thv.
603 768 671 822 Et
699 768 791 837 qui
815 768 1108 837 neglexerit
1143 766 1487 832 sacrificium,
1517 770 1574 819 et
1601 778 1632 818 a
1654 761 1929 817 vermibus

344 869 697 915 consumatur
721 869 769 926 ει,
794 859 1013 914 dimidio
1030 874 1172 914 anno
1187 861 1436 930 paeniteat
1461 859 1512 911 in
1533 870 1669 926 pane
1689 864 1750 910 et
1771 868 1934 924 aqua.

347 953 417 1007 Et
445 954 616 1023 ipsum
647 953 703 1008 in
746 952 869 1022 igne
892 952 1256 1016 comburatur,
1295 960 1350 1007 et
1391 949 1684 1005 abscondat
1729 947 1939 1003 cineres

346 1048 448 1102 sub
477 1047 662 1102 altare.

421 1152 543 1192 va.
584 1137 689 1205 Qui
733 1150 914 1194 autem
943 1140 1154 1195 miserit
1185 1155 1280 1210 per
1316 1138 1618 1209 neglectum
1645 1137 1699 1193 in
1726 1136 1941 1193 sacrifi-

343 1231 486 1286 cium
516 1229 567 1297 b,
596 1229 943 1302 quadraginta
972 1231 1158 1285 diebus
1184 1230 1452 1295 pmniteat.

417 1337 560 1376 XLVI.
599 1319 868 1377 Sacerdos
895 1322 983 1391 qui
1006 1320 1184 1389 offert,
1214 1331 1270 1376 et
1291 1321 1552 1377 ceciderit
1582 1318 1651 1374 de
1695 1319 1940 1373 manibus

342 1413 462 1484 ejus
507 1414 846 1470 Eucltaristia
908 1416 962 1469 in
1017 1424 1176 1480 terra,
1229 1425 1280 1469 et
1333 1430 1440 1470 non
1490 1414 1754 1469 invenerit
1799 1427 1939 1476 eam,

343 1521 507 1577 scopa
535 1506 732 1563 munda
763 1516 951 1576 scopet
976 1517 1032 1563 et
1060 1509 1340 1562 comburat
1379 1509 1524 1579 igne,
1559 1517 1614 1562 et
1640 1505 1939 1562 abscondat

342 1599 552 1654 cineres
581 1599 700 1668 eius
729 1600 830 1655 sub
872 1599 1042 1654 altare
1071 1600 1125 1653 in
1157 1607 1407 1667 terrahet
1430 1597 1711 1652 dimidium
1740 1612 1938 1651 annum

342 1691 614 1761 paeniteat.
644 1690 702 1748 Si
745 1699 924 1747 autem
965 1691 1230 1747 invenerit
1264 1691 1465 1755 locum,
1499 1689 1748 1744 similiter
1782 1689 1942 1743 faciat

343 1793 398 1841 et
423 1784 676 1856 paeniteat
701 1785 1053 1855 quadraginta
1092 1785 1304 1840 diebus.
1337 1785 1392 1840 Si
1432 1792 1610 1837 autem
1660 1797 1829 1852 usque
1874 1781 1941 1834 ad

347 1877 519 1932 altare
564 1876 840 1941 ceciderit,
873 1892 978 1931 uno
1010 1875 1096 1932 die
1127 1877 1398 1946 pzeniteat.
1435 1874 1490 1930 Si
1536 1889 1666 1928 vero
1701 1872 1942 1926 declina-
1975 1891 2017 1950 Β

343 1971 478 2026 verit
506 1971 559 2025 in
591 1978 757 2037 terra,
789 1970 966 2042 lingua
998 1986 1092 2025 sua
1126 1970 1312 2040 lingat.
1345 1969 1405 2026 Si
1429 1968 1592 2024 fuerit
1621 1968 1822 2033 tabula,
1847 1981 1932 2021 ra-

345 2058 456 2114 dat.
493 2059 550 2116 Si
580 2075 686 2114 non
717 2061 894 2124 fuerit,
947 2060 1125 2116 mittat
1157 2061 1416 2124 tabulam,
1442 2069 1500 2113 ut
1525 2073 1628 2113 non
1659 2059 1936 2114 conculce-

343 2157 433 2203 tur
462 2151 677 2220 sanguis
704 2149 926 2216 Christi,
966 2151 1322 2222 quadraginta
1375 2151 1585 2206 diebus.
1641 2149 1699 2205 Si
1755 2159 1932 2205 autem

343 2253 507 2310 super
527 2240 696 2297 altare
718 2241 973 2296 ceciderit
995 2242 1162 2311 stilla,
1178 2242 1397 2297 sorbeat
1418 2241 1585 2304 illam,
1609 2248 1664 2295 et
1688 2248 1799 2294 tres
1822 2240 1936 2294 dies

345 2335 619 2404 paeniteat.
644 2333 701 2390 Si
725 2335 970 2404 exegerit
998 2349 1092 2404 per
1123 2336 1344 2390 linteum
1373 2334 1437 2388 ad
1474 2334 1660 2394 alium,
1690 2347 1783 2386 sex
1815 2331 1933 2385 die-

344 2424 445 2479 bus
459 2427 715 2496 paeniteat
737 2427 791 2482 in
813 2441 984 2498 pane;
1012 2438 1067 2482 et
1087 2427 1133 2482 si
1159 2427 1226 2482 ad
1251 2428 1486 2492 tertium,
1516 2436 1720 2494 septem
1745 2424 1936 2479 diebus

344 2520 631 2588 paeniteat;
665 2519 738 2574 ita
781 2528 843 2574 ut
886 2529 1051 2589 ponat
1078 2521 1302 2576 calicem
1343 2521 1443 2574 sub
1475 2518 1808 2584 linteamina,
1855 2515 1940 2572 ef-

345 2609 530 2665 fundat
557 2624 750 2680 aquam
773 2610 942 2668 tribus
975 2612 1206 2679 vicibus,
1236 2621 1291 2667 et
1317 2611 1484 2667 bibat.
1521 2610 1580 2666 Si
1613 2609 1826 2679 quando
1856 2609 1938 2664 in-

418 2814 444 2843 η
471 2803 568 2859 Vel
595 2804 724 2860 hinc
763 2812 912 2874 patet
955 2805 1348 2862 Eucharistiam
1377 2820 1472 2875 per
1498 2819 1562 2860 ea
1598 2813 1860 2871 tempora,
1885 2804 1939 2860 id

345 2884 427 2932 est
448 2884 572 2931 ante
601 2876 748 2943 mille
785 2892 974 2943 annos,
1010 2879 1063 2932 in
1105 2878 1352 2932 viaticum
1397 2878 1730 2931 inﬁrmorum
1761 2890 1940 2930 asser-

343 2955 522 3001 vatam
547 2947 728 3002 fuisse.

414 3017 441 3056 δ
480 3017 655 3072 Locus
696 3017 979 3074 obscurus.
1032 3017 1318 3073 Crederem
1371 3017 1652 3086 legendum
1704 3018 1932 3072 amiserit

344 3088 673 3156 sacriﬁcium,
702 3088 801 3143 nisi
835 3089 1087 3143 articulus
1111 3088 1179 3142 45
1202 3090 1358 3144 aliter
1378 3089 1649 3142 suaderet.

419 3169 442 3198 ο
487 3159 540 3213 ld
567 3166 682 3222 est,
714 3160 756 3213 si
788 3160 1050 3214 cantando
1090 3161 1417 3214 titubaverit.
1450 3157 1825 3224 Cummeanus,
1879 3159 1929 3212 in

344 3244 459 3298 cap.
491 3230 557 3286 15
590 3247 601 3282 :
638 3229 700 3283 Si
725 3232 1012 3284 titubaverit
1045 3232 1282 3284 sacerdos
1312 3245 1467 3297 super
1505 3230 1792 3283 orationem
1826 3227 1929 3282 Do-

343 3278 601 3366 Esaiae;
638 3278 1007 3369 atati-tt;
1047 3278 1936 3370 saetigerae:aenigmate
1963 3278 2009 3342 C

622 369 1061 430 SACRAMENT.
1095 366 1360 425 GALLlC.
1389 394 1461 409 —
1487 363 1698 423 RATIO
1734 361 2228 422 INSTITUTIONIS
2265 361 2595 422 CURSUUM
2635 359 3343 425 ECCLESIASTICORUM.

1963 489 2015 548 Α
2041 481 2146 539 fert
2189 484 2434 550 calicem,
2479 494 2532 539 et
2574 484 2821 540 ell‘uderit
2873 485 2925 540 in
2975 487 3406 552 terram,decem
3436 487 3634 545 diebus

3472 328 3476 330 ’
3523 363 3631 424 5'78

2048 577 2296 645 paeniteat
2324 579 2375 631 in
2407 592 2543 646 pane
2565 588 2618 632 et
2646 592 2799 646 aqua.

2114 684 2278 723 mn.
2319 669 2373 725 Si
2405 672 2691 726 tutoaverit
2720 681 2740 710 ε
2773 670 3024 726 sacerdos
3063 687 3228 743 super
3248 665 3489 730 oratione
3517 673 3628 730 Do-

2043 761 2259 830 minica,
2286 761 2372 816 die
2402 775 2509 816 uno
2532 761 2585 816 in
2616 777 2752 833 pane
2781 773 2835 817 et
2855 779 3011 833 aqua.
3043 765 3142 832 Qui
3169 774 3346 820 autem
3375 781 3623 822 commu-

2044 853 2302 908 nicaverit
2333 855 2603 909 inconsius
2627 851 2678 920 ά,
2721 864 2924 925 septem
2975 855 3166 912 diebus
3219 857 3489 926 pamiteat.
3530 856 3635 925 Qui

2043 958 2141 1016 per
2188 946 2541 1015 ignorantiam
2591 948 3085 1014 communicaverit,
3136 963 3233 1004 sex
3273 949 3466 1005 diebus
3523 961 3636 1020 pat-

2046 1045 2233 1092 mleah
2515 1109 2682 1160 Oratio
2705 1121 2857 1172 super
2879 1111 3173 1173 poenitente.

2120 1212 2285 1269 Deum
2340 1214 2760 1285 omnipotentem
2811 1229 2875 1270 ac
2925 1216 3352 1282 misericordem,
3405 1219 3494 1287 qui
3529 1230 3634 1274 non

2045 1305 2407 1362 vultmortem
2434 1318 2796 1375 peccatorum,
2829 1308 2923 1364 sed
2960 1319 3015 1364 ut
3043 1319 3425 1365 convertantur
3464 1318 3518 1365 et
3552 1313 3635 1367 vi-

2049 1409 2197 1466 vant,
2242 1399 2436 1456 fratres
2476 1401 2763 1468 carissimi,
2806 1402 3195 1472 deprecemur;
3230 1412 3286 1458 ut
3316 1405 3380 1457 ad
3417 1405 3630 1460 veniam

2047 1501 2246 1546 rectam
2273 1492 2502 1548 famulus
2529 1504 2648 1550 tuus
2677 1494 2753 1548 ill.
2787 1494 3167 1550 misericordia:
3206 1496 3418 1550 veniam
3455 1496 3635 1565 propi-

2047 1586 2220 1639 ciatus
2252 1585 2544 1655 indulgeat,
2598 1587 2641 1641 si
2673 1603 2772 1656 qua
2817 1597 2942 1642 sunt
2969 1589 3243 1657 culparum
3269 1603 3485 1642 suarum
3515 1602 3636 1642 om-

2048 1679 2192 1734 nium
2230 1680 2473 1749 vulnera,
2498 1696 2615 1750 qua:
2649 1690 2768 1750 post
2797 1682 2934 1735 sacri
2970 1682 3164 1736 lavacri
3193 1681 3390 1736 undam
3422 1689 3634 1736 contra~

2049 1772 2151 1840 xit,
2185 1772 2256 1826 ita
2286 1773 2337 1827 in
2365 1772 2463 1828 hac
2490 1774 2700 1841 publica
2746 1775 3085 1830 confessione
3124 1775 3316 1830 delicta
3347 1783 3632 1842 sanentur,

2047 1873 2105 1918 ut
2145 1864 2285 1918 nulla
2333 1865 2641 1922 cicatricum
2673 1867 2821 1938 signa
2852 1876 3188 1924 remaneant.
3221 1869 3322 1924 Per
3344 1866 3632 1923 Dominum

2045 1964 2287 2012 nostrum
2300 1999 2312 2012 .

2708 2031 2834 2081 Item
2857 2031 2967 2082 alia.

2114 2131 2365 2187 Salvator
2385 2130 2777 2204 Redemtorque
2809 2143 3014 2201 noster,
3047 2135 3135 2204 qui
3167 2151 3271 2190 non
3313 2137 3485 2191 solum
3513 2149 3630 2207 pte-

2041 2224 2354 2288 nitentibus,
2389 2224 2482 2279 sed
2517 2227 2676 2280 etiam
2710 2243 2899 2282 omnes
2923 2228 3011 2298 qui
3043 2242 3142 2283 nec
3171 2238 3297 2283 ante
3321 2230 3503 2284 venire
3532 2243 3629 2286 σιμ

2041 2317 2211 2386 piunt,
2242 2319 2451 2370 veniam
2485 2319 2743 2387 prapitius
2769 2329 2822 2374 et
2863 2320 3152 2375 miserator
3199 2320 3460 2390 indulges,
3501 2335 3628 2390 sup-

2041 2408 2204 2478 plices
2246 2424 2554 2478 quaesumus
2595 2429 2606 2463 :
2649 2419 2708 2465 ut
2757 2412 2896 2466 hunc
2942 2412 3196 2467 famulum
3240 2425 3384 2467 tuum
3437 2413 3514 2467 ill.
3559 2412 3627 2469 ad

2045 2503 2288 2572 corporis
2314 2503 2653 2573 etsanguinis
2673 2505 2744 2558 tui
2770 2505 3184 2572 communionis,
3209 2506 3410 2561 indulta
3453 2506 3628 2574 venia,

2047 2597 2316 2653 caelestem
2339 2598 2764 2655 benedictionem
2796 2599 3069 2666 perducat.
3096 2598 3217 2655 Per.

2046 2816 2174 2856 vero
2226 2799 2590 2856 Columbani:
2643 2802 2706 2858 Si
2758 2802 3038 2857 decantatis
3089 2806 3341 2872 psalmum
3393 2805 3631 2862 titubauec

2046 2874 2131 2937 rit,
2157 2882 2262 2928 etc.

2119 2942 2145 2979 ἀ
2181 2945 2341 3012 Quasi
2363 2945 2565 3017 diceret
2593 2945 2863 3017 conscius,
2904 2947 2989 3017 cui
3041 2945 3290 3013 ignorans
3315 2949 3624 3017 opponitur.

2039 3013 2420 3082 Cummeanus,
2475 3016 2524 3068 in
2583 3016 2688 3070 ﬁne
2741 3031 2858 3085 cap.
2892 3016 2997 3072 15:
3035 3017 3135 3081 Qui
3185 3013 3631 3077 communicaveril

2040 3087 2354 3160 sacriﬁcium
2383 3088 2649 3160 inconscii,
2675 3096 2865 3160 septem
2894 3089 3002 3141 dies
3025 3089 3283 3158 paeniteat.
3311 3089 3630 3160 Quicumque

2040 3158 2445 3231 alicui__capitalc
2475 3158 2665 3210 crimen
2695 3159 2990 3211 udmittenti
3020 3161 3491 3226 communicaverit,
3515 3158 3628 3231 sep-

2042 3238 2140 3282 tem
2170 3228 2274 3282 dies
2306 3229 2562 3297 paeniteat.

965 3546 1190 3595 RATIO
1228 3541 1754 3594 INSI'I'I'U’I’IONIS
1792 3539 1938 3590 (IIII

2037 3538 2137 3589 UB!
2178 3537 2930 3592 IOOLEIIASTICOBUM
2971 3544 3017 3591 ⁸.

413 3763 727 3820 Audivimus
749 3762 962 3818 dicente
991 3761 1258 3831 scriptura
1295 3773 1392 3830 pro
1413 3758 1555 3830 quali
1577 3759 1774 3816 virtute
1802 3776 1930 3816 can-

344 3866 529 3914 tantur
555 3872 743 3913 omnes
767 3871 979 3913 cursus.

414 3949 673 4006 Nocturni
693 3958 976 4004 cantantur
999 3960 1096 4017 pro
1123 3947 1210 4001 illa
1233 3945 1455 4012 virtute,
1483 3957 1639 4015 quam
1669 3943 1797 3998 fecit
1829 3942 1933 3999 Do-

342 4043 520 4099 minus
579 4042 792 4113 quando
857 4041 1097 4097 ostendit
1154 4038 1507 4110 primogenita
1569 4036 1808 4107 Egypti,
1881 4044 1935 4090 et

342 4135 556 4207 quando
576 4135 758 4190 eduxit
789 4133 1032 4200 Paulum,
1070 4141 1123 4187 et
1152 4131 1350 4187 Sileam
1397 4129 1464 4185 de
1499 4144 1718 4184 carcere
1747 4128 1933 4204 clauso

341 4227 510 4284 foras.
569 4227 638 4282 Et
691 4227 759 4282 de
810 4228 911 4282 hoc
963 4227 1100 4282 dixit
1150 4224 1525 4294 Evangelista:
1559 4223 1730 4278 Media
1780 4231 1936 4278 nocte

342 4322 546 4377 clamor
588 4322 759 4380 factus
810 4333 924 4388 est,
977 4335 1104 4378 ecce
1144 4336 1373 4388 sponsus
1433 4320 1600 4385 venit,
1653 4319 1796 4374 exite
1840 4319 1936 4374 ob-

342 4427 483 4470 vtam
512 4427 582 4469 el.

2109 3763 2285 3818 Tertia
2312 3776 2440 3818 vero
2465 3761 2807 3834 crucifigitur.
2845 3762 2907 3818 Et
2935 3763 3062 3818 hora
3096 3762 3254 3818 tertia
3292 3763 3370 3819 sic
3393 3762 3624 3822 dessem

2036 3854 2115 3909 dit
2138 3855 2367 3924 Spiritus
2409 3863 2630 3911 sanctus
2675 3871 2838 3924 super
2882 3857 3184 3925 apostolos,
3231 3857 3448 3928 quando
3475 3857 3619 3915 dixit

2038 3946 2332 4003 Dominus:
2366 3947 2608 4018 Accipite
2655 3949 2909 4018 Spiritum
2951 3957 3215 4019 sanctum,
3247 3965 3474 4020 quorum
3525 3953 3640 4010 de-.

2038 4041 2291 4097 miseritis
2313 4050 2553 4111 peccata,
2585 4042 2816 4098 demissa
2848 4053 3005 4109 sunt;
3042 4053 3095 4100 et
3122 4060 3349 4115 quorum
3375 4047 3620 4105 retinue-

2040 4134 2177 4202 ritis,
2207 4141 2414 4189 retenta
2445 4144 2585 4190 sunt.

2113 4226 2272 4282 Sexta
2303 4242 2430 4282 vero
2453 4225 2586 4282 hora
2624 4230 2701 4284 sic
2728 4230 2969 4287 ascendit
2999 4231 3255 4287 Dominus
3285 4233 3339 4289 in
3382 4247 3623 4307 crucem,

2040 4320 2120 4375 sic
2148 4319 2383 4375 tenebrat
2414 4320 2566 4376 factae
2610 4331 2734 4377 sunt
2766 4338 2936 4393 usque
2968 4325 3034 4379 ad
3078 4325 3261 4382 horam
3303 4343 3523 4383 nonam.
3557 4329 3626 4387 Et

2042 4419 2167 4465 tunc
2211 4412 2420 4466 vocavit
2465 4411 2724 4467 Dominus
2772 4413 2988 4469 Saulum
3046 4417 3259 4486 quando
3311 4428 3624 4487 persecutor

418 4546 435 4563 .
480 4544 496 4562 .
540 4547 555 4562 .
599 4546 615 4562 .
659 4547 673 4562 .
716 4547 732 4562 .
779 4544 795 4562 .
840 4548 856 4564 .
898 4513 1087 4564 cantus
1133 4520 1234 4576 pro
1275 4506 1376 4562 hoc
1423 4513 1669 4560 cantatur
1713 4504 1934 4574 quando
1960 4495 2153 4559 Derat
2178 4501 2626 4571 Christianorum,
2676 4515 2730 4561 et
2775 4508 2948 4563 dixit:
2979 4509 3160 4574 Saule,
3186 4509 3346 4564 Saule
3370 4511 3494 4580 quid
3531 4528 3618 4568 me

343 4599 552 4666 negavit
576 4608 799 4654 sanctus
828 4599 1017 4655 Petrus
1065 4613 1127 4654 ac
1160 4600 1461 4669 passionem
1488 4598 1734 4664 Domini,
1763 4606 1816 4652 et
1845 4612 1930 4653 re-

342 4688 584 4743 cordavit
612 4699 796 4759 postea
824 4690 889 4744 ad
932 4727 948 4744 .
993 4729 1008 4743 .
1053 4729 1067 4742 .
1113 4730 1126 4745 .
1175 4729 1188 4744 .
1234 4728 1248 4744 .
1290 4703 1517 4757 corpore
1551 4688 1689 4742 sani.
1737 4729 1749 4742 .
1793 4728 1808 4742 .
1852 4727 1867 4743 .
1911 4729 1925 4744 .

415 4779 780 4853 [Matutinum]
811 4796 906 4850 pro
935 4780 1037 4837 hoc
1066 4789 1329 4846 cantatur,
1350 4780 1472 4850 quia
1498 4780 1752 4836 Dominus
1774 4795 1930 4836 mane

339 4872 594 4938 surrexit,
627 4881 681 4927 et
702 4872 833 4927 dixit
863 4873 1188 4944 evangelista
1219 4890 1232 4925 :
1266 4871 1448 4926 Prima
1483 4879 1660 4926 autem
1707 4871 1929 4926 Sabbati

339 4961 504 5020 Maria
532 4964 841 5033 Magdelene
875 4966 1023 5019 venit
1068 4979 1245 5029 mane,
1297 4978 1420 5019 cum
1469 4962 1643 5017 adhuc
1693 4961 1929 5016 tenebrae

338 5063 558 5120 essent;
590 5055 744 5111 tertia
772 5056 860 5112 die
891 5055 1192 5111 resurrexit
1243 5069 1365 5124 quae
1408 5052 1629 5108 lucescit
1659 5050 1724 5105 ad
1759 5052 1928 5120 prima

337 5148 580 5204 Sabbati.
631 5147 766 5216 Quia
812 5157 868 5204 et
902 5148 1096 5217 angeli,
1141 5155 1197 5202 et.
1245 5146 1513 5209 homines,
1545 5154 1600 5199 et
1629 5157 1776 5208 aves,
1807 5158 1927 5213 quae

335 5241 495 5313 iussit
521 5255 685 5312 super
714 5251 934 5303 terram,
974 5255 1164 5296 omnes
1208 5242 1259 5294 in
1308 5240 1395 5294 illa
1431 5241 1560 5294 hora
1589 5238 1754 5292 Deum
1785 5252 1922 5293 con-

335 5335 579 5389 laudant.
633 5343 688 5389 et
733 5344 858 5391 tunc
903 5327 1109 5389 an'imas
1155 5333 1417 5402 justorum
1469 5331 1558 5402 qui
1615 5331 1666 5384 in
1717 5329 1928 5386 inferno

337 5435 515 5492 erant,
565 5427 620 5482 in
668 5428 782 5497 ipsa
809 5426 1211 5482 resurrectione
1254 5423 1532 5489 liberavit,
1584 5422 1710 5493 quia
1769 5437 1926 5478 mane

335 5517 589 5572 surrexit.

411 5608 591 5664 Prima
634 5618 811 5666 autem
856 5624 954 5681 pro
995 5608 1122 5680 quid
1150 5605 1432 5662 cantatur?
1461 5605 1593 5674 Quia
1649 5613 1776 5661 tunc
1825 5604 1928 5660 fuit

336 5701 594 5756 consilius
639 5701 796 5756 datus
843 5710 1028 5758 contra
1077 5700 1272 5756 Filium
1321 5697 1438 5763 Dei,
1486 5696 1754 5766 quomodo
1801 5711 1924 5753 eum

337 5792 628 5861 perderent
659 5793 853 5850 Judmi.

2037 4597 2406 4666 persequeris?
2436 4596 2504 4651 Et
2533 4607 2658 4654 tunc
2677 4601 2822 4654 venit
2848 4614 2948 4654 vox
2980 4600 3045 4653 ad
3076 4599 3380 4656 Cornelium
3404 4605 3622 4674 quando

2033 4689 2186 4756 dixit,
2215 4690 2427 4746 Corneli
2457 4692 2703 4747 exaudita
2752 4702 2832 4747 est
2876 4693 3187 4762 deprecatio
3235 4705 3344 4762 tua,
3379 4707 3436 4752 et
3465 4699 3615 4755 elce-

2033 4798 2270 4854 mosyme
2301 4793 2405 4838 tua:
2432 4785 2790 4841 ascenderunt
2820 4800 3000 4841 coram
3043 4803 3148 4842 me.

2103 4875 2253 4930 Nona
2285 4890 2414 4932 vero
2447 4876 2577 4931 hora
2605 4878 2684 4933 sic
2727 4878 2909 4933 emisit
2956 4880 3224 4948 spiritum,
3249 4891 3306 4938 et
3333 4884 3409 4940 sic
3435 4895 3619 4941 osten.

2030 4980 2148 5022 sum
2180 4977 2262 5023 est
2288 4983 2383 5025 vas
2409 4977 2598 5025 sancto
2625 4970 2806 5039 Petro,
2838 4972 2928 5028 ubi
2959 4970 3190 5029 habebat
3219 4979 3398 5033 omnia
3421 4980 3624 5035 munda

2030 5070 2084 5118 et
2126 5061 2432 5127 immunda,
2472 5063 2560 5119 sic.
2587 5063 2721 5121 dixit
2765 5064 2988 5137 angelus
3025 5085 3036 5120 :
3068 5066 3241 5139 Surge
3293 5070 3472 5138 Petre,
3523 5087 3622 5128 co-

2029 5152 2204 5208 mede.
2935 5171 2944 5180 α

2105 5245 2388 5302 Undecima
2416 5260 2544 5304 vero
2569 5247 2650 5306 sic
2676 5253 2907 5306 eainavit
2935 5265 3056 5308 cum
3086 5253 3368 5321 apostolis,
3401 5257 3622 5325 quando

2025 5339 2287 5410 jejunavit
2306 5341 2654 5413 quadraginta
2675 5343 2865 5399 diebus
2889 5353 2943 5399 et
2974 5344 3322 5415 quadraginta
3349 5347 3622 5403 noctibus.

2103 5442 2425 5500 Duodecima
2453 5460 2584 5502 vero
2613 5447 2690 5503 sic
2713 5446 2954 5504 ascendit
2997 5448 3336 5504 Dominus‘in
3376 5460 3616 5508 montem

2028 5536 2216 5593 Oliveti
2240 5554 2414 5604 orare,
2438 5548 2492 5596 et
2515 5542 2636 5610 quia
2666 5551 2813 5612 gutta
2848 5543 3122 5611 sanguinis
3159 5546 3212 5598 in
3243 5545 3442 5601 sudore
3466 5547 3610 5603 ceci-

2029 5629 2126 5698 dit,
2158 5642 2372 5703 propter
2395 5633 2525 5688 illud
2549 5634 2691 5703 quod
2746 5634 2812 5689 ad
2862 5634 3032 5690 Adam
3062 5635 3263 5692 dictum
3303 5637 3482 5694 fuerat
3509 5655 3524 5696 :
3554 5639 3614 5697 In

2029 5725 2224 5782 sudore
2253 5726 2430 5782 vultus
2458 5727 2531 5781 tui
2563 5727 2798 5784 vesceris
2831 5742 3045 5799 panem.
3078 5727 3358 5788 Eertct'r.

397 5923 885 6001 'h'Hunc'titulum,
912 5932 1007 6003 qui
1035 5920 1321 5990 in‘Codice
1347 5919 1452 6001 legi
1497 5943 1602 5986 non
1631 5936 1828 6001 potest,
1855 5926 1925 5985 de
1948 5932 2146 5984 nostro
2169 5916 2532 5996 apposuimus.
