4076 6348
226 484 328 541 581
1023 480 1087 538 ΙΝ
1127 479 1699 540 ANTIPHONABIUM
1738 479 2155 540 MONASTERH
2195 481 2727 541 BENCHORENSIS.
3399 480 3504 540 582

222 593 406 654 minus
432 608 591 673 quam
636 601 902 649 trecentos
946 593 1190 650 homines
1219 594 1476 661 haberet,
1525 595 1616 666 qui
1645 608 1831 650 omnes
1857 593 1926 650 de
1955 597 2136 651 labore
2182 611 2434 652 manuum
2475 611 2688 652 suarum
2723 596 2900 653 vivere
2924 603 3184 651 solebant.
3236 614 3256 648 ι
3292 595 3497 654 Similia

224 687 391 741 habet
419 672 727 743 Gotselinus
755 685 1049 741 monachus
1079 686 1419 742 Bertiniauus
1449 688 1501 742 in
1541 686 1653 742 Vita
1692 687 1864 743 sancti
1894 688 2177 758 Augustini
2202 689 2453 745 Cantuar.
2494 689 2661 760 episc.
2694 688 2764 744 At
2792 689 2906 746 haec
2937 690 3112 760 potius
3142 697 3387 759 Spectare
3430 672 3498 745 ad

222 780 456 834 alterum
482 778 784 835 emnobium
817 779 1191 834 Benchorense
1224 781 1276 834 in
1308 780 1509 850 Anglia;
1541 782 1813 850 provincia
1836 780 2027 837 Wallia
2056 783 2288 853 positum
2308 825 2324 851 ,
2373 794 2568 856 praeter
2595 784 2730 839 alios
2759 784 3094 839 clarissimos
3143 785 3287 839 viros
3316 783 3503 838 Mahil-

224 869 407 926 ionius
453 872 740 926 arbitratur
769 871 820 926 in
852 871 992 925 notis
1020 870 1084 924 ad
1130 870 1396 925 laudatam
1442 871 1616 927 Vitam
1663 871 1835 926 sancti
1875 873 2156 942 Augustini
2186 874 2440 944 scriptam
2488 888 2520 928 a
2549 870 2824 929 Gotselino
2856 875 3119 928 monacho
3168 872 3499 941 Bertiniano,

223 974 360 1020 toto.
391 965 413 1021 Ι
442 965 554 1021 Act.
581 976 750 1020 sanet.
793 964 910 1020 0rd.
940 961 1110 1019 sancti
1157 964 1449 1019 Benedicti.
1500 963 1564 1019 Et
1610 978 1801 1019 revera
1850 965 2280 1022 animadvertere
2325 966 2410 1021 hic
2457 982 2763 1037 possumus,
2802 966 3251 1022 Benchorensium
3300 982 3497 1023 morta-

221 1059 452 1116 chorum
484 1059 692 1115 cladem
721 1059 874 1113 Bedae
903 1066 1251 1113 memoratam
1282 1058 1333 1112 in
1367 1072 1431 1113 eo
1473 1058 1795 1113 Monasterio
1823 1061 2143 1128 contigisse,
2171 1060 2258 1114 cui
2288 1059 2575 1128 praefuerat
2608 1059 2841 1114 Dinooth
2872 1059 3057 1129 abbas,
3090 1062 3156 1115 de
3184 1075 3291 1131 quo
3318 1071 3498 1116 tamen

223 1150 432 1206 nullam
462 1152 786 1205 mentionem
811 1150 970 1203 habet
992 1150 1273 1220 Catalogus
1303 1150 1539 1217 priorum
1563 1148 2013 1206 Benchoreusiutn
2039 1151 2089 1204 in
2121 1149 2372 1205 Hibernia
2399 1150 2670 1217 abbatum,
2700 1151 2789 1221 qui
2817 1152 2870 1206 in
2900 1151 3293 1221 Antiphonario
3314 1162 3502 1209 nostro

224 1244 486 1297 occurrit.
520 1245 585 1297 At
618 1243 817 1298 Usserii
866 1244 1186 1298 sententiam
1237 1243 1451 1298 roborat
1492 1243 1642 1299 locus
1672 1259 1701 1299 e
1757 1244 1873 1298 Vita
1918 1244 2089 1299 sancti
2145 1242 2401 1314 Comgalli
2448 1243 2770 1313 descriptus,
2820 1261 2979 1315 quem
3031 1246 3142 1315 ipse
3187 1245 3342 1300 affert
3373 1262 3492 1316 pag.

226 1335 360 1391 472.
395 1338 469 1392 ita
493 1351 620 1393 vero
644 1338 830 1392 scribit
860 1337 977 1407 ejus
1008 1338 1137 1393 Vitae
1164 1352 1349 1394 auctor
1377 1356 1389 1392 :
1424 1357 1441 1391 ι
1470 1338 1528 1394 lu
1551 1339 1774 1395 diversis
1800 1328 2137 1394 monasteriis
2168 1346 2223 1394 et
2246 1339 2398 1394 cellis
2442 1339 2539 1393 tria
2589 1338 2753 1394 millia
2785 1341 3170 1394 monachorum
3219 1340 3318 1395 sub
3367 1354 3493 1394 cura

224 1429 401 1484 sancti
432 1429 604 1483 Patris
633 1428 890 1498 Comgalli
934 1429 1188 1499 fuerunt;
1214 1431 1309 1487 sed
1337 1430 1506 1501 major
1535 1438 1590 1485 et
1637 1431 1960 1486 nominatior
1990 1430 2199 1486 caeteris
2232 1432 2545 1500 praedictum
2599 1431 2980 1487 monasterium
3030 1431 3306 1487 Beanchor
3331 1440 3444 1497 est,
3478 1448 3498 1483 ι

226 1535 343 1585 etc.
390 1525 619 1580 Sanctus
667 1526 851 1581 itidem
900 1527 1207 1583 Bernardus
1250 1525 1657 1582 Clarevallensis
1700 1527 1865 1582 abbas
1912 1526 1965 1580 in
1998 1524 2115 1580 Vita
2158 1525 2325 1580 sancti
2379 1525 2673 1589 Malachiae,
2722 1541 2840 1594 cap.
2895 1524 2947 1589 6,
2992 1524 3177 1581 laudes
3228 1524 3496 1582 Hibernici

226 1615 624 1673 Benchorensis
653 1618 957 1673 monasterii
986 1618 1342 1688 persequitur,
1368 1617 1525 1688 eique
1547 1617 1769 1672 ascribit
1801 1631 1919 1687 quas
1964 1617 2271 1671 Britannico
2306 1618 2539 1672 tribuere
2581 1619 2791 1673 videtur
2841 1617 2983 1673 Beda
3016 1619 3131 1673 loco
3175 1618 3357 1673 citato.

304 1708 384 1762 Ad
437 1722 588 1762 usum
637 1708 817 1778 itaque
862 1709 1083 1779 insignis
1114 1709 1257 1764 illius
1282 1709 1591 1763 monasterii
1638 1708 1691 1763 in
1742 1706 1993 1762 Hibernia
2022 1706 2110 1763 siti
2136 1706 2235 1761 fuit
2266 1708 2713 1776 Antiphonarium
2763 1723 2902 1763 nunc
2927 1723 2957 1760 a
2988 1707 3141 1763 nobis
3171 1707 3500 1778 evulgatum.

230 1801 275 1857 E
305 1801 579 1857 Bobiensis
606 1813 780 1859 autem
831 1802 1065 1859 cmnohii
1100 1802 1425 1858 Bibliotheca
1466 1803 1519 1856 in
1567 1802 1976 1856 Ambrosianum
2023 1801 2232 1856 transiit
2276 1799 2458 1855 Codex
2500 1816 2629 1857 cura
2672 1800 2984 1869 amplissimi
3037 1800 3322 1856 cardinalis
3383 1799 3502 1857 Fri~

230 1894 397 1949 derici
443 1896 755 1963 Borromzei,
805 1897 890 1950 cui
937 1895 1266 1951 Bibliotheca
1310 1896 1398 1950 illa
1442 1910 1598 1949 suum
1622 1904 1797 1948 ortum
1830 1893 2012 1962 debet,
2039 1893 2186 1959 urbs,
2217 1903 2269 1947 et
2296 1893 2787 1963 archiepiscOpatus
2815 1890 3251 1960 Mediolanensis,
3282 1907 3500 1948 omnes-

230 2004 339 2057 que
380 1988 593 2044 litterati
635 1989 860 2059 piurima
898 1998 1158 2044 aeternum
1203 1988 1493 2044 debebunt.
1524 1987 1709 2057 Neque
1732 1987 1947 2054 mirum,
1972 1985 2111 2055 quod
2139 1989 2187 2038 in
2221 1985 2469 2040 Bobiensi
2494 1987 2740 2042 ccenobio
2768 1994 3169 2042 monumentum
3198 1983 3299 2040 hoc
3326 1999 3503 2039 asser-

245 2095 482 2141 varetur.
515 2088 859 2142 Celeberrimi
904 2088 1062 2158 hujus
1101 2086 1408 2143 monasterii
1454 2086 1725 2141 institutor
1765 2086 1861 2139 l‘uit
1885 2093 2102 2140 sanctus
2143 2084 2501 2139 Columbanus
2546 2084 2735 2151 abbas,
2785 2086 2876 2155 qui
2923 2094 2981 2138 ut
3024 2084 3188 2139 Jonas
3227 2082 3502 2138 Bobiensis

230 2181 528 2235 monachus
559 2181 611 2236 in
662 2182 781 2252 ejus
817 2181 929 2235 Vita
976 2189 1194 2245 narrat,
1227 2194 1331 2236 non
1363 2179 1488 2235 alibi
1518 2178 1901 2234 monachorum
1930 2178 2052 2234 albo
2094 2192 2289 2232 nomen
2317 2177 2546 2248 primum
2571 2176 2814 2242 dederat.
2861 2193 3023 2247 quam
3050 2179 3102 2232 in
3135 2174 3459 2233 monasterio
3480 2215 3496 2241 ,

235 2293 254 2327 ι
288 2274 443 2344 cujus
499 2287 578 2330 est
629 2276 944 2331 vocabulum
1002 2276 1265 2340 Banchor,
1300 2295 1318 2329 ι
1382 2275 1477 2331 ἰΙΙο
1504 2289 1715 2344 nempe,
1768 2273 1910 2344 quod
1961 2273 2015 2327 in
2066 2270 2321 2327 Hibernia
2349 2273 2508 2326 situm
2558 2272 2720 2327 fuisse
2767 2270 3015 2325 diximus.
3068 2269 3300 2326 Proinde
3348 2268 3490 2325 inter

230 2367 525 2421 Bobienses
549 2378 603 2422 et
631 2368 1031 2424 Benchorenses
1078 2358 1368 2423 monachos
1412 2382 1601 2438 magna
1644 2365 1698 2421 in
1744 2375 2015 2436 posterum
2049 2378 2261 2435 quoque
2290 2360 2626 2419 necessitudo
2666 2362 2991 2427 intercessit,
3022 2376 3086 2417 ac
3109 2362 3306 2417 amoris
3334 2374 3489 2416 com-

229 2461 512 2513 mercium.
559 2460 625 2514 Et
648 2475 951 2530 quanquam
996 2461 1303 2531 excogitare
1335 2474 1444 2513 non
1474 2456 1762 2528 possimus,
1789 2455 1856 2511 ab
1883 2455 2001 2525 ipso
2030 2463 2220 2509 sancto
2250 2451 2581 2509 Columbano
2627 2451 2861 2508 delatum
2894 2451 2946 2508 in
2990 2452 3190 2508 Italiam
3225 2452 3491 2522 Antipho-

230 2552 440 2607 narium
470 2552 609 2607 istud
644 2552 826 2615 fuisse,
866 2568 987 2607 cum
1020 2552 1087 2606 ibi
1116 2550 1361 2621 quaedam
1396 2549 1693 2604 habeantur
1738 2562 1857 2615 qua:
1892 2547 2097 2617 aliquot
2120 2545 2387 2599 duntaxat
2438 2552 2557 2612 post
2580 2544 2696 2613 ejus
2742 2552 2965 2597 mortem
3000 2544 3154 2598 annis
3183 2542 3483 2613 contigere;

229 2653 469 2698 attamen
500 2644 566 2697 ab
593 2642 709 2712 ejus
736 2641 1034 2707 discipulis,
1071 2640 1396 2711 proximisve
1427 2637 1829 2695 successoribus
1852 2637 1909 2693 id
1938 2636 2133 2692 factum
2160 2651 2267 2691 non
2298 2634 2570 2691 immerito
2597 2635 2809 2705 opinor.

300 2756 525 2822 Quando
549 2767 725 2811 autem
760 2757 811 2810 in
836 2771 938 2810 usu
963 2754 1416 2811 Benchorensium
1442 2752 1598 2808 fuerit
1630 2753 1794 2807 hocce
1818 2750 2282 2820 Antiphonarium,
2306 2747 2575 2818 conjicere
2599 2750 2881 2817 possumus
2924 2762 2988 2802 ex
3018 2746 3186 2816 ipsius
3213 2748 3496 2816 postremis

244 2850 433 2918 lineis,
480 2848 567 2902 ubi
598 2847 848 2904 Memoria
889 2846 1136 2902 abbatum
1171 2854 1475 2901 nostrorum
1507 2843 1806 2900 exhibetur.
1840 2840 2051 2897 Primus
2091 2841 2482 2896 Benchorensis
2531 2839 2842 2895 monasterii
2872 2838 3037 2895 abbas
3085 2838 3157 2893 ibi
3190 2850 3499 2895 numeratur

227 2954 445 3000 sanctus
473 2944 782 3015 Comgillns,
813 2942 902 3013 qui
936 2940 1107 2995 sancti
1136 2937 1453 2993 Columbani
1482 2937 1736 3005 magister
1763 2949 1825 2989 ac
1852 2931 1904 2989 in
1928 2932 2228 2988 eruditione
2256 2932 2471 3002 pietatis
2500 2942 2652 3000 pater
2675 2929 2795 2987 fuit.
2822 2931 2897 2986 Ita
2924 2930 2993 2985 de
3025 2930 3359 2987 Columbano
3385 2930 3497 2985 lau—

227 3036 384 3092 datus
410 3038 610 3093 Jonas:
641 3055 661 3089 ι
703 3036 857 3091 Dedit
884 3035 1076 3090 deinde
1104 3046 1324 3103 operam
1354 3040 1409 3084 ut
1441 3030 1829 3085 monachorum
1863 3036 2167 3083 necteretur
2198 3025 2475 3090 societati,
2507 3033 2561 3077 et
2589 3024 3003 3089 monasterium,
3053 3022 3205 3093 cujus
3232 3035 3316 3080 est
3342 3039 3501 3080 voca-

227 3131 411 3188 bulum
442 3130 702 3199 Banchor,
739 3130 909 3200 petiit,
939 3130 991 3184 in
1020 3132 1124 3197 quo
1150 3126 1403 3180 virtutum
1435 3121 1628 3193 praesul
1677 3122 1919 3175 ubertate
1942 3118 2153 3173 cluebat
2196 3116 2381 3170 beatus
2426 3113 2858 3185 Commogellus,
2910 3114 3154 3183 egregius
3200 3116 3338 3171 inter
3375 3130 3504 3172 suos

228 3227 613 3281 monachorum
639 3232 811 3296 pater.
852 3240 869 3273 ι
906 3219 1261 3289 Quamobrem
1310 3226 1524 3270 sanctus
1553 3210 1848 3281 Comgillus
1874 3210 2053 3264 lloruit
2082 3207 2295 3262 circiter
2324 3220 2521 3260 annum
2553 3203 2754 3259 Christi
2800 3200 2925 3269 580,
2958 3211 3012 3258 et
3042 3203 3218 3263 adhuc
3252 3204 3501 3261 Bencho-

227 3323 374 3378 rensi
386 3322 709 3377 monasterio
724 3325 966 3387 prmerat,
985 3320 1103 3371 cum
1118 3323 1335 3369 sanctus
1347 3312 1703 3366 Columbanus
1716 3323 1780 3362 ex
1797 3304 2046 3362 Hibernia
2062 3305 2116 3359 in
2130 3304 2325 3359 Gallias
2339 3302 2617 3372 processit,
2633 3317 2769 3356 nova
2785 3301 3105 3358 monasteria
3122 3301 3491 3363 instituturus:

228 3415 370 3485 quod
399 3414 553 3482 paulo
569 3421 693 3466 ante
710 3424 906 3463 annum
928 3406 1123 3462 Christi
1152 3405 1257 3460 590
1283 3403 1540 3458 accidisse
1560 3398 1895 3455 Mabillonius
1915 3396 2189 3453 centendit
2212 3396 2263 3450 in
2286 3396 2426 3451 notis
2448 3396 2514 3449 ad
2537 3393 2778 3450 eamdem
2796 3396 2964 3450 sancti
2986 3395 3299 3453 Columbani
3322 3397 3495 3454 Vitam

228 3523 357 3565 saec.
388 3523 426 3563 ιι
459 3508 575 3562 Act.
601 3516 775 3560 sanct.
799 3504 917 3559 ord.
948 3503 1114 3558 sancti
1138 3499 1427 3556 Benedicti.
1456 3496 1669 3561 Baleus,
1701 3496 1919 3551 Centur.
1951 3508 1990 3558 ι,
2019 3507 2138 3562 cap.
2170 3490 2260 3559 55,
2292 3490 2488 3560 Script.
2524 3490 2797 3558 Britann.,
2826 3489 2997 3544 sancti
3022 3488 3264 3559 Comgilli
3295 3500 3506 3552 :etatem

229 3603 455 3659 nimium
477 3600 749 3669 anticipat,
773 3613 893 3653 cum
916 3596 1063 3651 illum
1082 3593 1334 3650 coenobio
1358 3589 1721 3647 Benchorensi
1741 3586 2078 3658 prapositum
2104 3598 2244 3640 anno
2268 3582 2462 3639 Christi
2478 3578 2795 3651 530mribit,
2820 3582 2972 3652 eique
2987 3580 3278 3654 regendum
3294 3583 3495 3639 Britan-

230 3695 407 3752 nicum
427 3735 442 3760 ,
475 3708 579 3749 non
604 3707 731 3747 vero
762 3688 1129 3753 Hibernicum,
1164 3685 1537 3740 Benchorense
1556 3679 1937 3738 monasterium
1971 3677 2176 3733 tribuit.
2207 3676 2455 3734 Usserius
2484 3676 2603 3743 eius
2628 3684 2858 3732 mortem
2896 3674 3010 3745 ﬁgit
3041 3675 3094 3730 in
3121 3689 3263 3732 anno
3298 3675 3499 3734 Chrimi

232 3788 358 3855 601,
384 3803 507 3857 pag.
544 3785 649 3841 494
678 3784 856 3854 Antiq.
888 3779 1332 3837 Britannicarum.

303 3899 615 3957 Succedunt
644 3898 695 3952 in
726 3892 1116 3965 Antiphonario
1147 3891 1367 3946 abhates
1394 3888 1699 3957 Beoguous,
1731 3883 1953 3948 Edeus,
1987 3882 2277 3949 Simlanus,
2315 3876 2662 3936 Fintenanus.
2686 3879 3078 3948 Michlaisreus,
3107 3880 3379 3955 Seganu's,
3412 3880 3510 3938 Βθε

231 4008 447 4061 racnus,
470 3991 798 4056 Cumnenus,
829 3988 1108 4055 Columba,
1138 3985 1400 4049 Aidanus,
1437 3980 1776 4059 Bautherius,
1808 3976 2111 4043 Cronanus,
2145 3974 2411 4031 Camanus
2464 3985 2519 4030 et
2561 3973 2860 4073 Cronanus.
2895 3974 2971 4031 De
2997 3978 3279 4045 postremo
3298 3974 3414 4033 haec
3437 3973 3509 4036 ibi

231 4087 484 4159 leguntur
515 4100 530 4139 :

663 4174 854 4224 Christo
877 4184 1004 4223 nunc
1027 4170 1450 4240 sedet_supremus
2295 4158 2570 4240 genset-vet
2581 4160 2984 4240 eumhqomjnus.

601 4222 818 4300 Hymnus
834 4222 1022 4283 canens
1035 4222 1389 4300 gnindecintus
2234 4244 2237 4247 ί
2290 4222 2737 4300 Quoseouvpcabit
2757 4224 2992 4300 Dominus

605 4284 740 4348 ἷόθιι
763 4305 819 4348 ut
840 4304 1006 4358 carpat
1028 4284 1299 4353 crouanus,
2290 4284 2534 4335 Coslorum
2567 4287 2711 4347 regni
2737 4286 2954 4337 sedibus.

233 4410 361 4478 Quae
407 4423 536 4465 sane
581 4405 816 4462 indicare
868 4402 1132 4465 videntur,
1180 4398 1481 4483 Cronanum
1535 4404 1658 4450 tunc
1705 4391 1867 4449 etiam
1896 4389 2154 4462 temporis
2182 4387 2233 4443 in
2265 4385 2402 4442 vivis
2433 4386 2614 4455 fuisse,
2645 4401 2767 4444 cum
2810 4390 2857 4444 ei
2912 4389 3055 4457 Zoe,
3113 4389 3165 4445 id
3213 4401 3324 4459 est,
3378 4393 3513 4462 vita,

233 4513 466 4574 aptetur,
493 4512 547 4558 et
568 4502 781 4556 dicatur
809 4494 1165 4553 convocandos
1193 4492 1259 4546 ad
1290 4480 1559 4546 Ctelorum
1584 4484 1733 4557 regni
1760 4485 1939 4541 sedes.
1972 4486 2220 4541 Attamen
2250 4490 2374 4539 cum
2399 4480 2657 4550 scriptum
2684 4480 2757 4535 ibi
2799 4481 2869 4536 sit
2894 4498 3019 4551 quos
3051 4484 3370 4550 convocabit,
3400 4498 3507 4541 non

234 4612 364 4654 vero
392 4615 540 4669 quem
566 4593 883 4661 convocabit,
918 4590 1208 4646 vehemens
1238 4587 1424 4641 oborta
1457 4584 1585 4639 mihi
1616 4580 1882 4637 dubitatio
1908 4590 2023 4646 est,
2056 4594 2123 4634 ne
2152 4577 2446 4632 convocabt't
2474 4576 2615 4632 idem
2646 4575 2715 4630 sit
2741 4582 2903 4645 atque
2946 4575 3256 4645 convocavit,
3280 4575 3421 4645 quod
3454 4575 3507 4632 in

236 4691 607 4761 superioribus
633 4686 921 4760 repetitum
951 4683 1174 4749 videas;
1209 4687 1263 4737 et
1290 4678 1557 4750 praecipue
1586 4692 1705 4732 cum
1738 4683 2043 4746 postremus
2064 4673 2225 4729 etiam
2255 4687 2321 4729 ex
2344 4672 2426 4727 his
2456 4670 2738 4727 abbatibus
2769 4671 2911 4727 inter
2931 4679 3148 4725 sanctos
3177 4670 3505 4729 invocandos

237 4794 604 4843 euumerctur.

305 4901 457 4971 Quod
485 4902 527 4956 si
560 4912 746 4954 revera
776 4895 1056 4952 Cronanus
1105 4890 1270 4947 abbas
1301 4900 1430 4944 tunc
1458 4882 1693 4954 vivebat,
1724 4880 1934 4953 tempus
1964 4897 2069 4951 quo
2114 4877 2562 4971 Antiphonarium
2597 4875 2724 4931 illud
2764 4874 3144 4971 concinnatum
3172 4876 3280 4971 fuit
3320 4884 3414 4933 aut
3456 4878 3512 4934 itt

236 4964 507 5059 usuerat,
537 4992 779 5047 divinare
812 4984 1047 5042 fortasse
1091 4984 1298 5039 liceret.
1340 4978 1397 5034 ln
1428 4979 1648 5048 antiquo
1676 4975 1921 5055 catalogo
1949 4978 2252 5026 sanctorum
2301 4966 2602 5033 Hiberniae,
2633 4979 2791 5037 quem
2842 4964 3092 5022 Usserius
3136 4967 3335 5037 publici
3378 4968 3516 5040 juris

236 5085 386 5153 fecit,
439 5100 560 5154 pag.
589 5081 698 5139 475
750 5077 948 5134 laudati
978 5073 1191 5145 Operis,
1220 5072 1504 5128 Cronanus
1545 5065 1730 5123 nescio
1776 5060 1897 5154 quis
1940 5060 2222 5154 presbyter
2260 5068 2477 5154 sanctus
2503 5059 3051 5154 enumeraturi’l‘res
3077 5076 3208 5154 vero
3237 5061 3514 5154 Cronanos

234 5146 697 5249 deinde-agnoscit
730 5172 975 5231 Usserius
1006 5169 1123 5240 ipse
1154 5183 1274 5237 pag.
1309 5165 1435 5223 502.
1470 5164 1681 5219 Primus
1707 5161 1850 5213 anno
1882 5146 2086 5249 Christi
2118 5151 2448 5249 filo—vixisse
2598 5151 2851 5249 Hibernia
2877 5148 3067 5249 fer-tur.
3108 5151 3384 5209 Secundus
3414 5166 3517 5249 an:

234 5289 305 5330 tto
345 5240 545 5329 Christi
569 5268 678 5324 665
704 5274 931 5323 mortem
973 5261 1173 5317 obiisse
1199 5259 1397 5314 dicitur
1427 5257 1481 5312 in
1515 5251 1816 5310 Hibernicis
1864 5245 2181 5303 Annalibus.
2215 5243 2428 5299 Tertius
2455 5243 2624 5297 abbas
2650 5240 2749 5298 fuit
2793 5242 3167 5313 magniﬁcique
3206 5244 3512 5298 monasterii

233 5366 485 5423 fundator
514 5364 569 5419 in
621 5355 1015 5433 Tipperariensi
1046 5352 1328 5409 comitatu.
1358 5347 1629 5403 Videndus
1661 5345 1820 5399 etiam
1848 5338 2136 5433 Bollandus
2185 5334 2425 5433 adﬂdiem
2475 5336 2700 5433 primam
2743 5332 3002 5433 Januarii,
3033 5331 3312 5433 ubi-refernt
3341 5332 3511 5433 Vitam

240 5462 414 5521 sancti
441 5423 703 5523 Mochuaa,
726 5423 847 5509 'sive
872 5444 1130 5514 Cronani,
1166 5459 1326 5515 quem
1354 5442 1483 5497 facit
1512 5438 1832 5511 discipulum
1859 5431 2031 5490 sancti
2063 5428 2330 5501 Comgilli,
2381 5437 2436 5484 et
2465 5427 2735 5484 abbatem.
2786 5424 2895 5482 Nos
2920 5424 2973 5478 in
3003 5424 3246 5523 catalogo
3277 5423 3516 5523 Bencho-

237 5518 475 5619 rensium
507 5518 762 5611 abbatum
792 5549 928 5605 duos
959 5546 1235 5601 Cronanus
1257 5538 1577 5609 reperimus.
1610 5535 1653 5589 A
1680 5548 1807 5588 vero
1856 5547 1960 5587 non
1992 5528 2247 5584 abhorret
2298 5525 2655 5581 recentiorem
2703 5522 2981 5619 interneos
3026 5518 3274 5619 ﬂoruisse
3301 5518 3518 5619 circiter

236 5610 665 5712 auriummChristi
693 5643 832 5710 660;
864 5651 1166 5712 quanquam
1194 5635 1237 5689 si
1268 5638 1412 5688 recte
1436 5627 1677 5693 memini,
1710 5623 1923 5682 Gabriel
1949 5620 2232 5677 Bucelinus
2259 5634 2324 5712 ιιιΔ
2354 5616 2490 5712 libro
2513 5616 2582 5712 de
2603 5615 2798 5712 sanctis
2832 5612 2965 5668 Viris
2990 5610 3511 5712 o-rd._sancti.Bene-

236 5703 578 5811 {noli—quem
609 5738 743 5792 olim
784 5703 914 5798 vidi,
947 5703 1154 5793 scribit,
1200 5725 1505 5780 Cronanum
1539 5717 1971 5774 Benchorenseni
2001 5713 2249 5770 abbatem
2280 5709 2476 5765 vixisse
2521 5705 2959 5811 circiter.annum
3005 5703 3199 5760 Christi
3232 5703 3358 5760 656.
3385 5703 3520 5773 Quae

240 5797 530 5898 iamen'ita
572 5830 717 5886 dicta
746 5797 930 5890 velim,
964 5833 1022 5879 ut
1052 5835 1158 5877 non
1189 5827 1366 5889 putem
1401 5820 1679 5884 propterea
1728 5808 1980 5864 Codicem
2013 5806 2185 5877 ipsum
2218 5812 2323 5871 quo
2367 5818 2484 5898 sum
2517 5814 2646 5856 usus
2689 5800 2756 5854 ad
2787 5813 2905 5898 eam
2938 5797 3110 5898 ipsam
3138 5806 3364 5898 tamen:
3400 5808 3520 5898 esse

240 5884 604 5987 rue-ferendum,
633 5934 755 5976 cum
782 5884 1057 5985 exemplar
1082 5913 1135 5967 in
1168 5884 1521 5965 Ambrosiam
1550 5909 1911 5979 asservatum,
1940 5908 1993 5953 et
2024 5901 2171 5987 certe
2204 5891 2652 5987 vetustissimum,
2685 5904 2748 5945 ex
2772 5889 3074 5959 antiquiore
3102 5897 3280 5945 tamen
3323 5884 3520 5942 Codice

504 5978 735 6071 subinde
755 6021 851 6080 per
878 5978 1172 6062 monachos
1195 5999 1488 6057 Bobienses
1507 5994 1620 6053 sive
1646 5978 2064 6049 Benclio’rienz'e's'
2096 5984 2347 6057 potuerit.
