4076 6348
567 397 671 458 sas
1373 395 1718 455 APPENDIX
1759 398 1851 454 an
1891 394 2120 454 ortam
2161 395 2219 453 s.
2263 394 2570 455 canum
2607 378 3052 457 PARISIENSIS.
3750 399 3864 456 se:

637 513 789 582 Quod
819 523 900 570 est
927 515 991 570 ad
1021 515 1255 587 reliquos
1285 513 1528 581 abhatcs,
1559 514 1781 568 eruditis
1820 525 1967 569 locus
1992 514 2096 568 erit
2123 513 2426 584 inquirendi
2471 529 2658 570 eorum
2689 526 2898 586 tempus
2945 529 3007 570 ac
3036 513 3348 568 memoriam
3380 513 3433 568 in
3466 515 3707 584 antiquis
3742 519 3861 572 An-

564 605 796 672 nalibus,
826 617 990 680 atque
1017 606 1336 678 Agiologiis,
1366 621 1428 660 ac
1458 606 1793 676 potissimum
1828 606 1878 658 in
1902 605 2067 658 vastis
2100 605 2548 660 Bollandistarum
2579 606 2752 672 libris,
2786 620 3012 676 eamque
3049 606 3100 658 in
3132 620 3244 660 rem
3272 606 3562 676 plurimum
3586 608 3707 678 opis
3733 625 3864 664 con-

564 702 736 758 ferent
781 719 897 771 quae
927 705 992 758 de
1017 705 1215 758 sanctis
1240 702 1503 756 Hiberniae
1528 703 1656 755 viris
1687 703 1925 770 vaganti,
1953 701 2044 755 sed
2079 702 2252 770 magni
2279 711 2454 756 tamen
2485 703 2746 767 facienda,
2774 702 3076 758 eruditione
3100 703 3366 771 congessit
3391 712 3724 758 memoratus
3755 702 3864 759 Us-

563 799 740 852 serius
793 798 842 851 in
891 797 1027 852 libro
1060 797 1448 865 Antiquitatum
1485 795 1932 849 Britannicarum.
1971 794 2068 848 Hic
2101 795 2310 849 interim
2342 796 2630 852 adnotasse
2656 795 2864 867 juvabit
2905 798 3138 864 priorem
3186 797 3466 866 hymnum,
3519 797 3611 866 qui
3661 796 3714 851 iu
3755 797 3863 851 hoc

564 889 957 959 Antiphonario
987 892 1257 953 occurrit,
1295 889 1452 942 tribui
1482 897 1671 943 sancto
1719 889 1919 942 Hilario
1955 887 2274 942 Pictaviensi
2317 888 2592 958 episcopo,
2629 889 2734 944 illis
2764 888 2983 943 verbis:
3014 889 3278 958 llymnum
3322 889 3486 943 sancti
3538 887 3741 942 Hilarii
3797 889 3864 940 de

568 981 793 1036 Christo.
830 983 896 1036 Et
930 984 1165 1050 profecto
1198 991 1532 1048 compertum
1564 990 1648 1036 est
1697 981 1836 1034 inter
1866 979 2126 1042 eruditos,
2159 987 2294 1034 teste
2326 990 2510 1034 sancto
2542 981 2905 1051 Hieronymo,
2955 981 3288 1052 Hymnorum
3341 981 3536 1036 librum
3585 998 3617 1034 a
3666 991 3863 1034 sancto

566 1074 770 1132 Hilario
803 1076 965 1130 fuisse
996 1076 1372 1146 compositum.
1399 1076 1472 1131 Ex
1506 1076 1570 1130 iis
1601 1074 1763 1129 etiam
1796 1074 2078 1128 nonnullos
2109 1075 2161 1128 in
2189 1073 2417 1128 ecclesia
2446 1073 2722 1129 decantari
2755 1077 2944 1130 solitos
2976 1075 3141 1131 fuisse
3175 1077 3334 1131 tradit
3364 1076 3659 1131 concilium
3694 1075 3862 1130 Tale-

564 1173 748 1220 Ianum
783 1181 855 1229 IV,
891 1167 1014 1220 anni
1046 1166 1171 1224 655.
1206 1171 1271 1222 At
1301 1167 1352 1221 in
1379 1168 1578 1237 hymno
1603 1180 1745 1219 nunc
1776 1181 1804 1218 a
1837 1165 1990 1218 nobis
2015 1163 2272 1233 producto
2294 1164 2554 1234 majorem
2576 1163 2806 1222 fortasse
2827 1167 3146 1238 elegantiam
3169 1167 3554 1223 desiderabunt
3576 1167 3863 1232 nonnulli,

563 1266 619 1310 ut
651 1273 771 1312 eum
805 1267 987 1313 sancto
1022 1259 1223 1312 Hilario
1255 1258 1544 1312 ascribant.

632 1351 711 1404 Ad
743 1352 855 1406 haec
886 1352 1112 1422 legimus
1135 1351 1188 1406 in
1219 1352 1612 1422 Antiphonario
1647 1359 1832 1405 nostro
1859 1351 2121 1421 Hymnum
2147 1351 2307 1404 sancti
2340 1350 2558 1405 Patricii
2582 1352 2816 1424 magistri
2841 1351 3141 1409 Scotorum.
3165 1352 3376 1408 Memini
3405 1360 3612 1416 autem,
3648 1353 3859 1408 claris-

559 1440 751 1496 simum
804 1444 974 1498 virum
1010 1444 1068 1499 P.
1097 1444 1156 1498 D.
1197 1443 1524 1498 Bernardum
1555 1444 1622 1498 de
1668 1443 2060 1508 Montefaucon,
2094 1445 2219 1498 dum
2252 1443 2385 1498 olim
2430 1442 2712 1497 Mediolani
2745 1453 2963 1514 ageret,
2991 1453 3276 1512 conspecta
3305 1442 3522 1499 Codicis
3566 1443 3757 1513 hujus,
3804 1459 3864 1499 ac

559 1538 889 1591 monumenti
923 1546 1217 1599 vetustate,
1268 1537 1397 1590 mihi
1427 1536 1729 1591 ostendenti
1761 1534 1924 1590 fuisse
1955 1537 2302 1604 gratulatum.
2337 1534 2602 1589 Narrabat
2646 1536 2863 1605 quippe,
2913 1536 2965 1590 in
2993 1534 3178 1590 Galliis
3203 1549 3324 1591 esse
3358 1534 3630 1590 eruditum
3664 1552 3864 1605 quem-

559 1630 706 1693 dam,
752 1631 838 1685 cui
873 1639 996 1684 nata
1025 1631 1260 1700 suSpicio
1294 1629 1467 1685 fuerat
1515 1645 1618 1684 non
1657 1633 1798 1699 ipsas
1825 1631 1998 1685 solum
2028 1632 2198 1685 sancti
2247 1630 2461 1686 Patricii
2507 1646 2592 1684 res
2624 1641 2824 1700 gestas,
2871 1630 2963 1686 sed
2995 1632 3241 1687 eumdem
3270 1641 3512 1687 sanctum
3558 1632 3860 1689 Patricium

566 1725 706 1780 inter
730 1725 961 1780 Fabulas
991 1725 1358 1780 Romaneuses
1381 1740 1502 1780 esse
1529 1725 1950 1791 amandaudum,
1985 1726 2145 1779 tantis
2173 1739 2368 1792 nempe
2390 1723 2620 1778 anilibus
2649 1727 2972 1780 commentis
3003 1726 3280 1794 deturpata
3313 1725 3486 1782 fuerat
3510 1729 3688 1782 sancti
3715 1729 3860 1784 illius

563 1815 803 1884 episcopi
834 1815 1086 1868 Historia.
1122 1815 1193 1872 At
1223 1817 1462 1885 profecto
1492 1831 1628 1870 unus
1658 1817 1739 1869 hic
1791 1817 2019 1887 hymnus
2043 1817 2172 1871 satis
2198 1831 2318 1872 esse
2352 1825 2525 1882 potest
2553 1819 2616 1870 ad
2646 1817 3068 1873 confirmandam
3098 1821 3376 1875 veritatem
3406 1836 3529 1876 cum
3563 1821 3860 1892 insignium

558 1911 781 1968 Patricii
816 1925 1058 1978 operum,
1089 1919 1196 1963 tum
1222 1910 1590 1965 celeberrima:
1616 1910 1791 1977 fama),
1825 1927 1942 1980 quae
1969 1912 2035 1965 de
2066 1921 2253 1966 sancto
2283 1912 2398 1967 viro
2429 1911 2496 1966 ad
2525 1923 2706 1967 nostra
2750 1928 2916 1984 usque
2952 1923 3189 1982 tempora
3222 1917 3575 1984 permanavit.
3613 1917 3694 1972 Tu
3727 1919 3859 1972 ube-

559 2005 720 2072 riora,
751 2003 852 2058 etsi
885 2018 986 2057 non
1013 2003 1158 2072 paria
1190 2004 1524 2073 antiquitate,
1549 2005 1616 2058 ab
1645 2006 1863 2060 Usserio
1896 2015 2035 2074 pete,
2063 2021 2183 2076 cap.
2220 2005 2310 2076 17,
2341 2021 2461 2077 pag.
2495 2005 2603 2061 4‘25
2631 2015 2684 2061 et
2715 2023 2854 2077 seq.,
2891 2007 3179 2062 Britannic.
3214 2010 3628 2079 Autiquitatum.

587 2170 3854 2199 ῃ

1126 2335 1333 2448 IN
1409 2330 2146 2447 NOMINE
2226 2333 2546 2445 DEI
2622 2330 3269 2447 SUMMI-

1679 2621 1838 2678 Multa
1871 2636 2087 2692 parvus,
2121 2621 2288 2676 multa
2315 2619 2530 2678 adultus

1679 2714 1840 2784 Signa
1867 2713 1993 2768 fecit
2015 2712 2240 2768 caelitus.

1748 2805 1876 2873 Quae
1905 2803 2100 2868 latent,
2126 2811 2179 2857 et
2199 2817 2318 2874 quae
2342 2803 2592 2874 leguntur

1678 2896 1870 2952 Coram
1901 2897 2081 2950 multis
2116 2896 2367 2959 testibus,

1680 2990 1985 3046 Praedicans
2010 2989 2231 3044 cmleste
2259 3003 2482 3058 regnum

2783 2621 3007 2680 Mortem
3033 2626 3162 2682 vicit
3185 2630 3446 2687 omnium.

2855 2713 2992 2770 'l'um
3024 2716 3188 2772 Deum
3222 2719 3459 2777 clamore
3486 2735 3688 2794 magno

2785 2804 2998 2863 Patrem
3028 2809 3266 2878 pendens
3297 2810 3512 2867 invocat

2785 2936 2800 2950 .
2845 2936 2860 2949 .
2905 2935 2920 2950 .
2966 2935 2982 2950 .
3025 2937 3040 2952 .
3082 2898 3320 2954 membra
3347 2900 3544 2956 Christi

831 2626 1098 2682 Canticum
1136 2625 1322 2695 Moysi.

627 2719 841 2786 Audite,
874 2719 1026 2783 caeli,
1050 2732 1170 2788 qua:
1199 2717 1409 2787 loquor,
1437 2725 1543 2772 etc.

559 2814 823 2886 Hymuum
864 2813 1026 2865 sancti
1057 2808 1251 2864 Hilarii
1293 2809 1357 2862 de
1385 2807 1607 2862 Christo.

628 2925 894 2995 Hymnum
928 2922 1068 2975 dicat
1099 2920 1254 2974 turba
1280 2916 1537 2974 ﬁdelium.

558 3017 823 3090 Hymnum
856 3022 1042 3071 cantus
1071 3026 1380 3082 person..."

558 3105 773 3162 Christo
803 3104 931 3174 llegi
961 3102 1347 3158 concinnentur

553 3196 1612 3254 Laudes...............

628 3287 1610 3344 TuDeide............

631 3661 824 3717 Dextra
854 3659 1045 3723 Patris,
1075 3672 1253 3723 mons,
1283 3664 1338 3713 et
1369 3657 1572 3725 Agnus.

558 3749 841 3818 Angularis
867 3756 918 3801 tu
951 3746 1105 3814 lapis,

558 3841 802 3910 Sponsus
833 3840 1003 3905 idem,
1037 3838 1120 3892 vel
1151 3835 1419 3892 columba.

565 3933 828 3996 Flamma,
862 3931 1072 3998 Pastor,
1103 3930 1287 3985 ianua.

635 4025 690 4080 In
721 4024 997 4096 prophetis
1025 4023 1280 4078 inveniris
1325 4043 1336 4056 -

558 4117 756 4176 Nostro
786 4123 940 4171 natus
967 4115 1168 4170 saeculo

560 4207 700 4262 Ante
731 4203 888 4259 saecla
921 4213 976 4258 tu
1007 4204 1149 4258 fuisti

562 4296 758 4353 Factor
788 4295 946 4366 primi
975 4293 1176 4349 saeculi.

631 4389 827 4445 Factor
846 4386 968 4443 cmli
987 4430 1002 4455 ,
1035 4394 1192 4441 terra:
1222 4382 1407 4446 factor,

559 4476 924 4548 Congregator
951 4483 1009 4529 tu
1039 4473 1227 4540 maris,

559 4572 923 4642 Omniumque
954 4579 1010 4625 tu
1034 4576 1247 4625 creator

563 4666 695 4735 Quae
723 4667 882 4722 Pater
911 4666 1055 4720 nasci
1082 4663 1257 4734 jubet.

634 4759 865 4830 Virginis
888 4766 1136 4828 receptus
1160 4753 1436 4817 membris,

558 4853 828 4912 Gabrielis
859 4853 1050 4906 nuntio

559 4944 764 5002 Crescit
788 4943 940 4998 alvus
971 4939 1120 5010 prole
1146 4945 1333 4993 sancta

562 5080 580 5096 .
623 5079 641 5099 .
683 5076 700 5094 .
749 5077 763 5093 .
809 5075 824 5090 .
868 5076 882 5089 .
923 5033 1070 5090 crius
1098 5031 1338 5087 credere.

636 5120 1452 5186 ...........visam

635 5486 767 5541 Cum
795 5487 945 5554 jubet
974 5497 1164 5554 parvos
1187 5481 1366 5538 necari
1385 5521 1400 5543 .

560 5574 796 5634 Turbam
826 5575 950 5630 fecit
979 5575 1302 5643 Martyrum;

561 5670 755 5728 Fertur
784 5666 958 5721 infans
983 5667 1329 5730 occulendus,

559 5760 664 5818 Nili
697 5761 895 5816 (lumen
924 5773 1029 5828 quo
1059 5758 1192 5815 fluit.

632 5855 733 5922 Qui
765 5852 993 5908 refertur
1021 5862 1140 5920 post
1173 5851 1438 5909 Herodem

559 5944 888 6008 Nutriendus
915 5941 1179 5999 Nazareth

1681 3083 1827 3139 Dicta
1867 3083 2018 3138 factis
2047 3081 2326 3151 adprobat.

1754 3175 1966 3230 Debiles
1998 3175 2127 3231 fecit
2152 3175 2353 3246 vigere,

1678 3266 1862 3323 Czecos
1892 3269 2008 3323 luce
2041 3267 2354 3330 inluminat,

1677 3359 1868 3415 Verbis
1899 3368 2086 3429 purgat
2112 3360 2275 3429 lepra:
2305 3356 2551 3412 morbum
2575 3396 2590 3420 ,

1678 3449 1913 3506 Mortuos
1944 3449 2247 3504 resuscitat.

1756 3542 1944 3596 Vinum
1966 3586 1980 3611 ,
2004 3541 2146 3611 quod
2170 3541 2357 3597 deerat
2385 3537 2633 3610 hydriis,‘

1681 3635 1874 3691 Mutari
1897 3647 2086 3704 aquam
2113 3632 2286 3704 jubet.

1682 3725 1892 3797 Nuptiis
1925 3737 2072 3779 mero
2099 3723 2323 3778 retentis

1684 3810 2438 3882 .........populo.

1755 4223 1932 4334 :I‘urba
1957 4291 2023 4332 ex
2049 4224 2194 4332 omni
2223 4273 2594 4329 discumbente

1681 4370 1867 4440 Jugem
1897 4371 2107 4427 laudem
2131 4369 2382 4440 pertulit,

1684 4467 1975 4524 Duodecim
2002 4468 2148 4523 viros
2178 4466 2453 4535 probavit,

1683 4560 1787 4616 Per
1818 4574 1954 4630 quos
1984 4558 2092 4613 vita
2121 4556 2365 4613 discitur.

1759 4653 1837 4708 Ex
1868 4651 2065 4723 quibus
2093 4666 2230 4708 unus
2258 4651 2528 4706 invenitur

1687 4747 1888 4804 Christi
1918 4747 2087 4803 Judas
2117 4745 2365 4812 traditor,

1685 4838 2028 4894 lnstruuntur
2059 4836 2212 4893 missi
2241 4835 2310 4892 ab
2339 4837 2492 4890 Anna

1685 4927 1984 4983 Proditoris
2011 4927 2220 4982 osculo.

1753 5020 2014 5075 lnnocens
2043 5027 2233 5090 captus
2261 5024 2495 5081 tenetur,

1683 5112 1792 5169 Nec
1817 5127 2121 5185 repugnans
2143 5111 2378 5176 ducitur,

1682 5202 1898 5259 Sistitur
1926 5204 2100 5272 falsis,
2133 5209 2443 5274 grassantur

1682 5296 1981 5353 Dll‘erentes
2012 5297 2224 5351 Pontio.

1756 5387 2010 5442 Dicerem
2033 5385 2304 5442 Christum
2335 5386 2664 5456 negandum:

1681 5477 1879 5534 Turbis
1911 5485 2128 5531 sanctus
2162 5476 2417 5542 traditur;

1683 5571 1862 5642 lmpiis
1889 5570 2070 5625 verbis
2097 5580 2441 5640 grassantur;

1681 5665 1868 5736 Sputa,
1892 5663 2058 5734 ﬂagra
2086 5665 2333 5722 sustinet.

1754 5757 2026 5812 Scandere
2054 5771 2267 5812 crucem
2293 5755 2511 5826 jubetur

1687 5851 1947 5906 lnuocens
1977 5863 2073 5920 pro
2102 5847 2310 5912 noxiis;

1693 5941 1862 5998 Morte
1887 5941 2083 6008 carnis,
2111 5951 2270 6009 quam
2301 5935 2553 6010 gerebat,

2854 3075 2984 3132 Vela
3013 3080 3194 3149 templi
3227 3081 3392 3137 scissa
3423 3084 3698 3152 pendent;

2782 3166 2895 3222 Nox
2918 3168 3169 3224 obscurat
3188 3173 3438 3227 szeculum
3462 3191 3476 3239 ;

2787 3260 3100 3317 Excitantur
3123 3262 3188 3319 de
3217 3264 3519 3332 sepulchris

2789 3351 2992 3406 Dudum
3023 3353 3204 3408 clausa
3235 3369 3482 3424 corpora.

2855 3447 3040 3503 Adfuit
3067 3449 3264 3519 Joseph
3299 3450 3518 3514 beatus;

2782 3539 2992 3611 Corpus
3023 3558 3202 3614 myrra
3233 3544 3480 3609 perlitum

2786 3632 2975 3689 Liuteo
3007 3635 3127 3688 rudi
3160 3635 3378 3706 ligatum

2783 3722 2916 3779 Cum
2941 3727 3127 3781 dolore
3147 3726 3406 3781 condidit.

2857 3819 3051 3875 Milites
3080 3836 3294 3876 servare
3324 3836 3520 3890 corpus

2783 3913 2935 3966 Anna
2973 3912 3221 3980 princeps
3251 3912 3492 3981 praecipit
3512 3953 3525 3972 ,

2787 4001 2853 4057 Ut
2883 4002 3123 4066 videret,
3153 4003 3198 4056 si
3234 4003 3481 4069 probaret

2782 4093 3047 4160 Christus,
3072 4095 3212 4164 quod
3238 4094 3618 4166 spoponderat.

2855 4189 3120 4260 Angelum
3151 4187 3243 4242 Dei
3279 4195 3572 4243 trementes

2791 4277 2947 4332 VeSte
2975 4277 3230 4332 amictum
3261 4277 3482 4334 candida
3500 4319 3517 4345 ,

2784 4369 2899 4437 Quo
2927 4369 3163 4424 candore
3190 4369 3447 4423 claritatis

2790 4460 2972 4516 Vellus
3001 4462 3127 4515 vicit
3153 4462 3407 4515 sericum.

2863 4553 3108 4607 Demovit
3131 4567 3318 4606 saxum
3342 4550 3634 4621 sepulchro

2786 4647 3022 4717 Surgens
3048 4645 3294 4700 Christus
3319 4645 3557 4713 integer;

2788 4740 2913 4796 Haec
2941 4741 3074 4795 vidit
3099 4740 3279 4795 Judaea
3311 4738 3538 4794 mendax
3557 4777 3575 4802 ,

2788 4836 2914 4892 Hinc
2943 4845 3128 4907 negat,
3161 4849 3284 4890 cum
3314 4832 3542 4888 videret.

2858 5297 3036 5366 Seque
3062 5310 3090 5349 a
3125 5294 3351 5349 mortuis
3378 5301 3600 5363 paterna

2787 5389 3114 5444 Suscitatum
3146 5386 3375 5443 dextera

2785 5479 2966 5534 Tertia
2989 5478 3076 5533 die
3102 5477 3329 5532 rediisse

2786 5573 3005 5629 Nuntiat
3032 5571 3310 5642 apostolis.

2858 5665 2974 5719 Mox
2998 5663 3211 5717 videtur
3232 5678 3260 5717 a
3291 5661 3479 5724 beatis=

2788 5756 2932 5824 Quos
2964 5754 3238 5825 probavit,
3273 5751 3550 5816 fratribus,

2790 5845 2940 5914 Quod
2971 5843 3195 5898 redisset
3224 5840 3574 5908 ambigentes.

2791 5936 2958 5991 Intrat
2983 5935 3160 6007 januis
3198 5932 3411 5989 clausis.
