4076 6348
306 377 410 434 585
1154 404 1711 475 ANTIPIIONARIUM
1750 421 2167 487 MONASTERII
2209 433 2731 498 BENCHORENSIS

373 499 474 555 Dat
500 504 702 562 docens
728 520 994 583 praecepta
1023 514 1178 590 legis,

302 589 402 644 Dat
437 591 674 652 divinum
704 598 960 670 Spiritum
977 651 992 676 ,

297 679 552 751 Spiritum
584 687 674 745 Dei
708 693 1000 762 perfectum
1019 741 1035 768 ,

294 769 572 834 Trinitatis
600 782 886 844 vinculum,

360 865 607 940 Praecipit
639 883 804 934 totum
839 898 932 952 per
956 888 1142 944 orbem

288 957 554 1030 Baptizari
584 971 853 1042 credulos,

283 1049 488 1108 Nomen
517 1055 691 1115 Patris
719 1063 1049 1137 invocantes,

281 1139 616 1206 Confitentes
648 1152 864 1216 Filium.

353 1233 573 1306 Mystica
606 1241 710 1299 fide
741 1250 943 1306 revelat

278 1319 499 1382 Tinctos
527 1342 710 1389 sancto
738 1336 939 1405 Spiritu
957 1383 972 1406 ,

275 1412 447 1473 Fonte
477 1421 669 1481 tinctos
699 1427 1002 1503 innovatos,

274 1503 442 1564 Filios
472 1509 643 1571 factos
678 1516 790 1575 Dei.

345 1599 482 1658 Ante
514 1604 688 1662 lucem
728 1613 902 1670 turba.
948 1659 959 1671 .
1005 1659 1020 1675 .
1066 1664 1079 1677 .
1125 1664 1142 1681 .
1189 1663 1202 1679 .
1247 1663 1262 1681 .
1310 1667 1326 1683 .

267 1689 1227 1779 Concinit............
1307 1765 1321 1780 .

337 1963 471 2021 Galli
493 1980 702 2038 cantus,
731 1964 855 2044 galli
888 1981 1105 2048 plausus

263 2051 576 2114 Proximum
604 2065 767 2119 sentit
789 2067 925 2124 diem
945 2113 960 2137 ,

257 2141 367 2199 Nos
390 2160 665 2218 canentes,
694 2163 746 2209 et
779 2172 1058 2226 precantes

255 2233 386 2300 Quae
415 2236 592 2296 futura
626 2246 913 2306 credimus.

327 2327 762 2408 Majestatemque
792 2341 1091 2403 inmensam

252 2416 646 2484 Concinnemus
673 2431 874 2500 uniter;

251 2508 390 2565 Ante
420 2513 591 2571 lucem
617 2523 923 2582 nuntiemus

246 2598 518 2661 Christum
552 2609 747 2682 Regem
775 2620 994 2677 saeculo.

317 2695 458 2752 Ante
489 2697 660 2756 lucem
690 2709 1014 2779 nuntiemus,

245 2781 514 2846 Christum
544 2792 742 2866 Regem
766 2804 987 2859 saeculo.

241 2873 343 2942 Qui
373 2877 426 2933 in
457 2881 601 2939 illum
634 2898 778 2946 recte
808 2894 1033 2951 credunt

241 2962 530 3038 Reguaturi
557 2988 678 3032 cum
703 2995 788 3036 eo.

314 3057 489 3121 Gloria
521 3070 662 3128 Patri
694 3075 951 3147 ingenito,

241 3156 417 3212 Gloria
443 3164 719 3234 unigenito

239 3247 407 3304 Simul
435 3268 554 3332 cum
583 3257 781 3315 Sancto
803 3259 1005 3333 Spiritu

240 3335 294 3392 In
323 3345 648 3414 sempiterna
675 3353 894 3409 simula.

426 3433 692 3507 Hymnum
717 3443 1088 3505 apostolorum.

372 3523 665 3584 Precamur
692 3529 902 3589 Patrem

299 3609 503 3681 Regem
534 3619 954 3689 omnipotentem
979 3668 994 3690 ,

302 3703 364 3759 Et
389 3706 568 3764 Iesum
596 3711 861 3771 Christum
881 3757 897 3783 ,

298 3796 552 3858 Sanctum
584 3821 796 3878 quoque
828 3809 1105 3878 Spiritum.

609 3901 860 3958 Alleluia.

369 3986 535 4048 Deum
565 3993 617 4049 in
650 4010 751 4050 una

292 4079 589 4142 Perfectum
620 4089 921 4147 substantia

292 4173 1265 4252 Trinnm..'...........

363 4363 744 4425 Universorum
965 4451 971 4457 ι

288 4455 475 4513 Fontis
497 4460 656 4528 jubar
683 4464 943 4522 luminum

285 4545 704 4618 Ethereorum,

285 4636 352 4691 Et
377 4637 495 4693 orbi
524 4641 834 4699 lucentium.

353 4727 450 4785 Hic
475 4732 618 4787 enim
648 4733 764 4790 dies

281 4818 440 4877 Velut
470 4824 856 4895 primogenitus

275 4911 412 4967 Coeli
440 4912 508 4968 ab
536 4929 662 4972 arce

277 5000 458 5058 Mundi
491 5004 617 5060 olim
651 5007 853 5063 micuit.

345 5091 433 5146 Sic
456 5094 675 5149 verbum
703 5111 832 5150 caro

272 5180 494 5239 Factum
525 5201 554 5240 a
587 5185 848 5257 principio

272 5273 476 5331 Lumen
509 5284 766 5332 aeternum

269 5369 488 5428 Missum
519 5373 678 5430 Patre
704 5375 922 5432 sarculo.

341 5462 542 5534 llleque
573 5475 729 5535 proto

269 5553 423 5611 Vires
448 5557 694 5614 adimens
718 5560 888 5629 Caho,

262 5645 400 5703 Tum
431 5648 724 5721 improviso

263 5737 484 5796 Noctem
510 5743 714 5812 pepulit
739 5746 959 5802 mundo.

129 5837 145 5870 ι
334 5831 412 5888 Ita
442 5843 646 5890 aeterno

261 5923 369 5981 Iste
397 5925 553 5984 hoste
578 5930 800 5986 subacto

477 6043 744 6107 Pnaou.
793 6043 1050 6106 LXXII.

1498 554 1683 613 Polum
1716 563 1920 620 nodoso

1495 645 1669 706 Solvit
1701 657 1889 714 mortis
1914 660 2127 719 vinculo

1564 737 1821 799 Tenebrae
1852 760 2015 816 super

1487 823 1627 882 Ante
1654 841 1809 886 erant
1838 835 2124 907 abyssum,

1486 916 1654 984 Quam
1683 923 1917 981 radiaret

1482 1004 1692 1066 Primus
1722 1013 1834 1070 dies
1860 1015 2085 1073 dierum.

1552 1099 1677 1159 Haec
1704 1120 1860 1173 quam
1893 1111 2128 1178 prodiret

1480 1195 1614 1251 Vera
1646 1199 1735 1254 lux
1764 1203 2004 1261 mortalia

1475 1287 1723 1347 Contexit
1753 1295 1857 1366 alta

1475 1374 1646 1434 Corda
1676 1382 1996 1453 ignorantia.
2102 1419 2106 1422 -

1543 1467 1745 1526 Eodem
1778 1474 1864 1530 die

1472 1559 1709 1618 Rubrum
1725 1608 1739 1633 ,
1775 1575 1833 1620 ut
1856 1567 2034 1637 ajunt,
2066 1588 2214 1631 mare

1468 1658 1595 1717 Post
1618 1673 1820 1736 tergum
1848 1669 2001 1740 liquit

1468 1751 1747 1823 Liberatus
1774 1759 1995 1818 Israhel.

1537 1844 1639 1901 Per
1667 1847 1768 1904 hoc
1797 1849 2050 1909 docemur

1464 1935 1640 1992 Mundi
1670 1948 1784 1995 acta
1815 1957 2091 2013 spernere,

1461 2024 1530 2080 Et
1557 2028 1609 2082 in
1637 2029 1854 2089 deserto

1459 2115 1720 2178 Virtutum
1745 2126 2061 2186 consistere.

1522 2236 1838 2296 Summerso
1861 2257 2006 2300 saavo

1449 2321 1600 2380 Cicni
1631 2341 1828 2385 canunt
1855 2336 2068 2392 amulo.

1445 2416 1701 2476 Certatim
1736 2422 1844 2479 Deo

1447 2508 1656 2568 Laudes
1687 2515 1812 2572 Duci
1844 2517 1998 2588 igneo

1514 2625 1707 2699 Sicque
1736 2633 1904 2702 erepti

1442 2718 1678 2790 Nequam
1701 2724 1952 2793 jubemur
1989 2728 2136 2784 fretis

1441 2808 1681 2868 Laudare
1711 2813 1878 2870 Deum

1438 2901 1690 2974 Explosis
1721 2907 1972 2965 inimicis.

1509 3017 1576 3071 Et
1603 3019 1742 3075 sicut
1772 3021 1862 3077 ille

1436 3111 1594 3168 Lucis
1623 3115 1720 3170 fuit
1748 3115 1958 3174 initium
1974 3161 1989 3186 ,

1435 3202 1509 3258 Ita
1535 3213 1588 3260 et
1620 3205 1704 3262 isti

1431 3293 1631 3351 Salutis
1661 3301 1957 3358 exordium.

1500 3389 1773 3461 Loquatur
1805 3396 2004 3464 primus

1428 3477 1484 3532 In
1517 3488 1700 3538 tenore
1729 3483 1837 3540 diei

1424 3571 1701 3632 Secundus
1728 3593 1856 3634 vero

1426 3664 1482 3721 in
1507 3667 1684 3724 calore
1715 3671 1858 3726 fidei.

1496 3779 1551 3835 In
1583 3780 1688 3838 fine
1722 3786 1904 3840 mundi

1424 3869 1553 3926 Post
1583 3881 1727 3929 tanta
1759 3878 2011 3947 mysteria

1418 3960 1586 4018 Adest
1617 3966 1865 4023 Salvator

1414 4054 1547 4112 Cum
1575 4060 1761 4129 grandi
1793 4061 2094 4121 clementia.

1486 4149 1722 4224 Tamque
1748 4163 1934 4225 aperte

1413 4241 1691 4298 Elementa
1721 4248 2094 4320 praztendunt,

1410 4332 1578 4400 Quam
1615 4343 1792 4391 vatum
1823 4336 1954 4395 hora

1411 4425 1611 4484 Lucide
1639 4432 2040 4490 concelebrant.

1477 4539 1647 4597 Natus
1671 4552 1725 4598 ut
1757 4544 1919 4600 homo

1407 4630 1615 4686 Mortali
1643 4632 1696 4686 in
1729 4635 1962 4704 tegmine

1404 4721 1520 4779 Non
1560 4725 1714 4780 deest
1742 4727 1879 4782 coelo

1404 4814 1626 4872 Manens
1654 4816 1707 4871 in
1740 4816 2020 4874 Trinitate.

1482 4909 1632 4980 Vagit
1662 4911 1712 4964 in
1747 4912 1957 4982 pannis,

1407 5003 1704 5059 Veneratur
1731 5020 1758 5056 a
1793 5006 1982 5074 magis,

1402 5097 1593 5169 Fulget
1623 5100 1672 5153 in
1701 5099 1891 5162 stellis,

1400 5191 1669 5247 Adoratur
1694 5192 1745 5247 in
1777 5193 1948 5249 caelis.

1471 5283 1683 5340 Statura
1714 5285 1800 5340 vili

1398 5382 1716 5439 Continetur
1743 5388 1968 5457 przesepi
1985 5428 2000 5454 ,

1395 5477 1561 5550 Cujus
1591 5479 1788 5550 pugillo

1394 5565 1579 5622 Potest
1602 5566 1744 5623 orbis
1770 5569 2013 5625 concludi

1465 5656 1811 5724 Primumque
1836 5658 2047 5728 signum

1392 5748 1671 5804 Portendit
1697 5749 1972 5820 discipulis

1389 5843 1555 5912 Aquae
1583 5857 1857 5898 conversae

1389 5933 1443 5988 In
1473 5948 1665 6004 sapore
1691 5935 1939 5991 nectaris.

2659 561 2789 616 Tum
2823 579 2917 633 per
2948 569 3259 638 prophetam

2581 648 2894 725 Completur
2924 668 2980 714 ut
3007 663 3234 721 dictum:

2583 741 2748 798 Saliet
2776 748 2994 804 claudus

2583 833 2651 889 Ut
2677 850 2866 895 cervus
2899 846 3206 911 perniciter.

2648 925 2917 1000 Planaque
2949 933 3087 992 fatur

2576 1014 2836 1076 Absoluto
2863 1025 3080 1086 vinculo

2576 1107 2774 1181 Lingua
2807 1129 3074 1177 mutorum
3093 1165 3109 1190 ,

2573 1194 2871 1266 Imperante
2902 1206 3141 1266 Domino.

2640 1285 2800 1345 Surdi
2829 1307 3107 1364 sanantur,

2564 1375 2704 1434 Caeci
2720 1423 2733 1446 ,
2765 1392 2924 1454 atque
2951 1389 3143 1458 leprosi
3160 1433 3175 1459 ,

2567 1469 2716 1528 Fune
2747 1486 2953 1534 retroso

2565 1561 2902 1624 Suscitantur
2935 1578 3148 1631 mortui.

2633 1656 2877 1716 Totidem
2910 1680 3075 1733 panes

2559 1744 2805 1818 Quinque
2834 1751 3024 1810 dividit
3049 1757 3222 1815 virum

2555 1833 2885 1895 Saturaturis

2555 1920 2745 1981 Procul
2773 1928 2937 1985 dubio
2966 1935 3222 1995 millibus.

2631 2016 2758 2072 Post
2787 2028 2960 2078 tantas
2992 2028 3161 2084 moles

2552 2100 2753 2160 Divinac
2781 2108 3084 2169 clementiae

2550 2192 2755 2249 Exosus
2792 2197 2882 2253 ille

2546 2283 2774 2342 Stimulo
2799 2288 3030 2348 invidiae.

2614 2378 2716 2446 Qui
2751 2382 2992 2441 invidere

2547 2464 2614 2520 Et
2645 2467 2795 2524 odire
2826 2472 3059 2528 animam

2539 2555 2644 2610 Pro
2673 2557 2903 2616 inimicis
3219 2602 3250 2626 ..

2536 2647 2857 2723 Prorogans.
2903 2693 2916 2708 .
2961 2693 2979 2711 .
3019 2695 3037 2712 .
3081 2698 3094 2712 .
3140 2698 3156 2715 .
3197 2699 3215 2717 .
3256 2647 3273 2721 ξ

2607 2741 2880 2801 Adversus
2910 2760 3032 2802 eum

2533 2828 2698 2887 Initur
2723 2835 3002 2893 consilium
3021 2882 3036 2909 ,

2531 2921 2628 2988 Qui
2661 2927 2837 2996 magni
2867 2927 3045 2988 dictus

2531 3010 2751 3070 Consilii
2783 3027 2867 3073 est
2897 3023 3134 3080 nuntius.

2563 3094 2565 3096 ’
2601 3108 2874 3166 Accedunt
2897 3114 2945 3168 ei

2531 3197 2598 3253 Ut
2627 3200 2820 3257 latroni
2848 3220 2968 3261 cum
3000 3208 3194 3278 gladiis

2534 3287 2726 3345 Furem
2753 3301 2971 3351 mtcrnis

2525 3379 2791 3438 Tradituri
2826 3389 3067 3447 azstibus.

2595 3472 2831 3533 Tandem
2864 3479 3097 3538 humano

2525 3562 2774 3620 Traditur
2807 3567 3006 3630 iudicio

2526 3654 2733 3712 Mortali
2766 3675 2893 3730 rege

2518 3742 2812 3802 Damnatur
2839 3759 3145 3818 perpetuus.

2592 3836 2746 3891 Cruci
2776 3843 3014 3899 confixus

2517 3921 2700 3980 Polum
2733 3929 2866 3985 mire
2890 3935 3155 4005 concutit,

2515 4013 2825 4089 Lumenque
2847 4023 2976 4078 solis

2514 4107 2705 4165 Tribus
2731 4113 2973 4170 obtundit
3001 4116 3169 4174 horis.

2584 4199 2720 4256 Saxa
2751 4215 3087 4274 rumpuntur,

2514 4291 2702 4348 Velum
2734 4298 2995 4353 scinditur
3031 4304 3255 4371 templi,

2510 4384 2628 4440 Vivi
2658 4401 2983 4460 consurgant

2511 4477 2587 4532 De
2617 4481 2915 4547 sepulchris
2949 4486 3168 4540 mortui.

2579 4568 2878 4625 Conrosum
2907 4574 3062 4628 nodis

2510 4663 2695 4718 Annos
2727 4663 2838 4719 fere
2867 4665 3106 4720 millibus

2509 4749 2746 4804 Extricat
2771 4750 2916 4805 senis

2506 4842 2699 4898 Inferni
2731 4843 2988 4900 feralibus

2640 4974 2651 4988 .
2699 4975 2713 4990 .
2757 4973 2772 4990 .
2817 4973 2832 4989 .
2878 4937 3235 5007 to-plaustitm

2505 5065 2520 5082 .
2566 5067 2581 5083 .
2629 5066 2640 5078 .
2686 5066 2700 5080 .
2744 5063 2761 5080 .
2801 5041 2897 5082 osa
2923 5027 3166 5096 soboles.

2503 5115 2722 5183 Abjecta
2755 5117 2882 5172 mali
2915 5129 3095 5176 morte

2503 5204 2656 5261 S:cva
2687 5208 2895 5264 ultrice.

2570 5301 2848 5371 Quemque
2876 5302 3154 5375 antiquum

2501 5391 2758 5450 Paradiso
2785 5395 3014 5451 incolam

2498 5481 2740 5538 Recursu
2773 5498 2872 5539 suo

2501 5573 2810 5631 Clementer
2839 5575 3093 5632 restituit.

2571 5667 2826 5722 Exaltans
2851 5676 3013 5738 caput

2498 5755 2740 5811 Universi
2772 5757 3034 5826 corporis,

2494 5845 2548 5898 In
2577 5844 2840 5901 'I‘rinitate

2495 5936 2710 5992 Locavit
2741 5937 3017 5997 Ecclesiae.

3006 6056 3076 6117 19

3462 463 3567 520 586
