4076 6348
500 448 601 504 587

646 566 702 621 In
730 565 833 619 hoc
858 562 1065 618 caelitus

573 662 732 718 lubet
753 667 934 730 portas
963 652 1228 726 principes

577 756 706 826 Regi
736 768 855 809 cum
885 748 1045 805 sociis

582 848 863 908 Eternaies
892 843 1150 915 pandere.

658 944 939 999 Errantem
971 932 1205 1006 propriis

584 1037 834 1095 Erebens
857 1029 1207 1089 certissimam

585 1124 846 1198 Supernis
871 1132 1022 1177 ovem

588 1219 834 1277 ﬂumeris
860 1212 1104 1270 ovilibus.

662 1312 831 1381 Quem
861 1313 1207 1377 expectamus

594 1406 911 1465 Adluturum
943 1396 1184 1454 iudicem
1258 1395 1270 1406 '

593 1503 800 1560 Justum
827 1495 1018 1565 cuique

596 1599 744 1655 Onus
772 1605 926 1650 suum
956 1583 1205 1642 reddere.

672 1692 823 1760 Rogo
849 1697 1006 1755 quam
1033 1677 1197 1733 tantis

598 1769 923 1845 Tﬂibusque
954 1765 1190 1825 donariis

603 1872 787 1929 Vicem
812 1864 1073 1934 condigne

604 1962 897 2020 Possumus
926 1947 1256 2024 rependere?

678 2049 815 2119 Quid
846 2057 952 2103 tam
981 2041 1230 2100 mortales

606 2146 954 2214 Temptamus
985 2131 1263 2203 microiogi

608 2236 858 2301 Narrare,
882 2227 1053 2301 quivit

609 2327 742 2397 Quae
773 2323 950 2379 nullus
972 2313 1219 2375 edicere?

676 2419 861 2476 Solum
888 2426 1104 2470 oramus

611 2512 745 2575 Hoc,
777 2507 1026 2576 idemque
1055 2497 1345 2556 maximum
1373 2510 1387 2547 :

614 2599 790 2656 Nostri
820 2584 1019 2651 ﬁterne

621 2694 893 2756 Miserere,
923 2686 1169 2743 Domine.
1200 2672 1452 2749 Alleluia.

692 2802 959 2864 canticum
983 2796 1145 2853 sancti
1168 2792 1457 2849 Zachariae.

626 2919 948 2979 Be’ﬁé‘oictus
993 2912 1255 2970 Dominus
1298 2908 1473 2973 Deus,
1521 2903 1598 2961 ls-

563 3012 740 3081 rahel,
767 3017 873 3067 etc.

940 3116 1227 3172 Canticum.

633 3237 920 3294 Cantemus
944 3227 1187 3295 Domino,
1212 3223 1445 3297 gloriose
1464 3218 1608 3278 enim

571 3333 972 3397 honorilicatus,
996 3335 1100 3385 etc.

693 3444 985 3503 Benedictio
1014 3439 1170 3494 trium
1197 3447 1487 3504 puerorum.

644 3556 947 3616 Benedicite
989 3549 1168 3607 omnia
1210 3560 1373 3617 opera
1406 3541 1616 3600 Domini

577 3654 893 3715 Dominum,
922 3648 1176 3719 hymnum
1220 3640 1405 3706 dicite,
1446 3646 1499 3693 et
1527 3649 1619 3692 su-

578 3743 901 3818 perexaitate
929 3740 1059 3795 eum
1076 3736 1131 3790 in
1160 3732 1378 3798 saecula,
1405 3738 1509 3786 etc.

718 3850 984 3921 Hymnum
1009 3847 1064 3900 in
1081 3844 1163 3899 die
1187 3841 1475 3896 Dominico.

648 3963 908 4029 Laudate,
948 3959 1130 4031 pueri,
1162 3956 1443 4012 Dominum
1467 3995 1481 4020 ,
1513 3953 1624 4006 lau-

586 4059 707 4115 date
729 4070 923 4112 nomen
952 4050 1181 4107 Domini.
1213 4045 1289 4104 Te
1320 4048 1485 4102 Deum
1514 4044 1627 4099 lau-

589 4148 797 4213 damus,
823 4152 876 4200 te
902 4143 1187 4199 Dominum
1211 4136 1544 4194 conﬁtemur.

658 4236 737 4293 Te
762 4244 1021 4291 aeternum
1051 4230 1263 4287 Patrem
1292 4228 1465 4285 omnis
1492 4236 1632 4284 terra

594 4336 898 4383 veneratur.
930 4321 1049 4378 Tibi
1080 4335 1266 4376 omnes
1300 4317 1503 4390 angeli,
1535 4317 1633 4374 tibi

590 4418 712 4475 νεαιιί
730 4459 745 4484 ,
771 4425 826 4473 et
851 4416 1113 4472 universae
1141 4419 1451 4483 potestates.

666 4511 782 4567 Tibi
828 4502 1121 4573 cherubin,
1152 4515 1204 4561 et
1253 4503 1504 4574 seraphin
1551 4502 1640 4557 in-

598 4602 841 4662 cessabili
890 4615 1023 4657 voce
1075 4599 1451 4670 proclamant:
1502 4595 1640 4653 San—

598 4707 751 4764 ctus,
797 4694 1053 4761 Sanctus,
1104 4688 1335 4747 Sanctus
1386 4686 1647 4745 Dominus

599 4790 741 4846 Deus
768 4787 1022 4846 Sabaoth.

675 4884 822 4939 Pleni
853 4889 977 4936 sunt
996 4868 1119 4935 coeli
1162 4884 1217 4932 et
1234 4874 1488 4931 universa
1509 4880 1650 4930 terra

607 4976 812 5030 honore
833 4969 1015 5042 gloria:
1045 4976 1163 5022 tusc.

685 5062 763 5118 Te
808 5059 1075 5132 gloriosus
1116 5052 1479 5125 apostolorum
1521 5053 1654 5108 cho-

609 5168 726 5221 rus,
758 5162 811 5209 te
840 5149 1217 5223 prophetarum
1247 5142 1534 5201 laudabilis
1560 5157 1657 5198 nu-

608 5260 809 5306 merus.

682 5340 760 5397 Te
787 5332 1083 5409 martyrum
1127 5326 1439 5388 candidatus
1482 5325 1661 5382 laudet

614 5430 899 5489 exercitus.
932 5427 1009 5483 Te
1039 5441 1131 5495 per
1174 5421 1360 5479 orbem
1391 5427 1653 5476 terrarum

615 5530 799 5577 sancta
821 5518 1102 5577 confitetur
1124 5514 1381 5570 Ecclesia.

688 5613 901 5668 Patrem
926 5609 1203 5664 immensae
1230 5598 1543 5672 majestatis.
1572 5596 1665 5653 Ve

619 5701 915 5763 nerandum
958 5702 1107 5755 tuum
1157 5710 1370 5761 verum,
1420 5689 1660 5761 unigeni-

619 5807 733 5852 tum
761 5793 978 5850 Filium.

696 5890 949 5944 Sanctum
965 5872 1187 5952 lquoque
1213 5875 1527 5933 Paraclitum
1552 5873 1670 5940 Spi-

627 5978 807 6045 ritum,
838 5971 918 6026 Tu
946 5970 1059 6026 Rex
1088 5960 1291 6037 gloriae,
1314 5962 1544 6021 Christe.

1357 428 1695 490 APPENDIX
1736 420 1825 482 AD
1861 422 2093 481 OPEBA
2127 419 2184 477 Β.
2225 406 2533 474 GERMANI
2570 398 3009 466 PARlSlENSIS.

3672 372 3786 445 588

1690 548 1769 604 Tu
1802 545 1976 603 Patris
2004 543 2361 613 sempiternus
2385 552 2444 592 es
2476 532 2664 590 Filius.
2805 522 3128 583 Sanctorum
3166 527 3347 576 custos

1620 643 1699 699 Tu
1730 642 1795 698 ad
1826 606 2162 698 liberandum
2191 632 2448 692 mundum
2484 638 2667 685 susce-
2732 622 2929 679 Rector
2950 627 3162 689 quoque
3200 606 3459 668 Dominus

1620 736 1746 809 pisti
1769 734 2062 791 hominem.
2733 714 2869 771 Vitae
2893 708 3147 795 perennis

1693 827 1810 883 Non
1861 822 2116 881 horruisti
2156 817 2391 889 Virgdnis
2434 820 2663 869 uterum.
2734 805 2981 876 Largitur
3006 795 3369 856 credentibus.

1624 921 1707 977 Tu
1745 919 1954 976 devicto
1986 912 2175 971 mortis
2200 910 2388 966 aculeo
2415 903 2669 978 aperuiSti
2807 897 3095 955 leestem
3126 904 3318 963 panem

1627 1012 1966 1071 credentibus
1995 1020 2157 1077 regna
2176 1003 2462 1061 caelorum.
2739 993 2840 1048 Dat
2869 986 3227 1045 esurientibus

1701 1103 1781 1159 Tu
1812 1103 1875 1156 ad
1921 1101 2195 1155 dexteram
2242 1091 2336 1148 Dei
2380 1089 2576 1146 sedens
2622 1084 2675 1139 in
2740 1084 2816 1140 De
2845 1082 2991 1138 fonte
3016 1080 3134 1134 vivo

1632 1194 1798 1267 gloria
1848 1191 2015 1246 Patris
2061 1185 2226 1260 iudex
2274 1179 2512 1239 audetis
2559 1187 2679 1232 esse
2745 1176 2955 1235 Praebet
2998 1169 3323 1229 sitientibus.

1636 1265 1906 1339 venturus.
2392 1346 2399 1351 .
2816 1265 2986 1335 Aipha
3014 1271 3070 1319 et
3088 1274 3273 1329 omega

1696 1377 1773 1432 Te
1798 1389 1924 1444 ergo
1952 1381 2256 1441 quatiemus
2284 1350 2440 1421 nobis
2467 1358 2574 1417 tuis
2597 1357 2683 1412 fa-
2750 1361 2868 1431 Ipse
2887 1356 3133 1414 Christus
3156 1350 3413 1407 Dominus

1637 1470 1797 1526 mulis
1825 1466 2078 1529 subveni,
2107 1475 2243 1535 quos
2284 1458 2524 1531 pretioso
2557 1467 2685 1510 san-
2753 1459 2913 1515 venit
2936 1464 3188 1511 venturus

1638 1561 1797 1630 guine
1818 1552 2119 1613 redemisti.
2642 1628 2650 1630 _
2753 1548 3001 1607 Judicare
3026 1541 3292 1597 homines.

1711 1647 1931 1704 Eterna
1976 1642 2060 1698 lac
2104 1653 2226 1697 cum
2270 1635 2476 1695 sanctis
2520 1628 2690 1703 gloria
3397 1665 3409 1676 .
3640 1661 3653 1673 .
3690 1661 3701 1670 .

2760 1679 3025 1737 Humnum
3053 1671 3261 1737 quando
3289 1681 3445 1725 CW
3469 1660 3701 1721 benedm

1711 1660 1931 1704 mterna
1976 1660 2060 1698 lac
2104 1660 2226 1697 cum
2270 1660 2476 1695 Balteus
2520 1660 2690 1703 gmina
3397 1665 3409 1676 .
3640 1661 3653 1673 ι
3690 1661 3701 1670 .

1640 1739 1934 1797 munerari.
2760 1679 3025 1754 Ηνηιηωη
3053 1671 3261 1746 quando
3289 1681 3445 1725 caena
3469 1660 3792 1721 ῡιπαάιιιιιιτ

1713 1832 1931 1888 Salvum
1959 1826 2044 1882 fac
2072 1824 2325 1896 populum
2373 1828 2557 1885 tuum,
2587 1813 2695 1870 Do-
2828 1811 2970 1881 ignis
3000 1807 3221 1863 Creator
3248 1803 3441 1874 igneus

2764 1902 2969 1959 Lumen
2996 1897 3225 1953 donator
3249 1887 3483 1951 luminis,

2760 1990 2991 2060 Vitaque
3011 1986 3133 2041 vita!
3154 1979 3418 2042 conditor,

2765 2086 2927 2142 Dator
2953 2078 3162 2143 salutis,
3189 2082 3244 2131 et
3268 2072 3435 2128 salus.

1723 2155 2106 2264 Puer—singulos
2153 2189 2268 2246 dies
2328 2181 2697 2241 benedicimus
2772 2263 2784 2264 ί
2834 2171 2946 2228 Nec
2965 2166 3138 2226 noctis
3175 2162 3330 2233 hujus
3370 2155 3565 2230 gaudia

1652 2300 1724 2358 te,
1772 2298 1827 2345 et
1873 2252 2152 2341 laudamus
2203 2294 2403 2336 nomen
2447 2286 2597 2331 tuum
2644 2272 2698 2327 in
2767 2260 2903 2331 Vigil
2943 2260 3161 2315 lucerna
3188 2252 3419 2312 deserat,

1654 2336 1724 2358 --,
1775 2336 1827 2345 ν-
1873 2336 2148 2341 -η,ηηη

1653 2391 1941 2447 aeternum,
1988 2386 2043 2434 et
2086 2379 2141 2431 in
2190 2371 2449 2428 saeculum
2496 2362 2699 2421 saeculi.
2766 2357 2869 2427 Qui
2892 2350 3161 2409 hominem
3190 2360 3296 2401 non
3327 2343 3406 2397 vis
3442 2336 3600 2401 mori,

1653 2479 1845 2533 Amen.
1925 2431 1941 2447 ’
2774 2450 2849 2506 Da
2887 2454 3073 2502 nostro
3094 2443 3272 2497 iumen
3303 2431 3525 2508 pectori.

1730 2571 1877 2637 Fiat,
1912 2570 2149 2633 Domine,
2198 2558 2569 2620 misericordia
2615 2565 2705 2612 tua
2774 2628 2793 2637 _
2957 2535 3009 2593 ἆ

1730 2571 1877 2637 Fiat,
1912 2570 2149 2633 Domine,
2198 2558 2569 2620 misericordia
2615 2565 2705 2612 tua
2774 2628 2793 2637 _
2957 2534 3193 2637 Egypt?
3224 2522 3577 2629 ηιῐετεωξδύέ

1731 2614 1877 2637 .....,

1658 2676 1819 2733 super
1864 2674 1981 2729 nos,
2028 2651 2478 2728 quemadmodum
2521 2660 2706 2719 speta-
2774 2628 3021 2699 Ιηάυιεθδ
3048 2622 3313 2698 Semina!“
3342 2614 3604 2689 Simiam»

2778 2723 2820 2733 -.
2862 2721 2910 2733 ..
3037 2720 3048 2733 .
3092 2726 3205 2733 μω
3260 2708 3471 2733 “mm

1660 2708 1836 2808 vimus
1866 2750 1921 2805 in
1951 2708 2059 2803 t,e.1
2552 2708 2571 2719 ³
2778 2721 2943 2781 Nobis
2969 2720 3212 2775 velamen
3254 2708 3495 2775 exhibes,

2785 2815 3117 2880 Nocturnum
3137 2808 3316 2863 lumen
3337 2798 3581 2872 porrigis.

2853 2903 3019 2962 Nubis
3044 2898 3330 2965 columpna
3359 2906 3453 2962 per
3480 2888 3622 2943 diem

1644 1927 1805 1993 mine,
1836 1932 1890 1981 et
1920 1920 2145 1979 benedic
2172 1912 2457 1973 hereditati
2486 1918 2613 1974 tua,
2641 1916 2696 1962 et

1642 2032 1769 2088 rege
1810 2030 1924 2082 eos,
1950 2021 2015 2079 et
2041 2009 2242 2067 extollo
2266 2006 2389 2064 illos
2428 2013 2597 2073 usque
2637 1998 2692 2054 in

1644 2107 1921 2164 saeculum.

1700 2892 1969 2966 Hymnum
2007 2885 2218 2966 quando
2249 2877 2677 2966 communicarent

2039 2956 2347 3014 “mdom‘
2790 2995 3100 3054 Venientem
3119 2956 3326 3059 pleb-em
3355 2956 3590 3053 βνοῑθὲίε
3604 3017 3619 3043 ν

2786 3089 2932 3163 Ignis
2958 3084 3242 3152 columpna
3269 3077 3335 3133 ad
3373 3072 3656 3144 vesperum

2791 3182 3014 3239 Noctem
3042 3174 3267 3246 depellis
3289 3170 3506 3228 lumine.

2866 3271 2911 3327 E
2940 3271 3151 3325 ﬂamma
3173 3261 3428 3320 famulum
3449 3262 3731 3328 provocas,

2796 3364 3010 3423 Rubum
3030 3374 3137 3416 non
3162 3354 3371 3427 spernis
3388 3344 3631 3421 suum

2801 3460 2872 3517 Et
2894 3472 3017 3514 cum
3041 3453 3115 3512 sis
3135 3451 3272 3523 ignis
3296 3436 3650 3507 concréiilahs

2804 3553 2922 3611 Non
2949 3550 3064 3607 uris
3089 3542 3231 3618 quod
3262 3536 3568 3598 inluminas.

2876 3648 3055 3706 Fusco
3078 3644 3299 3714 depasta
3327 3635 3508 3693 nubilo

2806 3741 3044 3810 Tempus
3062 3731 3299 3793 decoctis
3327 3726 3573 3785 sordibus

2808 3834 3078 3891 Fervente
3108 3833 3293 3884 sancto
3321 3820 3520 3894 Spiritu

2808 3924 3040 3981 Carnem
3063 3921 3241 3976 lucere
3268 3924 3511 3987 ocream.

2883 4010 3120 4070 Secretis
3143 4009 3255 4081 jam
3276 4001 3465 4062 condis
3502 3994 3609 4055 favi

2813 4106 2987 4165 Divini
3008 4103 3182 4161 mellis
3211 4100 3395 4166 alitus,

2816 4194 3007 4251 Cordls
3033 4202 3327 4260 repurgans
3364 4182 3581 4240 intimas

2823 4287 2999 4344 Verbo
3021 4279 3241 4353 replesti
3261 4274 3512 4332 cellulas.

2894 4380 3130 4435 Examen
3156 4380 3215 4428 ut
3250 4369 3409 4426 fretus
3436 4362 3562 4421 novi

2824 4470 2933 4527 Ore
2959 4468 3289 4540 praelectum,
3319 4457 3513 4531 spiritu

2827 4565 3101 4622 Reiectum
3130 4559 3326 4615 cmlum
3356 4549 3584 4609 sarcinis

2828 4662 3046 4730 Quaerat
3082 4651 3285 4709 securis
3312 4643 3569 4719 pinnulis.

2908 4747 3091 4804 Gloria
3112 4742 3257 4799 Patri
3279 4738 3520 4809 ingenito
3534 4773 3550 4800 ,

2836 4842 3017 4900 Gloria
3040 4835 3345 4907 Unigenito,

2842 4931 3013 4990 Simul
3039 4944 3158 4984 cum
3189 4930 3375 4981 sancto
3406 4917 3609 4990 Spiritu

2843 5025 2902 5083 in
2925 5022 3252 5095 sempiterna
3280 5013 3495 5072 saecula.

1807 3093 1990 3150 Sancti
2016 3094 2215 3157 venito,

1744 3189 1944 3247 Christi
1972 3202 2167 3257 corpus
2193 3184 2412 3253 sumite,

1748 3283 2002 3340 Sanctum
2031 3280 2298 3344 bibentes,

1749 3374 1865 3444 Quo
1895 3369 2185 3441 redempti,
2212 3363 2548 3437 sanguinem.

1823 3461 2023 3519 Salvati
2052 3457 2254 3515 Christi

1752 3554 1988 3621 Corpore
2012 3559 2067 3604 et
2095 3546 2372 3618 sanguine,

1755 3644 1803 3700 A
1828 3655 1933 3712 quo
1962 3637 2146 3696 refecti

1762 3735 1971 3795 Laudes
1997 3733 2235 3789 dicamus
2264 3729 2397 3785 Deo.

1840 3827 1950 3881 Hoc
1976 3830 2306 3880 sacramento

1754 3916 2010 3989 Corporis
2031 3924 2084 3969 et
2113 3909 2427 3983 sanguinis,l

1758 4013 1957 4069 Omnes
1990 4008 2135 4063 exuti

1762 4102 1844 4159 Ab
1872 4098 2065 4156 inferni
2098 4093 2358 4150 faucibus.

1839 4192 2000 4247 Dator
2028 4187 2215 4242 salutis

1768 4283 2010 4340 Christus
2032 4279 2197 4335 Filius
2223 4272 2317 4331 Dei

1772 4372 2028 4431 Mundum
2056 4366 2286 4425 salvavit

1772 4463 1877 4520 Per
1905 4458 2155 4528 crucemf,
2187 4464 2244 4512 et
2271 4451 2606 4523 sanguinem.

1850 4556 1954 4612 Pro
1985 4549 2256 4609 universis

1779 4650 2086 4709 immolatus
2115 4642 2371 4702 Dominus

1784 4743 1900 4814 Ipse
1928 4736 2177 4797 sacerdos

1785 4831 1981 4889 Existit
2002 4836 2056 4886 et
2084 4824 2276 4881 hostia.

1857 4924 1998 4995 Lege
2025 4923 2350 4992 praeceptum

1789 5011 2060 5071 immolari
2090 5006 2316 5069 hostias,

1790 5104 1903 5171 Qua
1926 5096 2314 5153 adurnbrantur

1791 5189 1983 5245 Divina
2013 5182 2284 5256 mysteria.

1867 5286 2025 5341 Lucis
2053 5277 2290 5335 indultor

1796 5376 1867 5432 Et
1892 5374 2139 5430 Salvator
2166 5366 2403 5425 omnium

1804 5468 2116 5526 Praeclaram
2144 5462 2342 5519 sanctis

1802 5565 2047 5637 Largitus
2071 5570 2155 5617 est
2182 5561 2428 5634 gratiam.

3047 5150 3281 5222 Hymnus
3304 5142 3485 5200 medice
3512 5137 3700 5196 noctis.

2921 5275 3106 5335 Mediae
3134 5270 3309 5330 noctis
3338 5277 3547 5336 tempus
3574 5270 3705 5328 est;

2849 5365 3167 5439 Prophetica
3198 5374 3302 5416 vox
3320 5358 3595 5418 admonet,

2858 5465 3108 5522 Dicamus
3135 5453 3320 5512 laudes
3349 5451 3462 5505 Deo

2860 5553 3000 5612 Patri
3046 5560 3279 5617 semper,
3307 5553 3370 5596 ac
3392 5535 3532 5593 Filio
3549 5574 3565 5602 ,

1881 5628 2147 5732 Avccedant
2166 5628 2353 5724 omnes
2934 5648 3135 5706 Sancto
3171 5650 3385 5713 quoque
3427 5628 3653 5703 Spiritui
3674 5643 3693 5694 ς

1812 5771 1953 5827 Pura
1972 5773 2152 5822 mente
2170 5759 2391 5825 creduli,
2864 5740 3110 5800 Perfecta
3132 5737 3273 5793 enim
3299 5730 3558 5793 Trinitas,

1814 5867 2039 5922 Sumam
2075 5868 2329 5915 teternam
2378 5822 2386 5825 ’
2868 5833 3145 5903 Uniusque
3182 5822 3495 5884 substantia

1822 5914 2361 6017 gelatis-custodiam.
2872 5926 3161 5988 Laudamia
3181 5918 3338 5981 nobis
3359 5924 3573 5985 semper
3594 5914 3700 5967 est“.
