2038 3174
220 178 269 208 591
577 170 747 201 APPENDIX
770 169 815 198 AD
834 167 948 197 OPERA
970 165 1092 196 SANCTI
1112 163 1266 194 GEMIANI
1287 160 1506 191 PARISIENSIS.
1805 159 1862 188 διειι

256 234 389 261 Constans
399 232 426 260 in
438 231 486 260 Dei
498 230 594 258 timore

222 281 256 309 Et
267 280 320 309 ﬁde
330 278 466 308 inmobilis

222 328 310 363 Super
321 334 380 362 qua
395 325 551 359 ediﬁcatur,

223 374 259 402 Ut
273 374 382 401 Petrum
396 371 515 400 Ecclesia

225 418 359 455 Cujusque
374 417 550 454 apostolatum

186 464 194 499 ἰ
225 467 246 494 Δ
259 466 314 494 Deo
326 465 435 493 sortitus
449 468 499 496 est.

185 504 201 534 ⁷ο
226 512 254 541 lu
266 513 341 549 cujus
355 517 439 548 portae
453 512 594 539 adversum

228 559 325 588 lnlerui
337 567 390 587 non
402 559 556 594 praevalent.

263 605 392 633 Dominus
402 604 477 632 illum
493 604 573 639 elegit

232 652 263 680 Ut
278 651 387 679 doceret
400 651 529 679 barbaras

229 698 367 732 Nationes,
382 702 411 727 et
425 698 539 733 piscaret

229 746 280 774 Per
291 745 421 773 doctrinas
432 745 512 777 retia,

229 793 263 820 Et
273 792 307 820 de
321 792 420 820 saeculo
433 791 575 819 credentes

231 837 364 866 Traheret
374 838 406 865 ad
418 837 529 873 gratiam

232 884 373 913 Dominum
385 884 430 920 qui
441 887 617 918 sequeremur

231 930 328 959 Sedem
344 930 377 957 ad
393 929 538 957 aetheream

269 976 359 1004 Electa
370 975 470 1003 Christi
486 974 583 1001 talenta

234 1022 330 1051 Vendit
341 1022 505 1057 euangelica,

233 1072 297 1107 Quae
308 1072 440 1101 Hibernas
452 1072 521 1099 inter
533 1075 625 1107 gentes

233 1119 299 1147 Cum
313 1119 401 1147 usuris
412 1118 506 1153 exigit,

233 1165 349 1201 Navigiis
365 1165 444 1201 hujus
459 1165 558 1193 laboris

235 1211 302 1240 Tum
313 1219 402 1248 operae
414 1212 527 1247 pretium

235 1259 302 1287 Cum
318 1259 426 1287 Christo
440 1260 515 1295 regni
534 1259 652 1287 caelestis

237 1304 412 1333 Possessurus
428 1304 563 1340 gaudium.

273 1351 372 1378 Fidelis
387 1351 432 1379 Dei
449 1350 580 1383 minister,

237 1395 404 1431 lnsignisque
418 1396 526 1424 nuntius

238 1441 421 1476 Apostolicum
435 1439 598 1476 exemplum,

241 1487 422 1523 Formamque
438 1487 538 1523 praebet
551 1487 639 1519 bonis,

238 1535 289 1569 Qui
306 1539 358 1562 tam
375 1534 463 1562 verbis
479 1541 557 1568 quam
570 1538 597 1561 et
612 1532 688 1560 factis

239 1580 312 1608 l‘lebi
326 1579 454 1616 pra-dicat
467 1579 532 1612 Dei,

239 1626 272 1655 L‘t
285 1634 364 1663 quem
377 1626 456 1654 dictis
472 1634 525 1653 non
541 1624 675 1653 convertit

240 1672 338 1701 Fructu
353 1676 480 1708 provocet
494 1673 573 1700 bono.

275 1720 394 1748 Gloriam
410 1720 489 1747 habet
504 1727 565 1747 cum
582 1717 702 1753 Christo,

240 1768 373 1797 Honorem
389 1767 417 1795 in
431 1766 531 1795 saeculo

240 1814 292 1848 Qui
306 1813 340 1841 ab
353 1812 487 1846 omnibus,
505 1817 534 1840 ut
550 1811 595 1840 Dei

241 1859 390 1888 Veneratnr
404 1859 516 1894 angelus

241 1906 325 1941 Quem
341 1906 412 1935 Deus
427 1906 498 1933 misit
511 1910 540 1933 ut
555 1904 665 1932 Paulum

242 1953 284 1980 Ad
298 1957 391 1987 gentes
402 1952 563 1987 apostolum,

241 1996 279 2025 Ut
292 1997 444 2025 hominibus
457 1997 585 2025 ducatum

242 2043 379 2072 Praeberet
393 2051 476 2079 regno
493 2043 549 2071 Dei.

279 2101 393 2129 Humilis
406 2100 455 2129 Dei
470 2101 504 2129 ob
520 2103 621 2128 metum

244 2145 347 2182 Spiritu
361 2150 389 2174 et
401 2153 524 2181 corpore,

244 2194 331 2229 Super
346 2200 424 2229 quem
439 2192 539 2220 bonum
555 2193 590 2220 ob
604 2195 693 2219 actum

245 2239 399 2275 Requiescit
415 2239 552 2273 Dominus,

244 2286 380 2321 Cujusque
389 2286 461 2321 iusta
476 2285 502 2312 in
515 2292 598 2312 carne

245 2332 344 2360 Christi
358 2335 448 2367 portat
461 2331 596 2366 stigmata,

247 2379 281 2407 Et
291 2380 368 2414 cujus
381 2379 438 2406 sola
452 2381 607 2406 sustentans

246 2425 382 2454 Gloriatur
396 2425 423 2452 in
436 2432 525 2453 cruce.

282 2480 397 2516 impiger
409 2481 549 2508 credentes
565 2477 650 2513 pascit

249 2524 368 2561 Dapibus
381 2522 536 2552 cmlestibus

245 2571 287 2599 Ne
301 2571 345 2606 qui
359 2570 486 2599 videntur
498 2576 558 2597 cum
570 2567 676 2597 Christo

245 2618 274 2645 ln
290 2617 332 2645 via
345 2617 485 2649 deﬁciant,

245 2664 348 2699 Quibus
362 2668 456 2699 erogat
470 2667 499 2691 ut
513 2669 594 2698 panes

245 2709 333 2739 Verba
347 2710 514 2745 euangelica,

245 2757 282 2785 Et
295 2756 372 2792 cuius
386 2756 597 2791 multiplicantur

246 2802 282 2831 Ut
294 2809 392 2830 tnanna
406 2801 433 2829 in
450 2800 582 2828 manibus.

283 2849 393 2877 Kastam
408 2847 453 2884 qui
466 2847 584 2876 custodit
596 2853 705 2876 carnem

246 2896 288 2924 0b
301 2901 422 2923 amorem
439 2893 560 2926 Domini,

247 2940 333 2974 Quam
348 2945 456 2967 carnem
473 2936 600 2972 templum
615 2936 718 2971 paravit

778 223 929 262 Sauctoque
940 224 1067 262 Spiritui,

780 275 801 302 Α
816 281 868 310 quo
881 276 1036 301 constanter
1051 278 1110 299 cum
1127 269 1234 298 mundis

779 320 934 348 Possidetur
949 318 1068 351 actibus,

780 366 864 400 Quam
879 370 907 393 et
919 365 1032 392 hostiam
1047 364 1194 399 placentem

781 412 874 440 Vivam
886 411 965 439 uﬁ'ert
979 410 1105 438 Domino.

822 459 978 493 Lumenque
993 456 1085 484 mundi
1100 461 1242 483 accensunt

782 505 879 541 Ingens
894 504 1089 539 euangelicum.

784 552 811 579 ln
826 551 990 580 candelabro
1006 550 1063 577 leva
1070 554 1123 576 tum

783 596 852 624 'l‘oto
867 596 971 631 fulgens
987 594 1099 626 saeculo,

783 643 884 672 Civitas
898 643 969 679 regis
984 643 1086 670 munita

784 689 871 725 Supra
886 694 1004 717 montem
1019 687 1116 723 posita,

785 735 869 770 Copia
887 735 914 762 in
929 741 980 769 qua
997 738 1039 761 est
1051 733 1146 765 multa,

786 783 871 817 Quam
885 781 1014 809 Dominus
1027 780 1156 816 possidet.

824 829 955 857 Maximus
970 834 1084 861 namque
1099 827 1124 853 iu
1138 832 1221 861 regno

788 877 920 905 leorum
937 875 1086 906 vocabitur,

790 924 841 958 Qui
856 923 925 959 quod
941 922 1029 950 verbis
1043 921 1122 949 docet
1136 920 1219 947 sacris
1229 939 1237 951 ,

790 969 879 999 Factis
894 969 1024 1004 adimplet
1040 967 1127 1000 bonis,

792 1016 866 1044 Bono
880 1014 1007 1051 praecedit
1021 1012 1156 1048 exemplo.

795 1063 974 1096 Formamque
990 1060 1107 1088 ﬁdelium

793 1109 943 1144 blundoque
959 1108 985 1135 in
1001 1106 1082 1134 corde
1096 1105 1176 1133 habet

792 1156 832 1184 Ad
848 1156 929 1184 Deum
946 1154 1080 1182 ﬁduciam.

829 1201 931 1230 Nomen
950 1201 996 1228 Dei
1008 1199 1138 1227 audenter

800 1247 946 1275 Adnuntiat
960 1245 1093 1282 gentibus,

793 1293 898 1328 Quibus
912 1291 1026 1320 lavacris
1041 1290 1137 1318 salutis

795 1339 936 1367 Eternam
952 1338 997 1365 dat
1012 1337 1137 1372 gratiam,

796 1385 848 1413 Pro
863 1391 976 1420 quorum
991 1386 1050 1410 orat
1062 1380 1165 1410 delictis

799 1431 837 1459 Ad
855 1431 939 1458 Deum
956 1429 1065 1462 cotidie,

798 1476 852 1505 Pro
865 1476 962 1512 quibus
976 1479 1005 1503 ut
1019 1475 1074 1503 Deo
1088 1473 1182 1510 dignas

796 1523 969 1558 lmmolatque
983 1521 1093 1550 hostias.

830 1568 942 1596 Omnem
959 1574 1008 1602 pro
1023 1566 1112 1594 divina
1127 1565 1185 1600 lege

797 1612 886 1641 Mundi
898 1612 1001 1647 spernit
1016 1609 1140 1646 gloriam,

795 1659 846 1693 Qui
859 1663 955 1687 cuncta
968 1657 1002 1685 ad
1013 1656 1091 1692 cujus
1106 1662 1225 1684 mensam

796 1704 926 1733 Estimat
937 1702 1092 1739 quisquilia,

798 1751 853 1779 Nec
864 1749 1000 1786 ingruenti
1012 1752 1134 1776 movetur

798 1798 889 1826 Mundi
906 1797 986 1831 hujus
1000 1795 1123 1828 fulmine,

798 1843 851 1871 Sed
863 1842 891 1870 in
906 1840 1030 1869 adversis
1044 1839 1161 1871 laetatur,

797 1887 864 1916 Cum
879 1894 926 1923 pro
939 1885 1047 1914 Christo
1063 1884 1170 1919 patitur.

837 1941 931 1970 Pastor
946 1940 1032 1968 bonus
1046 1943 1072 1967 et
1088 1938 1174 1966 ﬁdelis

799 1989 897 2025 Gregis
910 1986 1057 2023 euangelici
1071 2007 1078 2020 ,

799 2036 884 2069 Quem
900 2035 970 2062 Deus
986 2033 1033 2061 Dei
1048 2032 1130 2067 elegit

800 2081 942 2109 Custodire
958 2079 1097 2116 populum,

802 2130 938 2165 Suamque
955 2136 1063 2164 pascere
1078 2126 1183 2162 plebem

804 2175 905 2203 Divinis
917 2174 1097 2210 dogmatibus.

802 2222 855 2251 Pro
865 2230 917 2258 qua
932 2222 964 2248 ad
979 2220 1078 2248 Christi
1094 2217 1250 2253 exemplum

803 2270 885 2299 Suam
901 2268 981 2296 tradit
995 2267 1123 2294 animam.

840 2326 926 2360 Quem
941 2331 989 2360 pro
1002 2322 1106 2352 meritis
1116 2321 1238 2350 Salvator

804 2371 932 2400 Provein
945 2369 1110 2407 pontiﬁcem,

808 2419 841 2447 Ut
855 2420 882 2446 in
897 2417 1001 2446 celesti
1016 2420 1138 2444 moneret

805 2464 926 2492 Clericos
941 2462 1045 2496 militia,

805 2509 949 2537 C(elestem
964 2509 1060 2545 quibus
1073 2513 1207 2536 annonam

806 2557 907 2592 Erogat
920 2564 980 2584 cum
994 2555 1124 2587 vestibus,

806 2603 882 2636 Quod
894 2603 920 2630 in
935 2601 1033 2630 divinis
1048 2600 1182 2635 impletur,

805 2650 946 2684 Sacrisque
961 2648 1095 2676 aﬁ'atibus.

841 2704 922 2740 Regis
935 2703 1042 2731 nuntius
1059 2701 1172 2729 invitans

804 2750 953 2778 Credentes
969 2749 1002 2776 ad
1018 2748 1123 2783 nuptias

806 2796 857 2830 Qui
868 2800 979 2823 ornatur
996 2794 1159 2822 vestimento

805 2840 925 2876 Nuptiali
939 2839 1056 2874 indutus,

806 2886 858 2921 Qui
873 2884 984 2914 caeleste
998 2883 1088 2912 haurit
1102 2882 1193 2911 vinum

806 2931 835 2961 in
847 2931 918 2960 vasis
931 2929 1096 2964 coelestibus,

1337 220 1538 256 Propinansque
1554 216 1604 246 Dei
1619 216 1724 252 plebem

1337 267 1469 305 Spiritale
1482 266 1621 303 poculum.

1373 325 1489 354 Sacrum
1503 323 1605 351 invenit
1622 322 1780 350 thesaurum

1338 370 1423 399 Sacro
1436 369 1462 396 in
1475 367 1625 401 volumine,

1340 413 1541 450 Salvatorisque
1556 413 1584 441 in
1604 420 1687 441 carne

1343 460 1475 489 Deitatem
1490 458 1624 495 pervidet,

1343 506 1428 540 Quem
1444 505 1602 534 thesaurum
1618 503 1684 531 emit
1696 502 1801 532 sanctis

1343 549 1526 584 Perfectisque
1541 547 1657 581 meritis,

1345 596 1447 625 Israhel
1458 601 1570 624 vocatur
1582 596 1660 631 hujus

1346 642 1442 670 Anima
1456 641 1551 670 videns
1566 641 1659 669 Deum.

1381 698 1469 726 Testis
1484 698 1589 726 Domini
1606 696 1692 725 ﬁdelis

1345 743 1373 771 In
1386 743 1445 780 lege
1458 743 1599 776 catholica,

1346 789 1429 825 Cujus
1442 789 1523 817 verba
1539 794 1601 817 sunt
1616 788 1716 817 divinis

1343 833 1466 862 Candida
1480 834 1608 867 oraculis,

1343 880 1383 909 Ne
1399 880 1520 909 humana!
1538 885 1633 916 putent
1646 888 1743 909 carnes

1345 924 1479 961 Esseque
1492 933 1506 953 a
1523 925 1669 958 vermibus,

1346 970 1400 998 Sed
1415 970 1518 999 caelesti
1531 970 1667 999 alleantur

1347 1016 1451 1058 Sapore
1465 1016 1498 1044 ad
1514 1016 1661 1044 victimam.

1385 1072 1471 1100 Verus
1483 1071 1570 1099 cultor
1583 1074 1611 1100 et
1623 1070 1736 1106 insignis

1349 1118 1410 1154 Agri
1425 1118 1594 1154 euangelici,

1347 1162 1430 1198 Cujus
1444 1162 1547 1191 semina
1560 1162 1683 1190 videntur

1347 1210 1446 1238 Christi
1462 1209 1610 1245 euangelia,

1349 1256 1413 1290 Quae
1425 1255 1517 1283 divino
1532 1254 1599 1283 serit
1612 1261 1659 1283 ore

1349 1301 1378 1329 In
1392 1309 1471 1329 aures
1486 1301 1670 1337 prudentium,

1350 1349 1468 1383 Quorum
1481 1356 1588 1384 quoque
1602 1348 1684 1376 corda
1703 1354 1736 1375 ac
1750 1350 1858 1376 mentes

1351 1395 1450 1423 Sancto
1465 1399 1523 1422 arat
1537 1393 1648 1422 Spiritu.
1809 1401 1814 1405 '

1386 1452 1510 1481 Christus
1523 1451 1599 1480 illum
1612 1452 1662 1480 sibi
1678 1452 1758 1488 elegit

1351 1496 1380 1524 In
1395 1497 1477 1525 terris
1491 1497 1632 1531 vicarium,

1352 1542 1404 1577 Qui
1417 1542 1451 1571 de
1463 1543 1570 1578 gemino
1580 1542 1701 1578 captivos

1353 1589 1463 1618 Liberat
1474 1589 1594 1622 servitio.

1352 1636 1498 1672 Plerosque
1512 1636 1547 1664 de
1557 1635 1686 1664 servitute

1353 1682 1427 1717 Quos
1442 1682 1555 1710 redemit
1571 1682 1720 1715 hominum,

1353 1729 1510 1757 Innumeros
1525 1729 1559 1756 de
1571 1728 1666 1756 Zabuli

1356 1775 1477 1804 Absolvit
1488 1774 1616 1803 dominio.

1391 1834 1510 1871 Hymnos
1523 1841 1584 1862 cum
1601 1832 1760 1868 Apocalypsr

1355 1881 1531 1916 PsalmOsque
1546 1885 1636 1908 cantat
1650 1880 1711 1912 Dei,

1355 1927 1482 1961 Quosque
1496 1926 1529 1953 ad
1542 1925 1729 1953 aediﬁcandum

1355 1972 1404 2001 Dei
1420 1976 1516 2002 tractat
1528 1972 1667 2008 populum,

1355 2019 1440 2054 Quam
1456 2020 1542 2055 legem
1557 2020 1583 2047 in
1602 2018 1734 2047 Trinitatc

1356 2066 1431 2095 Sacri
1443 2065 1530 2095 credit
1542 2065 1669 2100 nominis,

1355 2114 1506 2149 Tribusque
1517 2114 1639 2149 personis
1654 2119 1733 2140 unam

1357 2161 1493 2197 Docetque
1506 2159 1692 2188 substantiam.

1390 2215 1465 2244 Zona
1480 2215 1587 2243 Domini
1604 2215 1765 2251 praecinctus

1359 2259 1460 2291 Diebus
1473 2270 1505 2290 ac
1518 2261 1650 2294 noctibus,

1360 2309 1423 2338 Sine
1438 2307 1637 2337 intermissione

1360 2355 1446 2383 Deum
1456 2359 1515 2382 orat
1529 2354 1670 2382 Dominum
1679 2374 1686 2386 ,

1360 2400 1443 2435 Cttjus
1458 2399 1572 2435 ingentis
1587 2399 1690 2427 laboris

1361 2447 1540 2483 Percepturus
1555 2446 1694 2483 premium

1360 2495 1428 2523 Cum
1441 2494 1570 2530 apostolis
1585 2492 1708 2530 regnabit

1361 2542 1475 2569 Sanctus
1489 2548 1571 2576 super
1584 2539 1698 2568 Israhel.

1398 2605 1528 2634 Patricius
1541 2605 1683 2640 episcopus

1361 2652 1427 2681 Oret
1443 2659 1491 2687 pro
1505 2650 1583 2678 nobis
1596 2648 1732 2681 omnibus,

1363 2698 1397 2726 Ut
1412 2697 1553 2725 deleantur
1568 2696 1690 2732 protinus

1362 2743 1473 2771 Peccata
1487 2750 1546 2778 quae
1561 2741 1756 2770 commisimus.

1363 2788 1472 2817 Patricii
1487 2788 1580 2816 laudes

1362 2834 1477 2869 Semper
1488 2833 1620 2866 dicamus,

1363 2881 1399 2910 Ut
1412 2888 1461 2909 nos
1476 2887 1536 2908 cum
1551 2879 1598 2907 illo

1363 2927 1476 2963 Semper
1488 2925 1624 2954 vivamus.
