4076 6348
347 498 454 556 595

347 612 610 686 lignatum
667 616 832 670 sancti
895 616 1132 695 Comgilli
1193 619 1388 676 abbatis
1459 620 1654 693 Pignus
1682 639 1940 695 prmctaro
1969 630 2152 684 animo

777 691 960 744 nostri.

412 797 776 857 Recordemur
801 803 1018 874 justitia:

339 885 517 944 Nostri
549 890 756 959 patroni
784 893 982 965 iulgide

337 979 582 1052 Comgilli
610 985 778 1039 sancti
806 985 1022 1042 nomine

338 1072 668 1144 Refulgentis
699 1077 755 1132 in
783 1092 968 1149 opere.

334 1164 516 1235 Adjuti
549 1167 650 1231 Dei
677 1169 922 1227 Flamine

333 1257 530 1316 Sancto
557 1260 808 1331 claroque
838 1265 1059 1334 lumine,

331 1351 609 1411 Trinitatis
637 1355 952 1414 celsissimae

329 1441 536 1501 Cuncta
566 1455 808 1506 tenentes
836 1453 1098 1523 regmine,

329 1537 496 1605 Quem
527 1540 666 1598 Deus
695 1544 760 1599 ad
788 1545 1020 1603 astherea

330 1626 596 1688 Conduxit
629 1633 954 1707 habitacula,

330 1720 407 1776 Ab
432 1725 635 1796 angelis
661 1728 947 1797 custodita,

329 1810 680 1872 Permansura
707 1819 758 1874 in
788 1823 1003 1879 saecula.

397 1910 589 1967 Audite
621 1923 809 1982 pantes
839 1925 893 1972 ta
917 1932 1043 1989 erga

327 2002 486 2059 Allati
510 2005 578 2060 ad
604 2009 842 2078 angelica

327 2092 551 2150 Athletae
581 2095 673 2153 Dei
695 2099 872 2155 abdita

325 2183 366 2238 A
390 2184 668 2255 juventute
697 2187 881 2245 ﬂorida

325 2278 491 2332 Aucta
521 2281 574 2335 in
601 2279 731 2350 legis
763 2281 974 2352 pagina,

324 2368 438 2424 Alta
468 2370 638 2424 sancti
670 2385 764 2438 per
791 2371 996 2430 viscera

323 2464 461 2532 Apta
494 2463 595 2519 ﬁde
615 2463 842 2534 jusﬁtia,

321 2551 403 2609 Ad
432 2551 529 2608 Dei
557 2552 716 2608 ducta
741 2555 953 2626 gaudia,

322 2641 430 2697 ΑΙιὶ
460 2641 634 2698 adlata
661 2643 852 2700 merita

321 2728 532 2785 Aﬁ'atim
563 2733 960 2802 concordantia,

530 2825 612 2880 Ab
638 2827 861 2898 angelis.

387 2916 588 2973 Bonam
612 2918 796 2986 vitam,
822 2921 1106 2992 justitiam,

317 3011 703 3081 Benignitatem
733 3012 994 3080 ﬂoridam,

317 3099 604 3157 Caritatem
636 3101 1020 3173 ﬁrmissimam,

317 3191 425 3249 Deo
450 3182 622 3264 primo
649 3197 961 3262 adhibitam,

315 3281 469 3338 Juxta
495 3284 806 3340 mandatum
836 3286 1063 3342 solidam

316 3376 370 3432 In
399 3392 565 3450 regno
588 3381 1105 3448 praestantissimam,

316 3468 580 3525 Proximis
608 3483 753 3540 saepe
780 3470 1014 3528 debitam

311 3558 482 3615 Corde
510 3574 703 3615 sereno
723 3561 971 3631 placitam

313 3647 589 3706 Efﬁciebat
617 3653 884 3720 cognitam

309 3746 364 3803 In
395 3746 574 3804 futuro
599 3749 956 3819 fructiferam,

519 3843 688 3911 Quem
723 3847 881 3902 Deus.

376 3935 754 4009 Contemptum
783 3942 1130 4000 mundialium

307 4026 667 4099 Voluptatum,
700 4034 1046 4103 praesentium

304 4119 566 4177 Vitiorum
593 4123 958 4180 ﬁrmissimum

302 4198 548 4271 inﬁrmos
572 4215 961 4273 devastantium

303 4303 594 4364 Verborum
625 4311 1006 4380 cogitaminum

299 4395 457 4453 Parte
485 4398 616 4455 laeva
644 4402 974 4458 versantium

298 4483 616 4544 Continebat
643 4505 738 4560 per
765 4492 1032 4549 viscerum

298 4580 512 4641 Secreta
543 4586 872 4657 vigilantium

515 4681 589 4736 Ab
611 4683 827 4751 angelis.

366 4769 560 4826 Doctus
585 4772 634 4826 in
664 4773 758 4828 Dei
793 4775 998 4846 legibus

291 4858 494 4918 Divinis
517 4863 844 4922 dictionibus

293 4951 497 5008 Ditatus
526 4957 723 5012 sanctis
751 4959 961 5026 opibus,

290 5041 400 5099 Deo
426 5060 638 5114 semper
665 5047 1016 5117 placentibus,

289 5135 572 5194 Dedicatus
598 5141 651 5196 in
680 5142 940 5210 moribus,

287 5225 385 5283 Dei
408 5226 714 5299 Stephanus
744 5233 894 5302 agius

282 5316 518 5376 Docebat
545 5325 624 5377 sic
650 5333 703 5378 et
729 5333 959 5381 caeterus

281 5409 431 5469 Dicta
451 5413 608 5471 docta
633 5417 882 5485 operibus

494 5501 668 5572 Quem
699 5505 858 5561 Deus.

350 5592 524 5666 Elegit
549 5611 578 5650 a
606 5596 919 5665 primordio,

277 5681 432 5748 Quod
455 5694 572 5740 erat
601 5686 653 5740 in
684 5687 964 5758 principio,

277 5769 561 5829 Eternum
588 5775 819 5834 Verbum
846 5787 1070 5849 paterno

277 5861 587 5918 Eructatum
618 5850 984 5927 sanctissimo-

275 5953 452 6010 Corde
476 5970 664 6012 verum
689 5957 954 6019 altissimo

271 6043 444 6109 Carus
469 6047 646 6111 eidem
673 6049 852 6111 lucido

1452 714 1718 778 Constans
1744 737 1908 794 Opere
1935 724 2168 793 placido.

1669 810 1754 866 Ah
1779 812 2006 883 angelis.

1519 899 1775 972 Fulgebat
1801 905 1897 960 alti
1928 905 2138 979 fulgore

1447 990 1591 1049 Solis
1619 993 1735 1051 vice
1766 998 1820 1052 in
1849 998 2052 1057 vertice

1447 1082 1736 1146 Rutilantis
1763 1090 1987 1149 meridie

1443 1173 1592 1233 Fidei
1616 1179 1958 1252 claritudine,

1441 1263 1802 1327 Conﬁrmatus
1827 1288 1894 1328 ex
1925 1273 2139 1333 viscere

1439 1356 1496 1413 In
1523 1359 1616 1416 Dei
1644 1377 1860 1435 semper
1884 1365 2062 1423 sidere

1439 1455 1730 1517 Conﬁdens
1771 1465 2143 1524 sanctimonia

1439 1547 1715 1624 Praecipuo
1740 1557 2060 1614 munimine.

1651 1645 1823 1714 Quem
1850 1648 2011 1708 Deus.

1509 1732 1772 1792 Gaudium
1797 1741 1971 1796 sancti
1995 1739 2228 1812 Spiritus

1436 1823 1678 1881 Habebat
1700 1827 1753 1884 in
1778 1830 2096 1902 visceribus,

1439 1912 1684 1986 Regnum
1705 1919 1851 1989 quod
1874 1929 1958 1976 est
1976 1922 2302 1982 sublimibus

1436 2007 1551 2066 Deo
1578 2010 1797 2082 dignum
1819 2023 1871 2070 et
1901 2014 2119 2074 fortius.

1438 2101 1686 2162 Gladium
1709 2122 1921 2180 quoque
1942 2109 2177 2181 Spiritus

1435 2195 1694 2255 Levatum
1718 2200 1786 2257 ad
1816 2203 2175 2274 nequissimus

1433 2291 1553 2359 Quo
1583 2304 1946 2362 prosterneret
1971 2297 2235 2367 superbus

1444 2383 1655 2444 Tenens
1677 2390 1878 2444 sanctis
1900 2388 1956 2446 in
1976 2390 2242 2448 manibus.

1646 2481 1730 2536 Ab
1757 2483 1984 2554 angelis.

1505 2571 1756 2641 Humilis,
1786 2585 2030 2645 sanctus,
2055 2576 2322 2650 benignus

1436 2663 1641 2721 Probus
1673 2668 1726 2721 in
1758 2666 1852 2725 Dei
1877 2668 2108 2740 legibus,

1434 2756 1726 2824 Humanus,
1755 2759 1957 2831 justus,
1984 2763 2316 2832 commodus,

1431 2851 1736 2910 Laudabilis
1758 2854 1812 2910 in
1831 2856 2093 2924 moribus,

1431 2943 1629 3001 Hilaris
1658 2947 1827 3007 vultu.
1859 2948 2091 3018 sobrius,

1427 3035 1679 3095 Caritatis
1708 3039 1760 3095 in
1785 3040 2030 3112 ﬁoribus,

1429 3123 1720 3183 Decoratus
1749 3128 2050 3195 ordinibus,

1431 3218 1624 3276 Factus
1653 3220 1827 3290 palam
1849 3223 2169 3280 mortalibus

1429 3309 1484 3364 In
1511 3310 1800 3381 Scripturis
1821 3314 2081 3381 eruditus,

1426 3399 1714 3470 lnspiratus
1745 3403 2021 3471 divinitus,

1427 3487 1483 3564 In
1506 3493 1858 3548 sacramentis
1888 3493 2168 3564 providus,

1424 3563 1712 3639 Canonicis
1746 3585 1996 3645 aﬂ‘atihus

1422 3672 1748 3733 Te5tamenti
1779 3681 2155 3753 praefulgidus,

1423 3769 1662 3828 Fervens
1682 3772 1894 3842 spiritu,
1927 3775 2170 3844 placidus

1423 3860 1532 3920 Deo
1554 3877 1731 3930 carus,
1758 3873 1812 3919 et
1838 3866 2130 3935 piissimus.

1636 3951 1719 4008 Ab
1748 3954 1972 4024 angelis.

1490 4040 1731 4099 Kalcavit
1755 4047 2013 4101 mundum
2039 4047 2323 4104 subdolum

1414 4131 1666 4190 Karitatis
1697 4150 1794 4205 per
1815 4136 2048 4193 studium

1412 4222 1691 4280 Kastitatis
1715 4226 2104 4295 ﬁrmissimum,

1411 4314 1812 4387 Contempuens
1835 4335 1996 4376 omne
2018 4321 2227 4388 vitium,

1411 4406 1658 4463 lnserens
1680 4423 1864 4478 agrum
1901 4410 2172 4479 ﬂoridum,

1412 4498 1606 4557 Pectus
1626 4501 1895 4558 adornans
1915 4504 2151 4561 lucidum
2173 4546 2188 4573 ,

1411 4592 1655 4647 Divinum
1687 4593 2045 4650 habitaculum

1409 4685 1574 4742 Trino
1599 4688 1813 4743 nomine
1835 4688 2120 4744 sancitum.

1618 4778 1786 4844 Quem
1819 4779 1980 4835 Deus.

1477 4872 1801 4941 Lampadem
1824 4873 2102 4941 sapientia:

1405 4961 1693 5019 Constituit
1721 4963 1777 5017 in
1809 4971 2024 5032 pectore
2038 5005 2054 5030 ,

1407 5055 1464 5110 In
1491 5055 1743 5110 thesauro
1775 5071 1830 5110 sa
1840 5057 2053 5126 pientize

1401 5145 1629 5200 Condito
1658 5146 1756 5202 Dei
1780 5162 2022 5213 munere,

1405 5235 1771 5294 lnﬁammatus
1800 5254 2128 5311 magnopere

1404 5329 1549 5387 Luce
1577 5345 1718 5386 verte
1742 5330 1990 5402 iustitiae,

1403 5424 1686 5481 Exaltatus
1712 5425 2007 5481 munimine

1401 5513 1578 5588 Legis,
1610 5517 1850 5586 spiritus,
1881 5517 2078 5575 literae.

1613 5607 1696 5663 Ah
1722 5608 1944 5677 angelis.

1473 5698 1721 5764 Magnum
1752 5697 2106 5768 adprehendit
2134 5701 2377 5760 bradium

1396 5785 1621 5842 Eterna
1653 5788 1759 5840 vita
1787 5789 2112 5860 condignum

1401 5873 1636 5943 Adeptus
1665 5885 1907 5930 sanctum
1938 5879 2216 5946 prmmium

1397 5963 1529 6022 Post
1559 5965 1798 6022 laborem
1821 5965 2210 6039 ﬁrmissimum,

1394 6053 1563 6128 Cujus
1590 6054 1885 6128 perfectum
1915 6061 2167 6120 meritum

1178 504 1755 572 ANTIPHONARIUM
1794 514 2220 576 MONASTERII
2266 518 2800 582 BENCHORENSIS.

2578 635 2841 694 Vocamus
2866 639 2920 695 in
2945 640 3221 710 auxilium,

2578 724 2642 780 Ut
2670 742 2976 786 mercamur
2999 733 3239 790 omnium

2578 817 2832 876 Vitiorum
2861 823 3156 883 excidium.

2782 910 2954 977 Quem
2985 913 3142 971 Deus.

2636 997 2805 1056 Notus
2832 1015 3140 1064 sanctorum
3163 1013 3394 1072 cmtibus

2565 1089 2827 1150 Abbatem
2859 1096 2913 1152 in
2943 1102 3223 1161 ordinibus

2566 1182 2948 1246 Monachorum
2981 1194 3238 1256 militibus

2562 1278 3023 1342 Anachoretarum
3053 1291 3308 1350 sensibus

2564 1369 2839 1442 Synodum
2860 1390 3061 1436 sanctis
3091 1383 3336 1452 plebibus

2563 1463 2730 1522 Immo
2756 1469 2836 1524 vir
2865 1474 3202 1541 apostolicus

2560 1556 2748 1617 Clarus
2775 1566 2985 1622 cunctis
3014 1568 3067 1624 in
3088 1571 3354 1641 sortibus,

2561 1652 2834 1713 Adauctus
2865 1657 2920 1713 in
2944 1661 3267 1721 sublimibus

2775 1748 2860 1804 Ab
2886 1753 3116 1823 angelis.

2629 1837 2675 1893 0
2693 1850 2896 1908 petram
2918 1841 3295 1904 solidissimam

2558 1926 2616 1984 In
2645 1928 2992 1991 fundamento
3018 1940 3269 2009 positam,

2555 2017 2599 2070 t)
2629 2029 3060 2093 contemptorem
3101 2030 3346 2088 omnium

2554 2107 2753 2167 Rerum
2781 2128 3011 2186 nequam
3040 2123 3413 2195 praesentium,

2553 2198 2598 2253 Ο
2618 2198 2812 2258 ducem
2839 2216 3092 2262 sanctum
3124 2209 3357 2268 militum

2555 2289 2784 2346 Domino
2811 2294 3115 2353 milantium

2553 2376 2600 2432 Ο
2629 2386 2872 2452 tyronem
2902 2382 3252 2444 fortissimum

2559 2467 2788 2528 Domino
2815 2481 2980 2531 totum
3012 2476 3276 2536 deditum.

2771 2567 2940 2634 Quem
2972 2570 3135 2627 Deus.

2631 2657 2845 2716 Positus
2869 2662 3007 2719 muri
3031 2665 3196 2724 ferrei

2567 2747 2697 2806 Vice
2717 2751 2770 2806 in
2795 2751 2912 2808 luce
2935 2758 3116 2826 populi

2555 2841 2697 2899 Dissi
2706 2861 2851 2915 pare,
2888 2848 3220 2920 disperdere,

2556 2935 2761 2993 Cuncta
2785 2942 2927 2997 mala
2957 2943 3259 3015 destruere,

2555 3025 2873 3099 :Ediﬁcare,
2909 3032 3150 3102 plautare

2554 3121 2699 3178 Bona
2730 3131 2842 3180 tota
2865 3127 2918 3182 in
2940 3143 3223 3190 commune

2551 3210 2700 3268 More
2729 3216 2899 3271 sancti
2927 3218 3211 3278 Hieremiae

2549 3297 2840 3358 Constituti
2870 3305 2924 3360 in
2953 3308 3206 3368 culmine.

2768 3393 2852 3450 Ab
2881 3398 3104 3468 angelis.

2624 3480 2754 3550 Quis
2783 3489 3108 3558 contempsit
3135 3497 3418 3560 praesentia

2551 3570 2721 3642 Hujus
2753 3576 2852 3631 aevi
2884 3576 3143 3634 decidua.’

2548 3664 2679 3731 Quis
2703 3669 2944 3726 ascendit
2963 3672 3030 3728 ad
3051 3688 3281 3744 superna

2547 3755 2683 3812 Toto
2707 3759 2890 3816 animo
2919 3765 3144 3833 gaudia?

2546 3844 2677 3908 Quis
2709 3847 2925 3905 volebat
2951 3851 3004 3907 in
3027 3853 3227 3912 aethera

2544 3933 2718 3994 Carne
2749 3939 2928 3996 volare
2958 3943 3168 4011 posita?

2542 4015 2788 4093 Qualiter
2815 4031 2916 4088 iste
2941 4034 3066 4090 talia

2542 4115 2782 4187 Adeptus
2810 4130 2994 4176 sancta
3018 4124 3229 4181 merita.

2755 4209 2926 4277 Quem
2952 4214 3091 4271 Deus

2612 4297 2774 4354 Rexit
2803 4313 3046 4360 sanctam
3080 4307 3376 4370 Ecclesiam

2535 4384 2870 4445 Catholicam
2903 4407 2998 4462 per
3016 4399 3281 4471 regulam,

2536 4475 2798 4534 Retinens
2831 4480 2990 4539 ﬁdem
3018 4488 3246 4544 solidam

2536 4566 2728 4624 Malam
2756 4583 2941 4628 contra
2969 4579 3284 4648 nequitiam,

2535 4654 2700 4712 Suam
2724 4673 2983 4718 exercens
3013 4666 3246 4724 animam

2533 4743 2748 4802 Sanctae
2778 4749 2910 4820 legis
2941 4767 3036 4823 per
3059 4761 3331 4830 paginam,

2532 4833 2695 4905 Cujus
2723 4847 2920 4908 exopto
2946 4847 3172 4912 gratiam

2530 4925 2657 4983 Mihi
2686 4929 2912 4988 adornat
2932 4935 3187 4995 animam.

2743 5023 2825 5081 Ah
2850 5028 3078 5099 angelis.

2597 5129 2827 5201 Sapiens
2853 5149 2982 5194 suos
3013 5140 3256 5202 internos

2523 5217 2754 5280 Sanctos
2769 5226 2989 5286 elevans
3021 5235 3206 5292 oculos

2527 5308 2837 5370 Deducebat
2856 5318 2923 5373 ad
2946 5333 3176 5390 superos

2520 5397 2709 5479 capite
2737 5415 2922 5462 sancto
2946 5408 3205 5482 intentos,

2523 5488 2679 5550 Parte
2707 5506 2891 5554 sancta
2913 5499 2966 5556 in
2992 5501 3212 5562 dextera

2522 5581 2800 5642 Collocans
2827 5601 2924 5646 sua
2950 5592 3153 5650 viscera

2521 5671 2862 5738 Centuriouis
2884 5696 3047 5754 opera

2521 5765 2735 5826 Habens
2763 5783 2948 5830 sancta
2971 5792 3068 5848 per
3090 5784 3300 5844 studia!

2737 5861 2908 5933 Quem
2934 5868 3095 5930 Deus.

2587 5975 2733 6036 Tulit
2759 5994 2916 6039 suam
2943 5989 3260 6046 memoriam

2517 6067 2601 6125 Ad
2624 6073 2960 6131 mansionem
2986 6089 3276 6147 supernam
