4076 6348
312 378 313 381 “
334 383 433 442 597

328 587 612 646 inlumina.
641 588 747 658 Qui
773 603 987 662 regnas.

856 667 865 676 ’
882 682 962 737 Ad
1001 683 1364 763 Vespertinam.

402 774 720 848 Vespertina
744 776 918 857 oratio
948 788 1131 833 nostra
1156 779 1417 836 ascendat
1444 778 1511 837 ad
1540 793 1699 837 aures
1728 779 1922 857 divinat

327 866 624 937 maiestatis
650 874 778 935 tute,
810 854 1179 926 et'descendat
1210 871 1515 947 benedictio
1534 880 1646 945 tua,
1672 854 1916 941 Domine,

327 971 494 1029 super
536 974 657 1027 nos,
714 962 1161 1031 quemadmodum
1211 964 1547 1037 speravimus
1591 958 1649 1045 in
1701 976 1772 1023 te.
1819 967 1919 1047 Qui

328 1067 549 1127 regnas.

822 1129 905 1196 Ασι
954 1128 1171 1183 initium:
1214 1127 1424 1186 Noctis.

402 1220 563 1287 Deus,
604 1219 697 1292 qui
739 1219 1135 1277 inextricabiles
1165 1224 1419 1279 tenebras
1465 1221 1758 1278 inluminas
1785 1235 1914 1279 noc-

304 1313 487 1382 tium,
513 1313 840 1376 densitatem
870 1315 1118 1385 caliginis
1148 1316 1422 1384 inlustras,
1457 1318 1622 1374 corda
1644 1327 1831 1373 nostra
1861 1317 1915 1373 in

325 1421 496 1475 opere
524 1407 899 1464 mandatorum
930 1419 1164 1477 tuorum,
1200 1420 1253 1466 te
1283 1425 1522 1482 oramus,
1549 1412 1795 1481 Domine,
1826 1425 1918 1467 cu-

334 1500 559 1556 stodias.
590 1501 692 1567 Qui
723 1516 936 1571 regnas.

840 1591 921 1644 Ad
967 1591 1172 1646 initium
1216 1593 1399 1649 noctis.

400 1679 643 1737 Evolutis
673 1695 818 1738 nunc
846 1682 953 1737 diei
991 1683 1345 1753 temporibus,
1374 1684 1758 1757 nocturnisque
1787 1702 1917 1759 spa-

329 1772 417 1829 tiis
453 1774 982 1844 superveniOntibus,
1042 1776 1136 1832 Dei
1182 1776 1601 1834 misericordiam
1655 1779 1917 1850 deprece-

1146 386 1709 461 ANTIPHONABIUM
1750 386 2165 447 MONASTERII
2204 388 2736 446 BENCHORENSIS.

330 497 610 567 miracula,
665 509 845 554 nostra
891 514 1103 573 quoque
1148 514 1336 579 eorum
1392 502 1692 583 imitatione
1745 506 1907 567 corda
1933 512 1987 569 Α

3497 369 3600 425 598

2406 504 2580 563 Oratio
2634 499 2915 567 communis
2962 496 3205 567 fratrum.

2094 597 2171 654 Ne
2202 597 2510 663 memineris
2539 593 2873 669 iniquitatutn
2903 601 3203 645 nostrarum
3233 584 3610 654 antiquarum.‘

2025 690 2147 761 Cito
2172 691 2467 761 anticipent
2496 704 2595 749 nos
2624 685 3004 755 misericordiae
3035 692 3159 748 tuae,
3190 679 3311 751 quia
3342 677 3609 748 pauperes”

2022 786 2140 841 facti
2170 800 2353 840 sumus
2377 785 2556 839 nimis.
2582 781 2787 851 Adjuva
2812 793 2911 843 nos
2937 779 3074 833 Deus
3098 773 3348 847 salutaris
3378 778 3567 825 noster
3585 783 3611 837 ;-

2022 892 2238 953 propter
2266 880 2488 950 gloriam
2522 878 2749 947 nominis
2776 875 2872 951 tui,
2908 872 3149 934 Domine,
3186 868 3355 923 libera
3376 880 3509 931 nos;
3544 854 3611 949 θεέ

2023 974 2280 1045 propitius
2306 984 2423 1031 esto
2447 973 2679 1045 peccatis
2714 968 2912 1035 nostris
2943 975 3163 1037 propter
3195 977 3389 1019 nomen
3420 956 3607 1018 tuum.’

2020 1068 2097 1124 Ne
2141 1068 2318 1123 tradas
2362 1068 2543 1127 bestiis
2590 1066 2824 1122 animam
2855 1060 3205 1118 conﬁtentem
3234 1056 3351 1112 tibi.
3381 1053 3605 1111 Animas

2020 1172 2310 1229 pauperum
2344 1168 2556 1231 tuorum
2588 1172 2655 1213 ne
2684 1155 3021 1212 obliviscaris
3062 1152 3114 1225 in
3146 1152 3330 1205 ﬁnem.
3377 1147 3608 1217 Respice

2021 1248 2075 1303 in
2104 1257 2503 1315 testamentum,
2532 1248 2774 1303 Domine.
2801 1247 2963 1308 Dens,
2996 1244 3048 1296 in
3072 1239 3397 1312 adjutorium
3422 1253 3605 1294 meum

2021 1342 2266 1407 intende;
2304 1342 2549 1409 Domine,
2598 1341 2665 1396 ad
2712 1336 3067 1411 adiuvandum
3108 1351 3195 1390 me
3236 1333 3452 1389 festina.
3499 1332 3605 1387 Fe-

2021 1434 2178 1502 stina,
2211 1433 2457 1501 Domine,
2489 1434 2719 1489 liberare
2749 1445 2847 1486 nos
2868 1445 2933 1485 ex
2963 1426 3210 1483 omnibus
3236 1425 3469 1498 peccatis
3498 1435 3598 1477 no-

2022 1528 2171 1583 stris.

2592 1594 2700 1649 Pro
2745 1592 3030 1662 baptisatis.

2091 1688 2310 1744 Salvum
2353 1687 2438 1743 fac
2479 1686 2731 1758 populum
2779 1692 2951 1749 tuum,
2979 1682 3224 1751 Domine,
3274 1687 3327 1735 et
3377 1676 3605 1734 benedic

2020 1782 2315 1839 hmreditati
2344 1792 2469 1850 ture,
2495 1792 2548 1838 et
2576 1796 2700 1852 rege
2728 1795 2844 1846 eos,
2874 1787 2927 1834 et
2956 1777 3177 1843 extolle,
3210 1774 3455 1840 Domine,
3479 1770 3605 1827 illos

324 1881 476 1973 Ιῐξξιΐν
506 1874 566 1922 ut
592 1868 823 1973 suppleti
852 1867 1050 1925 divinis
1079 1870 1347 1935 sensibus,
1401 1871 1736 1927 tenebrarum
1785 1886 1915 1942 ope-
1941 1912 1990 1973 Β
2020 1890 2188 1947 usque
2218 1878 2270 1931 in
2298 1876 2571 1931 saeculum.
2603 1876 2856 1930 Miserere
2881 1872 3135 1927 Ecclesiae
3162 1879 3266 1923 tuae
3287 1867 3602 1934 Catholicae,

329 1958 483 2018 ribus
504 1960 813 2025 renuntiare
834 1963 1124 2033 possimus.
1147 1962 1247 2031 Qui
1268 1978 1482 2035 regnas.

748 2056 830 2115 Ad
874 2071 1053 2128 pacem
1107 2056 1485 2111 celebrandam.

2014 1984 2173 2041 quam
2207 1971 2258 2024 in
2289 1979 2379 2024 tuo
2407 1970 2662 2039 sanguine
2693 1965 2987 2022 redemisti.
3022 1964 3122 2032 Qui
3150 1977 3363 2031 regnas.

2088 2061 2317 2132 Exurge,
2373 2060 2614 2124 Domine,
2667 2058 2718 2111 in
2751 2056 2993 2126 requiem
3036 2064 3203 2108 tuam.
3249 2052 3326 2106 'l'n
3368 2065 3426 2104 es
3473 2060 3597 2103 arca

396 2146 598 2214 injuste
630 2148 859 2220 egimus.
903 2149 1196 2205 Redemisti
1226 2164 1349 2218 nos,
1384 2150 1626 2217 Domine,
1659 2151 1801 2209 Deus
1820 2167 1913 2209 vc-
2015 2155 2449 2213 sanctiﬁcationis
2482 2164 2607 2208 tuae.
2639 2151 2955 2207 Sacerdotes
2983 2148 3059 2203 tui
3101 2148 3388 2201 induantur
3428 2143 3595 2214 justi-

322 2242 521 2306 ritans,
571 2240 626 2296 in
675 2248 768 2301 tuo
806 2253 997 2297 saneto
1022 2242 1303 2312 sanguine,
1336 2256 1478 2297 nunc
1506 2240 1701 2299 adiuva
1731 2257 1828 2301 nos
1856 2244 1911 2300 in

323 2332 573 2388 omnibus
603 2332 733 2390 Jesn
758 2332 995 2401 Christe,
1016 2333 1108 2403 qui
1128 2348 1342 2404 regnas.

396 2426 503 2481 Dax
522 2428 690 2483 multa
718 2427 1088 2499 diligentibus,
1134 2442 1240 2498 pax
1264 2436 1377 2496 tua,
1410 2428 1654 2501 Domine,
1678 2446 1772 2487 rex
1804 2444 1912 2488 cm-

278 2590 279 2593 η
321 2518 498 2591 lastis,
548 2530 862 2591 permaneat
902 2535 1121 2590 semper
1157 2521 1215 2578 in
1244 2521 1535 2579 visceribus
1581 2523 1803 2590 nostris,
1856 2533 1913 2580 ut

322 2625 434 2675 non
464 2612 747 2671 timeamus
768 2628 798 2679 ᾳ
828 2612 1022 2673 timore
1050 2621 1339 2687 nocturno.
1360 2613 1461 2682 Qui
1486 2628 1695 2673 reseas.

826 2702 1023 2775 Incipit
1076 2705 1407 2778 Symbolum.

398 2796 573 2859 Credo
592 2798 647 2859 in
671 2798 841 2859 Deum
865 2798 1085 2858 Patrem
1110 2802 1538 2871 omnipotentem
1562 2804 1908 2873 1nvisibilen.,

326 2891 567 2947 omnium
594 2901 963 2951 creaturarum
987 2893 1304 2951 visibilium.
1330 2908 1385 2951 et
1415 2897 1759 2967 invisibilium
1787 2912 1917 2953 con-

228 3016 238 3023 -
326 2985 585 3043 ditorem.

398 3078 571 3141 Credo
595 3087 652 3144 et
680 3079 739 3136 in
761 3079 942 3143 Jesum
984 3078 1259 3137 Christum
1304 3080 1499 3139 Filium
1539 3094 1659 3150 eius
1700 3097 1913 3145 unicum

327 3170 609 3233 Dominum
632 3182 897 3242 nostrum,
921 3174 1091 3231 Deum
1113 3175 1569 3243 omnipotentem,
1598 3185 1916 3247 conceptum

327 3268 397 3327 de
427 3267 630 3339 Spiritu
657 3266 874 3336 Senem,
906 3277 1090 3327 uatum
1117 3267 1186 3324 de
1228 3267 1395 3325 Maria
1425 3267 1655 3339 virgine,
1704 3283 1915 3338 passum

326 3359 428 3423 sub
457 3361 647 3421 Pontio
676 3361 887 3432 Pylato,
923 3361 1013 3426 qui
1039 3362 1347 3428 cruciﬁxus,
1398 3370 1453 3420 et
1490 3362 1733 3433 sepultus
1787 3363 1910 3420 des-

327 3454 509 3512 cendit
550 3455 617 3511 ad
667 3455 891 3523 inferos,
920 3455 1077 3511 tertia
1107 3455 1199 3514 die
1228 3455 1526 3511 resurrexit
1576 3472 1607 3510 a
1656 3458 1906 3524 mortuis,

329 3552 570 3609 ascendit
597 3554 649 3608 in
679 3552 854 3619 oculis,
898 3550 1145 3621 seditque
1181 3552 1251 3606 ad
1279 3552 1561 3608 dexteram
1601 3552 1697 3607 Dei
1740 3552 1916 3608 Patris

330 3644 718 3715 omnipotentis
764 3642 963 3701 exinde
1008 3652 1293 3703 venturum
1343 3643 1589 3714 judicare
1630 3644 1807 3704 vivos.
1856 3660 1919 3701 ac

330 3748 596 3796 ιηοιιιιιος.

401 3830 578 3888 Credo
603 3838 659 3887 et
682 3832 736 3888 in
772 3831 1033 3902 Spiritum
1072 3838 1320 3885 sanetum
1370 3826 1539 3884 Deum
1581 3828 1918 3898 omnipoten-

333 3936 443 3984 tem
460 3941 621 3985 unam
648 3926 932 3984 habentem
952 3923 1313 3982 substantiam
1339 3936 1463 3979 eum
1492 3922 1652 3978 Patre
1677 3930 1731 3978 et
1760 3922 1915 3979 Filio.

290 4080 291 4083 η
334 4018 585 4079 Sanctam
613 4032 734 4076 esse
762 4018 1058 4076 Ecclesiam
1079 4016 1422 4083 catholicam,
1456 4015 1754 4071 abremissa
1784 4029 1913 4085 pee-

335 4117 601 4177 eatorum,
626 4116 934 4164 sanctorum
966 4105 1419 4172 communionem,
1442 4106 1623 4160 carnis
1650 4119 1921 4162 resurrec-

336 4202 563 4259 tionem.
582 4199 759 4257 Credo
781 4201 942 4263 vitam
970 4208 1095 4270 post
1116 4207 1368 4265 mortem,
1391 4206 1449 4253 et
1470 4198 1635 4252 vitam
1659 4205 1919 4252 aeternam

337 4292 391 4350 in
419 4294 589 4366 gloria
612 4292 837 4355 Christi.
866 4292 993 4348 Hatc
1020 4290 1201 4347 omnia
1227 4290 1393 4347 credo
1417 4290 1472 4345 in
1501 4289 1692 4346 Deum.
1724 4290 1916 4351 Amen.

873 4384 1054 4440 Oratio
1093 4382 1385 4453 ﬂaminica.

409 4480 564 4547 Pater
580 4485 789 4547 noster.
816 4485 927 4543 etc-

896 4567 978 4623 Ad
1023 4564 1371 4627 Nocturnum.

413 4665 514 4727 Per
544 4663 735 4727 horam
760 4658 953 4725 medim
974 4658 1147 4717 noctis
1169 4667 1293 4713 tunc
1318 4649 1487 4725 gavisi
1516 4656 1641 4706 sunt
1660 4647 1834 4721 angeli
1853 4647 1920 4705 de

342 4756 618 4817 nativitate
640 4752 852 4825 Domini
867 4751 1038 4819 nostri
1065 4749 1190 4811 Jesu
1210 4744 1432 4809 Christi.
1457 4743 1534 4799 lta
1556 4752 1609 4798 et
1630 4756 1727 4797 nos
1753 4740 1923 4797 laetari

338 4851 598 4915 debemus
639 4848 697 4911 in
737 4856 828 4905 tua
869 4854 1053 4915 sancta
1102 4855 1233 4915 pace
1270 4837 1607 4908 omnipotens
1641 4833 1801 4901 Deus,
1829 4833 1921 4903 qui

339 4942 500 5009 vivis,
528 4949 635 4998 etc.

897 5007 977 5084 ᾼᾴ
1029 5003 1365 5069 Mammium.

410 5106 490 5163 Tu
520 5120 605 5178 es,
630 5102 878 5169 Domine,
909 5098 1256 5155 inluminator
1283 5092 1591 5162 caliginum,
1634 5087 1913 5143 conditor-

328 5194 444 5272 que
467 5198 879 5260 elementorum,
919 5192 1174 5246 remissor
1202 5186 1516 5247 criminum;
1551 5178 1916 5234 misericordia

343 5268 453 5369 tua,
479 5287 723 5353 Domine,
766 5297 954 5363 magna
1001 5288 1082 5336 est
1126 5291 1285 5348 super
1314 5289 1406 5331 eos
1434 5270 1523 5343 qui
1552 5278 1606 5326 te
1627 5277 1739 5324 toto
1758 5268 1920 5324 corde

290 5370 301 5387 ⁵
341 5360 640 5454 requirunt.
669 5359 919 5449 Maiestas
944 5380 1053 5439 tua,
1079 5370 1324 5436 Domine,
1352 5380 1508 5422 mane
1531 5377 1631 5419 nos
1651 5359 1921 5429 exaudiat,

340 5489 395 5535 et
422 5476 601 5533 deleat
638 5472 829 5530 delicta
861 5474 1063 5534 nostra,
1104 5478 1224 5533 quae
1263 5461 1356 5516 tibi
1404 5476 1512 5517 non
1557 5466 1682 5516 sunt
1720 5456 1922 5513 abdita.

341 5568 443 5639 Qui
470 5578 679 5640 regnas,
711 5572 818 5622 etc.

822 5652 955 5710 Item
989 5652 1058 5706 ad
1111 5646 1444 5703 Matutinum,

1948 4712 2003 4775 Ι)

2016 2251 2163 2315 tiam,
2190 2258 2243 2303 et
2269 2247 2436 2302 sancti
2467 2246 2562 2309 tui,
2588 2253 2689 2299 etc.
2718 2243 2842 2309 Qui,
2872 2249 2975 2296 ctc.

2086 2341 2353 2396 Laetentur
2400 2340 2452 2394 in
2501 2346 2573 2403 te,
2618 2335 2865 2397 Domine,
2915 2344 3105 2387 omnes
3158 2327 3328 2384 sancti
3364 2326 3461 2393 tui,
3504 2324 3599 2396 qui

2012 2442 2233 2506 sperant
2260 2432 2313 2487 in
2344 2442 2399 2488 te
2424 2431 2480 2487 in
2511 2430 2659 2485 omni
2689 2426 2935 2482 veritate.

2634 2522 2742 2578 Pro
2782 2522 2980 2575 abbate.

2086 2620 2342 2677 Dominus
2370 2629 2648 2675 conservet
2680 2632 2823 2684 eum,
2857 2624 2912 2671 et
2941 2613 3175 2669 viviﬁcet
3202 2627 3347 2678 eum,
3391 2619 3446 2667 et
3473 2610 3606 2669 bea-

2019 2724 2127 2771 tum
2152 2714 2309 2769 faciat
2333 2729 2453 2771 eum
2484 2714 2535 2768 in
2559 2723 2720 2769 terra.
2748 2711 3006 2767 Dominus
3026 2706 3261 2763 custodit
3285 2714 3334 2765 te
3361 2706 3429 2760 ab
3454 2706 3607 2762 omni

2019 2808 2181 2879 malo,
2222 2807 2491 2869 custodiat
2531 2807 2763 2863 animam
2823 2813 2969 2860 tuam
3018 2800 3295 2857 Dominus.
3350 2799 3607 2857 Dominus

2018 2902 2279 2961 custodiat
2309 2902 2583 2965 introitum
2624 2911 2770 2956 tuum
2811 2914 2879 2955 ex
2920 2896 3024 2954 hoc
3066 2909 3212 2953 nunc
3242 2901 3298 2950 et
3327 2907 3499 2963 usque
3544 2891 3599 2955 in

2019 2997 2294 3061 szeculum,
3315 3046 3321 3053 ,

2091 3087 2310 3143 Custodi
2332 3102 2450 3156 nos,
2484 3087 2724 3159 Domine,
2750 3093 2809 3139 ut
2829 3082 3082 3154 pupillam
3105 3079 3269 3149 oculi,
3295 3081 3395 3137 sub
3416 3078 3607 3147 umbra

2023 3180 2226 3233 alarum
2260 3190 2466 3234 tuarum
2497 3187 2715 3249 protege
2745 3189 2842 3231 nos

2095 3270 2380 3341 Protegere
2409 3282 2459 3325 et
2485 3269 2819 3326 sanctiﬁcare
2844 3264 3079 3334 digneris
3108 3261 3360 3337 omnibus
3420 3259 3603 3318 omni-

2023 3371 2234 3437 potens.
2263 3360 2357 3430 Qui
2390 3376 2599 3432 regnas,
2627 3368 2731 3415 etc.

2571 3451 2676 3506 Pro
2716 3448 3051 3522 fraternitate.

2094 3544 2195 3614 Tu,
2230 3545 2475 3613 Domine,
2506 3544 2748 3602 servabis
2775 3558 2894 3611 nos,
2933 3551 2988 3600 et
3014 3539 3292 3599 custodies
3320 3553 3420 3596 nos
3448 3553 3481 3596 a
3517 3553 3608 3613 ge-

2023 3640 2299 3695 neratione
2331 3640 2431 3695 hac
2461 3640 2512 3693 in
2543 3648 2824 3693 aeternum.

2105 3731 2307 3789 Exaudi
2348 3732 2615 3787 orationes
2644 3737 2856 3787 nostras
2879 3742 2977 3798 pro
3018 3725 3273 3783 fratribus
3304 3725 3520 3789 nostris,
3550 3729 3609 3777 ut

2021 3828 2127 3886 illis
2157 3827 2298 3882 Deus
2324 3823 2647 3879 miserearis.

2342 3913 2442 3968 Pro
2482 3928 2606 3981 pace
2645 3910 2974 3983 papulorum,
3011 3916 3056 3963 et
3094 3923 3288 3980 regum.

2095 4009 2351 4064 Dominus
2371 4005 2622 4060 virtutem
2654 4002 2846 4073 populo
2867 4016 2963 4055 suo
2986 3999 3151 4055 dabit.
3169 3983 3428 4055 Dominus
3444 3998 3608 4054 bene-

2022 4104 2164 4159 dicet
2195 4100 2392 4173 populo
2419 4113 2516 4154 suo
2542 4099 2595 4153 in
2626 4110 2775 4166 pace.

2095 4198 2285 4253 Pacem
2341 4201 2600 4264 praestare
2649 4190 2887 4262 digneris
2942 4188 3214 4253 omnibus,
3256 4188 3600 4256 omnipotens

2024 4289 2187 4345 Deus.
2219 4286 2320 4355 Qui
2350 4299 2565 4356 regnas,
2598 4292 2704 4339 etc.

2526 4383 2593 4451 In
2619 4380 3102 4452 blasphmentibus.

2098 4477 2347 4545 Domine,
2381 4474 2747 4530 misericordia
2779 4481 2867 4529 tua
2896 4471 2948 4527 in
2980 4470 3256 4538 saeculum,
3298 4482 3461 4540 opera
3495 4480 3609 4539 ma-

2023 4586 2186 4628 nuum
2219 4579 2426 4625 tuarum
2454 4581 2520 4621 ne
2550 4566 2831 4635 despicias.

2098 4663 2320 4721 Domine
2344 4663 2484 4716 Deus
2504 4658 2784 4721 virtutum,
2809 4669 2876 4709 ne
2902 4661 3104 4713 statuas
3132 4649 3235 4705 illis
3268 4664 3369 4706 noc
3398 4650 3451 4705 in
3481 4663 3608 4720 pec-

2030 4767 2149 4814 catu
2157 4771 2227 4812 Ui.

2650 4818 2758 4872 Pro
2794 4816 2983 4887 impiis.

2099 4941 2282 4996 iudica
2312 4937 2455 5001 illos,
2483 4933 2643 4997 Deus,
2675 4928 2937 4986 decedant
2962 4942 2991 4983 a
3014 4923 3425 4997 cogitationibus
3455 4922 3607 4991 suis;

2029 5048 2198 5105 usque
2221 5032 2576 5086 inritaverunt
2605 5036 2676 5103 te,
2707 5026 2951 5081 Domine.

2105 5123 2513 5180 Confundantur
2537 5116 2635 5185 illi,
2668 5118 2754 5187 qui
2785 5115 3059 5171 conﬁdunt
3086 5114 3136 5169 in
3165 5128 3245 5182 se,
3272 5120 3327 5169 et
3350 5124 3459 5169 non
3487 5125 3613 5185 nos,

2031 5216 2278 5283 Domine,
2310 5212 2399 5285 qui
2425 5210 2742 5271 conﬁdimus
2769 5208 2824 5264 in
2856 5216 2924 5263 te.

2514 5324 2624 5380 Pro
2658 5326 2758 5380 iter
2796 5320 3123 5407 facientibus.

2102 5444 2149 5501 0
2164 5442 2411 5511 Domine,
2433 5440 2639 5497 salvum
2666 5438 2770 5504 fac,
2790 5452 2825 5492 ο
2846 5434 3092 5498 Domine,
3117 5430 3253 5485 bene
3274 5443 3610 5501 prosperare.
3655 5406 3660 5415 1

2036 5536 2450 5608 Prosperitatem
2478 5531 2685 5588 itineris
2725 5537 2917 5598 praesta
2951 5523 3162 5579 famulis
3194 5524 3319 5578 tuis.
3351 5523 3471 5591 Qui,
3503 5530 3612 5576 etc.

2105 5630 2471 5686 Conﬁteantur
2510 5627 2625 5691 tibi,
2672 5624 2919 5688 Domine,
2973 5618 3149 5673 omnia
3189 5633 3352 5687 opera
3402 5629 3515 5682 tua,
3561 5626 3617 5671 et

415 5752 495 5809 Tu
526 5764 585 5808 es
612 5764 734 5822 spes
761 5756 815 5804 et
836 5746 1000 5802 salus.
1025 5743 1107 5799 Tu
1130 5755 1189 5796 es
1214 5737 1322 5793 vita
1342 5744 1397 5791 et
1424 5734 1610 5789 virtus.
1641 5731 1725 5787 Tu
1749 5746 1811 5785 es
1836 5731 1929 5785 ad-
2030 5727 2199 5782 sancti
2228 5727 2304 5778 tui
2337 5722 2694 5777 conﬁteantur
2721 5718 2835 5821 tibi.

344 5847 489 5919 jutor
527 5847 579 5901 in
623 5840 1075 5901 tribulationibus.
1113 5835 1193 5889 Tu
1232 5847 1290 5888 es
1338 5830 1593 5886 defensor
1629 5826 1926 5882 animarum

348 5950 671 6000 nostrarum.
699 5937 840 5993 Deus
863 5931 1059 5990 Israhel
1084 5930 1134 5983 in
1158 5926 1429 5981 omnibus.
1454 5922 1553 5990 Qui
1580 5933 1795 5993 regnas,
1821 5928 1923 5975 etc.

2101 5818 2218 5872 Tibi
2258 5816 2458 5883 gratias
2501 5820 2661 5879 agunt
2701 5810 2896 5863 animae
2937 5817 3134 5862 nostrae
3177 5821 3275 5877 pro
3321 5806 3615 5859 innumeris

2034 5912 2310 5967 beneﬁciis
2339 5909 2463 5961 tuis.
2494 5905 2591 5973 Qui
2625 5918 2837 5974 regnas,
2867 5912 2972 5958 etc.
