4076 6348
607 304 712 359 599

1083 411 1189 468 Pro
1236 413 1666 486 eleemosynnriis.

651 501 937 572 Dispersit,
966 505 1110 562 dedit
1137 510 1482 578 pauperibus.
1514 509 1728 565 Justitia
1758 510 1876 580 ejus
1903 519 2084 566 manet
2114 511 2168 565 in

584 601 838 654 saeculum
869 600 1073 670 saeculi,
1105 617 1273 657 cornu
1301 603 1419 674 ejus
1445 604 1772 660 exaltabitur
1798 604 1852 659 in
1884 605 2074 675 gloria.

657 691 1039 762 Eleemosynas
1085 691 1405 751 facientibus
1439 695 1496 750 in
1543 696 1645 752 hoc
1684 696 1883 753 mundo
1911 696 2166 767 retribue,

583 786 826 854 Domine,
861 793 912 843 in
941 803 1106 860 regno
1138 799 1228 846 tuo
1267 802 1476 847 sancto.

1178 882 1286 939 Pro
1331 885 1571 953 inﬁmis.

652 971 1096 1030 Exclamaverunt
1126 976 1193 1032 ad
1224 976 1532 1044 Dominum,
1587 992 1710 1034 cum
1754 979 2164 1048 tribularentur,

583 1075 634 1117 et
667 1065 734 1121 de
765 1069 1172 1125 necessitatibus
1200 1086 1385 1126 eorum
1416 1071 1664 1128 liberabit
1693 1087 1812 1130 eos.

655 1160 873 1231 Tribue,
899 1165 1142 1232 Domine,
1171 1165 1277 1220 tuis
1306 1165 1517 1222 famulis
1546 1167 1835 1223 sanitatem
1863 1167 2080 1236 mentis,
2113 1179 2168 1226 et

583 1256 848 1323 corporis.

612 1359 614 1362 '
652 1347 893 1419 Exurge,
936 1351 1184 1422 Domine,
1215 1353 1408 1425 adjuva
1439 1368 1560 1420 nos,
1587 1362 1643 1411 et
1667 1353 1874 1411 redime
1913 1369 2012 1411 nos
2041 1370 2167 1425 pro-

579 1449 699 1510 pter
729 1458 923 1499 nomen
952 1455 1122 1502 tuum.

652 1538 989 1606 Adjutorium
1020 1550 1260 1597 nostrum
1295 1545 1347 1597 in
1377 1544 1592 1599 nomine
1622 1544 1854 1600 Domini.

649 1630 870 1688 Salvare
912 1650 1012 1689 nos
1051 1635 1288 1707 digneris
1329 1654 1425 1708 per
1463 1640 1854 1699 invocationem
1884 1641 2060 1698 sancti
2093 1642 2167 1697 tui

575 1725 827 1781 nominis.
859 1727 960 1795 Qui
993 1744 1205 1798 regnas,
1237 1739 1341 1785 etc.

1260 296 1605 354 APPE'NDIX
1647 299 1738 356 AD
1776 299 2006 358 OPERA
2047 299 2289 359 SANCTI
2328 302 2637 366 GERMANI
2675 311 3119 376 PARISIENSIS.

3753 333 3838 395 600

2197 421 2250 477 A
2881 436 2964 490 Ad
2992 446 3262 510 martyres.

2345 521 2503 593 Deus,
2535 525 2628 596 qui
2663 536 2881 586 sanctos
2911 540 3031 588 tuos
3061 549 3184 590 cum
3214 549 3478 594 mensura
3509 541 3776 615 approbas,
3797 560 3837 605 et

2272 615 2390 672 sine
2431 635 2681 678 mensura
2727 623 3019 695 gloriﬁcas,
3062 627 3217 700 cujus
3249 642 3526 703 praecepta
3576 634 3724 692 ﬁnem
3766 641 3837 696 ha-

2271 709 2432 779 bent,
2461 722 2516 770 et
2545 717 2762 786 praemia
2806 721 3094 778 terminum
3123 739 3230 781 non
3273 725 3520 797 habent,
3563 733 3743 788 exaudi
3766 751 3836 805 per

2271 801 2484 863 illorum
2535 808 2725 864 merita
2773 827 2961 882 preces
3007 824 3239 886 nostras,
3269 827 3325 874 et
3358 819 3547 876 tribue
3591 833 3647 877 ut
3686 801 3836 884 eorum

2271 899 2568 965 patrocinia
2608 901 2862 974 adjuvent
2900 922 2997 964 nos
3034 909 3102 965 ad
3132 910 3254 969 ﬁdei
3300 913 3648 986 profectum,
3679 920 3738 977 ad
3763 924 3834 980 bo-

2272 1002 2462 1045 norum
2485 1008 2707 1063 Operum
2740 997 2967 1055 fructum
2985 1041 3000 1067 ,
3029 1000 3097 1058 ad
3125 1007 3508 1075 prosperitatis
3539 1009 3756 1082 bonum,
3783 1018 3836 1074 ad

2270 1087 2599 1146 salubritatis
2625 1094 2968 1152 commodum
2985 1139 3001 1168 ,
3024 1098 3091 1155 ad
3120 1101 3400 1173 religionis
3425 1105 3631 1162 cultum
3652 1150 3667 1176 ,
3693 1109 3751 1165 ad
3775 1112 3836 1167 di«

2271 1179 2380 1236 vini
2429 1183 2636 1238 timoris
2663 1199 3006 1257 augmentum
3055 1206 3150 1261 per
3180 1193 3476 1252 Dominum
3518 1201 3837 1259 uostrumle-

2269 1289 2390 1330 sum
2429 1275 2700 1334 Christum
2745 1280 2936 1340 Filium
2969 1293 3150 1354 tuum,
3179 1288 3273 1360 qui
3302 1300 3392 1346 est
3424 1291 3543 1348 Hex
3580 1275 3774 1365 regunt,
3797 1306 3835 1353 et

2272 1369 2528 1426 Dominus
2551 1371 2960 1448 dominantium,
2983 1387 3041 1436 et
3061 1379 3234 1451 gloria
3259 1381 3595 1453 futurorum,
3623 1401 3833 1461 regnans,

2271 1475 2325 1518 et
2355 1479 2676 1534 permanens
2717 1485 2821 1525 una
2849 1485 2970 1528 cum
3001 1481 3208 1531 aeterno
3235 1473 3452 1548 Spiritu
3479 1487 3664 1537 sancto
3689 1479 3736 1537 in
3758 1496 3833 1539 ste-

2271 1557 2390 1614 cula
2416 1561 2754 1619 saeculorum.

2724 1655 2968 1714 Collectio
2997 1669 3110 1730 post
3136 1663 3421 1717 canticum.

2343 1743 2502 1813 Deus,
2547 1745 2638 1818 qui
2681 1751 2898 1805 exeunti
2927 1766 2994 1807 ex
3039 1750 3273 1825 Egypto
3320 1754 3534 1826 populo
3573 1765 3662 1814 tuo
3699 1759 3828 1816 maria

649 1815 812 1886 Deus,
861 1819 950 1888 qui
998 1822 1197 1877 sanctis
1226 1824 1550 1895 martyribus
1578 1834 1633 1880 et
1662 1825 1848 1882 electis
1877 1827 1980 1883 tuis
2009 1843 2164 1884 coro-
2195 1822 2242 1883 B
2271 1835 2528 1903 divisisti,
2557 1815 2609 1895 et
2637 1845 2912 1912 suspensis
2945 1815 3201 1917 utrinque
3245 1815 3588 1920 marginibus
3613 1848 3664 1906 in
3689 1853 3830 1921 specie

572 1922 700 1964 nam
743 1911 983 1982 martyrii
1037 1915 1357 1982 praestitisti,
1411 1924 1462 1971 te
1510 1933 1746 1987 oramus,
1801 1919 2046 1986 Domine,
2103 1932 2163 1978 ut

573 2018 763 2060 eorum
794 2006 1000 2062 meritis
1030 2009 1365 2064 obtineamus
1397 2011 1630 2081 veniam,
1669 2013 1761 2085 qui
1806 2023 2005 2071 tantam
2047 2015 2163 2086 glo-

572 2095 709 2152 riam
740 2112 844 2152 non
884 2115 1173 2156 meremur.
1205 2103 1303 2170 Qui
1331 2112 1540 2174 regnas,
1575 2115 1680 2161 etc.

644 2189 723 2244 Ad
764 2198 834 2257 te,
874 2192 1115 2264 Domine,
1154 2195 1417 2252 clamabo.
1464 2199 1604 2255 Deus
1640 2217 1791 2258 meus
1837 2218 1905 2260 ne
1931 2204 2092 2261 sileas
2132 2218 2163 2259 a

574 2298 680 2340 me.

645 2378 902 2436 Dominus
959 2382 1213 2439 virtutum
1267 2385 1579 2455 nobiscum,
1641 2399 1924 2460 susceptor
1978 2401 2163 2450 noster

847 2490 932 2526 (ὶυ.

847 2490 876 2522 0
920 2514 932 2526 .

575 2469 869 2610 Desidia;
882 2473 1078 2601 1noster
1101 2547 1240 2603 Deus
1262 2548 1423 2606 Jacob
1436 2551 1693 2610 miserere
1712 2553 1890 2622 nobis,
1915 2556 2160 2615 Domine.

570 2632 673 2702 Qui
702 2649 917 2707 regnas,
949 2648 1054 2696 etc.

1186 2715 1264 2768 Ad
1292 2716 1554 2772 collectas.

641 2809 873 2858 Sanctus
903 2803 955 2856 in
989 2805 1208 2872 sanctis,
1240 2808 1424 2878 Agnus
1457 2811 1849 2883 immaculatus,
1897 2815 2160 2886 gloriosus

2269 1934 2407 1987 muri
2436 1933 2566 2005 erigi
2597 1935 2795 1993 ﬂuenta
2820 1939 3056 2008 jussisti,
3091 1942 3298 1999 animas
3345 1958 3568 2016 quoque
3599 1954 3784 2001 nostras
3805 1962 3828 2002 a

2267 2024 2467 2082 diluvio
2498 2041 2836 2096 peccatorum
2865 2033 3099 2091 liberare
3127 2035 3394 2108 digneris,
3423 2045 3486 2092 ut
3517 2037 3733 2094 transire
3770 2039 3826 2094 vi-

2268 2120 2459 2177 tiorum
2485 2126 2746 2194 gurgitem
2769 2126 3041 2186 valeamus
3068 2129 3222 2188 boote
3245 2142 3588 2205 contempto,
3621 2133 3823 2191 Salvator

2268 2215 2482 2284 mundi,
2515 2219 2604 2287 qui
2645 2233 2767 2276 cum
2796 2229 3006 2290 artemo
3053 2222 3213 2282 Patre
3254 2227 3418 2295 vivis,
3461 2227 3739 2284 dominaris
3777 2239 3823 2281 ac

2267 2325 2456 2383 regnas
2485 2329 2607 2368 cum
2637 2314 2838 2385 Spiritu
2861 2318 3130 2374 sancto-in
3157 2321 3358 2377 stecula
3386 2322 3721 2377 saeculorum.

2498 2406 2745 2464 Collectio
2776 2419 2890 2481 post
2920 2411 3322 2469 benedictionem
3351 2431 3649 2487 puerorum.

2336 2503 2536 2560 Exaudi
2564 2523 2748 2577 preces
2773 2518 3004 2577 nostras,
3032 2512 3377 2582 omnipotens
3405 2515 3566 2578 Deus,
3590 2522 3642 2570 et
3665 2520 3818 2582 praesta

2264 2605 2322 2652 ut
2350 2598 2486 2653 sicut
2516 2599 2568 2653 in
2613 2600 2898 2658 decantato
2935 2602 3136 2674 hymno
3166 2604 3326 2661 beata
3376 2619 3662 2676 puerorum
3700 2602 3818 2658 insti-

2263 2695 2374 2744 tuta
2403 2699 2692 2762 sectamur,
2737 2693 2810 2748 ita
2852 2704 2945 2751 tuo
2987 2711 3213 2753 munere
3259 2707 3607 2768 peccatorum
3652 2694 3817 2765 laqueis

2261 2781 2488 2839 absoluti
2519 2787 2707 2842 aeterni
2749 2787 2888 2859 ignis
2915 2803 3022 2844 non
3070 2790 3378 2848 ambiamur
3419 2788 3679 2849 incendiis
3721 2787 3813 2845 Sal-

2258 2882 2414 2933 vator
2437 2878 2655 2948 mundi,
2680 2881 2917 2952 quicum
2952 2884 3108 2940 Patre
3136 2884 3290 2955 vivis,
3317 2895 3433 2942 etc.

565 2891 621 2947 in
663 2891 835 2960 caelis,
881 2893 1140 2952 mirabilis
1171 2897 1226 2954 in
1254 2902 1435 2968 terris,
1471 2913 1662 2973 praesta
1691 2907 1869 2975 nobis,
1909 2909 2157 2978 Domine,
2258 2891 2414 2933 vawr
2437 2891 2620 2934 mum"
2641 2922 2655 2948 ’
2680 2897 2772 2952 qm
2795 2896 2917 2988 cui“
2952 2891 3108 2940 “me
3136 2899 3290 2955 vms’
3317 2895 3433 2942 e‘c‘

566 2983 862 3040 secundum
893 3000 1137 3050 magnam
1174 2991 1598 3050 misericordiam
1634 3005 1800 3050 tuam.
1833 2998 1996 3050 Dens-
2037 3017 2158 3050 mm
2667 2974 2910 3031 comm"
2939 2987 3054 3048 Ρ⁰³²
3079 2987 3181 3034 ¹ν⁶³
3209 2980 3460 3050 malm“

566 2983 862 3040 secundum
893 3000 1137 3057 magnam
1174 2991 1598 3051 misericordiam
1634 3005 1800 3067 tuam,
1833 2998 1997 3072 Deus,
2037 3017 2158 3075 qua:

563 3085 618 3130 te
639 3074 870 3146 petimus
897 3089 950 3134 et
978 3095 1217 3138 oramus.
1248 3083 1350 3152 Qui
1376 3101 1588 3156 regnas.

1164 3176 1246 3229 Ad
1285 3189 1556 3250 martyres.

636 3261 916 3319 [Eternum
956 3267 1168 3324 virtutis
1219 3280 1322 3326 tute
1375 3288 1571 3329 nomen
1619 3277 1959 3348 omnipotens
2011 3281 2149 3339 Deus

558 3369 797 3421 oramus,
824 3359 896 3413 uti
923 3374 1022 3416 nos
1046 3372 1342 3434 martyrum
1365 3373 1419 3420 et
1439 3369 1678 3423 omnium
1702 3382 2010 3429 sanctorum
2033 3385 2149 3432 tuo-

556 3463 677 3505 rum
725 3453 929 3509 meritis
970 3457 1148 3512 socios
1190 3459 1294 3515 ﬁde
1343 3476 1519 3528 pares,
1552 3462 1838 3521 devotione
1869 3479 2145 3542 strenuos,

550 3541 807 3611 passione
846 3547 1154 3605 consimiles
1202 3551 1254 3605 in
1298 3555 1690 3612 resurrectione
1717 3560 1951 3618 felicium
1982 3541 2146 3623 facias

556 3637 845 3706 coaequari.
875 3638 977 3708 Qui
1002 3657 1214 3713 regnas,
1246 3656 1351 3702 etc.

626 3729 882 3790 Miserere
909 3737 1039 3804 mei,
1071 3736 1234 3806 Deus,
1267 3744 1560 3800 secundum
1592 3763 1863 3819 magnam,
1891 3761 1996 3807 etc.

623 3823 846 3897 Tribue,
889 3829 1137 3900 Domine,
1179 3838 1487 3904 petentibus
1531 3851 1582 3898 te
1619 3859 1685 3900 ex
1717 3846 1821 3902 tide
1848 3851 2142 3908 secundum

551 3930 800 3990 magnam
830 3923 1256 3984 misericordiam
1287 3938 1447 3998 tuam,
1483 3935 1644 4004 Deus,
1675 3940 1765 4008 qui
1797 3955 2007 4013 regnas,
2033 3953 2138 4001 etc.

2329 3063 2438 3132 Te,
2472 3065 2694 3124 Domine
2714 3109 2730 3136 ,
2762 3068 2830 3126 de
2861 3070 3015 3126 caelis
3037 3072 3336 3143 laudamus,
3373 3075 3471 3131 tibi
3513 3081 3568 3129 ut
3593 3071 3809 3129 canticum

2261 3172 2460 3214 novum
2500 3170 2717 3218 cantare
2757 3177 3079 3220 mereamur.
3124 3166 3203 3222 Te
3243 3165 3535 3224 Dominum
3576 3168 3622 3223 in
3649 3161 3808 3220 sanctis

2259 3251 2364 3316 tuis
2395 3255 2773 3311 venerabiliter
2801 3256 3176 3328 deprecamur,
3209 3270 3264 3316 ut
3305 3262 3495 3318 omnia
3524 3269 3689 3316 nostra
3712 3261 3805 3309 vola

2254 3347 2538 3419 suscipias,
2570 3360 2789 3421 peccata
2818 3353 3079 3420 dimittas,
3110 3354 3364 3413 Salvator
3393 3353 3594 3414 mundi.
3621 3349 3710 3422 Qui
3740 3361 3804 3403 re-

2253 3455 2408 3510 gnas,
2431 3453 2536 3499 etc.

2652 3516 2898 3574 Collectia
2929 3528 3040 3590 post
3071 3521 3442 3598 Euangelium.

2324 3607 2638 3667 Exultantes
2685 3613 2882 3682 gaudio
2931 3629 3029 3685 pro
3073 3618 3281 3674 reddita
3327 3619 3487 3676 nobis
3533 3616 3678 3686 hujus
3715 3611 3799 3668 diei

2256 3701 2370 3760 luce
2401 3706 2752 3772 omnipotenti
2798 3709 2908 3766 Deo
2945 3710 3133 3770 laudes
3179 3715 3488 3788 gratiasque
3525 3712 3795 3772 referamuS.

2247 3794 2417 3869 ipsius
2443 3801 2866 3860 misericordiam
2903 3805 3273 3876 obsecrantes,
3303 3819 3363 3866 ut
3395 3810 3533 3867 diem
3559 3806 3794 3863 dominica

2247 3889 2676 3952 Resurrectionis
2698 3897 2852 3953 nobis
2872 3899 3186 3958 solemniter
3206 3902 3618 3969 celebrantibus,
3644 3907 3795 3970 pacem

2245 3993 2301 4041 et
2331 3989 2800 4059 tranquillitatem,
2843 3991 3083 4050 laetitiam
3132 4005 3394 4066 praestare
3429 3997 3674 4067 dignetur,
3703 3995 3790 4045 uta

2251 4079 2426 4150 vigilia
2453 4083 2711 4139 matutina
2736 4100 2904 4155 usque
2939 4085 3009 4142 ad
3037 4096 3252 4145 noctem
3279 4090 3576 4147 clementiae
3602 4098 3698 4142 suze
3720 4079 3787 4135 la-

2243 4192 2375 4233 vore
2405 4181 2660 4248 protecti,
2689 4181 2991 4238 exultantes
3017 4183 3200 4239 laetitia
3230 4195 3484 4254 perpetua
3510 4180 3788 4254 gaudeam"!

2245 4287 2340 4344 per
2371 4273 2655 4331 Dominum
2681 4283 2925 4332 nostrum
2951 4275 3135 4333 Jesum
3163 4275 3436 4336 Christum
3453 4317 3473 4348 ,
3498 4285 3598 4333 etc.

1124 4372 1204 4425 Ad
1234 4373 1570 4434 Matutinum.

2807 4369 2979 4440 Super
3005 4371 3274 4443 hymnum.

597 4477 756 4535 ‘Deus
787 4481 928 4538 Deus
953 4493 1158 4553 noster,
1188 4487 1252 4542 ad
1281 4496 1334 4544 te
1362 4489 1430 4545 de
1460 4489 1577 4548 luce
1603 4494 1824 4566 vigilare
1849 4498 2128 4570 debemus,

619 4581 676 4626 ιιι
705 4574 875 4626 excita
901 4575 969 4626 de
998 4580 1144 4626 gravi
1177 4595 1366 4626 snmnn
1420 4591 1474 4626 et
1505 4584 1669 4626 lihnrn
1701 4588 1766 4626 (In
1796 4605 1990 4626 annnrn
2019 4594 2106 4626 ...ις

2312 4469 2510 4525 Sancte
2541 4469 2785 4537 Domine,
2816 4471 3171 4541 inluminatio,
3199 4484 3253 4531 et
3281 4477 3426 4533 salus
3451 4486 3574 4530 vera
3599 4463 3782 4525 creden‘

2258 4563 2406 4626 :ibus.
2435 4566 2782 4621 Resurrectio
2812 4565 3106 4622 Dominicae
3142 4569 3421 4626 claritatis.
3453 4562 3681 4622 inlumina
3705 4566 3777 4609 cor

541 4581 595 4627 et
619 4581 676 4626 tu
705 4575 875 4628 excita
901 4575 969 4631 de
997 4580 1145 4647 gravi
1176 4595 1388 4649 somno,
1420 4591 1474 4639 et
1503 4584 1671 4642 libera
1701 4588 1766 4643 de
1796 4605 1990 4661 sopore
2018 4594 2134 4649 ani-
2160 4618 2216 4680 υ
2243 4575 2406 4630 ¹¹¹³¹¹⁸ν
2435 4575 2782 4621 “murreum
2813 4575 3106 4622 "omnim
3142 4575 3421 4635 manuus”
3453 4575 3681 4666 mlum}?
3705 4575 3774 4609 cur

541 4681 656 4720 mas
689 4674 921 4727 nostras.
950 4679 1006 4725 et
1042 4670 1094 4726 in
1136 4673 1401 4727 cubilibus
1448 4680 1648 4727 nostris
1688 4695 2110 4727 mmmmmmm
2241 4671 2515 4727 ηοειΐυῐηι
2548 4673 2603 4716 υῑ
2634 4662 2884 4716 "innatis
2913 4662 3158 4727 δοίθηιίδι
3185 4673 3240 4718 el
3265 4664 3478 4720 "nimis
3500 4662 3774 4727 cognmone’

537 4681 656 4720 mas
689 4674 921 4736 nostras,
950 4679 1006 4725 et
1042 4673 1094 4726 in
1136 4673 1401 4732 cubilibus
1448 4680 1648 4735 nostris
1688 4695 2130 4757 compungamur,
2160 4673 2205 4680 ”
2241 4673 2515 4729 “omum!
2548 4673 2603 4716 m
2634 4673 2884 4716 "mnam
2913 4673 3158 4727 sc'enua’
3185 4673 3240 4718 ⁸⁸
3265 4673 3478 4720 animus
3500 4673 3774 4750 cognmmw:

537 4771 593 4817 ut
621 4761 694 4815 tui
720 4775 840 4818 esse
870 4779 1136 4821 memores
1161 4784 1482 4825 mereamur.
1513 4773 1611 4825 Oui
1645 4787 1986 4825 remtas-eln-
2241 4754 2331 4809 mil
2381 4755 2532 4821 '“Ci‘v
2581 4765 2637 4811 θι
2686 4756 2924 4812 membra
2969 4753 3201 4823 Chris‘i’
3249 4772 3314 4812 ac
3357 4754 3598 4825 templum
3639 4745 3774 4800 sane“

536 4771 593 4817 ut
621 4761 694 4815 tui
720 4775 840 4818 esse
870 4779 1136 4821 memores
1161 4784 1482 4827 mereamur.
1513 4773 1611 4840 Qui
1644 4791 1857 4847 regnaS,
1880 4787 1986 4834 etc.
2241 4761 2331 4809 "In
2381 4761 2532 4821 me“!
2581 4765 2637 4811 θι
2686 4761 2924 4812 membra
2969 4761 3201 4823 cum“,
3249 4772 3314 4812 ac
3357 4761 3598 4825 templum
3639 4761 3772 4800 sane"

609 4853 688 4898 'l‘n
714 4869 771 4898 ne
800 4871 920 4898 ςηρα
948 4868 996 4898 Μ
1026 4859 1169 4898 caluo.
1215 4861 1293 4898 τ..
1321 4878 1377 4898 ac
1408 4866 1512 4898 υςη.
1546 4875 1595 4898 ο.
1630 4867 1794 4898 .,;.......
1847 4873 1924 4898 σπι..
1957 4889 2010 4898 --
2043 4877 2104 4898 ,Α
2235 4848 2470 4898 Sniritus
2495 4863 2616 4898 esse
2643 4863 2964 4898 mereamur-
2999 4851 3088 4898 nui
3118 4865 3310 4898 regnas
3341 4853 3392 4898 in
3421 4843 3604 4898 sacula
3627 4845 3772 4896 ὃπου·

609 4853 690 4908 Tu
714 4869 771 4910 es
800 4871 920 4926 spes
948 4868 1000 4914 et
1025 4859 1188 4915 salus.
1215 4861 1294 4917 Tu
1321 4878 1379 4919 es
1408 4866 1515 4920 vita
1545 4875 1602 4922 et
1630 4867 1815 4926 virtus.
1847 4873 1926 4928 Tu
1953 4889 2012 4931 es
2039 4877 2133 4932 ad-
2235 4848 2470 4915 spiritus
2495 4863 2616 4906 ⁸⁸⁸⁸
2643 4863 2965 4918 mereamur’
2999 4851 3090 4921 qui
3118 4865 3310 4922 regnas
3341 4853 3393 4908 in
3421 4861 3554 4907 mu

529 4946 675 5017 Sutor
721 4949 775 5004 in
823 4951 1274 5012 tribulationibus.
1306 4957 1385 5012 Tu
1428 4973 1486 5015 es
1526 4960 1779 5021 defensor
1821 4968 2127 5028 animarum
2237 4941 2433 4999 ¹⁰τ¹²¹¹¹⁶

529 5051 873 5112 nostrarum,
930 5045 1072 5103 Deus
1126 5047 1370 5117 Israhel,
1429 5053 1481 5108 in
1545 5057 1813 5115 omnibus.
1873 5060 1977 5129 Qui
2036 5079 2126 5121 re-

530 5146 683 5203 gnas,
716 5145 820 5194 etc.

1119 4046 1196 4102 Ad
1226 4048 1573 4107 Nocturnum.

622 4151 795 4208 Media
826 4162 983 4212 nocte
1009 4158 1242 4218 clamore
1271 4163 1434 4233 facto,
1464 4176 1524 4224 ut
1552 4184 1650 4226 nos
1680 4171 2016 4232 inveniamur
2041 4192 2138 4248 pa-

548 4245 652 4302 rati
675 4261 895 4320 sponso,
925 4252 1018 4320 qui
1047 4268 1261 4325 regnas,
1290 4268 1396 4315 etc.

2813 5015 2889 5071 De
2916 5016 3247 5089 martyribus.

2308 5128 2374 5184 Hi
2403 5137 2558 5196 sunt,
2591 5128 2833 5198 Domine,
2865 5131 2988 5201 qui,
3032 5131 3176 5189 felici
3205 5147 3397 5190 cruore
3433 5122 3642 5203 perfusi,
3667 5116 3766 5174 dum

2233 5224 2594 5282 blandientem
2622 5225 2809 5281 mundi
2860 5227 3020 5298 hujus
3058 5227 3385 5285 inlecebram
3424 5220 3760 5316 gloriosa

2232 5321 2382 5379 sione
2418 5320 2748 5392 despiciunt,
2781 5331 3009 5379 mortem
3056 5332 3230 5381 morte
3257 5323 3521 5385 vicerunt,
3557 5300 3762 5399 consido-

2231 5425 2518 5488 rantesque
2550 5406 2813 5474 tenebras
2829 5419 2988 5490 hujus
3014 5419 3146 5474 lucis
3174 5429 3326 5476 certo
3351 5413 3586 5474 termino.
3604 5415 3656 5457 ³ο
3677 5396 3759 5452 ﬂ”

2229 5512 2480 5579 ruituras,
2509 5524 2854 5582 sumpserunt
2898 5514 2964 5570 de
2997 5529 3153 5584 pmna
3198 5516 3390 5583 vitam.
3433 5520 3484 5569 θῑ
3521 5506 3580 5562 de
3617 5497 3754 5598 me“?

2222 5605 2520 5662 victoriam.
2573 5604 2844 5677 Rogamus
2869 5617 2940 5678 te,
2980 5607 3216 5674 Christe,
3249 5618 3311 5665 ut
3347 5617 3518 5664 eorum
3555 5585 3752 5668 ριέοίὺυε

2221 5698 2459 5765 adjuvari
2488 5713 2813 5769 mereamur,
2846 5717 3073 5772 quorum
3103 5715 3380 5759 consortes
3403 5710 3513 5757 esse
3539 5700 3630 5745 non

2219 5805 2404 5848 smnus
2434 5806 2531 5860 per
2560 5801 2632 5859 te,
2663 5791 2897 5866 Christe,
2949 5797 3040 5868 qui
3067 5810 3191 5854 cum
3222 5795 3377 5855 Patre
3404 5789 3526 5850 vivis
3552 5778 3747 5837 domm"

2219 5888 2320 5957 ris,
2347 5898 2403 5945 et
2431 5902 2643 5959 regnas.

1107 5212 1186 5267 Ad
1217 5213 1550 5276 Matutinum.

597 5300 642 5353 Ο
669 5301 759 5369 qui
790 5302 842 5356 in
873 5302 995 5359 altis
1037 5304 1266 5374 habitas,
1300 5319 1354 5365 et
1384 5309 1605 5367 humilia
1637 5315 1862 5384 respicis
1891 5316 1946 5373 in
1978 5321 2123 5378 cmlo

523 5403 580 5450 et
622 5397 672 5450 in
703 5404 864 5461 terra,
896 5399 950 5454 in
980 5401 1114 5457 mari
1144 5410 1199 5458 et
1244 5403 1299 5458 in
1339 5407 1589 5462 omnibus
1630 5410 1857 5482 abyssis.
1889 5414 1956 5470 de
1989 5432 2119 5486 pro-

523 5491 689 5545 fundo
711 5494 886 5550 cordis
914 5503 965 5551 te
991 5497 1367 5567 deprecamur,
1395 5510 1450 5556 ut
1477 5502 1658 5561 firmes
1688 5521 1879 5564 manus
1904 5519 2116 5570 nostras

518 5585 585 5638 ad
621 5587 890 5655 praelium,
921 5597 976 5644 et
1030 5590 1222 5660 digitos
1249 5604 1462 5652 nostros
1489 5596 1554 5651 ad
1587 5599 1820 5666 bellum,
1851 5619 1957 5673 quo
1987 5621 2114 5674 pos-

520 5691 708 5730 sumus
730 5678 781 5733 in
807 5681 1066 5737 matutino
1088 5683 1390 5743 interﬁcere
1410 5704 1596 5747 omnes
1619 5703 1928 5763 peccatores
1955 5705 2112 5756 terrae

520 5777 720 5825 nostra:
743 5786 804 5826 ac
826 5788 922 5828 nos
946 5774 1169 5832 indeiice
1191 5793 1494 5838 mereamur
1517 5795 1570 5842 et
1593 5788 1848 5859 templum
1867 5800 2112 5850 sanctum

520 5868 670 5918 tuum
700 5858 937 5922 Christe.
968 5864 1069 5933 Qui
1099 5882 1311 5940 regnas,
1342 5880 1448 5929 etc.
