4076 6348
224 359 322 417 6M
1053 358 1621 419 ANTIPHONARIUM
1664 359 2079 419 MONASTERII
2122 361 2654 422 BENCHORENSIS.

1838 480 1892 540 Α

501 475 674 548 Super
699 474 985 533 Cantemus
1014 475 1242 534 Domino
1271 478 1494 548 gloriam

296 571 454 635 Deus,
489 572 576 637 qui
620 569 817 626 cotidie
867 571 1118 640 populum
1169 581 1317 627 tuum
1361 573 1491 644 iugo
1538 570 1805 643 Egyptim

225 664 496 721 servitutis
528 663 782 732 absolvis,
810 673 865 719 et
893 679 987 734 per
1017 664 1213 720 fluenta
1243 665 1499 736 spiritalis
1528 666 1722 720 lavacri
1752 667 1807 723 in

224 771 418 814 terram
465 759 892 828 repromissionis
931 760 1143 815 devicto
1187 762 1340 818 hoste
1371 762 1695 818 transducis.
1730 761 1807 817 Da

224 853 378 908 nobis
420 851 501 907 de.
530 852 776 908 vitiorum
826 853 1221 923 impugnatione
1269 855 1576 924 victoriam,
1609 865 1662 911 et
1711 855 1801 911 de-

225 947 377 1002 victis
410 947 640 1003 tenebris
667 947 860 1002 nostris
887 946 1121 1003 deducas
1154 948 1522 1004 haereditatem
1565 947 1617 1003 in
1663 949 1803 1005 San-

219 1040 446 1106 ctuario,
488 1040 624 1111 quod
677 1050 1108 1111 praeparaverunt
1152 1055 1342 1096 manus
1388 1051 1517 1110 tum,
1559 1041 1808 1098 Salvator

223 1132 443 1197 mundi,
471 1132 562 1201 qui
590 1147 711 1186 cum
739 1142 962 1201 artemo,
991 1142 1094 1188 etc.

465 1223 634 1296 Super
666 1224 1061 1281 benedictionem
1089 1225 1242 1280 trium
1269 1240 1568 1294 puerorum.

291 1318 491 1374 Sancte
537 1319 783 1386 Domine,
821 1328 876 1376 et
916 1320 1144 1391 gloriose
1188 1319 1510 1376 mirabilium
1552 1316 1808 1374 virtutum

215 1411 459 1483 en‘ector,
488 1413 576 1484 qui
618 1414 783 1469 tribus
811 1416 986 1485 pueris
1016 1412 1164 1470 inter
1191 1415 1455 1484 supplicia
1499 1413 1810 1469 constitutis

214 1510 455 1578 adsistis,
483 1511 566 1564 cui
598 1509 795 1566 factum
827 1510 980 1567 facile
1009 1520 1090 1566 est
1129 1511 1327 1581 ignium
1373 1516 1675 1573 temperare
1717 1521 1812 1559 na-

215 1613 423 1672 turam,
472 1611 526 1659 et
563 1603 666 1658 vim
714 1601 1106 1674 quodammodo
1151 1599 1506 1657 exustantiunt
1556 1611 1810 1653 coercere

214 1697 585 1764 flammarum,
629 1703 685 1750 ut
727 1695 864 1750 inter
899 1693 1144 1750 incendia
1186 1690 1379 1762 frigida
1430 1690 1685 1760 hymnum
1718 1686 1811 1742 tibi

213 1797 471 1842 canentes
508 1802 629 1842 cum
674 1801 865 1858 magna
911 1783 1133 1841 victoria
1177 1783 1511 1847 exultarent,
1563 1780 1809 1838 eamdem
1865 1850 1872 1857 .

3393 369 3502 427 602

2342 548 2346 551 _
2395 478 2526 534 Item
2555 491 2666 551 post
2694 481 3016 538 llenedicite.

1983 570 2142 638 Deus,
2168 573 2256 641 qui
2286 581 2394 628 tres
2425 589 2616 643 pueros
2640 575 2704 629 de
2735 573 2951 630 fornace
2977 575 3256 645 eripuisti,
3285 578 3365 635 sic
3392 595 3496 637 nos

1917 663 2115 752 eripias
2141 663 2208 722 de
2236 665 2508 735 suppliciis
2539 667 2762 734 inferni,
2787 668 2875 739 qui
2906 685 3095 741 regnas
3120 670 3177 727 in
3205 672 3424 730 saecula.

2198 757 2322 814 Post
2353 760 2588 816 Lautlate
2620 761 2903 817 Dominum
2943 764 3011 820 de
3039 764 3215 822 caelis.

1980 848 2057 906 'l‘e
2081 848 2375 916 laudamus,
2413 853 2651 919 Domine,
2687 869 2806 908 cum
2839 856 3042 911 sanctis
3069 856 3199 924 tuis,
3229 863 3288 912 ut
3315 870 3504 930 preces

1913 950 2123 998 nostras
2145 945 2417 1015 suscipere
2443 946 2698 1017 digneris,
2726 948 2815 1018 qui
2847 963 3059 1020 regnas,
3091 959 3198 1007 etc.

2446 1040 2572 1096 Post
2599 1039 2960 1114 Euangelium.

1985 1128 2371 1200 Resurgean
2404 1131 2456 1187 in
2499 1134 2600 1191 hoc
2641 1135 2872 1192 diluculo
2913 1137 3196 1194 Dominum
3243 1139 3502 1210 depreca-

1913 1235 2054 1288 mur,
2086 1231 2144 1278 ut
2181 1232 2235 1278 et
2274 1238 2373 1280 nos
2414 1225 2465 1280 in
2504 1227 2664 1282 vitam
2719 1236 2977 1285 aeternam
3023 1244 3360 1302 resurgamus
3409 1246 3506 1302 per

1915 1314 2094 1370 omnia
2125 1315 2320 1371 saecula
2348 1318 2687 1374 seculorum.

2514 1412 2636 1469 Post
2663 1415 2926 1485 hymnum.

1987 1503 2450 1561 Resurrectionem
2509 1514 2675 1572 tuam,
2715 1504 2961 1574 Christe,
3008 1523 3357 1578 veneramur,
3413 1525 3506 1579 per

1913 1614 2074 1670 quam
2105 1600 2158 1656 in
2189 1610 2447 1656 zetcrnum
2477 1601 2670 1656 salvari
2711 1616 3013 1658 mereamur
3052 1619 3152 1674 per
3191 1604 3372 1661 omnia
3400 1618 3501 1661 sa-

1914 1692 2061 1748 eula.

1987 1783 2198 1841 Christe
2228 1785 2386 1852 Deus,
2415 1786 2506 1856 qui
2533 1787 2588 1842 in
2616 1787 2844 1845 salutem
2877 1788 3049 1858 populi
3079 1788 3153 1845 tui
3181 1789 3381 1846 Israhel
3407 1773 3505 1875 ad;

213 1880 641 1948 nunc,Domine,
661 1879 724 1933 ad
749 1878 1074 1946 liberandos,
1097 1893 1160 1934 ac
1187 1875 1543 1948 protegendos
1559 1889 1656 1931 nos
1671 1874 1810 1930 dona
1841 1872 1890 1935 Β
1912 1879 2056 1951 jutor
2085 1888 2138 1935 et
2169 1888 2436 1947 protector
2466 1879 2646 1948 fuisti,
2677 1897 2834 1952 quem
2875 1896 2970 1953 per
3005 1881 3210 1939 siccum
3254 1897 3401 1938 mare
3436 1872 3506 1939 ab

213 1975 488 2041 virtutem,
517 1971 764 2029 Salvator
790 1973 990 2027 mundi.

486 2068 655 2136 Super
680 2067 920 2122 Laudate
952 2065 1235 2120 Dominum
1269 2062 1336 2118 de
1366 2061 1538 2119 caelis.

288 2163 457 2232 Quem
485 2171 672 2216 cuneta
711 2162 886 2217 canite
921 2161 1187 2217 elementa
1234 2157 1519 2213 Dominum
1561 2153 1802 2210 laudent.

211 2256 376 2326 Cujus
413 2255 677 2311 confessio
711 2270 862 2312 sacra
907 2253 1097 2310 eadem
1144 2254 1197 2308 in
1243 2253 1400 2317 ctelo,
1445 2258 1500 2305 et
1540 2260 1716 2317 terra,
1749 2257 1806 2304 et

211 2352 437 2422 pignora
464 2349 593 2406 Sion
623 2365 820 2406 novum
849 2349 1053 2405 tonanti
1083 2347 1245 2402 dicite
1276 2346 1535 2417 hymnum
1559 2384 1575 2410 ,
1607 2341 1803 2398 facturi

212 2443 472 2518 iudicium
511 2445 775 2502 nefandiis
815 2447 868 2500 in
901 2444 1005 2500 fine
1049 2443 1446 2511 conscriptum,
1488 2440 1806 2511 perstrepite

1913 1973 2145 2045 Egypto
2168 1972 2404 2038 duxisti,
2429 1973 2572 2029 salva
2597 1988 2695 2030 nos
2721 1975 2824 2030 hoc
2851 1975 3011 2032 modo
3032 1976 3100 2032 ab
3123 1977 3252 2048 jugo
3276 1975 3501 2048 peccati.

1913 2067 2014 2136 Qui
2045 2081 2237 2136 regnas
2266 2067 2318 2121 in
2347 2067 2562 2123 saecula.

2251 2157 2372 2212 Post
2402 2159 2647 2229 hymnum
2675 2159 2832 2212 trium
2863 2176 3156 2229 puerorum.

1983 2251 2060 2307 Te
2084 2251 2227 2306 enim
2245 2292 2261 2318 ,
2289 2251 2628 2321 omnipotens
2657 2251 2816 2318 Deus,
2846 2253 3219 2309 benetlicitnus
3243 2253 3384 2324 jure,
3411 2255 3505 2324 qui

1911 2352 2020 2398 tres
2045 2357 2240 2413 pueros
2267 2342 2505 2398 liberasti
2531 2343 2596 2398 ab
2619 2343 2760 2413 igne,
2793 2358 2891 2398 nos
2914 2358 3130 2414 quoque
3154 2344 3230 2413 de,
3243 2345 3504 2414 supplicio

1910 2437 2098 2492 mortis
2142 2443 2357 2492 aeternae
2405 2445 2624 2506 propter
2668 2435 3092 2492 misericordiam
3141 2447 3286 2493 tuam
3331 2439 3504 2508 eripe,

211 2537 445 2593 diversis
482 2537 748 2606 spiritales
776 2537 1018 2594 melodia:
1058 2536 1254 2602 modis,
1281 2545 1339 2590 ut
1367 2532 1638 2590 Christum
1678 2547 1810 2588 cono
1909 2531 2000 2600 qui
2029 2545 2244 2599 regnas,
2278 2536 2366 2584 etc

212 2627 440 2684 laudent
487 2628 704 2699 spiritus
745 2643 840 2700 per
882 2628 1039 2684 saecla
1081 2642 1303 2695 omnes,
1335 2625 1425 2697 qui
1468 2639 1591 2680 cum
1641 2624 1804 2682 Patre

213 2721 373 2778 vivit.

775 2796 945 2865 Super
971 2796 1245 2849 canticum.

295 2875 455 2945 Deus,
481 2876 572 2947 qui
594 2876 820 2947 ,imptam
849 2876 1139 2948 IEgyptum
1187 2873 1415 2930 dienniis
1442 2872 1802 2942 corruptioni-

214 2972 322 3028 bus
351 2973 574 3040 multas,
603 2981 657 3027 et
686 2971 855 3026 diviso
883 2985 1032 3026 mare
1064 2970 1277 3038 planum
1307 2969 1410 3024 iter
1441 2967 1634 3038 populo
1666 2981 1803 3036 pra:-

214 3074 354 3132 stas,
389 3079 574 3135 preces
608 3065 799 3120 exaudi
821 3105 837 3132 ,
869 3079 1196 3135 quaesumus,
1239 3076 1473 3130 nostras,
1505 3071 1560 3117 et
1589 3075 1686 3117 nos
1714 3074 1810 3115 no-

213 3157 346 3212 stris
377 3158 548 3214 taliter
576 3157 818 3215 hostibus
846 3158 1013 3226 salva,
1046 3157 1290 3215 Salvator
1328 3156 1532 3212 mundi.
1565 3154 1667 3225 Qui
1715 3169 1808 3211 re-

215 3265 377 3322 gnas,
405 3261 509 3307 etc.

487 3341 617 3399 Post
642 3343 1037 3400 benedictionem
1059 3344 1215 3398 trium
1243 3358 1539 3416 puerorum.

292 3436 452 3501 Deus,
498 3437 588 3505 qui
636 3436 815 3506 pueris
849 3436 953 3492 tide
1002 3435 1335 3492 ferventibus
1381 3435 1614 3491 fornacis
1656 3435 1812 3491 llam-

215 3544 361 3585 mam
391 3529 630 3598 frigidam
657 3529 808 3598 facis,
841 3539 898 3585 et
936 3530 1112 3585 tribus
1144 3529 1356 3584 invictis
1393 3538 1568 3586 morte
1596 3527 1806 3584 devicta

215 3633 438 3694 quartus
461 3622 698 3691 adsistis,
723 3637 1002 3692 precamur
1029 3623 1181 3677 nobis
1204 3621 1424 3677 aestibus
1447 3622 1624 3676 carnis
1649 3621 1808 3676 talem

215 3716 469 3772 virtutem
511 3723 731 3785 praestes
769 3715 976 3772 adustis
1022 3729 1115 3787 per
1161 3724 1234 3783 te,
1280 3715 1407 3771 Jesu
1450 3713 1685 3782 Christe,
1717 3715 1809 3785 qui

215 3826 436 3882 regnas,
468 3819 575 3868 etc.

544 3904 670 3960 Post
697 3904 934 3962 Laudate
963 3905 1248 3961 Dominum
1276 3904 1345 3960 de
1375 3904 1548 3961 caelis.

291 4000 434 4057 Deus
461 4008 664 4066 noster,
696 3999 834 4056 Deus
880 4001 1119 4055 omnium
1148 3998 1480 4064 animarum,
1524 4006 1576 4052 te
1619 3995 1813 4052 adora-

214 4107 357 4160 mus,
385 4102 442 4146 ut
467 4091 520 4146 in
553 4092 651 4149 hac
677 4089 854 4160 vigilia
883 4089 1274 4161 soletnpnitatis
1301 4089 1367 4144 ad
1398 4089 1563 4143 missa
1609 4102 1803 4157 perve-

214 4188 338 4246 nire
379 4195 625 4257 praestes,
665 4200 771 4257 quo
799 4199 966 4256 usque
1007 4184 1238 4240 tenebrat
1268 4182 1562 4252 iniquitatis
1608 4189 1808 4237 nostra

214 4288 602 4335 convertantur
629 4278 685 4334 in
722 4278 945 4343 lumine,
977 4276 1117 4332 sicut
1145 4276 1226 4332 sol
1252 4279 1307 4330 in
1350 4275 1574 4330 meridie
1619 4274 1806 4344 splen-

215 4376 418 4442 descit,
446 4375 690 4432 Salvator
717 4373 940 4440 mundi,
969 4373 1059 4444 qui
1089 4385 1303 4442 regnas,
1327 4380 1432 4429 etc.

753 4467 876 4524 Post
910 4465 1273 4537 Euangelium.

293 4565 654 4632 Dominicam,
684 4569 886 4620 nostra:
911 4559 1340 4617 Resurrectionis
1374 4559 1580 4615 initium
1601 4600 1614 4623 ,
1648 4571 1812 4614 vene-

2206 2620 2330 2676 Post
2367 2621 2605 2678 Laudate
2637 2623 2921 2678 Dominum
2951 2622 3016 2678 de
3047 2624 3218 2680 caelis.

1984 2718 2126 2775 Deus
2173 2718 2432 2772 altissime
2480 2717 2626 2784 Rex,
2670 2719 2981 2787 angelorum
3028 2717 3191 2786 Deus,
3226 2718 3344 2774 laus
3380 2733 3506 2775 om-

1912 2813 2059 2870 nium
2098 2813 2519 2883 elementorum,
2563 2814 2703 2870 Deus
2739 2814 2944 2884 gloriae,
2987 2822 3043 2869 et
3081 2813 3341 2871 exultatio
3385 2829 3505 2872 san-

1912 2918 2150 2978 ctorum,
2183 2909 2392 2964 custodi
2432 2908 2638 2964 animas
2685 2924 2968 2966 servorum
3019 2917 3264 2978 tuorum,
3296 2910 3385 2980 qui
3419 2923 3503 2964 re-

1917 3017 2050 3074 gnas
2074 3002 2129 3057 in
2157 3001 2379 3058 saecula.

2449 3091 2578 3146 Post
2613 3089 2976 3162 Euangelium.

1985 3187 2221 3244 Canticis
2260 3185 2588 3256 spiritalibus
2618 3184 2921 3239 delectatim
2957 3198 3079 3250 nos,
3111 3181 3343 3247 Christe,
3375 3195 3506 3238 con-

1841 3262 1887 3326 ί)
1917 3289 2170 3337 sonantes
2209 3281 2452 3336 canimus
2499 3276 2628 3344 tibi,
2671 3276 2865 3346 quibus
2908 3285 2997 3330 tua
3044 3273 3291 3345 Majcstas
3332 3275 3503 3346 possit

1917 3373 2156 3445 placari,
2185 3372 2363 3428 oblata
2391 3370 2561 3426 laudis
2593 3368 2766 3425 hostia
2793 3367 3057 3439 spiritali,
3086 3368 3177 3438 qui
3206 3377 3381 3424 tecum
3425 3364 3506 3425 vi.

1915 3467 2032 3533 vit,
2062 3475 2166 3522 etc.

2378 3553 2511 3610 Item
2543 3563 2656 3624 post
2681 3552 3043 3626 Euangetium.

1989 3651 2230 3707 Diluculo
2272 3647 2406 3705 lucis
2451 3651 2683 3704 Auctore
2730 3655 3067 3717 resurgente,
3098 3643 3398 3702 exultcmus
3450 3645 3506 3702 in

1915 3746 2162 3810 Domino,
2182 3741 2389 3798 devicta
2415 3749 2609 3806 morte,
2632 3755 2738 3810 quo
2760 3749 2978 3810 peccata
3007 3739 3270 3810 possimus
3291 3752 3508 3808 semper

1913 3838 2088 3905 obire,
2122 3838 2354 3908 vitaeque
2396 3835 2729 3893 ambulemus
2774 3835 2830 3891 in
2881 3835 3149 3903 novitate,
3199 3834 3288 3906 qui
3335 3844 3508 3893 tecum

1913 3931 2080 4001 vivit,
2107 3938 2211 3986 etc.

2506 3999 2632 4056 Post
2660 3999 2928 4073 hymnum.

1988 4119 2100 4174 Lux
2129 4123 2246 4172 orta
2287 4123 2369 4170 est
2399 4113 2452 4169 in
2484 4114 2604 4170 luce
2645 4115 2838 4184 prima,
2884 4114 3109 4170 exordio
3138 4113 3343 4171 dierum
3373 4111 3512 4170 anti-

1912 4226 2022 4284 quo
2077 4209 2248 4276 facta,
2302 4207 2618 4279 Unigenitus
2679 4219 2830 4276 tuus,
2888 4207 3142 4276 Domine,
3188 4209 3274 4280 qui
3328 4216 3510 4263 nostra

1915 4307 2139 4363 abluere
2181 4303 2332 4360 venit
2377 4318 2472 4376 per
2514 4318 2728 4362 crucem
2778 4311 3030 4376 peccata,
3079 4304 3168 4375 qui
3216 4312 3393 4360 tecum
3435 4303 3514 4359 vi-

1916 4399 2024 4466 vit,
2051 4409 2161 4456 etc.

2507 4468 2581 4524 De
2611 4469 2943 4540 martyribus.

1989 4559 2414 4632 Triumphalium
2465 4576 2733 4617 memores
2779 4570 3070 4630 martyrum
3133 4568 3383 4626 tuorum,
3421 4574 3513 4630 qm

219 4667 421 4728 rantes,
449 4657 694 4712 Trinitati
725 4656 834 4711 Deo
864 4665 1046 4710 nostro
1076 4653 1283 4708 debitas
1311 4652 1519 4718 laudes,
1552 4661 1604 4706 et
1631 4660 1808 4720 grates
1837 4657 1893 4720 ι)
1920 4670 2016 4728 pro
2058 4665 2108 4711 te
2152 4657 2446 4711 toleravere
2492 4654 2688 4710 vexilla
2737 4653 3077 4721 passionum,
3112 4665 3414 4722 precamur,
3445 4660 3509 4706 ιιι

218 4756 376 4809 unito
405 4753 699 4809 referamus
736 4752 929 4807 affectu
951 4791 966 4817 ,
999 4749 1343 4804 obsecrantes
1387 4745 1809 4800 misericordiam

220 4846 359 4915 ejus,
387 4855 444 4899 ut
471 4843 624 4899 nobis
654 4842 867 4898 Domini
899 4849 955 4897 et
978 4842 1270 4898 Salvatoris
1301 4838 1468 4895 nostri
1500 4840 1675 4894 beatae
1706 4836 1808 4892 Re-
1837 4872 1839 4874 -

221 4936 572 4995 surrectionis
595 4934 931 5006 participium
965 4945 1072 4988 tam
1097 4934 1149 4988 in
1175 4943 1367 5002 Spll‘llll
1390 4947 1549 5002 quam
1570 4932 1732 4987 etiam
1761 4932 1814 4986 in

219 5017 447 5105 corpore
473 5030 763 5098 concedat,
792 5029 881 5100 qui
910 5043 1031 5084 cum
1067 5012 1225 5083 Patre
1251 5026 1412 5086 vivit.
1440 5034 1548 5082 etc.

809 5120 935 5176 Post
967 5122 1232 5191 hymnum.

296 5220 544 5290 Respice,
587 5216 831 5283 Domine,
869 5213 936 5270 ad
980 5230 1166 5286 preces
1204 5222 1437 5280 nostras,
1469 5213 1556 5281 qui
1590 5207 1816 5266 inﬁrmi-

223 5321 358 5368 tates
389 5309 618 5365 visitasti
648 5309 928 5374 humanas,
960 5315 1016 5363 et
1058 5315 1203 5362 tuam
1245 5305 1400 5361 nobis
1444 5303 1819 5360 sanctificatio-

227 5419 350 5457 nem
400 5400 616 5472 largire,
661 5407 719 5457 et
764 5396 1258 5464 immortalitatem,
1308 5395 1543 5463 Christe,
1593 5395 1684 5466 qui
1729 5409 1819 5452 re-

228 5481 510 5566 gnns,'etc.

729 5563 862 5622 Item
895 5571 1011 5635 post
1039 5563 1316 5627 canticum,

297 5658 610 5714 Snmmerso
660 5659 714 5714 in
767 5657 902 5713 mari
953 5655 1234 5710 Pharaone
1283 5653 1538 5710 liberatur
1592 5649 1817 5708 Israhel.

231 5751 334 5808 Nos
363 5768 574 5824 quoque
616 5768 708 5822 per
756 5751 1005 5821 baptismi
1049 5749 1274 5820 gratiam
1311 5757 1366 5804 et
1403 5746 1580 5804 crucis
1625 5746 1818 5803 trium-

235 5846 392 5914 phum
427 5847 496 5902 ab
522 5845 667 5903 omni
692 5845 834 5902 malo
862 5857 1168 5915 quaesumus
1194 5843 1412 5903 liberari
1442 5856 1537 5913 per
1562 5850 1634 5908 te,
1663 5839 1822 5900 Chri-

231 5950 335 6009 ste,
361 5949 466 5998 etc.

1919 4763 2015 4818 per
2057 4758 2243 4802 sancta
2285 4747 2472 4801 merita
2515 4748 2753 4815 ipsorum
2801 4755 3106 4801 nostrorum
3151 4748 3363 4804 veniam
3403 4761 3514 4804 me-

1923 4853 2137 4895 reamur
2169 4846 2528 4909 peccatorum.
2557 4837 2660 4904 Qui
2687 4850 2902 4907 regnas,
2925 4847 3030 4893 etc.

2486 4930 2612 4985 Post
2640 4930 2950 4987 Cantemus.

1994 5022 2151 5079 Plebs
2183 5021 2381 5077 Israhel
2409 5022 2462 5077 in
2492 5023 2716 5094 figuram
2745 5024 2916 5078 nostri
2945 5023 3202 5080 liberatur
3233 5025 3286 5080 in
3333 5035 3509 5084 trans-

1921 5115 1999 5171 itu
2021 5114 2206 5170 maris.
2229 5114 2336 5169 Nos
2359 5131 2484 5187 ergo
2511 5130 2605 5186 per
2625 5116 2852 5186 gratiam
2880 5118 3132 5190 baptismi
3161 5117 3326 5176 libera
3359 5128 3415 5176 tu
3444 5120 3512 5177 ab

1921 5206 2100 5265 exitiis
2129 5206 2334 5263 mundi.
2357 5208 2457 5276 Qui
2481 5222 2695 5278 regnas,
2719 5219 2829 5266 etc.

2487 5299 2613 5357 Post
2644 5302 2966 5360 Benedicite.

2002 5396 2068 5451 Ut
2096 5404 2207 5451 tres
2237 5407 2432 5464 pueros
2460 5391 2513 5448 in
2542 5392 2756 5449 flamma
2785 5395 3001 5450 salvasti
3024 5393 3293 5453 descensu
3321 5398 3376 5456 in
3407 5397 3516 5458 for-

1925 5503 2115 5545 nacem
2141 5487 2379 5544 caelestis
2411 5486 2613 5555 nuntii,
2646 5487 2725 5542 sic
2755 5500 2854 5541 nos
2893 5502 2985 5556 per
3028 5488 3292 5557 Angelntn
3338 5495 3515 5565 magni

1925 5578 2141 5636 consilii
2186 5577 2418 5634 liberare
2464 5577 2700 5647 digneris
2745 5578 2813 5631 ab
2857 5579 2981 5648 igne
3025 5579 3242 5639 inferni.
3284 5581 3388 5652 Qui
3428 5599 3520 5643 re-

1926 5685 2078 5744 gnas.
2221 5740 2350 5795 Post
2381 5739 2612 5796 Laudate
2650 5741 2932 5800 Dominum
2960 5744 3031 5802 de
3062 5746 3234 5804 caelis.

1999 5836 2160 5905 Deus,
2209 5850 2364 5906 quem
2411 5835 2676 5892 exercitus
2717 5837 2862 5893 canit
2903 5841 3205 5907 etmalorum,
3253 5857 3521 5917 quemque

1930 5928 2169 5989 Ecclesia
2207 5928 2385 5986 laudat
2429 5939 2769 6003 sanctorum,
2796 5949 2956 6006 quem
2994 5934 3268 6006 hymnilat
3302 5940 3522 6008 Spiritus
