4076 6348
690 349 795 409 603

684 582 840 637 rum,
871 571 961 660 qui
991 587 1206 654 regnas,
1234 586 1337 629 etc.

1195 659 1203 666 '
1239 645 1406 701 Super
1433 645 1564 701 Cant

1195 663 1203 666 ’
1239 663 1406 711 Super
1433 663 1741 704 Cantemus.

757 712 1045 770 Cantemus
1072 716 1197 781 tibi,
1230 718 1453 773 Domine
1482 724 1810 775 exercituum
1849 721 2078 790 Christe,
2113 739 2274 780 oran-

691 815 796 874 tes,
829 815 888 863 ut
935 809 1383 878 quemadmodum
1433 811 1675 868 exemisti
1722 813 1972 870 dilectum
2019 818 2272 887 populum

687 907 834 954 tuum
873 901 1195 969 captivitatis
1237 905 1510 958 acerrimte
1555 904 1703 975 jugo,
1730 906 1831 960 iter
1871 908 2272 965 demonstrante

684 994 764 1048 eis
795 994 950 1048 nubis
976 995 1258 1064 columpna
1304 1013 1400 1066 per
1428 999 1604 1063 diem,
1649 1000 1836 1053 eadem
1882 999 2018 1070 ignis
2058 1016 2271 1072 quoque

683 1101 779 1156 per
805 1096 1036 1143 noctem.
1071 1087 1314 1144 Finditur
1341 1106 1468 1160 ergo
1498 1107 1647 1146 mare
1675 1092 1917 1156 dextera,
1950 1093 2187 1163 laevaque
2216 1095 2268 1150 in

681 1181 1000 1251 abruptum;
1032 1184 1254 1253 digestis
1302 1187 1584 1255 aggeribus
1630 1196 1852 1257 stupens
1883 1190 2021 1242 unda
2071 1191 2269 1245 solida-

683 1282 801 1341 tur;
833 1285 954 1330 tuus
981 1278 1206 1346 populus
1236 1280 1448 1348 navigat
1479 1279 1692 1348 plantis.
1725 1281 1851 1334 Mira
1882 1285 1992 1336 res!
2028 1282 2125 1335 iter
2150 1283 2269 1353 ejus

678 1381 779 1423 nec
808 1382 972 1436 eques
1004 1378 1178 1437 potest
1215 1372 1399 1438 sequi,
1434 1387 1530 1425 nec
1569 1371 1718 1426 ratis.
1750 1373 1910 1426 Maria
1957 1383 2267 1444 tympanum

677 1461 876 1537 quatit,
908 1463 1140 1530 hymnus
1186 1464 1287 1517 iste
1327 1465 1553 1531 canitur,
1598 1480 1726 1532 grex
1776 1467 2015 1533 peculius
2064 1477 2260 1522 tuetur.

678 1552 756 1608 Ita
783 1562 964 1610 et.nos
991 1556 1058 1610 ab
1084 1557 1436 1612 insectatione
1464 1559 1659 1613 veteris
1687 1559 1919 1628 inimici,
1949 1571 2002 1616 et
2027 1562 2094 1616 ab
2120 1565 2264 1620 omni

677 1645 914 1715 periculo
936 1647 1119 1702 mundi
1146 1647 1370 1703 liberare
1393 1649 1651 1719 digneris,
1672 1651 1913 1707 Salvator
1937 1653 2148 1721 mundi,
2173 1654 2264 1724 qui

672 1754 795 1795 cum
845 1750 1049 1803 teterno
1094 1742 1251 1798 Patre
1292 1743 1450 1811 vivis,
1501 1745 1790 1800 dominaris
1820 1760 1883 1802 ac
1922 1761 2114 1818 regnas
2157 1763 2262 1804 una

670 1843 792 1885 cum
818 1840 1020 1887 aeterno
1043 1831 1241 1902 Spiritu
1270 1845 1455 1888 sancto
1480 1835 1532 1890 in
1555 1838 1750 1890 saecula
1773 1839 2110 1892 saeculorum.

909 1924 1077 1994 Super
1105 1925 1500 1982 benedictionem
1539 1931 1691 1983 trium
1717 1947 2011 2000 puerorum.

741 2015 872 2071 Tres
901 2016 1092 2072 Hebrei
1122 2020 1456 2075 venerabiles
1483 2037 1729 2088 numero,
1771 2034 2107 2080 sacramento
2138 2039 2254 2079 mu-

665 2106 761 2162 niti
781 2147 795 2171 ,
826 2116 982 2164 aetate
1011 2111 1208 2175 teneri,
1237 2111 1331 2166 sed
1364 2111 1483 2166 fidei
1508 2113 1777 2168 soliditate
1803 2115 2038 2182 robusti,
2066 2130 2254 2171 amore

663 2199 858 2256 divinae
877 2199 1151 2272 religionis
1177 2201 1336 2274 Regis
1359 2205 1583 2260 adorare
1609 2205 1890 2276 imaginem
1917 2217 2252 2276 contempse-

661 2302 809 2363 runt,
835 2305 1018 2365 utpote
1039 2297 1128 2367 qui
1157 2298 1330 2367 ipsum
1353 2309 1790 2370 contempserant
1818 2301 2041 2371 Regem,
2062 2302 2152 2372 qui
2175 2303 2250 2358 ira

660 2389 907 2446 sufﬂatus
922 2391 1082 2446 solito
1097 2393 1296 2460 septies
1311 2394 1535 2462 amplius
1551 2396 1818 2452 caminum
1837 2396 1996 2466 jussit
2018 2397 2252 2464 incendi,

660 2494 723 2534 ac
746 2480 859 2548 pice
871 2490 924 2536 et
945 2490 1098 2551 stttpa
1120 2493 1379 2538 armatum
1402 2485 1554 2539 citari
1577 2486 1879 2542 incendium
1903 2490 2252 2546 aestuantibus

660 2569 855 2640 globis.
875 2570 1156 2626 Erubescit
1175 2589 1386 2643 quoque
1409 2577 1576 2645 ipsum
1601 2577 1786 2632 alienis
1806 2578 2016 2648 ignibus
2030 2581 2245 2637 caelum.

657 2660 760 2718 Illo
771 2663 1170 2734 praecipitantur
1185 2666 1442 2734 insontes,
1462 2668 1763 2740 ibidemque
1776 2679 1844 2736 te,
1868 2681 2080 2740 propter
2092 2688 2247 2742 quem

658 2756 1081 2829 praecipitantur,
1103 2759 1400 2829 inveniunt,
1414 2761 1648 2820 Christe.
1667 2763 1872 2819 Taliter
1890 2773 1943 2819 et
1960 2779 2058 2822 nos
2075 2781 2139 2821 ex
2163 2777 2247 2837 ty-

659 2850 816 2906 ranni
847 2851 1220 2908 intellectualis
1257 2852 1456 2921 furore,
1483 2864 1536 2910 et
1560 2855 1628 2910 ab
1657 2855 1893 2926 ingenito
1924 2856 2029 2926 igni
2057 2856 2248 2926 digne-

659 2943 736 2997 ris
780 2941 1032 3012 liberare,
1067 2945 1312 3001 Salvator
1340 2946 1555 3013 mundi,
1587 2949 1675 3018 qui
1705 2963 1826 3005 cum
1854 2958 2056 3006 sterno
2094 2949 2251 3010 Patre

656 3035 810 3102 vivis,
836 3044 943 3094 etc.

771 3130 1028 3186 Venice“
1053 3131 1260 3204 fenilia
1290 3131 1574 3190 Bsnchuir.

723 3241 991 3299 Benchuir
1012 3245 1150 3299 bona
1177 3246 1383 3318 regula,

651 3333 841 3404 Recta,
869 3348 1027 3409 atque
1051 3338 1275 3407 divina;

648 3429 862 3501 Stricta,
895 3440 1101 3501 sancta,
1131 3432 1340 3500 sedula,

647 3516 866 3574 Summa
891 3519 1055 3589 justa,
1088 3533 1152 3574 ac
1172 3519 1331 3575 mira.

714 3610 961 3667 Munther
985 3611 1254 3668 Benchuir
1273 3612 1430 3670 beata

645 3698 783 3756 Fide
813 3701 1029 3757 fundata
1058 3712 1228 3769 certa,

644 3789 754 3858 Spe
781 3791 967 3847 salutis
989 3802 1197 3860 ornata,

646 3879 880 3938 Caritate
905 3882 1156 3950 perfecta.

719 3972 884 4030 Navis
915 3990 1204 4046 numquam
1235 3977 1444 4035 turbata
1459 4019 1475 4046 ,

644 4071 900 4139 Quamvis
928 4072 1175 4128 fluctibus
1204 4081 1379 4141 tonsa,

644 4162 855 4234 Nuptiis
881 4179 1090 4235 quaque
1114 4174 1299 4234 parata

645 4254 780 4324 Regi
817 4255 1040 4310 Domino
1059 4270 1276 4326 sponsa.

714 4347 913 4406 Domus
942 4348 1146 4404 deliciis
1175 4348 1333 4419 plena

787 4461 1027 4530 Collectio
1054 4478 1207 4542 super
1237 4461 1489 4517 hominem
1514 4477 1601 4531 qui
1628 4459 1773 4515 habet
1803 4458 2082 4515 diabolum.

715 4578 942 4636 Domine
988 4585 1175 4636 sancte
1220 4577 1377 4638 Pater
1425 4576 1766 4648 omnipotens
1810 4581 2011 4631 aeterne
2062 4571 2224 4637 Deus,

639 4672 860 4742 capelle
884 4671 1192 4740 diabolum,
1219 4681 1274 4730 et
1301 4670 1651 4742 gentilitatem
1683 4668 1751 4734 ab
1778 4667 1997 4726 homine
2027 4664 2133 4722 isto
2160 4664 2227 4722 de

641 4766 836 4835 capite,
863 4765 929 4821 de
952 4764 1185 4835 capillis,
1209 4763 1276 4820 de
1295 4763 1540 4829 cerebro,
1564 4769 1670 4817 etc.

1104 4856 1282 4914 Oratio
1311 4856 1373 4910 de
1417 4853 1754 4924 Martyribus.

711 4949 880 5020 Deus,
908 4950 998 5020 qui
1027 4951 1352 5021 martyribus
1379 4950 1486 5010 tuis
1514 4950 1738 5022 largitus
1767 4960 1828 5003 es
1855 4960 2098 5024 regnum,
2131 4960 2228 5002 no-

638 5042 724 5106 bis
751 5050 929 5105 autem
978 5041 1348 5112 peccatoribus
1395 5041 1608 5098 veniam
1663 5050 1920 5111 praestare
1968 5039 2223 5118 digneris.

640 5131 704 5188 lii
754 5146 1007 5187 coronam
1062 5147 1216 5187 suam
1261 5132 1513 5202 passione
1543 5147 1636 5204 per
1667 5132 1824 5188 fidem
1875 5139 2221 5199 meruerunt;

641 5241 740 5281 nos
771 5241 898 5282 vero
930 5241 1026 5295 pro
1056 5225 1426 5298 iniquitatibus
1450 5235 1504 5286 et
1553 5227 2078 5296 praevaricationibus
2125 5240 2223 5278 no-

637 5321 768 5388 stris
794 5321 1168 5382 remissionem
1196 5337 1226 5380 a
1255 5329 1306 5380 te
1325 5329 1382 5378 et
1422 5319 1846 5388 misericordiam
1873 5318 2220 5410 postulamus,

637 5427 733 5484 per
764 5422 839 5481 te,
866 5412 996 5485 Iesu
1019 5413 1253 5476 Christe.

635 5527 828 5598 ἔπειμι
864 5533 1144 5600 ωιεῳιιοιια
1186 5531 1245 5584 in
1286 5527 1743 5600 Natakibomim'
1788 5543 1943 5598 super
1992 5527 2220 5588 nomine

1062 5601 1344 5672 refugium,
1375 5602 1444 5655 ad
1483 5599 1795 5658 Secundam.

708 5713 788 5769 Ab
809 5713 1067 5769 hodierno
1093 5716 1179 5771 die
1203 5730 1310 5772 nox
1337 5717 1616 5784 minuitur,
1639 5716 1756 5773 dies
1783 5718 1998 5784 crescit,
2022 5731 2213 5774 concu-

633 5808 839 5869 tiuntur
863 5810 1121 5877 tenebrae,
1170 5810 1348 5868 lumen
1397 5819 1641 5882 augetur,
1689 5821 1745 5870 et
1792 5813 1843 5869 itt
1883 5813 2035 5871 lucro
2081 5813 2218 5869 lucis

633 5915 912 5965 nocturnae
931 5899 1206 5974 dispendia
1228 5899 1607 5963 tranierentur.

1772 3134 1950 3206 Super
1983 3143 2185 3204 petram
2217 3144 2552 3201 constructa,

1771 3224 1881 3281 Nec
1905 3240 2013 3281 non
2045 3225 2203 3284 vinea
2232 3240 2358 3280 vera

1772 3318 1853 3374 Ex
1875 3318 2107 3389 rEgypto
2140 3317 2470 3378 transducta.

1839 3413 1998 3470 Certe
2025 3413 2214 3474 civitas
2239 3412 2410 3476 firma,

1767 3503 1966 3572 Fortis,
1992 3513 2152 3575 atque
2181 3503 2409 3573 munita,

1769 3599 2012 3656 Gloriosa
2034 3641 2049 3666 ,
2080 3615 2144 3656 ac
2172 3601 2353 3670 digna,

1765 3692 1942 3760 Supra
1966 3702 2203 3750 montem
2231 3690 2424 3761 posita.

1834 3785 1973 3842 Area
1999 3783 2258 3838 cherubin
2290 3791 2426 3836 teeta
2444 3821 2456 3845 ,

1762 3875 1918 3932 Omni
1947 3885 2099 3946 parte
2129 3883 2313 3930 aurata
2328 3914 2343 3939 ,

1763 3967 2131 4022 Sacrosanctis
2157 3964 2372 4029 referta,

1763 4060 1908 4116 Viris
1935 4069 2166 4132 quatuor
2200 4067 2425 4128 portata.

1833 4162 2047 4218 Christo
2078 4162 2260 4231 regina
2281 4168 2401 4230 apta

1761 4258 1905 4314 Solis
1932 4259 2053 4312 luce
2077 4255 2293 4320 amicta,

1759 4347 2021 4419 Simplex,
2053 4345 2322 4415 simulque
2348 4344 2525 4410 docta,

2257 4455 2303 4520 C
2334 4451 2600 4523 Incipiunt
2649 4452 2946 4524 antiphonw
2985 4470 3140 4525 super
3182 4453 3470 4512 Cantemus
3513 4443 3824 4511 etBenedicite.

1394 359 1739 418 APPENDIX
1777 363 1869 420 AD
1905 364 2130 422 OPBRA
2171 364 2414 424 SANCTI
2457 368 2766 429 GERMANI
2809 375 3256 450 PARISIENSIS.
3785 399 3849 454 (illi

685 475 1096 566 universorum,
1146 479 1437 547 miserere,
1482 483 1734 564 obsecro,
1779 485 2014 558 omnium
2062 499 2272 566 nostro—
2298 492 2353 550 Α

2676 491 2803 548 Post
2833 495 3064 553 Lattdate
3097 497 3374 557 Dominum
3400 504 3466 576 de
3489 507 3639 564 cmlis.

2448 581 2691 639 Laudent
2723 597 2795 650 te,
2833 588 3077 656 Domine,
3111 595 3312 662 angeli,
3345 596 3570 666 virtutes,
3600 603 3764 672 sydera,
3787 622 3844 676 po-

2377 682 2616 741 testates,
2649 687 2700 732 et
2728 695 2844 748 quae
2875 690 3048 735 ortum
3097 697 3249 744 suum
3282 686 3370 740 tibi
3401 688 3586 745 debent
3623 694 3759 751 ofﬁcio
3782 709 3845 756 tum

2377 766 2693 824 laudationis
2736 773 3007 854 exultent,
3040 785 3097 829 ut
3129 792 3222 847 per
3257 779 3602 839 universitatis
3641 793 3844 848 armoniam

2376 861 2582 916 tibimet
2612 864 3019 922 concinnentem
3053 867 3169 934 fiat,
3202 881 3257 924 ut
3284 871 3332 924 in
3362 874 3512 941 coelo,
3543 875 3605 930 ita
3630 886 3672 932 et
3697 879 3845 937 interra

2376 954 2620 1028 voluntas
2650 965 2759 1011 tua.
2789 959 2870 1013 Sit
2901 959 3014 1026 tibi,
3053 977 3353 1032 precamur,
3387 965 3612 1034 Domine,
3635 969 3844 1040 beneplaci-

2375 1056 2483 1100 tum
2517 1048 2568 1101 in
2615 1053 2809 1117 populo
2842 1061 2952 1117 tuo,
2989 1062 3042 1106 ut
3075 1070 3168 1121 per
3194 1055 3537 1112 exaltationes
3561 1070 3673 1120 ,tuas
3704 1060 3742 1116 in
3772 1063 3844 1132 ejus

2373 1138 2610 1194 faucibus
2640 1143 2945 1209 collocatas,
2978 1156 3190 1200 maneat
3237 1147 3288 1200 itt
3337 1149 3549 1220 singulis
3583 1160 3627 1205 et
3653 1153 3764 1208 verbi
3796 1157 3842 1209 tui

2372 1239 2670 1297 armatura,
2711 1249 2812 1304 qua
2852 1234 3066 1300 doceas,
3099 1251 3151 1291 et
3185 1239 3306 1292 vitae
3353 1251 3540 1295 nostra:
3585 1243 3841 1316 veritas,qna

2370 1335 2581 1394 semper
2625 1326 2876 1394 aspicias,
2917 1337 2970 1382 et
3013 1329 3178 1394 salus,
3225 1347 3326 1402 qua
3373 1345 3653 1389 mansuetos
3689 1340 3843 1404 eraltes,

2370 1419 2489 1489 quia
2538 1420 2829 1475 secundum
2876 1423 3270 1482 multitudinem
3323 1428 3673 1497 magnitudinis
3709 1441 3781 1483 iure
3813 1440 3843 1484 te

2371 1510 2668 1580 laudamus,
2701 1512 2945 1582 Domine,
2989 1515 3155 1587 gratia
3198 1497 3510 1573 laudationis
3549 1531 3750 1586 ostensa,
3782 1521 3842 1574 im-

2368 1603 2656 1657 molatione
2684 1619 2779 1675 per
2809 1605 3115 1674 psalterium
3137 1650 3152 1672 ,
3186 1609 3585 1666 mortificatione
3606 1628 3681 1680 per
3705 1622 3842 1682 tympa-

2368 1710 2521 1762 num,
2568 1700 2976 1768 congregatione
3024 1714 3116 1766 per
3160 1700 3420 1766 cltorutn,
3469 1707 3750 1758 exultatione
3787 1723 3842 1772 per

2366 1802 2621 1856 organum
2642 1829 2655 1853 ,
2684 1783 3001 1859 jnbilatione
3031 1807 3124 1861 per
3149 1794 3484 1865 cymbalum,
3516 1808 3565 1850 ut
3589 1811 3755 1862 semper
3783 1803 3841 1850 mi-

2285 1883 2336 1944 Β
2363 1881 2706 1935 sericordiam
2732 1891 2872 1936 tuam
2899 1883 3095 1939 habere
3121 1901 3443 1957 mereamur,
3470 1889 3656 1945 Christe
3678 1891 3839 1945 Salvator

2362 1975 2542 2029 tnundi
2561 2016 2578 2042 ,
2607 1976 2694 2044 qui
2721 1991 2840 2031 cum
2869 1986 3072 2033 aeterno
3099 1977 3256 2036 Patre
3282 1981 3437 2051 vivis,
3462 1993 3560 2038 etc.

2766 2092 2938 2164 Super
2965 2095 3256 2151 Cantemus
3292 2097 3534 2154 Domino.

2427 2205 2672 2270 Domine,
2703 2206 2792 2276 qui
2834 2207 3102 2266 Cinchrim
3147 2210 3412 2279 fugientes
3450 2212 3602 2268 tueris
3640 2212 3704 2268 bis
3739 2226 3838 2268 sanat

2361 2317 2454 2372 per
2482 2301 2648 2356 invisa
2695 2302 2864 2357 tribus
2897 2302 3150 2358 aemulum
3194 2304 3411 2374 itinera,
3445 2307 3580 2376 prius
3603 2307 3838 2362 ﬂuctibusiu

2359 2390 2499 2448 binis
2521 2389 2781 2452 montium
2811 2390 3074 2462 utrimque
3099 2392 3331 2450 redactis
3356 2395 3632 2462 celsorum,
3655 2410 3729 2450 ceu
3746 2394 3836 2464 jttgis

2356 2484 2584 2553 abrupte
2627 2484 2902 2543 arentibus
2951 2484 3070 2544 talis
3114 2501 3333 2558 aequore
3377 2504 3576 2548 murum
3602 2488 3722 2559 quasi
3743 2486 3837 2542 etde

2356 2587 2505 2648 petra
2553 2579 2799 2649 lymphas
2845 2580 3172 2646 producens;
3220 2592 3494 2654 mergatur
3535 2597 3647 2652 ergo
3682 2590 3724 2636 ut
3756 2579 3837 2635 olim

2355 2673 2565 2738 piorum
2607 2670 2925 2739 supplicium
2959 2672 3125 2726 hostis
3165 2677 3352 2728 tetern‘
3374 2715 3388 2740 ,
3419 2690 3704 2744 quaesumus,
3729 2680 3836 2728 stato-

2355 2777 2442 2817 res
2479 2777 2723 2828 currum,
2759 2763 2899 2832 quod
2947 2773 3026 2818 est
3075 2771 3230 2836 cujus
3275 2776 3485 2833 artatus,
3517 2779 3731 2836 actusque
3759 2777 3835 2819 eum

2355 2859 2586 2928 cogitatu
2627 2858 2788 2912 celeri
2829 2873 3054 2928 nequam
3083 2860 3153 2914 sit
3185 2860 3447 2916 Pharaoni
3493 2863 3591 2917 Rex
3630 2859 3834 2917 lsraheletn

2356 2964 2535 3004 verum
2558 2991 2572 3017 ,
2602 2964 2721 3021 quae
2752 2950 2892 3005 unda
2922 2951 3118 3018 salvat,
3155 2961 3210 3008 ut
3239 2953 3454 3010 Christo
3481 2959 3684 3010 carmina
3707 2958 3830 3012 canat,

2357 3058 2452 3112 per
2480 3044 2658 3112 saecla,
2686 3044 2772 3113 qui
2803 3059 2924 3100 cum
2957 3045 3113 3100 Patre
3137 3045 3288 3101 vivit.

2892 3136 3278 3207 Undecumque
3309 3141 3514 3196 invicta.

2964 3227 3101 3281 Vere
3131 3231 3328 3299 regalis
3356 3232 3474 3284 aula
3492 3273 3507 3296 ,

2891 3319 3066 3375 Variis
3089 3323 3321 3390 gemmis
3360 3329 3536 3378 ornata
3555 3361 3569 3389 ς

2889 3408 3185 3480 Gregisqne
3208 3411 3410 3469 Christi
3437 3414 3610 3481 caule,

2891 3488 3048 3556 Patro
3073 3517 3288 3559 summo
3317 3512 3544 3560 servata.

2961 3591 3125 3663 Virgo
3159 3594 3319 3650 valde
3346 3593 3582 3653 facunda
3597 3633 3612 3661 ,

2888 3685 3010 3742 Haec
3036 3694 3090 3740 et
3118 3695 3293 3742 mater
3321 3688 3536 3752 intacta,

2887 3774 3063 3842 Laeta,
3095 3791 3156 3830 ac
3188 3776 3531 3833 tremebunda
3551 3816 3566 3843 ,

2887 3867 3064 3923 Verbo
3089 3869 3184 3924 Dei
3208 3872 3450 3928 subacta.

2955 3979 3055 4035 Ctti
3086 3981 3192 4034 vita
3216 3980 3374 4036 beata

2882 4069 3014 4124 Cum
3042 4070 3296 4139 perfectis
3321 4072 3519 4137 futura,

2883 4159 2994 4214 Deo
3021 4161 3182 4216 Patre
3208 4171 3392 4230 parata
3411 4203 3428 4229 ,

2880 4249 3009 4306 Sine
3035 4252 3138 4306 fide
3165 4267 3435 4309 mansura.

2955 4343 3225 4402 Benchuir
3255 4347 3394 4402 bona
3418 4345 3606 4417 regula.

2408 4567 2598 4626 Educti
2627 4582 2692 4624 ex
2720 4567 2954 4640 Egypto
2987 4569 3170 4624 Patres
3206 4573 3373 4627 nostri
3404 4579 3456 4627 et
3493 4564 3823 4640 pertransierunt

2337 4661 2563 4734 pedibus
2598 4659 2836 4715 Rubrum
2866 4675 3037 4730 mare,
3066 4661 3422 4738 dixeruntque
3449 4662 3637 4719 laudem
3665 4651 3824 4712 Demith

2340 4763 2546 4812 DOSll'O.

2408 4876 2542 4934 Tres
2570 4874 2722 4946 pueri
2750 4874 2802 4934 in
2830 4875 3041 4940 camino
3083 4876 3233 4933 missi
3275 4889 3438 4955 sunt,
3483 4886 3533 4935 et
3565 4890 3654 4932 non
3689 4868 3824 4926 timue-

2331 4979 2454 5024 runt
2504 4967 2772 5038 ﬂammam
2819 4968 2982 5044 ignis,
3024 4967 3378 5044 dixeruntque
3424 4969 3616 5038 laudem
3657 4959 3823 5026 Domini

2333 5070 2543 5118 nostro.

2400 5153 2517 5218 Filii
2565 5153 2908 5216 Hebraurutn
2934 5164 3364 5226 penetraverunt,
3389 5153 3654 5220 lsrahelitte
3693 5143 3822 5217 plebes

2329 5249 2656 5314 transierunt
2680 5263 2776 5318 per
2803 5247 3006 5314 siccum
3053 5265 3222 5321 mare,
3273 5253 3574 5322 laudemque
3615 5244 3818 5303 dixerunt.

2401 5340 2535 5400 Tres
2559 5340 2708 5410 pueri
2739 5350 2789 5402 te
2811 5341 3032 5404 orabant
3061 5343 3130 5408 de
3152 5345 3327 5408 medio
3356 5344 3505 5413 ignis,
3535 5341 3594 5402 ad
3618 5349 3660 5394 te
3679 5335 3822 5390 clama-

2331 5434 2459 5488 bant
2481 5451 2545 5489 ex
2574 5450 2677 5489 una
2707 5449 2855 5502 voce,
2890 5437 3251 5506 hymnumque
3276 5437 3534 5491 dicebant.

2401 5526 2677 5581 Gloriosus
2706 5527 2760 5582 in
2786 5525 3022 5594 Sanctis,
3048 5529 3308 5584 mirabilis
3332 5529 3387 5584 in
3408 5520 3741 5596 majestatibus,
3764 5514 3817 5564 [θ’

2252 5593 2480 5677 D-eiens
2506 5621 2767 5690 prodigia.

2399 5714 2784 5769 Benedicamus
2814 5713 2982 5770 Deum
3014 5716 3225 5774 Patrem
3252 5727 3304 5775 et
3328 5715 3533 5780 Filium,
3553 5720 3604 5767 et
3623 5701 3817 5776 Spiritum

2325 5818 2569 5867 sanetum
2604 5807 2908 5864 Dominum.

2402 5902 2672 5967 Dextram,
2703 5899 2994 5971 tanainque
3012 5902 3221 5973 Moyses
3247 5901 3448 5974 aspexit
3467 5899 3592 5957 viam
3618 5885 3813 5958 τοῦθιοηκ
