  <div class='ocr_page' id='page_1' title='image "/cluster/home/n/w/nwhite01/storage/ocr_20150623/72/hvd.32044015469364/311.png"; bbox 0 0 4076 6348; ppageno 0'>
   <div class='ocr_carea' id='block_1_1' title="bbox 660 443 763 498">
    <p class='ocr_par' dir='ltr' id='par_1_1' title="bbox 660 443 763 498">
     <span class='ocr_line' id='line_1_1' title="bbox 660 443 763 498; baseline 0 0"><span class='ocrx_word' id='word_1_1' title='bbox 660 443 763 498; x_wconf 83' lang='grc'><strong>607</strong></span> 
     </span>
    </p>
   </div>
   <div class='ocr_carea' id='block_1_2' title="bbox 1363 429 3883 496">
    <p class='ocr_par' dir='ltr' id='par_1_2' title="bbox 1363 429 3883 496">
     <span class='ocr_line' id='line_1_2' title="bbox 1363 429 3883 496; baseline -0.001 -1"><span class='ocrx_word' id='word_1_2' title='bbox 1363 435 1708 496; x_wconf 78' lang='grc' dir='ltr'><strong>ΛΡΡΕΝΒΙΧ</strong></span> <span class='ocrx_word' id='word_1_3' title='bbox 1745 435 1838 493; x_wconf 82' lang='lat' dir='ltr'><strong>AD</strong></span> <span class='ocrx_word' id='word_1_4' title='bbox 1876 433 2112 494; x_wconf 79' lang='lat' dir='ltr'><strong>OPERA</strong></span> <span class='ocrx_word' id='word_1_5' title='bbox 2150 429 2396 492; x_wconf 81' lang='lat' dir='ltr'><strong>SANCTI</strong></span> <span class='ocrx_word' id='word_1_6' title='bbox 2439 429 2754 491; x_wconf 79' lang='lat' dir='ltr'><strong>GERMANI</strong></span> <span class='ocrx_word' id='word_1_7' title='bbox 2795 430 3243 491; x_wconf 77' lang='lat' dir='ltr'><strong>PARISIENSIS.</strong></span> <span class='ocrx_word' id='word_1_8' title='bbox 3813 439 3883 494; x_wconf 67' lang='lat'><strong>60%</strong></span> 
     </span>
    </p>
   </div>
   <div class='ocr_carea' id='block_1_3' title="bbox 660 533 3885 629">
    <p class='ocr_par' dir='ltr' id='par_1_3' title="bbox 660 533 3885 629">
     <span class='ocr_line' id='line_1_3' title="bbox 660 533 3885 629; baseline 0 -12"><span class='ocrx_word' id='word_1_9' title='bbox 660 561 801 617; x_wconf 83' lang='lat' dir='ltr'><strong>sicut</strong></span> <span class='ocrx_word' id='word_1_10' title='bbox 839 557 1006 615; x_wconf 81' lang='lat' dir='ltr'><strong>refert</strong></span> <span class='ocrx_word' id='word_1_11' title='bbox 1063 533 1486 629; x_wconf 85' lang='lat' dir='ltr'><strong>historiograll&#39;us</strong></span> <span class='ocrx_word' id='word_1_12' title='bbox 1531 556 1796 628; x_wconf 84' lang='lat' dir='ltr'><strong>Josephus</strong></span> <span class='ocrx_word' id='word_1_13' title='bbox 1846 565 1903 613; x_wconf 92' lang='lat' dir='ltr'><strong>et</strong></span> <span class='ocrx_word' id='word_1_14' title='bbox 1951 553 2250 610; x_wconf 88' lang='lat' dir='ltr'><strong>Hiereneus</strong></span> <span class='ocrx_word' id='word_1_15' title='bbox 2279 553 2334 614; x_wconf 79' lang='grc' dir='ltr'><strong>Α</strong></span> <span class='ocrx_word' id='word_1_16' title='bbox 2357 551 2451 608; x_wconf 87' lang='lat' dir='ltr'><strong>dra</strong></span> <span class='ocrx_word' id='word_1_17' title='bbox 2481 552 2676 608; x_wconf 90' lang='lat' dir='ltr'><strong>summi</strong></span> <span class='ocrx_word' id='word_1_18' title='bbox 2707 551 2949 617; x_wconf 89' lang='lat' dir='ltr'><strong>honoris,</strong></span> <span class='ocrx_word' id='word_1_19' title='bbox 2982 547 3079 622; x_wconf 83' lang='lat' dir='ltr'><strong>pro</strong></span> <span class='ocrx_word' id='word_1_20' title='bbox 3104 551 3413 609; x_wconf 85' lang='lat' dir='ltr'><strong>reverentia</strong></span> <span class='ocrx_word' id='word_1_21' title='bbox 3447 555 3739 616; x_wconf 72' lang='lat' dir='ltr'><strong>sanctitatis</strong></span> <span class='ocrx_word' id='word_1_22' title='bbox 3753 573 3885 619; x_wconf 81' lang='lat' dir='ltr'><strong>eorum</strong></span> 
     </span>
    </p>
   </div>
   <div class='ocr_carea' id='block_1_4' title="bbox 663 652 1295 725">
    <p class='ocr_par' dir='ltr' id='par_1_4' title="bbox 663 652 1295 725">
     <span class='ocr_line' id='line_1_4' title="bbox 663 652 1295 725; baseline -0.006 -13"><span class='ocrx_word' id='word_1_23' title='bbox 663 652 901 725; x_wconf 80' lang='lat' dir='ltr'><strong>episcopi</strong></span> <span class='ocrx_word' id='word_1_24' title='bbox 930 652 982 708; x_wconf 91' lang='lat' dir='ltr'><strong>iu</strong></span> <span class='ocrx_word' id='word_1_25' title='bbox 1006 667 1108 710; x_wconf 91' lang='lat' dir='ltr'><strong>suo</strong></span> <span class='ocrx_word' id='word_1_26' title='bbox 1139 652 1295 708; x_wconf 92' lang='lat' dir='ltr'><strong>libro.</strong></span> 
     </span>
    </p>
   </div>
   <div class='ocr_carea' id='block_1_5' title="bbox 733 740 2242 816">
    <p class='ocr_par' dir='ltr' id='par_1_5' title="bbox 733 740 2242 816">
     <span class='ocr_line' id='line_1_5' title="bbox 733 740 2242 816; baseline -0.006 -11"><span class='ocrx_word' id='word_1_27' title='bbox 733 747 1006 805; x_wconf 82' lang='lat' dir='ltr'><strong>Johannes</strong></span> <span class='ocrx_word' id='word_1_28' title='bbox 1048 745 1376 816; x_wconf 81' lang='lat' dir='ltr'><strong>evangelista</strong></span> <span class='ocrx_word' id='word_1_29' title='bbox 1439 744 1670 816; x_wconf 91' lang='lat' dir='ltr'><strong>primum</strong></span> <span class='ocrx_word' id='word_1_30' title='bbox 1719 758 1936 799; x_wconf 81' lang='lat' dir='ltr'><strong>cursum</strong></span> <span class='ocrx_word' id='word_1_31' title='bbox 1969 740 2242 797; x_wconf 83' lang='lat' dir='ltr'><strong>Gallorum</strong></span> 
     </span>
    </p>
   </div>
   <div class='ocr_carea' id='block_1_6' title="bbox 660 831 2249 908">
    <p class='ocr_par' dir='ltr' id='par_1_6' title="bbox 660 831 2249 908">
     <span class='ocr_line' id='line_1_6' title="bbox 660 831 2249 908; baseline -0.006 -11"><span class='ocrx_word' id='word_1_32' title='bbox 660 839 988 906; x_wconf 87' lang='lat' dir='ltr'><strong>decantavit;</strong></span> <span class='ocrx_word' id='word_1_33' title='bbox 1022 838 1145 894; x_wconf 88' lang='lat' dir='ltr'><strong>inde</strong></span> <span class='ocrx_word' id='word_1_34' title='bbox 1169 845 1349 908; x_wconf 87' lang='lat' dir='ltr'><strong>postea</strong></span> <span class='ocrx_word' id='word_1_35' title='bbox 1381 835 1703 906; x_wconf 81' lang='lat' dir='ltr'><strong>Polycarpus</strong></span> <span class='ocrx_word' id='word_1_36' title='bbox 1743 834 2045 906; x_wconf 82' lang='lat' dir='ltr'><strong>discipulus</strong></span> <span class='ocrx_word' id='word_1_37' title='bbox 2074 831 2249 889; x_wconf 82' lang='lat' dir='ltr'><strong>sancti</strong></span> 
     </span>
    </p>
   </div>
   <div class='ocr_carea' id='block_1_7' title="bbox 659 927 2248 1001">
    <p class='ocr_par' dir='ltr' id='par_1_7' title="bbox 659 927 2248 1001">
     <span class='ocr_line' id='line_1_7' title="bbox 659 927 2248 1001; baseline -0.004 -12"><span class='ocrx_word' id='word_1_38' title='bbox 659 933 945 1001; x_wconf 84' lang='lat' dir='ltr'><strong>Johannis;</strong></span> <span class='ocrx_word' id='word_1_39' title='bbox 980 932 1105 988; x_wconf 90' lang='lat' dir='ltr'><strong>inde</strong></span> <span class='ocrx_word' id='word_1_40' title='bbox 1135 941 1314 1001; x_wconf 81' lang='lat' dir='ltr'><strong>postea</strong></span> <span class='ocrx_word' id='word_1_41' title='bbox 1348 930 1646 985; x_wconf 90' lang='lat' dir='ltr'><strong>Hiereneus</strong></span> <span class='ocrx_word' id='word_1_42' title='bbox 1672 928 1764 1001; x_wconf 91' lang='lat' dir='ltr'><strong>qui</strong></span> <span class='ocrx_word' id='word_1_43' title='bbox 1817 927 1915 983; x_wconf 83' lang='lat' dir='ltr'><strong>fuit</strong></span> <span class='ocrx_word' id='word_1_44' title='bbox 1958 927 2248 997; x_wconf 90' lang='lat' dir='ltr'><strong>episcopus</strong></span> 
     </span>
    </p>
   </div>
   <div class='ocr_carea' id='block_1_8' title="bbox 660 1019 2250 1100">
    <p class='ocr_par' dir='ltr' id='par_1_8' title="bbox 660 1019 2250 1100">
     <span class='ocr_line' id='line_1_8' title="bbox 660 1019 2250 1100; baseline -0.005 -16"><span class='ocrx_word' id='word_1_45' title='bbox 660 1027 1026 1100; x_wconf 78' lang='lat' dir='ltr'><strong>Lugdunensis</strong></span> <span class='ocrx_word' id='word_1_46' title='bbox 1055 1025 1245 1082; x_wconf 90' lang='lat' dir='ltr'><strong>Gallei.</strong></span> <span class='ocrx_word' id='word_1_47' title='bbox 1278 1024 1493 1081; x_wconf 92' lang='lat' dir='ltr'><strong>Tertius</strong></span> <span class='ocrx_word' id='word_1_48' title='bbox 1534 1023 1649 1093; x_wconf 89' lang='lat' dir='ltr'><strong>ipse</strong></span> <span class='ocrx_word' id='word_1_49' title='bbox 1704 1023 1878 1094; x_wconf 90' lang='lat' dir='ltr'><strong>ipsum</strong></span> <span class='ocrx_word' id='word_1_50' title='bbox 1907 1035 2122 1078; x_wconf 87' lang='lat' dir='ltr'><strong>cursum</strong></span> <span class='ocrx_word' id='word_1_51' title='bbox 2153 1019 2250 1076; x_wconf 88' lang='lat' dir='ltr'><strong>de-</strong></span> 
     </span>
    </p>
   </div>
   <div class='ocr_carea' id='block_1_9' title="bbox 659 1117 1224 1176">
    <p class='ocr_par' dir='ltr' id='par_1_9' title="bbox 659 1117 1224 1176">
     <span class='ocr_line' id='line_1_9' title="bbox 659 1117 1224 1176; baseline -0.007 0"><span class='ocrx_word' id='word_1_52' title='bbox 659 1120 892 1176; x_wconf 88' lang='lat' dir='ltr'><strong>cantavit</strong></span> <span class='ocrx_word' id='word_1_53' title='bbox 920 1119 974 1173; x_wconf 91' lang='lat' dir='ltr'><strong>in</strong></span> <span class='ocrx_word' id='word_1_54' title='bbox 1004 1117 1224 1174; x_wconf 89' lang='lat' dir='ltr'><strong>Galleis.</strong></span> 
     </span>
    </p>
   </div>
   <div class='ocr_carea' id='block_1_10' title="bbox 729 1204 2249 1279">
    <p class='ocr_par' dir='ltr' id='par_1_10' title="bbox 729 1204 2249 1279">
     <span class='ocr_line' id='line_1_10' title="bbox 729 1204 2249 1279; baseline -0.005 -11"><span class='ocrx_word' id='word_1_55' title='bbox 729 1212 858 1270; x_wconf 86' lang='lat' dir='ltr'><strong>Inde</strong></span> <span class='ocrx_word' id='word_1_56' title='bbox 883 1210 1355 1279; x_wconf 78' lang='lat' dir='ltr'><strong>modulationibus,</strong></span> <span class='ocrx_word' id='word_1_57' title='bbox 1384 1208 1554 1264; x_wconf 85' lang='lat' dir='ltr'><strong>series</strong></span> <span class='ocrx_word' id='word_1_58' title='bbox 1585 1207 1988 1276; x_wconf 87' lang='lat' dir='ltr'><strong>Scripturarum</strong></span> <span class='ocrx_word' id='word_1_59' title='bbox 2017 1204 2152 1261; x_wconf 85' lang='lat' dir='ltr'><strong>Novi</strong></span> <span class='ocrx_word' id='word_1_60' title='bbox 2183 1217 2249 1261; x_wconf 91' lang='lat' dir='ltr'><strong>ac</strong></span> 
     </span>
    </p>
   </div>
   <div class='ocr_carea' id='block_1_11' title="bbox 659 1301 2247 1374">
    <p class='ocr_par' dir='ltr' id='par_1_11' title="bbox 659 1301 2247 1374">
     <span class='ocr_line' id='line_1_11' title="bbox 659 1301 2247 1374; baseline -0.005 -12"><span class='ocrx_word' id='word_1_61' title='bbox 659 1307 868 1363; x_wconf 86' lang='lat' dir='ltr'><strong>Veteris</strong></span> <span class='ocrx_word' id='word_1_62' title='bbox 889 1305 1240 1374; x_wconf 87' lang='lat' dir='ltr'><strong>Testamenti,</strong></span> <span class='ocrx_word' id='word_1_63' title='bbox 1269 1303 1607 1360; x_wconf 87' lang='lat' dir='ltr'><strong>diversorum</strong></span> <span class='ocrx_word' id='word_1_64' title='bbox 1637 1303 1979 1374; x_wconf 87' lang='lat' dir='ltr'><strong>prudentium</strong></span> <span class='ocrx_word' id='word_1_65' title='bbox 2008 1301 2247 1356; x_wconf 89' lang='lat' dir='ltr'><strong>virorum</strong></span> 
     </span>
    </p>
   </div>
   <div class='ocr_carea' id='block_1_12' title="bbox 657 1393 2248 1471">
    <p class='ocr_par' dir='ltr' id='par_1_12' title="bbox 657 1393 2248 1471">
     <span class='ocr_line' id='line_1_12' title="bbox 657 1393 2248 1471; baseline -0.004 -17"><span class='ocrx_word' id='word_1_66' title='bbox 657 1401 888 1471; x_wconf 76' lang='lat' dir='ltr'><strong>paginis,</strong></span> <span class='ocrx_word' id='word_1_67' title='bbox 917 1415 1020 1454; x_wconf 91' lang='lat' dir='ltr'><strong>non</strong></span> <span class='ocrx_word' id='word_1_68' title='bbox 1051 1399 1118 1454; x_wconf 89' lang='lat' dir='ltr'><strong>de</strong></span> <span class='ocrx_word' id='word_1_69' title='bbox 1151 1398 1399 1468; x_wconf 90' lang='lat' dir='ltr'><strong>pr0priis,</strong></span> <span class='ocrx_word' id='word_1_70' title='bbox 1433 1396 1527 1451; x_wconf 86' lang='lat' dir='ltr'><strong>sed</strong></span> <span class='ocrx_word' id='word_1_71' title='bbox 1554 1395 1622 1451; x_wconf 90' lang='lat' dir='ltr'><strong>de</strong></span> <span class='ocrx_word' id='word_1_72' title='bbox 1644 1395 1812 1450; x_wconf 89' lang='lat' dir='ltr'><strong>sacris</strong></span> <span class='ocrx_word' id='word_1_73' title='bbox 1837 1393 2131 1463; x_wconf 89' lang='lat' dir='ltr'><strong>Scripturis</strong></span> <span class='ocrx_word' id='word_1_74' title='bbox 2160 1407 2248 1448; x_wconf 84' lang='lat' dir='ltr'><strong>re-</strong></span> 
     </span>
    </p>
   </div>
   <div class='ocr_carea' id='block_1_13' title="bbox 655 1485 2246 1564">
    <p class='ocr_par' dir='ltr' id='par_1_13' title="bbox 655 1485 2246 1564">
     <span class='ocr_line' id='line_1_13' title="bbox 655 1485 2246 1564; baseline -0.006 -14"><span class='ocrx_word' id='word_1_75' title='bbox 655 1493 901 1562; x_wconf 90' lang='lat' dir='ltr'><strong>ciperent</strong></span> <span class='ocrx_word' id='word_1_76' title='bbox 932 1489 1292 1564; x_wconf 73' lang='lat' dir='ltr'><strong>[receperuntl</strong></span> <span class='ocrx_word' id='word_1_77' title='bbox 1321 1487 1658 1557; x_wconf 89' lang='lat' dir='ltr'><strong>antiphonias</strong></span> <span class='ocrx_word' id='word_1_78' title='bbox 1679 1495 1733 1543; x_wconf 93' lang='lat' dir='ltr'><strong>et</strong></span> <span class='ocrx_word' id='word_1_79' title='bbox 1762 1485 2127 1555; x_wconf 87' lang='lat' dir='ltr'><strong>responsoria,</strong></span> <span class='ocrx_word' id='word_1_80' title='bbox 2149 1497 2246 1540; x_wconf 84' lang='lat' dir='ltr'><strong>seu</strong></span> 
     </span>
    </p>
   </div>
   <div class='ocr_carea' id='block_1_14' title="bbox 654 1579 2246 1654">
    <p class='ocr_par' dir='ltr' id='par_1_14' title="bbox 654 1579 2246 1654">
     <span class='ocr_line' id='line_1_14' title="bbox 654 1579 2246 1654; baseline -0.005 -14"><span class='ocrx_word' id='word_1_81' title='bbox 654 1601 843 1654; x_wconf 89' lang='lat' dir='ltr'><strong>sonus,</strong></span> <span class='ocrx_word' id='word_1_82' title='bbox 889 1595 944 1641; x_wconf 91' lang='lat' dir='ltr'><strong>et</strong></span> <span class='ocrx_word' id='word_1_83' title='bbox 968 1583 1224 1638; x_wconf 75' lang='lat' dir='ltr'><strong>Alleluias</strong></span> <span class='ocrx_word' id='word_1_84' title='bbox 1252 1587 1692 1651; x_wconf 89' lang='lat' dir='ltr'><strong>composuerunt,</strong></span> <span class='ocrx_word' id='word_1_85' title='bbox 1719 1589 1774 1635; x_wconf 91' lang='lat' dir='ltr'><strong>et</strong></span> <span class='ocrx_word' id='word_1_86' title='bbox 1816 1593 1910 1650; x_wconf 86' lang='lat' dir='ltr'><strong>per</strong></span> <span class='ocrx_word' id='word_1_87' title='bbox 1933 1579 2246 1634; x_wconf 87' lang='lat' dir='ltr'><strong>universum</strong></span> 
     </span>
    </p>
   </div>
   <div class='ocr_carea' id='block_1_15' title="bbox 653 1673 2246 1743">
    <p class='ocr_par' dir='ltr' id='par_1_15' title="bbox 653 1673 2246 1743">
     <span class='ocr_line' id='line_1_15' title="bbox 653 1673 2246 1743; baseline -0.004 -9"><span class='ocrx_word' id='word_1_88' title='bbox 653 1679 839 1735; x_wconf 89' lang='lat' dir='ltr'><strong>orbem</strong></span> <span class='ocrx_word' id='word_1_89' title='bbox 883 1687 1164 1743; x_wconf 90' lang='lat' dir='ltr'><strong>terrarum,</strong></span> <span class='ocrx_word' id='word_1_90' title='bbox 1196 1676 1330 1731; x_wconf 87' lang='lat' dir='ltr'><strong>ordo</strong></span> <span class='ocrx_word' id='word_1_91' title='bbox 1367 1690 1559 1731; x_wconf 84' lang='lat' dir='ltr'><strong>cursus</strong></span> <span class='ocrx_word' id='word_1_92' title='bbox 1602 1684 1706 1730; x_wconf 89' lang='lat' dir='ltr'><strong>est.</strong></span> <span class='ocrx_word' id='word_1_93' title='bbox 1761 1675 1876 1728; x_wconf 84' lang='lat' dir='ltr'><strong>Non</strong></span> <span class='ocrx_word' id='word_1_94' title='bbox 1908 1675 2047 1729; x_wconf 87' lang='lat' dir='ltr'><strong>sicut</strong></span> <span class='ocrx_word' id='word_1_95' title='bbox 2093 1673 2246 1729; x_wconf 91' lang='lat' dir='ltr'><strong>multi</strong></span> 
     </span>
    </p>
   </div>
   <div class='ocr_carea' id='block_1_16' title="bbox 653 1764 2242 1838">
    <p class='ocr_par' dir='ltr' id='par_1_16' title="bbox 653 1764 2242 1838">
     <span class='ocr_line' id='line_1_16' title="bbox 653 1764 2242 1838; baseline -0.003 -14"><span class='ocrx_word' id='word_1_96' title='bbox 653 1770 958 1838; x_wconf 84' lang='lat' dir='ltr'><strong>opinantur,</strong></span> <span class='ocrx_word' id='word_1_97' title='bbox 991 1777 1051 1823; x_wconf 93' lang='lat' dir='ltr'><strong>ut</strong></span> <span class='ocrx_word' id='word_1_98' title='bbox 1089 1766 1398 1823; x_wconf 89' lang='lat' dir='ltr'><strong>Gallicanus</strong></span> <span class='ocrx_word' id='word_1_99' title='bbox 1427 1765 1645 1836; x_wconf 88' lang='lat' dir='ltr'><strong>quidam</strong></span> <span class='ocrx_word' id='word_1_100' title='bbox 1675 1764 1900 1820; x_wconf 88' lang='lat' dir='ltr'><strong>clericus</strong></span> <span class='ocrx_word' id='word_1_101' title='bbox 1934 1764 2100 1820; x_wconf 90' lang='lat' dir='ltr'><strong>Britto</strong></span> <span class='ocrx_word' id='word_1_102' title='bbox 2128 1778 2242 1819; x_wconf 88' lang='lat' dir='ltr'><strong>mo-</strong></span> 
     </span>
    </p>
   </div>
   <div class='ocr_carea' id='block_1_17' title="bbox 653 1857 2242 1931">
    <p class='ocr_par' dir='ltr' id='par_1_17' title="bbox 653 1857 2242 1931">
     <span class='ocr_line' id='line_1_17' title="bbox 653 1857 2242 1931; baseline -0.002 -14"><span class='ocrx_word' id='word_1_103' title='bbox 653 1863 925 1918; x_wconf 87' lang='lat' dir='ltr'><strong>dulatione</strong></span> <span class='ocrx_word' id='word_1_104' title='bbox 953 1861 1164 1918; x_wconf 87' lang='lat' dir='ltr'><strong>deditus</strong></span> <span class='ocrx_word' id='word_1_105' title='bbox 1194 1859 1334 1931; x_wconf 90' lang='lat' dir='ltr'><strong>quod</strong></span> <span class='ocrx_word' id='word_1_106' title='bbox 1358 1859 1532 1929; x_wconf 91' lang='lat' dir='ltr'><strong>ipsum</strong></span> <span class='ocrx_word' id='word_1_107' title='bbox 1561 1859 1840 1925; x_wconf 86' lang='lat' dir='ltr'><strong>edidisset,</strong></span> <span class='ocrx_word' id='word_1_108' title='bbox 1877 1858 2016 1927; x_wconf 89' lang='lat' dir='ltr'><strong>quod</strong></span> <span class='ocrx_word' id='word_1_109' title='bbox 2035 1873 2140 1914; x_wconf 94' lang='lat' dir='ltr'><strong>non</strong></span> <span class='ocrx_word' id='word_1_110' title='bbox 2163 1857 2242 1914; x_wconf 83' lang='lat' dir='ltr'><strong>fa-</strong></span> 
     </span>
    </p>
   </div>
   <div class='ocr_carea' id='block_1_18' title="bbox 2357 645 2704 715">
    <p class='ocr_par' dir='ltr' id='par_1_18' title="bbox 2357 645 2704 715">
     <span class='ocr_line' id='line_1_18' title="bbox 2357 645 2704 715; baseline -0.012 -13"><span class='ocrx_word' id='word_1_111' title='bbox 2357 645 2704 715; x_wconf 78' lang='lat' dir='ltr'><strong>suntadepu.</strong></span> 
     </span>
    </p>
   </div>
   <div class='ocr_carea' id='block_1_19' title="bbox 2427 738 3885 816">
    <p class='ocr_par' dir='ltr' id='par_1_19' title="bbox 2427 738 3885 816">
     <span class='ocr_line' id='line_1_19' title="bbox 2427 738 3885 816; baseline 0.008 -23"><span class='ocrx_word' id='word_1_112' title='bbox 2427 739 2493 794; x_wconf 88' lang='lat' dir='ltr'><strong>Et</strong></span> <span class='ocrx_word' id='word_1_113' title='bbox 2519 748 2701 808; x_wconf 84' lang='lat' dir='ltr'><strong>postea</strong></span> <span class='ocrx_word' id='word_1_114' title='bbox 2726 739 2778 794; x_wconf 91' lang='lat' dir='ltr'><strong>in</strong></span> <span class='ocrx_word' id='word_1_115' title='bbox 2812 739 3099 795; x_wconf 89' lang='lat' dir='ltr'><strong>Britanniis</strong></span> <span class='ocrx_word' id='word_1_116' title='bbox 3123 739 3207 795; x_wconf 84' lang='lat' dir='ltr'><strong>vel</strong></span> <span class='ocrx_word' id='word_1_117' title='bbox 3231 738 3461 796; x_wconf 87' lang='lat' dir='ltr'><strong>Scottiis</strong></span> <span class='ocrx_word' id='word_1_118' title='bbox 3496 741 3885 816; x_wconf 57' lang='lat' dir='ltr'><strong>pradicareruut,</strong></span> 
     </span>
    </p>
   </div>
   <div class='ocr_carea' id='block_1_20' title="bbox 2353 834 3889 907">
    <p class='ocr_par' dir='ltr' id='par_1_20' title="bbox 2353 834 3889 907">
     <span class='ocr_line' id='line_1_20' title="bbox 2353 834 3889 907; baseline 0.007 -19"><span class='ocrx_word' id='word_1_119' title='bbox 2353 850 2474 906; x_wconf 66' lang='lat' dir='ltr'><strong>qua:</strong></span> <span class='ocrx_word' id='word_1_120' title='bbox 2505 834 2620 890; x_wconf 86' lang='lat' dir='ltr'><strong>Vita</strong></span> <span class='ocrx_word' id='word_1_121' title='bbox 2665 835 2916 891; x_wconf 86' lang='lat' dir='ltr'><strong>Germani</strong></span> <span class='ocrx_word' id='word_1_122' title='bbox 2949 836 3185 907; x_wconf 90' lang='lat' dir='ltr'><strong>episc0pi</strong></span> <span class='ocrx_word' id='word_1_123' title='bbox 3217 835 3710 904; x_wconf 78' lang='lat' dir='ltr'><strong>Antisiodorensis,</strong></span> <span class='ocrx_word' id='word_1_124' title='bbox 3745 853 3789 896; x_wconf 88' lang='lat' dir='ltr'><strong>et</strong></span> <span class='ocrx_word' id='word_1_125' title='bbox 3812 844 3889 899; x_wconf 70' lang='grc' dir='ltr'><strong>γιει</strong></span> 
     </span>
    </p>
   </div>
   <div class='ocr_carea' id='block_1_21' title="bbox 2354 929 3889 1004">
    <p class='ocr_par' dir='ltr' id='par_1_21' title="bbox 2354 929 3889 1004">
     <span class='ocr_line' id='line_1_21' title="bbox 2354 929 3889 1004; baseline 0.004 -19"><span class='ocrx_word' id='word_1_126' title='bbox 2354 929 2494 985; x_wconf 83' lang='lat' dir='ltr'><strong>beati</strong></span> <span class='ocrx_word' id='word_1_127' title='bbox 2521 929 2650 1000; x_wconf 87' lang='lat' dir='ltr'><strong>Lupi</strong></span> <span class='ocrx_word' id='word_1_128' title='bbox 2671 929 2934 996; x_wconf 80' lang='lat' dir='ltr'><strong>adﬁrmat,</strong></span> <span class='ocrx_word' id='word_1_129' title='bbox 2958 929 3048 1000; x_wconf 89' lang='lat' dir='ltr'><strong>qui</strong></span> <span class='ocrx_word' id='word_1_130' title='bbox 3072 929 3283 985; x_wconf 89' lang='lat' dir='ltr'><strong>beatum</strong></span> <span class='ocrx_word' id='word_1_131' title='bbox 3314 929 3618 985; x_wconf 86' lang='lat' dir='ltr'><strong>Patricium</strong></span> <span class='ocrx_word' id='word_1_132' title='bbox 3649 933 3889 1004; x_wconf 78' lang='lat' dir='ltr'><strong>Spiritaliter</strong></span> 
     </span>
    </p>
   </div>
   <div class='ocr_carea' id='block_1_22' title="bbox 2351 1021 3889 1096">
    <p class='ocr_par' dir='ltr' id='par_1_22' title="bbox 2351 1021 3889 1096">
     <span class='ocr_line' id='line_1_22' title="bbox 2351 1021 3889 1096; baseline 0.004 -20"><span class='ocrx_word' id='word_1_133' title='bbox 2351 1021 2558 1078; x_wconf 88' lang='lat' dir='ltr'><strong>litteras</strong></span> <span class='ocrx_word' id='word_1_134' title='bbox 2581 1037 2762 1078; x_wconf 90' lang='lat' dir='ltr'><strong>sacras</strong></span> <span class='ocrx_word' id='word_1_135' title='bbox 2785 1021 3086 1078; x_wconf 91' lang='lat' dir='ltr'><strong>docuerunt</strong></span> <span class='ocrx_word' id='word_1_136' title='bbox 3105 1032 3266 1092; x_wconf 89' lang='lat' dir='ltr'><strong>atque</strong></span> <span class='ocrx_word' id='word_1_137' title='bbox 3306 1025 3678 1090; x_wconf 90' lang='lat' dir='ltr'><strong>enutrierunt,</strong></span> <span class='ocrx_word' id='word_1_138' title='bbox 3699 1036 3747 1080; x_wconf 91' lang='lat' dir='ltr'><strong>et</strong></span> <span class='ocrx_word' id='word_1_139' title='bbox 3768 1027 3889 1096; x_wconf 87' lang='lat' dir='ltr'><strong>ipsum</strong></span> 
     </span>
    </p>
   </div>
   <div class='ocr_carea' id='block_1_23' title="bbox 2351 1117 3884 1190">
    <p class='ocr_par' dir='ltr' id='par_1_23' title="bbox 2351 1117 3884 1190">
     <span class='ocr_line' id='line_1_23' title="bbox 2351 1117 3884 1190; baseline 0.002 -16"><span class='ocrx_word' id='word_1_140' title='bbox 2351 1117 2662 1188; x_wconf 89' lang='lat' dir='ltr'><strong>episcopum</strong></span> <span class='ocrx_word' id='word_1_141' title='bbox 2703 1133 2800 1189; x_wconf 85' lang='lat' dir='ltr'><strong>pro</strong></span> <span class='ocrx_word' id='word_1_142' title='bbox 2827 1133 3014 1174; x_wconf 86' lang='lat' dir='ltr'><strong>eorum</strong></span> <span class='ocrx_word' id='word_1_143' title='bbox 3047 1117 3438 1188; x_wconf 65' lang='lat' dir='ltr'><strong>praedicatione</strong></span> <span class='ocrx_word' id='word_1_144' title='bbox 3485 1118 3884 1190; x_wconf 83' lang='lat' dir='ltr'><strong>archiepiscopu</strong></span> 
     </span>
    </p>
   </div>
   <div class='ocr_carea' id='block_1_24' title="bbox 2350 1209 3889 1282">
    <p class='ocr_par' dir='ltr' id='par_1_24' title="bbox 2350 1209 3889 1282">
     <span class='ocr_line' id='line_1_24' title="bbox 2350 1209 3889 1282; baseline 0.002 -16"><span class='ocrx_word' id='word_1_145' title='bbox 2350 1209 2404 1266; x_wconf 92' lang='lat' dir='ltr'><strong>in</strong></span> <span class='ocrx_word' id='word_1_146' title='bbox 2435 1211 2655 1268; x_wconf 90' lang='lat' dir='ltr'><strong>Scottiis</strong></span> <span class='ocrx_word' id='word_1_147' title='bbox 2710 1221 2766 1267; x_wconf 88' lang='lat' dir='ltr'><strong>et</strong></span> <span class='ocrx_word' id='word_1_148' title='bbox 2797 1211 3087 1266; x_wconf 75' lang='lat' dir='ltr'><strong>Britanniis</strong></span> <span class='ocrx_word' id='word_1_149' title='bbox 3129 1221 3455 1281; x_wconf 89' lang='lat' dir='ltr'><strong>posucrunt,</strong></span> <span class='ocrx_word' id='word_1_150' title='bbox 3508 1213 3601 1282; x_wconf 90' lang='lat' dir='ltr'><strong>qui</strong></span> <span class='ocrx_word' id='word_1_151' title='bbox 3628 1213 3750 1268; x_wconf 85' lang='lat' dir='ltr'><strong>vixit</strong></span> <span class='ocrx_word' id='word_1_152' title='bbox 3771 1230 3889 1269; x_wconf 81' lang='lat' dir='ltr'><strong>annos</strong></span> 
     </span>
    </p>
   </div>
   <div class='ocr_carea' id='block_1_25' title="bbox 2351 1307 3886 1379">
    <p class='ocr_par' dir='ltr' id='par_1_25' title="bbox 2351 1307 3886 1379">
     <span class='ocr_line' id='line_1_25' title="bbox 2351 1307 3886 1379; baseline 0.001 -15"><span class='ocrx_word' id='word_1_153' title='bbox 2351 1317 2567 1364; x_wconf 91' lang='lat' dir='ltr'><strong>centum</strong></span> <span class='ocrx_word' id='word_1_154' title='bbox 2609 1307 2992 1379; x_wconf 78' lang='lat' dir='ltr'><strong>quinquaginta</strong></span> <span class='ocrx_word' id='word_1_155' title='bbox 3022 1317 3152 1374; x_wconf 87' lang='lat' dir='ltr'><strong>tres,</strong></span> <span class='ocrx_word' id='word_1_156' title='bbox 3185 1317 3240 1363; x_wconf 91' lang='lat' dir='ltr'><strong>et</strong></span> <span class='ocrx_word' id='word_1_157' title='bbox 3279 1307 3465 1378; x_wconf 88' lang='lat' dir='ltr'><strong>ipsum</strong></span> <span class='ocrx_word' id='word_1_158' title='bbox 3494 1322 3706 1364; x_wconf 90' lang='lat' dir='ltr'><strong>cursum</strong></span> <span class='ocrx_word' id='word_1_159' title='bbox 3742 1307 3886 1366; x_wconf 78' lang='lat' dir='ltr'><strong>ibidem</strong></span> 
     </span>
    </p>
   </div>
   <div class='ocr_carea' id='block_1_26' title="bbox 2349 1400 2668 1457">
    <p class='ocr_par' dir='ltr' id='par_1_26' title="bbox 2349 1400 2668 1457">
     <span class='ocr_line' id='line_1_26' title="bbox 2349 1400 2668 1457; baseline 0 -1"><span class='ocrx_word' id='word_1_160' title='bbox 2349 1400 2668 1457; x_wconf 86' lang='lat' dir='ltr'><strong>decantavit.</strong></span> 
     </span>
    </p>
   </div>
   <div class='ocr_carea' id='block_1_27' title="bbox 2423 1492 3882 1564">
    <p class='ocr_par' dir='ltr' id='par_1_27' title="bbox 2423 1492 3882 1564">
     <span class='ocr_line' id='line_1_27' title="bbox 2423 1492 3882 1564; baseline 0.001 -15"><span class='ocrx_word' id='word_1_161' title='bbox 2423 1493 2492 1549; x_wconf 85' lang='lat' dir='ltr'><strong>Et</strong></span> <span class='ocrx_word' id='word_1_162' title='bbox 2523 1502 2645 1564; x_wconf 88' lang='lat' dir='ltr'><strong>post</strong></span> <span class='ocrx_word' id='word_1_163' title='bbox 2672 1492 2843 1564; x_wconf 86' lang='lat' dir='ltr'><strong>ipsum</strong></span> <span class='ocrx_word' id='word_1_164' title='bbox 2874 1493 3061 1548; x_wconf 91' lang='lat' dir='ltr'><strong>beatus</strong></span> <span class='ocrx_word' id='word_1_165' title='bbox 3091 1493 3492 1549; x_wconf 87' lang='lat' dir='ltr'><strong>Wandilochus</strong></span> <span class='ocrx_word' id='word_1_166' title='bbox 3519 1507 3712 1559; x_wconf 81' lang='lat' dir='ltr'><strong>senex,</strong></span> <span class='ocrx_word' id='word_1_167' title='bbox 3736 1496 3882 1550; x_wconf 72' lang='lat' dir='ltr'><strong>etbea-</strong></span> 
     </span>
    </p>
   </div>
   <div class='ocr_carea' id='block_1_28' title="bbox 2350 1586 3882 1658">
    <p class='ocr_par' dir='ltr' id='par_1_28' title="bbox 2350 1586 3882 1658">
     <span class='ocr_line' id='line_1_28' title="bbox 2350 1586 3882 1658; baseline 0.001 -17"><span class='ocrx_word' id='word_1_168' title='bbox 2350 1595 2437 1643; x_wconf 91' lang='lat' dir='ltr'><strong>tus</strong></span> <span class='ocrx_word' id='word_1_169' title='bbox 2467 1587 2821 1658; x_wconf 86' lang='lat' dir='ltr'><strong>Gomogillus,</strong></span> <span class='ocrx_word' id='word_1_170' title='bbox 2854 1587 2942 1658; x_wconf 92' lang='lat' dir='ltr'><strong>qui</strong></span> <span class='ocrx_word' id='word_1_171' title='bbox 2987 1586 3292 1644; x_wconf 88' lang='lat' dir='ltr'><strong>habuerunt</strong></span> <span class='ocrx_word' id='word_1_172' title='bbox 3315 1587 3371 1644; x_wconf 90' lang='lat' dir='ltr'><strong>in</strong></span> <span class='ocrx_word' id='word_1_173' title='bbox 3399 1602 3598 1645; x_wconf 88' lang='lat' dir='ltr'><strong>eorum</strong></span> <span class='ocrx_word' id='word_1_174' title='bbox 3623 1588 3882 1645; x_wconf 77' lang='lat' dir='ltr'><strong>monasterio</strong></span> 
     </span>
    </p>
   </div>
   <div class='ocr_carea' id='block_1_29' title="bbox 2347 1682 3204 1742">
    <p class='ocr_par' dir='ltr' id='par_1_29' title="bbox 2347 1682 3204 1742">
     <span class='ocr_line' id='line_1_29' title="bbox 2347 1682 3204 1742; baseline -0.005 -2"><span class='ocrx_word' id='word_1_175' title='bbox 2347 1683 2646 1742; x_wconf 74' lang='lat' dir='ltr'><strong>monachus</strong></span> <span class='ocrx_word' id='word_1_176' title='bbox 2667 1683 2880 1738; x_wconf 89' lang='lat' dir='ltr'><strong>circiter</strong></span> <span class='ocrx_word' id='word_1_177' title='bbox 2913 1683 3010 1736; x_wconf 91' lang='lat' dir='ltr'><strong>tria</strong></span> <span class='ocrx_word' id='word_1_178' title='bbox 3039 1682 3204 1738; x_wconf 88' lang='lat' dir='ltr'><strong>milia.</strong></span> 
     </span>
    </p>
   </div>
   <div class='ocr_carea' id='block_1_30' title="bbox 2420 1775 3882 1847">
    <p class='ocr_par' dir='ltr' id='par_1_30' title="bbox 2420 1775 3882 1847">
     <span class='ocr_line' id='line_1_30' title="bbox 2420 1775 3882 1847; baseline -0.004 -13"><span class='ocrx_word' id='word_1_179' title='bbox 2420 1778 2547 1834; x_wconf 88' lang='lat' dir='ltr'><strong>Inde</strong></span> <span class='ocrx_word' id='word_1_180' title='bbox 2595 1777 2782 1832; x_wconf 89' lang='lat' dir='ltr'><strong>beatus</strong></span> <span class='ocrx_word' id='word_1_181' title='bbox 2812 1775 3197 1832; x_wconf 83' lang='lat' dir='ltr'><strong>Wandilocbus</strong></span> <span class='ocrx_word' id='word_1_182' title='bbox 3239 1776 3292 1832; x_wconf 94' lang='lat' dir='ltr'><strong>in</strong></span> <span class='ocrx_word' id='word_1_183' title='bbox 3345 1777 3741 1847; x_wconf 77' lang='lat' dir='ltr'><strong>praedicationis</strong></span> <span class='ocrx_word' id='word_1_184' title='bbox 3773 1777 3882 1832; x_wconf 62' lang='lat' dir='ltr'><strong>mini.</strong></span> 
     </span>
    </p>
   </div>
   <div class='ocr_carea' id='block_1_31' title="bbox 2351 1871 3878 1944">
    <p class='ocr_par' dir='ltr' id='par_1_31' title="bbox 2351 1871 3878 1944">
     <span class='ocr_line' id='line_1_31' title="bbox 2351 1871 3878 1944; baseline -0.001 -18"><span class='ocrx_word' id='word_1_185' title='bbox 2351 1874 2574 1929; x_wconf 86' lang='lat' dir='ltr'><strong>sterium</strong></span> <span class='ocrx_word' id='word_1_186' title='bbox 2603 1872 2799 1929; x_wconf 89' lang='lat' dir='ltr'><strong>abbato</strong></span> <span class='ocrx_word' id='word_1_187' title='bbox 2825 1872 3124 1944; x_wconf 83' lang='lat' dir='ltr'><strong>Gomogillo</strong></span> <span class='ocrx_word' id='word_1_188' title='bbox 3159 1873 3355 1928; x_wconf 90' lang='lat' dir='ltr'><strong>missus</strong></span> <span class='ocrx_word' id='word_1_189' title='bbox 3385 1884 3511 1941; x_wconf 85' lang='lat' dir='ltr'><strong>est;</strong></span> <span class='ocrx_word' id='word_1_190' title='bbox 3546 1883 3598 1928; x_wconf 93' lang='lat' dir='ltr'><strong>et</strong></span> <span class='ocrx_word' id='word_1_191' title='bbox 3625 1873 3781 1928; x_wconf 89' lang='lat' dir='ltr'><strong>beatus</strong></span> <span class='ocrx_word' id='word_1_192' title='bbox 3811 1871 3878 1924; x_wconf 79' lang='lat' dir='ltr'><strong>Co-</strong></span> 
     </span>
    </p>
   </div>
   <div class='ocr_carea' id='block_1_32' title="bbox 653 1948 2236 2037">
    <p class='ocr_par' dir='ltr' id='par_1_32' title="bbox 653 1948 2236 2026">
     <span class='ocr_line' id='line_1_32' title="bbox 653 1948 2236 2026; baseline -0.003 -14"><span class='ocrx_word' id='word_1_193' title='bbox 653 1957 728 2013; x_wconf 91' lang='lat' dir='ltr'><strong>cit</strong></span> <span class='ocrx_word' id='word_1_194' title='bbox 751 1956 890 2026; x_wconf 91' lang='lat' dir='ltr'><strong>quod</strong></span> <span class='ocrx_word' id='word_1_195' title='bbox 921 1956 1107 2010; x_wconf 89' lang='lat' dir='ltr'><strong>beatus</strong></span> <span class='ocrx_word' id='word_1_196' title='bbox 1136 1953 1490 2022; x_wconf 87' lang='lat' dir='ltr'><strong>Hieronymus</strong></span> <span class='ocrx_word' id='word_1_197' title='bbox 1522 1951 1822 2024; x_wconf 83' lang='lat' dir='ltr'><strong>presbyter,</strong></span> <span class='ocrx_word' id='word_1_198' title='bbox 1855 1948 2158 2007; x_wconf 89' lang='lat' dir='ltr'><strong>Germanus</strong></span> <span class='ocrx_word' id='word_1_199' title='bbox 2186 1959 2236 2007; x_wconf 87' lang='lat' dir='ltr'><strong>et</strong></span> 
     </span>
    </p>
   </div>
   <div class='ocr_carea' id='block_1_33' title="bbox 2338 1948 3879 2037">
    <p class='ocr_par' dir='ltr' id='par_1_33' title="bbox 2347 1963 3879 2037">
     <span class='ocr_line' id='line_1_33' title="bbox 2347 1963 3879 2037; baseline -0.003 -16"><span class='ocrx_word' id='word_1_200' title='bbox 2347 1966 2630 2023; x_wconf 90' lang='lat' dir='ltr'><strong>lumbanus</strong></span> <span class='ocrx_word' id='word_1_201' title='bbox 2656 1966 2898 2037; x_wconf 86' lang='lat' dir='ltr'><strong>partibus</strong></span> <span class='ocrx_word' id='word_1_202' title='bbox 2929 1966 3222 2022; x_wconf 85' lang='lat' dir='ltr'><strong>Galliarum</strong></span> <span class='ocrx_word' id='word_1_203' title='bbox 3270 1967 3538 2023; x_wconf 84' lang='lat' dir='ltr'><strong>destinati</strong></span> <span class='ocrx_word' id='word_1_204' title='bbox 3565 1975 3683 2021; x_wconf 88' lang='lat' dir='ltr'><strong>sunt</strong></span> <span class='ocrx_word' id='word_1_205' title='bbox 3709 1963 3879 2031; x_wconf 75' lang='lat' dir='ltr'><strong>Lnxogi-</strong></span> 
     </span>
    </p>
   </div>
   <div class='ocr_carea' id='block_1_34' title="bbox 653 2041 2241 2120">
    <p class='ocr_par' dir='ltr' id='par_1_34' title="bbox 653 2041 2241 2120">
     <span class='ocr_line' id='line_1_34' title="bbox 653 2041 2241 2120; baseline -0.005 -14"><span class='ocrx_word' id='word_1_206' title='bbox 653 2049 835 2120; x_wconf 87' lang='lat' dir='ltr'><strong>Lupus</strong></span> <span class='ocrx_word' id='word_1_207' title='bbox 873 2048 1131 2119; x_wconf 87' lang='lat' dir='ltr'><strong>episcopi,</strong></span> <span class='ocrx_word' id='word_1_208' title='bbox 1154 2046 1491 2116; x_wconf 86' lang='lat' dir='ltr'><strong>Pelagianam</strong></span> <span class='ocrx_word' id='word_1_209' title='bbox 1521 2044 1794 2108; x_wconf 66' lang='lat' dir='ltr'><strong>haeresim,</strong></span> <span class='ocrx_word' id='word_1_210' title='bbox 1822 2043 1905 2097; x_wconf 85' lang='lat' dir='ltr'><strong>vel</strong></span> <span class='ocrx_word' id='word_1_211' title='bbox 1936 2041 2241 2099; x_wconf 88' lang='lat' dir='ltr'><strong>Gallianam</strong></span> 
     </span>
    </p>
   </div>
   <div class='ocr_carea' id='block_1_35' title="bbox 652 2134 2246 2213">
    <p class='ocr_par' dir='ltr' id='par_1_35' title="bbox 652 2134 2246 2213">
     <span class='ocr_line' id='line_1_35' title="bbox 652 2134 2246 2213; baseline -0.006 -14"><span class='ocrx_word' id='word_1_212' title='bbox 652 2144 798 2213; x_wconf 77' lang='lat' dir='ltr'><strong>(qua:</strong></span> <span class='ocrx_word' id='word_1_213' title='bbox 830 2155 1024 2196; x_wconf 88' lang='lat' dir='ltr'><strong>nomen</strong></span> <span class='ocrx_word' id='word_1_214' title='bbox 1063 2139 1228 2209; x_wconf 85' lang='lat' dir='ltr'><strong>ipsius</strong></span> <span class='ocrx_word' id='word_1_215' title='bbox 1261 2135 1520 2206; x_wconf 90' lang='lat' dir='ltr'><strong>titulatur)</strong></span> <span class='ocrx_word' id='word_1_216' title='bbox 1553 2150 1617 2190; x_wconf 72' lang='lat' dir='ltr'><strong>ex</strong></span> <span class='ocrx_word' id='word_1_217' title='bbox 1651 2134 1944 2189; x_wconf 77' lang='lat' dir='ltr'><strong>Britanniis</strong></span> <span class='ocrx_word' id='word_1_218' title='bbox 1989 2143 2045 2189; x_wconf 90' lang='lat' dir='ltr'><strong>et</strong></span> <span class='ocrx_word' id='word_1_219' title='bbox 2088 2134 2246 2190; x_wconf 91' lang='lat' dir='ltr'><strong>Scot-</strong></span> 
     </span>
    </p>
   </div>
   <div class='ocr_carea' id='block_1_36' title="bbox 651 2227 2243 2304">
    <p class='ocr_par' dir='ltr' id='par_1_36' title="bbox 651 2227 2243 2304">
     <span class='ocr_line' id='line_1_36' title="bbox 651 2227 2243 2304; baseline -0.004 -14"><span class='ocrx_word' id='word_1_220' title='bbox 651 2235 737 2290; x_wconf 90' lang='lat' dir='ltr'><strong>tiis</strong></span> <span class='ocrx_word' id='word_1_221' title='bbox 769 2232 1053 2304; x_wconf 84' lang='lat' dir='ltr'><strong>provinciis</strong></span> <span class='ocrx_word' id='word_1_222' title='bbox 1079 2231 1421 2301; x_wconf 77' lang='lat' dir='ltr'><strong>expulerunt,</strong></span> <span class='ocrx_word' id='word_1_223' title='bbox 1449 2230 1590 2283; x_wconf 90' lang='lat' dir='ltr'><strong>unde</strong></span> <span class='ocrx_word' id='word_1_224' title='bbox 1615 2227 1778 2283; x_wconf 86' lang='lat' dir='ltr'><strong>alium</strong></span> <span class='ocrx_word' id='word_1_225' title='bbox 1803 2241 2020 2283; x_wconf 90' lang='lat' dir='ltr'><strong>cursum</strong></span> <span class='ocrx_word' id='word_1_226' title='bbox 2052 2227 2143 2298; x_wconf 90' lang='lat' dir='ltr'><strong>qui</strong></span> <span class='ocrx_word' id='word_1_227' title='bbox 2161 2227 2243 2284; x_wconf 87' lang='lat' dir='ltr'><strong>di-</strong></span> 
     </span>
    </p>
   </div>
   <div class='ocr_carea' id='block_1_37' title="bbox 649 2321 2243 2397">
    <p class='ocr_par' dir='ltr' id='par_1_37' title="bbox 649 2321 2243 2397">
     <span class='ocr_line' id='line_1_37' title="bbox 649 2321 2243 2397; baseline -0.005 -13"><span class='ocrx_word' id='word_1_228' title='bbox 649 2328 788 2384; x_wconf 83' lang='lat' dir='ltr'><strong>citur</strong></span> <span class='ocrx_word' id='word_1_229' title='bbox 830 2333 1097 2397; x_wconf 66' lang='lat' dir='ltr'><strong>praesente</strong></span> <span class='ocrx_word' id='word_1_230' title='bbox 1125 2336 1364 2395; x_wconf 89' lang='lat' dir='ltr'><strong>tempore</strong></span> <span class='ocrx_word' id='word_1_231' title='bbox 1408 2322 1740 2386; x_wconf 87' lang='lat' dir='ltr'><strong>Scottorum,</strong></span> <span class='ocrx_word' id='word_1_232' title='bbox 1783 2335 1984 2392; x_wconf 88' lang='lat' dir='ltr'><strong>que....</strong></span> <span class='ocrx_word' id='word_1_233' title='bbox 2020 2335 2080 2378; x_wconf 90' lang='lat' dir='ltr'><strong>sa</strong></span> <span class='ocrx_word' id='word_1_234' title='bbox 2126 2321 2243 2391; x_wconf 85' lang='lat' dir='ltr'><strong>opi-</strong></span> 
     </span>
    </p>
   </div>
   <div class='ocr_carea' id='block_1_38' title="bbox 646 2419 1082 2490">
    <p class='ocr_par' dir='ltr' id='par_1_38' title="bbox 646 2419 1082 2490">
     <span class='ocr_line' id='line_1_38' title="bbox 646 2419 1082 2490; baseline -0.007 -14"><span class='ocrx_word' id='word_1_235' title='bbox 646 2420 809 2476; x_wconf 89' lang='lat' dir='ltr'><strong>nione</strong></span> <span class='ocrx_word' id='word_1_236' title='bbox 830 2419 1082 2490; x_wconf 76' lang='lat' dir='ltr'><strong>jactatur.</strong></span> 
     </span>
    </p>
   </div>
   <div class='ocr_carea' id='block_1_39' title="bbox 718 2507 2242 2585">
    <p class='ocr_par' dir='ltr' id='par_1_39' title="bbox 718 2507 2242 2585">
     <span class='ocr_line' id='line_1_39' title="bbox 718 2507 2242 2585; baseline -0.007 -8"><span class='ocrx_word' id='word_1_237' title='bbox 718 2521 823 2577; x_wconf 90' lang='lat' dir='ltr'><strong>Sed</strong></span> <span class='ocrx_word' id='word_1_238' title='bbox 849 2507 1033 2577; x_wconf 84' lang='lat' dir='ltr'><strong>beatus</strong></span> <span class='ocrx_word' id='word_1_239' title='bbox 1063 2518 1272 2574; x_wconf 82' lang='lat' dir='ltr'><strong>Marcus</strong></span> <span class='ocrx_word' id='word_1_240' title='bbox 1312 2513 1642 2585; x_wconf 88' lang='lat' dir='ltr'><strong>evangelista</strong></span> <span class='ocrx_word' id='word_1_241' title='bbox 1661 2552 1678 2580; x_wconf 94' lang='lat'><strong>,</strong></span> <span class='ocrx_word' id='word_1_242' title='bbox 1705 2512 1844 2568; x_wconf 90' lang='lat' dir='ltr'><strong>sicut</strong></span> <span class='ocrx_word' id='word_1_243' title='bbox 1873 2509 2044 2567; x_wconf 81' lang='lat' dir='ltr'><strong>refert</strong></span> <span class='ocrx_word' id='word_1_244' title='bbox 2086 2508 2242 2566; x_wconf 73' lang='lat' dir='ltr'><strong>lose-</strong></span> 
     </span>
    </p>
   </div>
   <div class='ocr_carea' id='block_1_40' title="bbox 648 2605 2240 2685">
    <p class='ocr_par' dir='ltr' id='par_1_40' title="bbox 648 2605 2240 2685">
     <span class='ocr_line' id='line_1_40' title="bbox 648 2605 2240 2685; baseline -0.004 -17"><span class='ocrx_word' id='word_1_245' title='bbox 648 2616 786 2685; x_wconf 85' lang='lat' dir='ltr'><strong>phus</strong></span> <span class='ocrx_word' id='word_1_246' title='bbox 813 2623 867 2670; x_wconf 90' lang='lat' dir='ltr'><strong>et</strong></span> <span class='ocrx_word' id='word_1_247' title='bbox 915 2613 1176 2670; x_wconf 86' lang='lat' dir='ltr'><strong>Eusebius</strong></span> <span class='ocrx_word' id='word_1_248' title='bbox 1207 2612 1261 2666; x_wconf 90' lang='lat' dir='ltr'><strong>in</strong></span> <span class='ocrx_word' id='word_1_249' title='bbox 1311 2611 1452 2665; x_wconf 90' lang='lat' dir='ltr'><strong>libro</strong></span> <span class='ocrx_word' id='word_1_250' title='bbox 1488 2625 1562 2675; x_wconf 82' lang='lat' dir='ltr'><strong>iv,</strong></span> <span class='ocrx_word' id='word_1_251' title='bbox 1597 2617 1762 2663; x_wconf 89' lang='lat' dir='ltr'><strong>totam</strong></span> <span class='ocrx_word' id='word_1_252' title='bbox 1811 2605 2102 2678; x_wconf 68' lang='lat' dir='ltr'><strong>Egyptum</strong></span> <span class='ocrx_word' id='word_1_253' title='bbox 2153 2605 2240 2661; x_wconf 93' lang='lat' dir='ltr'><strong>vel</strong></span> 
     </span>
    </p>
   </div>
   <div class='ocr_carea' id='block_1_41' title="bbox 648 2696 2238 2774">
    <p class='ocr_par' dir='ltr' id='par_1_41' title="bbox 648 2696 2238 2774">
     <span class='ocr_line' id='line_1_41' title="bbox 648 2696 2238 2774; baseline -0.008 -11"><span class='ocrx_word' id='word_1_254' title='bbox 648 2707 852 2763; x_wconf 84' lang='lat' dir='ltr'><strong>Italiam</strong></span> <span class='ocrx_word' id='word_1_255' title='bbox 887 2706 1067 2762; x_wconf 85' lang='lat' dir='ltr'><strong>taliter</strong></span> <span class='ocrx_word' id='word_1_256' title='bbox 1090 2704 1536 2774; x_wconf 83' lang='lat' dir='ltr'><strong>praedicaverunt,</strong></span> <span class='ocrx_word' id='word_1_257' title='bbox 1567 2702 1708 2759; x_wconf 87' lang='lat' dir='ltr'><strong>sicut</strong></span> <span class='ocrx_word' id='word_1_258' title='bbox 1735 2714 1895 2754; x_wconf 90' lang='lat' dir='ltr'><strong>unam</strong></span> <span class='ocrx_word' id='word_1_259' title='bbox 1917 2696 2238 2766; x_wconf 86' lang='lat' dir='ltr'><strong>Ecclesiam,</strong></span> 
     </span>
    </p>
   </div>
   <div class='ocr_carea' id='block_1_42' title="bbox 649 2791 2233 2863">
    <p class='ocr_par' dir='ltr' id='par_1_42' title="bbox 649 2791 2233 2863">
     <span class='ocr_line' id='line_1_42' title="bbox 649 2791 2233 2863; baseline -0.006 -8"><span class='ocrx_word' id='word_1_260' title='bbox 649 2810 709 2855; x_wconf 93' lang='lat' dir='ltr'><strong>ut</strong></span> <span class='ocrx_word' id='word_1_261' title='bbox 739 2799 914 2855; x_wconf 91' lang='lat' dir='ltr'><strong>omnis</strong></span> <span class='ocrx_word' id='word_1_262' title='bbox 968 2809 1212 2863; x_wconf 88' lang='lat' dir='ltr'><strong>sanctus,</strong></span> <span class='ocrx_word' id='word_1_263' title='bbox 1257 2799 1340 2854; x_wconf 88' lang='lat' dir='ltr'><strong>vel</strong></span> <span class='ocrx_word' id='word_1_264' title='bbox 1381 2795 1564 2852; x_wconf 79' lang='lat' dir='ltr'><strong>Gloria</strong></span> <span class='ocrx_word' id='word_1_265' title='bbox 1611 2795 1665 2849; x_wconf 82' lang='grc' dir='ltr'><strong>ἱη</strong></span> <span class='ocrx_word' id='word_1_266' title='bbox 1715 2793 1927 2848; x_wconf 71' lang='lat' dir='ltr'><strong>excelsis</strong></span> <span class='ocrx_word' id='word_1_267' title='bbox 1981 2792 2112 2860; x_wconf 85' lang='lat' dir='ltr'><strong>Deo,</strong></span> <span class='ocrx_word' id='word_1_268' title='bbox 2149 2791 2233 2848; x_wconf 89' lang='lat' dir='ltr'><strong>vel</strong></span> 
     </span>
    </p>
   </div>
   <div class='ocr_carea' id='block_1_43' title="bbox 648 2886 2236 2958">
    <p class='ocr_par' dir='ltr' id='par_1_43' title="bbox 648 2886 2236 2958">
     <span class='ocr_line' id='line_1_43' title="bbox 648 2886 2236 2958; baseline -0.006 -9"><span class='ocrx_word' id='word_1_269' title='bbox 648 2894 889 2949; x_wconf 89' lang='lat' dir='ltr'><strong>oratione</strong></span> <span class='ocrx_word' id='word_1_270' title='bbox 917 2892 1214 2958; x_wconf 88' lang='lat' dir='ltr'><strong>Dominica,</strong></span> <span class='ocrx_word' id='word_1_271' title='bbox 1243 2902 1295 2947; x_wconf 90' lang='lat' dir='ltr'><strong>et</strong></span> <span class='ocrx_word' id='word_1_272' title='bbox 1337 2894 1494 2944; x_wconf 83' lang='lat' dir='ltr'><strong>Amen</strong></span> <span class='ocrx_word' id='word_1_273' title='bbox 1529 2888 1760 2944; x_wconf 88' lang='lat' dir='ltr'><strong>universi</strong></span> <span class='ocrx_word' id='word_1_274' title='bbox 1794 2897 1901 2942; x_wconf 90' lang='lat' dir='ltr'><strong>tam</strong></span> <span class='ocrx_word' id='word_1_275' title='bbox 1929 2886 2028 2942; x_wconf 92' lang='lat' dir='ltr'><strong>viri</strong></span> <span class='ocrx_word' id='word_1_276' title='bbox 2075 2901 2236 2957; x_wconf 85' lang='lat' dir='ltr'><strong>quam</strong></span> 
     </span>
    </p>
   </div>
   <div class='ocr_carea' id='block_1_44' title="bbox 651 2979 2234 3050">
    <p class='ocr_par' dir='ltr' id='par_1_44' title="bbox 651 2979 2234 3050">
     <span class='ocr_line' id='line_1_44' title="bbox 651 2979 2234 3050; baseline -0.005 -9"><span class='ocrx_word' id='word_1_277' title='bbox 651 2987 864 3042; x_wconf 65' lang='lat' dir='ltr'><strong>feminae</strong></span> <span class='ocrx_word' id='word_1_278' title='bbox 889 2987 1254 3043; x_wconf 87' lang='lat' dir='ltr'><strong>decantarent.</strong></span> <span class='ocrx_word' id='word_1_279' title='bbox 1288 2983 1455 3038; x_wconf 88' lang='lat' dir='ltr'><strong>Tanta</strong></span> <span class='ocrx_word' id='word_1_280' title='bbox 1482 2981 1577 3036; x_wconf 78' lang='lat' dir='ltr'><strong>fuit</strong></span> <span class='ocrx_word' id='word_1_281' title='bbox 1606 2996 1700 3036; x_wconf 88' lang='lat' dir='ltr'><strong>sua</strong></span> <span class='ocrx_word' id='word_1_282' title='bbox 1728 2980 2035 3050; x_wconf 81' lang='lat' dir='ltr'><strong>praedicatio</strong></span> <span class='ocrx_word' id='word_1_283' title='bbox 2059 2979 2234 3047; x_wconf 86' lang='lat' dir='ltr'><strong>unita,</strong></span> 
     </span>
    </p>
   </div>
   <div class='ocr_carea' id='block_1_45' title="bbox 647 3069 2171 3149">
    <p class='ocr_par' dir='ltr' id='par_1_45' title="bbox 647 3069 2171 3149">
     <span class='ocr_line' id='line_1_45' title="bbox 647 3069 2171 3149; baseline -0.008 -14"><span class='ocrx_word' id='word_1_284' title='bbox 647 3089 703 3134; x_wconf 91' lang='lat' dir='ltr'><strong>et</strong></span> <span class='ocrx_word' id='word_1_285' title='bbox 733 3087 915 3149; x_wconf 86' lang='lat' dir='ltr'><strong>postea</strong></span> <span class='ocrx_word' id='word_1_286' title='bbox 941 3077 1285 3149; x_wconf 85' lang='lat' dir='ltr'><strong>Evangeliqu</strong></span> <span class='ocrx_word' id='word_1_287' title='bbox 1324 3091 1389 3130; x_wconf 86' lang='lat' dir='ltr'><strong>ex</strong></span> <span class='ocrx_word' id='word_1_288' title='bbox 1419 3089 1512 3130; x_wconf 89' lang='lat' dir='ltr'><strong>ore</strong></span> <span class='ocrx_word' id='word_1_289' title='bbox 1543 3073 1687 3128; x_wconf 88' lang='lat' dir='ltr'><strong>Petri</strong></span> <span class='ocrx_word' id='word_1_290' title='bbox 1719 3070 1950 3141; x_wconf 84' lang='lat' dir='ltr'><strong>apostoli</strong></span> <span class='ocrx_word' id='word_1_291' title='bbox 1982 3069 2171 3126; x_wconf 85' lang='lat' dir='ltr'><strong>edidit.</strong></span> 
     </span>
    </p>
   </div>
   <div class='ocr_carea' id='block_1_46' title="bbox 717 3182 2239 3260">
    <p class='ocr_par' dir='ltr' id='par_1_46' title="bbox 717 3182 2239 3260">
     <span class='ocr_line' id='line_1_46' title="bbox 717 3182 2239 3260; baseline -0.005 -14"><span class='ocrx_word' id='word_1_292' title='bbox 717 3192 911 3247; x_wconf 88' lang='lat' dir='ltr'><strong>Beatus</strong></span> <span class='ocrx_word' id='word_1_293' title='bbox 937 3191 1299 3260; x_wconf 80' lang='lat' dir='ltr'><strong>Hieronymus</strong></span> <span class='ocrx_word' id='word_1_294' title='bbox 1333 3189 1582 3244; x_wconf 88' lang='lat' dir='ltr'><strong>adlirmat</strong></span> <span class='ocrx_word' id='word_1_295' title='bbox 1608 3189 1780 3255; x_wconf 89' lang='lat' dir='ltr'><strong>ipsum</strong></span> <span class='ocrx_word' id='word_1_296' title='bbox 1803 3198 2017 3239; x_wconf 78' lang='lat' dir='ltr'><strong>cursum</strong></span> <span class='ocrx_word' id='word_1_297' title='bbox 2041 3185 2129 3251; x_wconf 91' lang='lat' dir='ltr'><strong>qui</strong></span> <span class='ocrx_word' id='word_1_298' title='bbox 2155 3182 2239 3238; x_wconf 85' lang='lat' dir='ltr'><strong>di-</strong></span> 
     </span>
    </p>
   </div>
   <div class='ocr_carea' id='block_1_47' title="bbox 2347 2057 3873 2130">
    <p class='ocr_par' dir='ltr' id='par_1_47' title="bbox 2347 2057 3873 2130">
     <span class='ocr_line' id='line_1_47' title="bbox 2347 2057 3873 2130; baseline -0.002 -15"><span class='ocrx_word' id='word_1_299' title='bbox 2347 2061 2455 2115; x_wconf 90' lang='lat' dir='ltr'><strong>lum</strong></span> <span class='ocrx_word' id='word_1_300' title='bbox 2487 2059 2891 2128; x_wconf 76' lang='lat' dir='ltr'><strong>monasterium,</strong></span> <span class='ocrx_word' id='word_1_301' title='bbox 2916 2068 2972 2117; x_wconf 92' lang='lat' dir='ltr'><strong>et</strong></span> <span class='ocrx_word' id='word_1_302' title='bbox 2997 2058 3199 2116; x_wconf 91' lang='lat' dir='ltr'><strong>ibidem</strong></span> <span class='ocrx_word' id='word_1_303' title='bbox 3227 2059 3410 2130; x_wconf 88' lang='lat' dir='ltr'><strong>ipsum</strong></span> <span class='ocrx_word' id='word_1_304' title='bbox 3439 2073 3659 2116; x_wconf 87' lang='lat' dir='ltr'><strong>cursum</strong></span> <span class='ocrx_word' id='word_1_305' title='bbox 3681 2057 3873 2114; x_wconf 80' lang='lat' dir='ltr'><strong>decanta-</strong></span> 
     </span>
    </p>
   </div>
   <div class='ocr_carea' id='block_1_48' title="bbox 2345 2164 2557 2210">
    <p class='ocr_par' dir='ltr' id='par_1_48' title="bbox 2345 2164 2557 2210">
     <span class='ocr_line' id='line_1_48' title="bbox 2345 2164 2557 2210; baseline -0.005 0"><span class='ocrx_word' id='word_1_306' title='bbox 2345 2168 2440 2210; x_wconf 85' lang='lat' dir='ltr'><strong>ver</strong></span> <span class='ocrx_word' id='word_1_307' title='bbox 2444 2164 2557 2210; x_wconf 93' lang='lat' dir='ltr'><strong>unt.</strong></span> 
     </span>
    </p>
   </div>
   <div class='ocr_carea' id='block_1_49' title="bbox 2417 2245 3871 2320">
    <p class='ocr_par' dir='ltr' id='par_1_49' title="bbox 2417 2245 3871 2320">
     <span class='ocr_line' id='line_1_49' title="bbox 2417 2245 3871 2320; baseline -0.003 -16"><span class='ocrx_word' id='word_1_308' title='bbox 2417 2248 2485 2304; x_wconf 87' lang='lat' dir='ltr'><strong>Et</strong></span> <span class='ocrx_word' id='word_1_309' title='bbox 2513 2247 2638 2304; x_wconf 90' lang='lat' dir='ltr'><strong>inde</strong></span> <span class='ocrx_word' id='word_1_310' title='bbox 2669 2257 2850 2320; x_wconf 90' lang='lat' dir='ltr'><strong>postea</strong></span> <span class='ocrx_word' id='word_1_311' title='bbox 2900 2246 3203 2318; x_wconf 84' lang='lat' dir='ltr'><strong>percrebuit</strong></span> <span class='ocrx_word' id='word_1_312' title='bbox 3244 2246 3483 2303; x_wconf 79' lang='lat' dir='ltr'><strong>formam</strong></span> <span class='ocrx_word' id='word_1_313' title='bbox 3512 2245 3784 2303; x_wconf 80' lang='lat' dir='ltr'><strong>sanctitatis</strong></span> <span class='ocrx_word' id='word_1_314' title='bbox 3812 2258 3871 2299; x_wconf 84' lang='lat' dir='ltr'><strong>eo-</strong></span> 
     </span>
    </p>
   </div>
   <div class='ocr_carea' id='block_1_50' title="bbox 2343 2341 3871 2414">
    <p class='ocr_par' dir='ltr' id='par_1_50' title="bbox 2343 2341 3871 2414">
     <span class='ocr_line' id='line_1_50' title="bbox 2343 2341 3871 2414; baseline -0.006 -15"><span class='ocrx_word' id='word_1_315' title='bbox 2343 2358 2464 2400; x_wconf 88' lang='lat' dir='ltr'><strong>rum</strong></span> <span class='ocrx_word' id='word_1_316' title='bbox 2493 2359 2588 2414; x_wconf 89' lang='lat' dir='ltr'><strong>per</strong></span> <span class='ocrx_word' id='word_1_317' title='bbox 2615 2345 2921 2399; x_wconf 90' lang='lat' dir='ltr'><strong>universum</strong></span> <span class='ocrx_word' id='word_1_318' title='bbox 2950 2341 3135 2397; x_wconf 89' lang='lat' dir='ltr'><strong>orbem</strong></span> <span class='ocrx_word' id='word_1_319' title='bbox 3163 2350 3462 2410; x_wconf 88' lang='lat' dir='ltr'><strong>terrarum,</strong></span> <span class='ocrx_word' id='word_1_320' title='bbox 3489 2352 3544 2396; x_wconf 94' lang='lat' dir='ltr'><strong>et</strong></span> <span class='ocrx_word' id='word_1_321' title='bbox 3567 2341 3716 2395; x_wconf 85' lang='lat' dir='ltr'><strong>multa</strong></span> <span class='ocrx_word' id='word_1_322' title='bbox 3741 2353 3871 2393; x_wconf 70' lang='lat' dir='ltr'><strong>cinno-</strong></span> 
     </span>
    </p>
   </div>
   <div class='ocr_carea' id='block_1_51' title="bbox 2345 2431 3866 2506">
    <p class='ocr_par' dir='ltr' id='par_1_51' title="bbox 2345 2431 3866 2506">
     <span class='ocr_line' id='line_1_51' title="bbox 2345 2431 3866 2506; baseline -0.006 -14"><span class='ocrx_word' id='word_1_323' title='bbox 2345 2436 2432 2492; x_wconf 91' lang='lat' dir='ltr'><strong>bia</strong></span> <span class='ocrx_word' id='word_1_324' title='bbox 2458 2452 2527 2493; x_wconf 83' lang='lat' dir='ltr'><strong>ex</strong></span> <span class='ocrx_word' id='word_1_325' title='bbox 2556 2451 2744 2492; x_wconf 88' lang='lat' dir='ltr'><strong>eorum</strong></span> <span class='ocrx_word' id='word_1_326' title='bbox 2773 2436 3021 2492; x_wconf 91' lang='lat' dir='ltr'><strong>doctrina</strong></span> <span class='ocrx_word' id='word_1_327' title='bbox 3044 2445 3151 2491; x_wconf 87' lang='lat' dir='ltr'><strong>tam</strong></span> <span class='ocrx_word' id='word_1_328' title='bbox 3173 2434 3417 2490; x_wconf 87' lang='lat' dir='ltr'><strong>virorum</strong></span> <span class='ocrx_word' id='word_1_329' title='bbox 3447 2447 3608 2506; x_wconf 89' lang='lat' dir='ltr'><strong>quam</strong></span> <span class='ocrx_word' id='word_1_330' title='bbox 3639 2431 3866 2505; x_wconf 77' lang='lat' dir='ltr'><strong>puellarum</strong></span> 
     </span>
    </p>
   </div>
   <div class='ocr_carea' id='block_1_52' title="bbox 2345 2538 2848 2601">
    <p class='ocr_par' dir='ltr' id='par_1_52' title="bbox 2345 2538 2848 2601">
     <span class='ocr_line' id='line_1_52' title="bbox 2345 2538 2848 2601; baseline 0.002 -17"><span class='ocrx_word' id='word_1_331' title='bbox 2345 2539 2474 2586; x_wconf 90' lang='lat' dir='ltr'><strong>sunt</strong></span> <span class='ocrx_word' id='word_1_332' title='bbox 2503 2538 2848 2601; x_wconf 85' lang='lat' dir='ltr'><strong>congregata.</strong></span> 
     </span>
    </p>
   </div>
   <div class='ocr_carea' id='block_1_53' title="bbox 2415 2614 3864 2694">
    <p class='ocr_par' dir='ltr' id='par_1_53' title="bbox 2415 2614 3864 2694">
     <span class='ocr_line' id='line_1_53' title="bbox 2415 2614 3864 2694; baseline -0.008 -13"><span class='ocrx_word' id='word_1_333' title='bbox 2415 2627 2482 2681; x_wconf 84' lang='lat' dir='ltr'><strong>Et</strong></span> <span class='ocrx_word' id='word_1_334' title='bbox 2510 2633 2693 2694; x_wconf 90' lang='lat' dir='ltr'><strong>postea</strong></span> <span class='ocrx_word' id='word_1_335' title='bbox 2739 2624 2861 2679; x_wconf 91' lang='lat' dir='ltr'><strong>inde</strong></span> <span class='ocrx_word' id='word_1_336' title='bbox 2901 2625 3130 2694; x_wconf 89' lang='lat' dir='ltr'><strong>sumpsit</strong></span> <span class='ocrx_word' id='word_1_337' title='bbox 3159 2622 3451 2678; x_wconf 82' lang='lat' dir='ltr'><strong>exordium</strong></span> <span class='ocrx_word' id='word_1_338' title='bbox 3503 2620 3601 2678; x_wconf 90' lang='lat' dir='ltr'><strong>sub</strong></span> <span class='ocrx_word' id='word_1_339' title='bbox 3629 2618 3764 2674; x_wconf 87' lang='lat' dir='ltr'><strong>beato</strong></span> <span class='ocrx_word' id='word_1_340' title='bbox 3795 2614 3864 2670; x_wconf 83' lang='lat' dir='ltr'><strong>C0-</strong></span> 
     </span>
    </p>
   </div>
   <div class='ocr_carea' id='block_1_54' title="bbox 2343 2708 3861 2785">
    <p class='ocr_par' dir='ltr' id='par_1_54' title="bbox 2343 2708 3861 2785">
     <span class='ocr_line' id='line_1_54' title="bbox 2343 2708 3861 2785; baseline -0.007 -15"><span class='ocrx_word' id='word_1_341' title='bbox 2343 2715 2615 2785; x_wconf 90' lang='lat' dir='ltr'><strong>lumbano,</strong></span> <span class='ocrx_word' id='word_1_342' title='bbox 2647 2717 2787 2785; x_wconf 92' lang='lat' dir='ltr'><strong>quod</strong></span> <span class='ocrx_word' id='word_1_343' title='bbox 2831 2724 2956 2770; x_wconf 88' lang='lat' dir='ltr'><strong>ante</strong></span> <span class='ocrx_word' id='word_1_344' title='bbox 2985 2716 3172 2771; x_wconf 89' lang='lat' dir='ltr'><strong>beatus</strong></span> <span class='ocrx_word' id='word_1_345' title='bbox 3221 2714 3438 2769; x_wconf 86' lang='lat' dir='ltr'><strong>Marcus</strong></span> <span class='ocrx_word' id='word_1_346' title='bbox 3481 2709 3778 2780; x_wconf 80' lang='lat' dir='ltr'><strong>evangelista</strong></span> <span class='ocrx_word' id='word_1_347' title='bbox 3799 2708 3861 2759; x_wconf 81' lang='lat' dir='ltr'><strong>de-</strong></span> 
     </span>
    </p>
   </div>
   <div class='ocr_carea' id='block_1_55' title="bbox 2341 2805 3860 2882">
    <p class='ocr_par' dir='ltr' id='par_1_55' title="bbox 2341 2805 3860 2882">
     <span class='ocr_line' id='line_1_55' title="bbox 2341 2805 3860 2882; baseline -0.009 -13"><span class='ocrx_word' id='word_1_348' title='bbox 2341 2814 2595 2877; x_wconf 86' lang='lat' dir='ltr'><strong>cantavit,</strong></span> <span class='ocrx_word' id='word_1_349' title='bbox 2628 2822 2683 2869; x_wconf 84' lang='lat' dir='ltr'><strong>ct</strong></span> <span class='ocrx_word' id='word_1_350' title='bbox 2725 2815 2771 2870; x_wconf 88' lang='lat' dir='ltr'><strong>si</strong></span> <span class='ocrx_word' id='word_1_351' title='bbox 2816 2828 2912 2868; x_wconf 92' lang='lat' dir='ltr'><strong>uos</strong></span> <span class='ocrx_word' id='word_1_352' title='bbox 2960 2828 3068 2868; x_wconf 93' lang='lat' dir='ltr'><strong>non</strong></span> <span class='ocrx_word' id='word_1_353' title='bbox 3113 2811 3356 2879; x_wconf 87' lang='lat' dir='ltr'><strong>creditis,</strong></span> <span class='ocrx_word' id='word_1_354' title='bbox 3410 2811 3664 2882; x_wconf 88' lang='lat' dir='ltr'><strong>inquirite</strong></span> <span class='ocrx_word' id='word_1_355' title='bbox 3702 2809 3746 2863; x_wconf 86' lang='lat' dir='ltr'><strong>in</strong></span> <span class='ocrx_word' id='word_1_356' title='bbox 3783 2805 3860 2859; x_wconf 74' lang='lat' dir='ltr'><strong>Vin</strong></span> 
     </span>
    </p>
   </div>
   <div class='ocr_carea' id='block_1_56' title="bbox 2343 2896 3862 2972">
    <p class='ocr_par' dir='ltr' id='par_1_56' title="bbox 2343 2896 3862 2972">
     <span class='ocr_line' id='line_1_56' title="bbox 2343 2896 3862 2972; baseline -0.009 -9"><span class='ocrx_word' id='word_1_357' title='bbox 2343 2908 2483 2963; x_wconf 90' lang='lat' dir='ltr'><strong>beati</strong></span> <span class='ocrx_word' id='word_1_358' title='bbox 2513 2905 2832 2963; x_wconf 88' lang='lat' dir='ltr'><strong>Columbani</strong></span> <span class='ocrx_word' id='word_1_359' title='bbox 2861 2913 2918 2962; x_wconf 90' lang='lat' dir='ltr'><strong>et</strong></span> <span class='ocrx_word' id='word_1_360' title='bbox 2947 2907 3086 2961; x_wconf 88' lang='lat' dir='ltr'><strong>beati</strong></span> <span class='ocrx_word' id='word_1_361' title='bbox 3120 2905 3331 2962; x_wconf 83' lang='lat' dir='ltr'><strong>Eastasi</strong></span> <span class='ocrx_word' id='word_1_362' title='bbox 3359 2904 3595 2972; x_wconf 85' lang='lat' dir='ltr'><strong>abbatis,</strong></span> <span class='ocrx_word' id='word_1_363' title='bbox 3623 2896 3862 2972; x_wconf 83' lang='lat' dir='ltr'><strong>pleniusin-</strong></span> 
     </span>
    </p>
   </div>
   <div class='ocr_carea' id='block_1_57' title="bbox 2341 2992 3837 3066">
    <p class='ocr_par' dir='ltr' id='par_1_57' title="bbox 2341 2992 3837 3066">
     <span class='ocr_line' id='line_1_57' title="bbox 2341 2992 3837 3066; baseline -0.008 -10"><span class='ocrx_word' id='word_1_364' title='bbox 2341 3000 2589 3066; x_wconf 84' lang='lat' dir='ltr'><strong>venietis,</strong></span> <span class='ocrx_word' id='word_1_365' title='bbox 2621 3009 2678 3056; x_wconf 90' lang='lat' dir='ltr'><strong>et</strong></span> <span class='ocrx_word' id='word_1_366' title='bbox 2700 2999 2842 3055; x_wconf 88' lang='lat' dir='ltr'><strong>dicta</strong></span> <span class='ocrx_word' id='word_1_367' title='bbox 2874 3001 3014 3057; x_wconf 90' lang='lat' dir='ltr'><strong>beati</strong></span> <span class='ocrx_word' id='word_1_368' title='bbox 3045 3001 3304 3057; x_wconf 82' lang='lat' dir='ltr'><strong>Attheleti</strong></span> <span class='ocrx_word' id='word_1_369' title='bbox 3334 2999 3550 3056; x_wconf 84' lang='lat' dir='ltr'><strong>abbatis</strong></span> <span class='ocrx_word' id='word_1_370' title='bbox 3577 2992 3837 3054; x_wconf 83' lang='lat' dir='ltr'><strong>Eboveusis.</strong></span> 
     </span>
    </p>
   </div>
   <div class='ocr_carea' id='block_1_58' title="bbox 2414 3087 3862 3152">
    <p class='ocr_par' dir='ltr' id='par_1_58' title="bbox 2414 3087 3862 3152">
     <span class='ocr_line' id='line_1_58' title="bbox 2414 3087 3862 3152; baseline -0.006 -4"><span class='ocrx_word' id='word_1_371' title='bbox 2414 3094 2508 3149; x_wconf 87' lang='lat' dir='ltr'><strong>Est</strong></span> <span class='ocrx_word' id='word_1_372' title='bbox 2552 3094 2688 3149; x_wconf 90' lang='lat' dir='ltr'><strong>alius</strong></span> <span class='ocrx_word' id='word_1_373' title='bbox 2721 3109 2912 3151; x_wconf 87' lang='lat' dir='ltr'><strong>cursus</strong></span> <span class='ocrx_word' id='word_1_374' title='bbox 2949 3095 3231 3150; x_wconf 86' lang='lat' dir='ltr'><strong>orientalis</strong></span> <span class='ocrx_word' id='word_1_375' title='bbox 3263 3110 3292 3149; x_wconf 85' lang='lat' dir='ltr'><strong>a</strong></span> <span class='ocrx_word' id='word_1_376' title='bbox 3339 3103 3537 3152; x_wconf 90' lang='lat' dir='ltr'><strong>sancto</strong></span> <span class='ocrx_word' id='word_1_377' title='bbox 3561 3087 3800 3148; x_wconf 82' lang='lat' dir='ltr'><strong>Cromacio</strong></span> <span class='ocrx_word' id='word_1_378' title='bbox 3830 3093 3862 3139; x_wconf 78' lang='lat' dir='ltr'><strong>et</strong></span> 
     </span>
    </p>
   </div>
   <div class='ocr_carea' id='block_1_59' title="bbox 2344 3178 3860 3258">
    <p class='ocr_par' dir='ltr' id='par_1_59' title="bbox 2344 3178 3860 3258">
     <span class='ocr_line' id='line_1_59' title="bbox 2344 3178 3860 3258; baseline -0.009 -14"><span class='ocrx_word' id='word_1_379' title='bbox 2344 3189 2597 3244; x_wconf 88' lang='lat' dir='ltr'><strong>Eliodoro</strong></span> <span class='ocrx_word' id='word_1_380' title='bbox 2659 3199 2715 3245; x_wconf 91' lang='lat' dir='ltr'><strong>et</strong></span> <span class='ocrx_word' id='word_1_381' title='bbox 2758 3189 2919 3245; x_wconf 87' lang='lat' dir='ltr'><strong>beato</strong></span> <span class='ocrx_word' id='word_1_382' title='bbox 2968 3188 3214 3258; x_wconf 90' lang='lat' dir='ltr'><strong>Paulino,</strong></span> <span class='ocrx_word' id='word_1_383' title='bbox 3259 3205 3359 3246; x_wconf 90' lang='lat' dir='ltr'><strong>seu</strong></span> <span class='ocrx_word' id='word_1_384' title='bbox 3390 3199 3447 3246; x_wconf 89' lang='lat' dir='ltr'><strong>et</strong></span> <span class='ocrx_word' id='word_1_385' title='bbox 3492 3182 3754 3244; x_wconf 78' lang='lat' dir='ltr'><strong>Athanasio</strong></span> <span class='ocrx_word' id='word_1_386' title='bbox 3786 3178 3860 3247; x_wconf 84' lang='lat' dir='ltr'><strong>epi-</strong></span> 
     </span>
    </p>
   </div>
   <div class='ocr_carea' id='block_1_60' title="bbox 643 3278 3860 3355">
    <p class='ocr_par' dir='ltr' id='par_1_60' title="bbox 643 3278 3860 3355">
     <span class='ocr_line' id='line_1_60' title="bbox 643 3278 3860 3355; baseline -0.005 -15"><span class='ocrx_word' id='word_1_387' title='bbox 643 3286 778 3340; x_wconf 88' lang='lat' dir='ltr'><strong>citur</strong></span> <span class='ocrx_word' id='word_1_388' title='bbox 806 3296 1069 3355; x_wconf 69' lang='lat' dir='ltr'><strong>praesente</strong></span> <span class='ocrx_word' id='word_1_389' title='bbox 1102 3295 1342 3354; x_wconf 87' lang='lat' dir='ltr'><strong>tempore</strong></span> <span class='ocrx_word' id='word_1_390' title='bbox 1392 3283 1722 3343; x_wconf 87' lang='lat' dir='ltr'><strong>Scottorum,</strong></span> <span class='ocrx_word' id='word_1_391' title='bbox 1779 3278 1970 3333; x_wconf 79' lang='lat' dir='ltr'><strong>beatus</strong></span> <span class='ocrx_word' id='word_1_392' title='bbox 2025 3278 2236 3334; x_wconf 87' lang='lat' dir='ltr'><strong>Marcus</strong></span> <span class='ocrx_word' id='word_1_393' title='bbox 2270 3346 2306 3355; x_wconf 82' lang='lat'><strong>__</strong></span> <span class='ocrx_word' id='word_1_394' title='bbox 2341 3299 2506 3354; x_wconf 72' lang='lat' dir='ltr'><strong>scopo</strong></span> <span class='ocrx_word' id='word_1_395' title='bbox 2547 3283 2742 3352; x_wconf 70' lang='lat' dir='ltr'><strong>editus,</strong></span> <span class='ocrx_word' id='word_1_396' title='bbox 2773 3299 2880 3354; x_wconf 72' lang='lat' dir='ltr'><strong>quo</strong></span> <span class='ocrx_word' id='word_1_397' title='bbox 2931 3285 2985 3339; x_wconf 79' lang='lat' dir='ltr'><strong>in</strong></span> <span class='ocrx_word' id='word_1_398' title='bbox 3031 3281 3304 3338; x_wconf 70' lang='lat' dir='ltr'><strong>Gallorum</strong></span> <span class='ocrx_word' id='word_1_399' title='bbox 3347 3278 3768 3338; x_wconf 60' lang='lat' dir='ltr'><strong>consuetudinem</strong></span> <span class='ocrx_word' id='word_1_400' title='bbox 3789 3285 3860 3325; x_wconf 87' lang='lat' dir='ltr'><strong>non</strong></span> 
     </span>
    </p>
   </div>
   <div class='ocr_carea' id='block_1_61' title="bbox 642 3346 2236 3452">
    <p class='ocr_par' dir='ltr' id='par_1_61' title="bbox 642 3346 2230 3448">
     <span class='ocr_line' id='line_1_61' title="bbox 642 3346 2230 3448; baseline -0.004 -15"><span class='ocrx_word' id='word_1_401' title='bbox 642 3378 962 3444; x_wconf 88' lang='lat' dir='ltr'><strong>decantavit,</strong></span> <span class='ocrx_word' id='word_1_402' title='bbox 1012 3385 1067 3434; x_wconf 90' lang='lat' dir='ltr'><strong>et</strong></span> <span class='ocrx_word' id='word_1_403' title='bbox 1116 3346 1234 3448; x_wconf 73' lang='lat' dir='ltr'><strong>post</strong></span> <span class='ocrx_word' id='word_1_404' title='bbox 1263 3378 1437 3447; x_wconf 91' lang='lat' dir='ltr'><strong>ipsum</strong></span> <span class='ocrx_word' id='word_1_405' title='bbox 1480 3373 1772 3444; x_wconf 83' lang='lat' dir='ltr'><strong>Gregorius</strong></span> <span class='ocrx_word' id='word_1_406' title='bbox 1823 3371 2230 3442; x_wconf 82' lang='lat' dir='ltr'><strong>Nanzenzenus,</strong></span> 
     </span>
    </p>
   </div>
   <div class='ocr_carea' id='block_1_62' title="bbox 2338 3346 3856 3452">
    <p class='ocr_par' dir='ltr' id='par_1_62' title="bbox 2345 3372 3856 3452">
     <span class='ocr_line' id='line_1_62' title="bbox 2345 3372 3856 3452; baseline -0.005 -16"><span class='ocrx_word' id='word_1_407' title='bbox 2345 3382 2589 3448; x_wconf 84' lang='lat' dir='ltr'><strong>habetur,</strong></span> <span class='ocrx_word' id='word_1_408' title='bbox 2623 3396 2738 3452; x_wconf 69' lang='lat' dir='ltr'><strong>qua:</strong></span> <span class='ocrx_word' id='word_1_409' title='bbox 2765 3389 2985 3436; x_wconf 88' lang='lat' dir='ltr'><strong>sanctus</strong></span> <span class='ocrx_word' id='word_1_410' title='bbox 3015 3379 3318 3435; x_wconf 77' lang='lat' dir='ltr'><strong>Macharius</strong></span> <span class='ocrx_word' id='word_1_411' title='bbox 3343 3374 3662 3436; x_wconf 80' lang='lat' dir='ltr'><strong>decantavit,</strong></span> <span class='ocrx_word' id='word_1_412' title='bbox 3688 3372 3770 3425; x_wconf 89' lang='lat' dir='ltr'><strong>hoc</strong></span> <span class='ocrx_word' id='word_1_413' title='bbox 3787 3372 3856 3428; x_wconf 63' lang='lat' dir='ltr'><strong>esi.</strong></span> 
     </span>
    </p>
   </div>
   <div class='ocr_carea' id='block_1_63' title="bbox 641 3463 2230 3541">
    <p class='ocr_par' dir='ltr' id='par_1_63' title="bbox 641 3463 2230 3541">
     <span class='ocr_line' id='line_1_63' title="bbox 641 3463 2230 3541; baseline -0.004 -16"><span class='ocrx_word' id='word_1_414' title='bbox 641 3487 798 3540; x_wconf 87' lang='lat' dir='ltr'><strong>quem</strong></span> <span class='ocrx_word' id='word_1_415' title='bbox 851 3472 1205 3541; x_wconf 82' lang='lat' dir='ltr'><strong>Hieronymus</strong></span> <span class='ocrx_word' id='word_1_416' title='bbox 1236 3485 1391 3526; x_wconf 81' lang='lat' dir='ltr'><strong>Suum</strong></span> <span class='ocrx_word' id='word_1_417' title='bbox 1436 3467 1750 3537; x_wconf 79' lang='lat' dir='ltr'><strong>magistrum</strong></span> <span class='ocrx_word' id='word_1_418' title='bbox 1795 3479 1916 3519; x_wconf 90' lang='lat' dir='ltr'><strong>esse</strong></span> <span class='ocrx_word' id='word_1_419' title='bbox 1959 3463 2230 3519; x_wconf 83' lang='lat' dir='ltr'><strong>adﬁrmat.</strong></span> 
     </span>
    </p>
   </div>
   <div class='ocr_carea' id='block_1_64' title="bbox 641 3555 2230 3631">
    <p class='ocr_par' dir='ltr' id='par_1_64' title="bbox 641 3555 2230 3631">
     <span class='ocr_line' id='line_1_64' title="bbox 641 3555 2230 3631; baseline -0.006 -12"><span class='ocrx_word' id='word_1_420' title='bbox 641 3565 705 3619; x_wconf 82' lang='lat' dir='ltr'><strong>Et</strong></span> <span class='ocrx_word' id='word_1_421' title='bbox 734 3566 920 3620; x_wconf 89' lang='lat' dir='ltr'><strong>beatus</strong></span> <span class='ocrx_word' id='word_1_422' title='bbox 949 3563 1174 3618; x_wconf 90' lang='lat' dir='ltr'><strong>Basilius</strong></span> <span class='ocrx_word' id='word_1_423' title='bbox 1201 3561 1364 3617; x_wconf 83' lang='lat' dir='ltr'><strong>frater</strong></span> <span class='ocrx_word' id='word_1_424' title='bbox 1393 3560 1562 3631; x_wconf 70' lang='lat' dir='ltr'><strong>ipsius</strong></span> <span class='ocrx_word' id='word_1_425' title='bbox 1604 3556 1774 3613; x_wconf 90' lang='lat' dir='ltr'><strong>sancti</strong></span> <span class='ocrx_word' id='word_1_426' title='bbox 1802 3555 2069 3626; x_wconf 88' lang='lat' dir='ltr'><strong>Gregorii,</strong></span> <span class='ocrx_word' id='word_1_427' title='bbox 2117 3556 2230 3611; x_wconf 84' lang='lat' dir='ltr'><strong>An-</strong></span> 
     </span>
    </p>
   </div>
   <div class='ocr_carea' id='block_1_65' title="bbox 643 3649 2234 3725">
    <p class='ocr_par' dir='ltr' id='par_1_65' title="bbox 643 3649 2234 3725">
     <span class='ocr_line' id='line_1_65' title="bbox 643 3649 2234 3725; baseline -0.004 -12"><span class='ocrx_word' id='word_1_428' title='bbox 643 3660 838 3725; x_wconf 90' lang='lat' dir='ltr'><strong>tonius,</strong></span> <span class='ocrx_word' id='word_1_429' title='bbox 868 3657 1081 3723; x_wconf 87' lang='lat' dir='ltr'><strong>Paulus,</strong></span> <span class='ocrx_word' id='word_1_430' title='bbox 1113 3656 1415 3713; x_wconf 80' lang='lat' dir='ltr'><strong>Macharius</strong></span> <span class='ocrx_word' id='word_1_431' title='bbox 1437 3697 1451 3721; x_wconf 92' lang='lat'><strong>,</strong></span> <span class='ocrx_word' id='word_1_432' title='bbox 1481 3655 1561 3709; x_wconf 88' lang='lat' dir='ltr'><strong>vel</strong></span> <span class='ocrx_word' id='word_1_433' title='bbox 1591 3651 1866 3707; x_wconf 86' lang='lat' dir='ltr'><strong>Johannes</strong></span> <span class='ocrx_word' id='word_1_434' title='bbox 1892 3659 1948 3705; x_wconf 90' lang='lat' dir='ltr'><strong>et</strong></span> <span class='ocrx_word' id='word_1_435' title='bbox 1995 3649 2234 3707; x_wconf 80' lang='lat' dir='ltr'><strong>Malchus</strong></span> 
     </span>
    </p>
   </div>
   <div class='ocr_carea' id='block_1_66' title="bbox 640 3751 1924 3812">
    <p class='ocr_par' dir='ltr' id='par_1_66' title="bbox 640 3751 1924 3812">
     <span class='ocr_line' id='line_1_66' title="bbox 640 3751 1924 3812; baseline -0.009 -2"><span class='ocrx_word' id='word_1_436' title='bbox 640 3755 934 3812; x_wconf 91' lang='lat' dir='ltr'><strong>secundum</strong></span> <span class='ocrx_word' id='word_1_437' title='bbox 961 3753 1205 3810; x_wconf 90' lang='lat' dir='ltr'><strong>ordinem</strong></span> <span class='ocrx_word' id='word_1_438' title='bbox 1237 3751 1458 3807; x_wconf 87' lang='lat' dir='ltr'><strong>Patrum</strong></span> <span class='ocrx_word' id='word_1_439' title='bbox 1484 3751 1924 3805; x_wconf 85' lang='lat' dir='ltr'><strong>decantaverunt.</strong></span> 
     </span>
    </p>
   </div>
   <div class='ocr_carea' id='block_1_67' title="bbox 712 3859 2233 3940">
    <p class='ocr_par' dir='ltr' id='par_1_67' title="bbox 712 3859 2233 3940">
     <span class='ocr_line' id='line_1_67' title="bbox 712 3859 2233 3940; baseline -0.008 -14"><span class='ocrx_word' id='word_1_440' title='bbox 712 3871 842 3927; x_wconf 83' lang='lat' dir='ltr'><strong>inde</strong></span> <span class='ocrx_word' id='word_1_441' title='bbox 871 3879 1054 3940; x_wconf 90' lang='lat' dir='ltr'><strong>postea</strong></span> <span class='ocrx_word' id='word_1_442' title='bbox 1084 3867 1424 3926; x_wconf 87' lang='lat' dir='ltr'><strong>beatissimus</strong></span> <span class='ocrx_word' id='word_1_443' title='bbox 1466 3864 1789 3928; x_wconf 88' lang='lat' dir='ltr'><strong>Cassianus,</strong></span> <span class='ocrx_word' id='word_1_444' title='bbox 1825 3861 1913 3932; x_wconf 92' lang='lat' dir='ltr'><strong>qui</strong></span> <span class='ocrx_word' id='word_1_445' title='bbox 1941 3859 2233 3914; x_wconf 88' lang='lat' dir='ltr'><strong>Livorense</strong></span> 
     </span>
    </p>
   </div>
   <div class='ocr_carea' id='block_1_68' title="bbox 642 3951 2234 4025">
    <p class='ocr_par' dir='ltr' id='par_1_68' title="bbox 642 3951 2234 4025">
     <span class='ocr_line' id='line_1_68' title="bbox 642 3951 2234 4025; baseline -0.008 -6"><span class='ocrx_word' id='word_1_446' title='bbox 642 3965 971 4019; x_wconf 87' lang='lat' dir='ltr'><strong>monasterio</strong></span> <span class='ocrx_word' id='word_1_447' title='bbox 996 3964 1212 4018; x_wconf 88' lang='lat' dir='ltr'><strong>beatum</strong></span> <span class='ocrx_word' id='word_1_448' title='bbox 1245 3961 1534 4017; x_wconf 85' lang='lat' dir='ltr'><strong>Honorium</strong></span> <span class='ocrx_word' id='word_1_449' title='bbox 1572 3959 1754 4014; x_wconf 88' lang='lat' dir='ltr'><strong>habuit</strong></span> <span class='ocrx_word' id='word_1_450' title='bbox 1785 3968 2118 4025; x_wconf 89' lang='lat' dir='ltr'><strong>comparem.</strong></span> <span class='ocrx_word' id='word_1_451' title='bbox 2167 3951 2234 4006; x_wconf 87' lang='lat' dir='ltr'><strong>Et</strong></span> 
     </span>
    </p>
   </div>
   <div class='ocr_carea' id='block_1_69' title="bbox 639 4049 2233 4126">
    <p class='ocr_par' dir='ltr' id='par_1_69' title="bbox 639 4049 2233 4126">
     <span class='ocr_line' id='line_1_69' title="bbox 639 4049 2233 4126; baseline -0.009 -12"><span class='ocrx_word' id='word_1_452' title='bbox 639 4065 758 4126; x_wconf 77' lang='lat' dir='ltr'><strong>post</strong></span> <span class='ocrx_word' id='word_1_453' title='bbox 787 4056 958 4124; x_wconf 86' lang='lat' dir='ltr'><strong>ipsum</strong></span> <span class='ocrx_word' id='word_1_454' title='bbox 1007 4053 1192 4110; x_wconf 88' lang='lat' dir='ltr'><strong>beatus</strong></span> <span class='ocrx_word' id='word_1_455' title='bbox 1241 4052 1545 4108; x_wconf 88' lang='lat' dir='ltr'><strong>Honoratus</strong></span> <span class='ocrx_word' id='word_1_456' title='bbox 1573 4054 1776 4120; x_wconf 86' lang='lat' dir='ltr'><strong>primus</strong></span> <span class='ocrx_word' id='word_1_457' title='bbox 1806 4049 1972 4103; x_wconf 88' lang='lat' dir='ltr'><strong>abbas</strong></span> <span class='ocrx_word' id='word_1_458' title='bbox 2009 4054 2064 4101; x_wconf 91' lang='lat' dir='ltr'><strong>et</strong></span> <span class='ocrx_word' id='word_1_459' title='bbox 2104 4059 2233 4100; x_wconf 84' lang='lat' dir='ltr'><strong>san-</strong></span> 
     </span>
    </p>
   </div>
   <div class='ocr_carea' id='block_1_70' title="bbox 639 4139 2223 4217">
    <p class='ocr_par' dir='ltr' id='par_1_70' title="bbox 639 4139 2223 4217">
     <span class='ocr_line' id='line_1_70' title="bbox 639 4139 2223 4217; baseline -0.008 -12"><span class='ocrx_word' id='word_1_460' title='bbox 639 4161 753 4205; x_wconf 90' lang='lat' dir='ltr'><strong>ctus</strong></span> <span class='ocrx_word' id='word_1_461' title='bbox 779 4148 1042 4204; x_wconf 58' lang='lat' dir='ltr'><strong>Caesarius</strong></span> <span class='ocrx_word' id='word_1_462' title='bbox 1071 4150 1353 4217; x_wconf 88' lang='lat' dir='ltr'><strong>episcopus</strong></span> <span class='ocrx_word' id='word_1_463' title='bbox 1384 4145 1472 4217; x_wconf 90' lang='lat' dir='ltr'><strong>qui</strong></span> <span class='ocrx_word' id='word_1_464' title='bbox 1504 4145 1604 4199; x_wconf 78' lang='lat' dir='ltr'><strong>fuit</strong></span> <span class='ocrx_word' id='word_1_465' title='bbox 1630 4145 1682 4198; x_wconf 90' lang='lat' dir='ltr'><strong>in</strong></span> <span class='ocrx_word' id='word_1_466' title='bbox 1706 4143 1926 4198; x_wconf 84' lang='lat' dir='ltr'><strong>Arelata</strong></span> <span class='ocrx_word' id='word_1_467' title='bbox 1951 4149 2004 4195; x_wconf 90' lang='lat' dir='ltr'><strong>et</strong></span> <span class='ocrx_word' id='word_1_468' title='bbox 2036 4139 2223 4193; x_wconf 87' lang='lat' dir='ltr'><strong>beatus</strong></span> 
     </span>
    </p>
   </div>
   <div class='ocr_carea' id='block_1_71' title="bbox 639 4233 2227 4311">
    <p class='ocr_par' dir='ltr' id='par_1_71' title="bbox 639 4233 2227 4311">
     <span class='ocr_line' id='line_1_71' title="bbox 639 4233 2227 4311; baseline -0.008 -13"><span class='ocrx_word' id='word_1_469' title='bbox 639 4243 924 4298; x_wconf 80' lang='lat' dir='ltr'><strong>Porcarius</strong></span> <span class='ocrx_word' id='word_1_470' title='bbox 967 4242 1132 4296; x_wconf 89' lang='lat' dir='ltr'><strong>abbas</strong></span> <span class='ocrx_word' id='word_1_471' title='bbox 1154 4242 1244 4311; x_wconf 92' lang='lat' dir='ltr'><strong>qui</strong></span> <span class='ocrx_word' id='word_1_472' title='bbox 1289 4241 1341 4295; x_wconf 91' lang='lat' dir='ltr'><strong>in</strong></span> <span class='ocrx_word' id='word_1_473' title='bbox 1390 4240 1508 4309; x_wconf 90' lang='lat' dir='ltr'><strong>ipso</strong></span> <span class='ocrx_word' id='word_1_474' title='bbox 1539 4236 1865 4293; x_wconf 88' lang='lat' dir='ltr'><strong>monasterio</strong></span> <span class='ocrx_word' id='word_1_475' title='bbox 1897 4234 2018 4300; x_wconf 80' lang='lat' dir='ltr'><strong>fuit,</strong></span> <span class='ocrx_word' id='word_1_476' title='bbox 2049 4233 2227 4303; x_wconf 91' lang='lat' dir='ltr'><strong>ipsum</strong></span> 
     </span>
    </p>
   </div>
   <div class='ocr_carea' id='block_1_72' title="bbox 637 4325 2226 4405">
    <p class='ocr_par' dir='ltr' id='par_1_72' title="bbox 637 4325 2226 4405">
     <span class='ocr_line' id='line_1_72' title="bbox 637 4325 2226 4405; baseline -0.011 -12"><span class='ocrx_word' id='word_1_477' title='bbox 637 4351 851 4393; x_wconf 90' lang='lat' dir='ltr'><strong>cursum</strong></span> <span class='ocrx_word' id='word_1_478' title='bbox 880 4335 1319 4400; x_wconf 90' lang='lat' dir='ltr'><strong>decantaverunt,</strong></span> <span class='ocrx_word' id='word_1_479' title='bbox 1342 4332 1432 4402; x_wconf 89' lang='lat' dir='ltr'><strong>qui</strong></span> <span class='ocrx_word' id='word_1_480' title='bbox 1456 4331 1668 4386; x_wconf 88' lang='lat' dir='ltr'><strong>beatum</strong></span> <span class='ocrx_word' id='word_1_481' title='bbox 1700 4327 1904 4405; x_wconf 87' lang='lat' dir='ltr'><strong>Lopum</strong></span> <span class='ocrx_word' id='word_1_482' title='bbox 1931 4335 1987 4381; x_wconf 89' lang='lat' dir='ltr'><strong>et</strong></span> <span class='ocrx_word' id='word_1_483' title='bbox 2011 4325 2226 4379; x_wconf 90' lang='lat' dir='ltr'><strong>beatum</strong></span> 
     </span>
    </p>
   </div>
   <div class='ocr_carea' id='block_1_73' title="bbox 637 4417 2228 4484">
    <p class='ocr_par' dir='ltr' id='par_1_73' title="bbox 637 4417 2228 4484">
     <span class='ocr_line' id='line_1_73' title="bbox 637 4417 2228 4484; baseline -0.008 0"><span class='ocrx_word' id='word_1_484' title='bbox 637 4430 961 4484; x_wconf 86' lang='lat' dir='ltr'><strong>Germanum</strong></span> <span class='ocrx_word' id='word_1_485' title='bbox 1009 4425 1302 4482; x_wconf 87' lang='lat' dir='ltr'><strong>monachus</strong></span> <span class='ocrx_word' id='word_1_486' title='bbox 1335 4426 1386 4480; x_wconf 91' lang='lat' dir='ltr'><strong>in</strong></span> <span class='ocrx_word' id='word_1_487' title='bbox 1421 4439 1608 4479; x_wconf 90' lang='lat' dir='ltr'><strong>eorum</strong></span> <span class='ocrx_word' id='word_1_488' title='bbox 1662 4421 1993 4476; x_wconf 90' lang='lat' dir='ltr'><strong>monasterio</strong></span> <span class='ocrx_word' id='word_1_489' title='bbox 2025 4417 2228 4473; x_wconf 86' lang='lat' dir='ltr'><strong>habue-</strong></span> 
     </span>
    </p>
   </div>
   <div class='ocr_carea' id='block_1_74' title="bbox 635 4509 2227 4591">
    <p class='ocr_par' dir='ltr' id='par_1_74' title="bbox 635 4509 2227 4591">
     <span class='ocr_line' id='line_1_74' title="bbox 635 4509 2227 4591; baseline -0.01 -13"><span class='ocrx_word' id='word_1_490' title='bbox 635 4533 778 4578; x_wconf 91' lang='lat' dir='ltr'><strong>runt.</strong></span> <span class='ocrx_word' id='word_1_491' title='bbox 815 4521 877 4575; x_wconf 81' lang='lat' dir='ltr'><strong>Et</strong></span> <span class='ocrx_word' id='word_1_492' title='bbox 907 4520 1007 4591; x_wconf 91' lang='lat' dir='ltr'><strong>ipsi</strong></span> <span class='ocrx_word' id='word_1_493' title='bbox 1033 4518 1134 4574; x_wconf 91' lang='lat' dir='ltr'><strong>sub</strong></span> <span class='ocrx_word' id='word_1_494' title='bbox 1159 4533 1404 4574; x_wconf 90' lang='lat' dir='ltr'><strong>normam</strong></span> <span class='ocrx_word' id='word_1_495' title='bbox 1449 4516 1617 4586; x_wconf 85' lang='lat' dir='ltr'><strong>reguli</strong></span> <span class='ocrx_word' id='word_1_496' title='bbox 1659 4514 1835 4584; x_wconf 89' lang='lat' dir='ltr'><strong>ipsum</strong></span> <span class='ocrx_word' id='word_1_497' title='bbox 1874 4525 2089 4567; x_wconf 86' lang='lat' dir='ltr'><strong>cursum</strong></span> <span class='ocrx_word' id='word_1_498' title='bbox 2121 4509 2227 4563; x_wconf 85' lang='lat' dir='ltr'><strong>ibi-</strong></span> 
     </span>
    </p>
   </div>
   <div class='ocr_carea' id='block_1_75' title="bbox 637 4603 2228 4681">
    <p class='ocr_par' dir='ltr' id='par_1_75' title="bbox 637 4603 2228 4681">
     <span class='ocr_line' id='line_1_75' title="bbox 637 4603 2228 4681; baseline -0.007 -12"><span class='ocrx_word' id='word_1_499' title='bbox 637 4616 758 4669; x_wconf 88' lang='lat' dir='ltr'><strong>dem</strong></span> <span class='ocrx_word' id='word_1_500' title='bbox 807 4613 1244 4680; x_wconf 85' lang='lat' dir='ltr'><strong>dccantaverunt,</strong></span> <span class='ocrx_word' id='word_1_501' title='bbox 1275 4620 1328 4666; x_wconf 90' lang='lat' dir='ltr'><strong>et</strong></span> <span class='ocrx_word' id='word_1_502' title='bbox 1368 4622 1554 4681; x_wconf 80' lang='lat' dir='ltr'><strong>postea</strong></span> <span class='ocrx_word' id='word_1_503' title='bbox 1588 4610 1642 4664; x_wconf 91' lang='lat' dir='ltr'><strong>in</strong></span> <span class='ocrx_word' id='word_1_504' title='bbox 1672 4607 2017 4678; x_wconf 85' lang='lat' dir='ltr'><strong>episc0patus</strong></span> <span class='ocrx_word' id='word_1_505' title='bbox 2041 4603 2228 4659; x_wconf 88' lang='lat' dir='ltr'><strong>cathe-</strong></span> 
     </span>
    </p>
   </div>
   <div class='ocr_carea' id='block_1_76' title="bbox 2344 3470 3576 3546">
    <p class='ocr_par' dir='ltr' id='par_1_76' title="bbox 2344 3470 3576 3546">
     <span class='ocr_line' id='line_1_76' title="bbox 2344 3470 3576 3546; baseline -0.008 -14"><span class='ocrx_word' id='word_1_506' title='bbox 2344 3490 2438 3546; x_wconf 89' lang='lat' dir='ltr'><strong>per</strong></span> <span class='ocrx_word' id='word_1_507' title='bbox 2466 3475 2762 3540; x_wconf 90' lang='lat' dir='ltr'><strong>duodenas,</strong></span> <span class='ocrx_word' id='word_1_508' title='bbox 2797 3472 2900 3528; x_wconf 91' lang='lat' dir='ltr'><strong>hoc</strong></span> <span class='ocrx_word' id='word_1_509' title='bbox 2927 3482 3028 3538; x_wconf 90' lang='lat' dir='ltr'><strong>est,</strong></span> <span class='ocrx_word' id='word_1_510' title='bbox 3061 3485 3403 3541; x_wconf 65' lang='lat' dir='ltr'><strong>unaquaeque</strong></span> <span class='ocrx_word' id='word_1_511' title='bbox 3428 3470 3576 3524; x_wconf 89' lang='lat' dir='ltr'><strong>hora.</strong></span> 
     </span>
    </p>
   </div>
   <div class='ocr_carea' id='block_1_77' title="bbox 2416 3547 3858 3634">
    <p class='ocr_par' dir='ltr' id='par_1_77' title="bbox 2416 3547 3858 3634">
     <span class='ocr_line' id='line_1_77' title="bbox 2416 3547 3858 3634; baseline -0.013 -10"><span class='ocrx_word' id='word_1_512' title='bbox 2416 3570 2509 3625; x_wconf 83' lang='lat' dir='ltr'><strong>Est</strong></span> <span class='ocrx_word' id='word_1_513' title='bbox 2551 3578 2606 3624; x_wconf 93' lang='lat' dir='ltr'><strong>et</strong></span> <span class='ocrx_word' id='word_1_514' title='bbox 2635 3567 2776 3624; x_wconf 88' lang='lat' dir='ltr'><strong>alius</strong></span> <span class='ocrx_word' id='word_1_515' title='bbox 2803 3580 2995 3623; x_wconf 89' lang='lat' dir='ltr'><strong>cursus</strong></span> <span class='ocrx_word' id='word_1_516' title='bbox 3039 3579 3198 3634; x_wconf 89' lang='lat' dir='ltr'><strong>quem</strong></span> <span class='ocrx_word' id='word_1_517' title='bbox 3242 3561 3411 3619; x_wconf 76' lang='lat' dir='ltr'><strong>refert</strong></span> <span class='ocrx_word' id='word_1_518' title='bbox 3441 3563 3624 3618; x_wconf 89' lang='lat' dir='ltr'><strong>beatus</strong></span> <span class='ocrx_word' id='word_1_519' title='bbox 3665 3547 3858 3622; x_wconf 78' lang='lat' dir='ltr'><strong>Augusti-</strong></span> 
     </span>
    </p>
   </div>
   <div class='ocr_carea' id='block_1_78' title="bbox 2342 3643 3856 3732">
    <p class='ocr_par' dir='ltr' id='par_1_78' title="bbox 2342 3643 3856 3732">
     <span class='ocr_line' id='line_1_78' title="bbox 2342 3643 3856 3732; baseline -0.013 -13"><span class='ocrx_word' id='word_1_520' title='bbox 2342 3679 2442 3720; x_wconf 90' lang='lat' dir='ltr'><strong>nus</strong></span> <span class='ocrx_word' id='word_1_521' title='bbox 2461 3663 2763 3732; x_wconf 90' lang='lat' dir='ltr'><strong>episcopus,</strong></span> <span class='ocrx_word' id='word_1_522' title='bbox 2812 3658 2955 3731; x_wconf 83' lang='lat' dir='ltr'><strong>quod</strong></span> <span class='ocrx_word' id='word_1_523' title='bbox 2985 3658 3171 3715; x_wconf 88' lang='lat' dir='ltr'><strong>beatus</strong></span> <span class='ocrx_word' id='word_1_524' title='bbox 3199 3656 3518 3713; x_wconf 85' lang='lat' dir='ltr'><strong>Ambrosius</strong></span> <span class='ocrx_word' id='word_1_525' title='bbox 3549 3657 3740 3722; x_wconf 86' lang='lat' dir='ltr'><strong>propter</strong></span> <span class='ocrx_word' id='word_1_526' title='bbox 3779 3643 3856 3696; x_wconf 61' lang='lat' dir='ltr'><strong>lib</strong></span> 
     </span>
    </p>
   </div>
   <div class='ocr_carea' id='block_1_79' title="bbox 2341 3732 3856 3820">
    <p class='ocr_par' dir='ltr' id='par_1_79' title="bbox 2341 3732 3856 3820">
     <span class='ocr_line' id='line_1_79' title="bbox 2341 3732 3856 3820; baseline -0.002 -8"><span class='ocrx_word' id='word_1_527' title='bbox 2341 3757 2628 3812; x_wconf 88' lang='lat' dir='ltr'><strong>reticorum</strong></span> <span class='ocrx_word' id='word_1_528' title='bbox 2668 3753 2913 3810; x_wconf 87' lang='lat' dir='ltr'><strong>ordinem</strong></span> <span class='ocrx_word' id='word_1_529' title='bbox 2954 3752 3272 3808; x_wconf 88' lang='lat' dir='ltr'><strong>dissimilem</strong></span> <span class='ocrx_word' id='word_1_530' title='bbox 3319 3746 3634 3820; x_wconf 65' lang='lat' dir='ltr'><strong>composuit.</strong></span> <span class='ocrx_word' id='word_1_531' title='bbox 3670 3732 3856 3811; x_wconf 72' lang='grc' dir='ltr'><strong>ιιιιοωίιι</strong></span> 
     </span>
    </p>
   </div>
   <div class='ocr_carea' id='block_1_80' title="bbox 2342 3845 3119 3904">
    <p class='ocr_par' dir='ltr' id='par_1_80' title="bbox 2342 3845 3119 3904">
     <span class='ocr_line' id='line_1_80' title="bbox 2342 3845 3119 3904; baseline -0.008 0"><span class='ocrx_word' id='word_1_532' title='bbox 2342 3849 2490 3904; x_wconf 85' lang='lat' dir='ltr'><strong>italia</strong></span> <span class='ocrx_word' id='word_1_533' title='bbox 2520 3853 2677 3903; x_wconf 82' lang='lat' dir='ltr'><strong>antea</strong></span> <span class='ocrx_word' id='word_1_534' title='bbox 2704 3845 3119 3902; x_wconf 88' lang='lat' dir='ltr'><strong>decantabatur.</strong></span> 
     </span>
    </p>
   </div>
   <div class='ocr_carea' id='block_1_81' title="bbox 2415 3916 3853 4001">
    <p class='ocr_par' dir='ltr' id='par_1_81' title="bbox 2415 3916 3853 4001">
     <span class='ocr_line' id='line_1_81' title="bbox 2415 3916 3853 4001; baseline -0.019 -5"><span class='ocrx_word' id='word_1_535' title='bbox 2415 3941 2508 3996; x_wconf 86' lang='lat' dir='ltr'><strong>Est</strong></span> <span class='ocrx_word' id='word_1_536' title='bbox 2533 3951 2585 3995; x_wconf 90' lang='lat' dir='ltr'><strong>et</strong></span> <span class='ocrx_word' id='word_1_537' title='bbox 2615 3941 2751 3995; x_wconf 89' lang='lat' dir='ltr'><strong>alius</strong></span> <span class='ocrx_word' id='word_1_538' title='bbox 2781 3955 2970 3995; x_wconf 91' lang='lat' dir='ltr'><strong>cursus</strong></span> <span class='ocrx_word' id='word_1_539' title='bbox 3000 3937 3146 3993; x_wconf 89' lang='lat' dir='ltr'><strong>beati</strong></span> <span class='ocrx_word' id='word_1_540' title='bbox 3169 3935 3476 4000; x_wconf 86' lang='lat' dir='ltr'><strong>Benedicti,</strong></span> <span class='ocrx_word' id='word_1_541' title='bbox 3508 3929 3593 4001; x_wconf 91' lang='lat' dir='ltr'><strong>qui</strong></span> <span class='ocrx_word' id='word_1_542' title='bbox 3618 3928 3763 3995; x_wconf 85' lang='lat' dir='ltr'><strong>ipsum</strong></span> <span class='ocrx_word' id='word_1_543' title='bbox 3779 3916 3853 3970; x_wconf 85' lang='lat' dir='ltr'><strong>sin-</strong></span> 
     </span>
    </p>
   </div>
   <div class='ocr_carea' id='block_1_82' title="bbox 2337 4020 3850 4106">
    <p class='ocr_par' dir='ltr' id='par_1_82' title="bbox 2337 4020 3850 4106">
     <span class='ocr_line' id='line_1_82' title="bbox 2337 4020 3850 4106; baseline -0.007 -16"><span class='ocrx_word' id='word_1_544' title='bbox 2337 4035 2596 4106; x_wconf 87' lang='lat' dir='ltr'><strong>gulariter</strong></span> <span class='ocrx_word' id='word_1_545' title='bbox 2627 4049 2801 4104; x_wconf 90' lang='lat' dir='ltr'><strong>pauco</strong></span> <span class='ocrx_word' id='word_1_546' title='bbox 2831 4031 3175 4087; x_wconf 89' lang='lat' dir='ltr'><strong>discordante</strong></span> <span class='ocrx_word' id='word_1_547' title='bbox 3223 4045 3251 4083; x_wconf 90' lang='lat' dir='ltr'><strong>a</strong></span> <span class='ocrx_word' id='word_1_548' title='bbox 3289 4043 3456 4084; x_wconf 88' lang='lat' dir='ltr'><strong>cursu</strong></span> <span class='ocrx_word' id='word_1_549' title='bbox 3498 4024 3717 4078; x_wconf 82' lang='lat' dir='ltr'><strong>Romano</strong></span> <span class='ocrx_word' id='word_1_550' title='bbox 3740 4020 3850 4080; x_wconf 68' lang='grc' dir='ltr'><strong>αυεω</strong></span> 
     </span>
    </p>
   </div>
   <div class='ocr_carea' id='block_1_83' title="bbox 2336 4107 3851 4198">
    <p class='ocr_par' dir='ltr' id='par_1_83' title="bbox 2336 4107 3851 4198">
     <span class='ocr_line' id='line_1_83' title="bbox 2336 4107 3851 4198; baseline -0.018 -14"><span class='ocrx_word' id='word_1_551' title='bbox 2336 4130 2390 4184; x_wconf 93' lang='lat' dir='ltr'><strong>in</strong></span> <span class='ocrx_word' id='word_1_552' title='bbox 2418 4143 2512 4184; x_wconf 89' lang='lat' dir='ltr'><strong>sua</strong></span> <span class='ocrx_word' id='word_1_553' title='bbox 2544 4128 2723 4198; x_wconf 89' lang='lat' dir='ltr'><strong>regula</strong></span> <span class='ocrx_word' id='word_1_554' title='bbox 2771 4125 3014 4196; x_wconf 89' lang='lat' dir='ltr'><strong>repperis</strong></span> <span class='ocrx_word' id='word_1_555' title='bbox 3049 4123 3357 4192; x_wconf 85' lang='lat' dir='ltr'><strong>scriptum:</strong></span> <span class='ocrx_word' id='word_1_556' title='bbox 3392 4128 3486 4177; x_wconf 85' lang='lat' dir='ltr'><strong>sea</strong></span> <span class='ocrx_word' id='word_1_557' title='bbox 3519 4123 3680 4168; x_wconf 86' lang='lat' dir='ltr'><strong>tamen</strong></span> <span class='ocrx_word' id='word_1_558' title='bbox 3717 4107 3851 4198; x_wconf 76' lang='lat' dir='ltr'><strong>beatus</strong></span> 
     </span>
    </p>
   </div>
   <div class='ocr_carea' id='block_1_84' title="bbox 2339 4194 3848 4292">
    <p class='ocr_par' dir='ltr' id='par_1_84' title="bbox 2339 4194 3848 4292">
     <span class='ocr_line' id='line_1_84' title="bbox 2339 4194 3848 4292; baseline -0.011 -15"><span class='ocrx_word' id='word_1_559' title='bbox 2339 4221 2629 4292; x_wconf 89' lang='lat' dir='ltr'><strong>Gregorius</strong></span> <span class='ocrx_word' id='word_1_560' title='bbox 2674 4222 2820 4277; x_wconf 88' lang='lat' dir='ltr'><strong>urbis</strong></span> <span class='ocrx_word' id='word_1_561' title='bbox 2851 4219 3038 4274; x_wconf 60' lang='lat' dir='ltr'><strong>Romae</strong></span> <span class='ocrx_word' id='word_1_562' title='bbox 3085 4216 3346 4287; x_wconf 76' lang='lat' dir='ltr'><strong>pontifex,</strong></span> <span class='ocrx_word' id='word_1_563' title='bbox 3397 4210 3544 4285; x_wconf 81' lang='lat' dir='ltr'><strong>quasi</strong></span> <span class='ocrx_word' id='word_1_564' title='bbox 3590 4194 3848 4292; x_wconf 51' lang='grc' dir='ltr'><strong>ρῐὶνίιςείυω</strong></span> 
     </span>
    </p>
   </div>
   <div class='ocr_carea' id='block_1_85' title="bbox 2337 4288 3849 4384">
    <p class='ocr_par' dir='ltr' id='par_1_85' title="bbox 2337 4288 3849 4384">
     <span class='ocr_line' id='line_1_85' title="bbox 2337 4288 3849 4384; baseline -0.022 -10"><span class='ocrx_word' id='word_1_565' title='bbox 2337 4288 2615 4374; x_wconf 70' lang='lat' dir='ltr'><strong>monachis</strong></span> <span class='ocrx_word' id='word_1_566' title='bbox 2657 4316 2829 4384; x_wconf 86' lang='lat' dir='ltr'><strong>ipsum</strong></span> <span class='ocrx_word' id='word_1_567' title='bbox 2860 4327 2956 4368; x_wconf 89' lang='lat' dir='ltr'><strong>sua</strong></span> <span class='ocrx_word' id='word_1_568' title='bbox 2982 4308 3268 4366; x_wconf 90' lang='lat' dir='ltr'><strong>autoritate</strong></span> <span class='ocrx_word' id='word_1_569' title='bbox 3297 4308 3350 4363; x_wconf 91' lang='lat' dir='ltr'><strong>in</strong></span> <span class='ocrx_word' id='word_1_570' title='bbox 3383 4305 3501 4362; x_wconf 82' lang='lat' dir='ltr'><strong>Vita</strong></span> <span class='ocrx_word' id='word_1_571' title='bbox 3547 4293 3698 4355; x_wconf 88' lang='lat' dir='ltr'><strong>sancti</strong></span> <span class='ocrx_word' id='word_1_572' title='bbox 3730 4288 3849 4343; x_wconf 42' lang='lat' dir='ltr'><strong>Bene.</strong></span> 
     </span>
    </p>
   </div>
   <div class='ocr_carea' id='block_1_86' title="bbox 2335 4383 3845 4475">
    <p class='ocr_par' dir='ltr' id='par_1_86' title="bbox 2335 4383 3845 4475">
     <span class='ocr_line' id='line_1_86' title="bbox 2335 4383 3845 4475; baseline -0.022 -10"><span class='ocrx_word' id='word_1_573' title='bbox 2335 4410 2463 4466; x_wconf 92' lang='lat' dir='ltr'><strong>dicti</strong></span> <span class='ocrx_word' id='word_1_574' title='bbox 2496 4411 2551 4464; x_wconf 91' lang='lat' dir='ltr'><strong>in</strong></span> <span class='ocrx_word' id='word_1_575' title='bbox 2591 4383 2730 4463; x_wconf 83' lang='lat' dir='ltr'><strong>libro</strong></span> <span class='ocrx_word' id='word_1_576' title='bbox 2773 4407 3117 4475; x_wconf 72' lang='lat' dir='ltr'><strong>Dialogorum</strong></span> <span class='ocrx_word' id='word_1_577' title='bbox 3164 4400 3490 4465; x_wconf 80' lang='lat' dir='ltr'><strong>adﬁrmavit,</strong></span> <span class='ocrx_word' id='word_1_578' title='bbox 3521 4391 3605 4449; x_wconf 89' lang='lat' dir='ltr'><strong>ubi</strong></span> <span class='ocrx_word' id='word_1_579' title='bbox 3633 4383 3741 4443; x_wconf 91' lang='lat' dir='ltr'><strong>dixit</strong></span> <span class='ocrx_word' id='word_1_580' title='bbox 3772 4387 3845 4475; x_wconf 58' lang='lat' dir='ltr'><strong>tum</strong></span> 
     </span>
    </p>
   </div>
   <div class='ocr_carea' id='block_1_87' title="bbox 2333 4469 3846 4566">
    <p class='ocr_par' dir='ltr' id='par_1_87' title="bbox 2333 4469 3846 4566">
     <span class='ocr_line' id='line_1_87' title="bbox 2333 4469 3846 4566; baseline -0.022 -4"><span class='ocrx_word' id='word_1_581' title='bbox 2333 4506 2492 4562; x_wconf 90' lang='lat' dir='ltr'><strong>aliter</strong></span> <span class='ocrx_word' id='word_1_582' title='bbox 2521 4512 2740 4558; x_wconf 89' lang='lat' dir='ltr'><strong>sanctus</strong></span> <span class='ocrx_word' id='word_1_583' title='bbox 2772 4502 2853 4555; x_wconf 89' lang='lat' dir='ltr'><strong>vir</strong></span> <span class='ocrx_word' id='word_1_584' title='bbox 2899 4499 3116 4566; x_wconf 91' lang='lat' dir='ltr'><strong>docere,</strong></span> <span class='ocrx_word' id='word_1_585' title='bbox 3165 4497 3266 4554; x_wconf 88' lang='lat' dir='ltr'><strong>nisi</strong></span> <span class='ocrx_word' id='word_1_586' title='bbox 3299 4496 3441 4553; x_wconf 89' lang='lat' dir='ltr'><strong>sicut</strong></span> <span class='ocrx_word' id='word_1_587' title='bbox 3461 4494 3568 4549; x_wconf 88' lang='lat' dir='ltr'><strong>inse</strong></span> <span class='ocrx_word' id='word_1_588' title='bbox 3589 4487 3744 4540; x_wconf 86' lang='lat' dir='ltr'><strong>beatus</strong></span> <span class='ocrx_word' id='word_1_589' title='bbox 3780 4469 3846 4523; x_wconf 73' lang='grc' dir='ltr'><strong>Βε-</strong></span> 
     </span>
    </p>
   </div>
   <div class='ocr_carea' id='block_1_88' title="bbox 2334 4595 2761 4653">
    <p class='ocr_par' dir='ltr' id='par_1_88' title="bbox 2334 4595 2761 4653">
     <span class='ocr_line' id='line_1_88' title="bbox 2334 4595 2761 4653; baseline -0.007 0"><span class='ocrx_word' id='word_1_590' title='bbox 2334 4597 2580 4653; x_wconf 83' lang='lat' dir='ltr'><strong>nedictus</strong></span> <span class='ocrx_word' id='word_1_591' title='bbox 2608 4595 2761 4650; x_wconf 84' lang='lat' dir='ltr'><strong>vixit.</strong></span> 
     </span>
    </p>
   </div>
   <div class='ocr_carea' id='block_1_89' title="bbox 644 4671 3843 4751">
    <p class='ocr_par' dir='ltr' id='par_1_89' title="bbox 644 4671 3843 4751">
     <span class='ocr_line' id='line_1_89' title="bbox 644 4671 3843 4751; baseline -0.006 8"><span class='ocrx_word' id='word_1_592' title='bbox 644 4671 3843 4751; x_wconf 58' lang='lat'><strong>_.____——————-—————-—&quot;&quot;</strong></span> <span class='ocrx_word' id='word_1_593' title='bbox 1369 4671 1386 4681; x_wconf 83' lang='grc'><em>’</em></span> <span class='ocrx_word' id='word_1_594' title='bbox 1709 4671 1723 4678; x_wconf 86' lang='grc'><em>’</em></span> <span class='ocrx_word' id='word_1_595' title='bbox 1837 4671 1928 4751; x_wconf 33' lang='grc' dir='ltr'>ᾳ</span> <span class='ocrx_word' id='word_1_596' title='bbox 2243 4699 3842 4751; x_wconf 42' lang='lat'><strong>.._.______.______________—————&#39;—</strong></span> 
     </span>
    </p>
   </div>
   <div class='ocr_carea' id='block_1_90' title="bbox 1041 4813 3523 5020">
    <p class='ocr_par' dir='ltr' id='par_1_90' title="bbox 1041 4813 3523 5020">
     <span class='ocr_line' id='line_1_90' title="bbox 1041 4813 3523 5020; baseline -0.011 -24"><span class='ocrx_word' id='word_1_597' title='bbox 1041 4843 1646 5020; x_wconf 74' lang='lat' dir='ltr'><strong>ANTIQUUM</strong></span> <span class='ocrx_word' id='word_1_598' title='bbox 1717 4829 2706 4995; x_wconf 76' lang='lat' dir='ltr'><strong>MARTYlioLoGIUM</strong></span> <span class='ocrx_word' id='word_1_599' title='bbox 2778 4813 3523 5020; x_wconf 76' lang='lat' dir='ltr'><strong>GALLICANUll</strong></span> 
     </span>
    </p>
   </div>
   <div class='ocr_carea' id='block_1_91' title="bbox 893 5005 3678 5107">
    <p class='ocr_par' dir='ltr' id='par_1_91' title="bbox 893 5005 3678 5107">
     <span class='ocr_line' id='line_1_91' title="bbox 893 5005 3678 5107; baseline -0.017 -2"><span class='ocrx_word' id='word_1_600' title='bbox 893 5047 991 5105; x_wconf 81' lang='lat' dir='ltr'><strong>EX</strong></span> <span class='ocrx_word' id='word_1_601' title='bbox 1024 5049 1135 5107; x_wconf 79' lang='lat' dir='ltr'><strong>MS.</strong></span> <span class='ocrx_word' id='word_1_602' title='bbox 1177 5005 1675 5104; x_wconf 66' lang='grc' dir='ltr'><strong>ιιιυέτειιδδιω</strong></span> <span class='ocrx_word' id='word_1_603' title='bbox 1711 5043 1949 5100; x_wconf 84' lang='lat' dir='ltr'><strong>DOMINI</strong></span> <span class='ocrx_word' id='word_1_604' title='bbox 1989 5036 2452 5102; x_wconf 83' lang='lat' dir='ltr'><strong>CHAUVELIN,</strong></span> <span class='ocrx_word' id='word_1_605' title='bbox 2495 5029 2857 5090; x_wconf 77' lang='lat' dir='ltr'><strong>REGIORUM</strong></span> <span class='ocrx_word' id='word_1_606' title='bbox 2897 5023 3315 5086; x_wconf 78' lang='lat' dir='ltr'><strong>SIGILLOHUM</strong></span> <span class='ocrx_word' id='word_1_607' title='bbox 3350 5005 3678 5079; x_wconf 83' lang='lat' dir='ltr'><strong>GUSTODIS.</strong></span> 
     </span>
    </p>
   </div>
   <div class='ocr_carea' id='block_1_92' title="bbox 1785 5127 2785 5212">
    <p class='ocr_par' dir='ltr' id='par_1_92' title="bbox 1785 5127 2785 5212">
     <span class='ocr_line' id='line_1_92' title="bbox 1785 5127 2785 5212; baseline -0.016 -16"><span class='ocrx_word' id='word_1_608' title='bbox 1785 5138 2039 5212; x_wconf 69' lang='grc' dir='ltr'><strong>(Μαι-ιω.</strong></span> <span class='ocrx_word' id='word_1_609' title='bbox 2064 5133 2312 5204; x_wconf 83' lang='lat' dir='ltr'><strong>ampliss.</strong></span> <span class='ocrx_word' id='word_1_610' title='bbox 2343 5131 2472 5188; x_wconf 90' lang='lat' dir='ltr'><strong>coll.</strong></span> <span class='ocrx_word' id='word_1_611' title='bbox 2507 5137 2638 5185; x_wconf 90' lang='lat' dir='ltr'><strong>tom.</strong></span> <span class='ocrx_word' id='word_1_612' title='bbox 2670 5127 2785 5196; x_wconf 84' lang='lat' dir='ltr'><strong>Vl.)</strong></span> 
     </span>
    </p>
   </div>
   <div class='ocr_carea' id='block_1_93' title="bbox 703 4699 3842 4769">
    <p class='ocr_par' dir='ltr' id='par_1_93' title="bbox 703 4699 3842 4769">
     <span class='ocr_line' id='line_1_93' title="bbox 703 4699 3842 4769; baseline -0.006 -6"><span class='ocrx_word' id='word_1_613' title='bbox 703 4699 3842 4769; x_wconf 24' lang='lat' dir='ltr'>ﬂ</span> 
     </span>
    </p>
   </div>
   <div class='ocr_carea' id='block_1_94' title="bbox 1869 5242 2688 5268">
    <p class='ocr_par' dir='ltr' id='par_1_94' title="bbox 1869 5242 2688 5268">
     <span class='ocr_line' id='line_1_94' title="bbox 1869 5242 2688 5268; baseline -0.007 0"><span class='ocrx_word' id='word_1_614' title='bbox 1869 5242 2688 5268; x_wconf 53' lang='grc' dir='ltr'><strong>Μ</strong></span> 
     </span>
    </p>
   </div>
   <div class='ocr_carea' id='block_1_95' title="bbox 1797 5302 2792 5372">
    <p class='ocr_par' dir='ltr' id='par_1_95' title="bbox 1797 5302 2792 5372">
     <span class='ocr_line' id='line_1_95' title="bbox 1797 5302 2792 5372; baseline -0.016 0"><span class='ocrx_word' id='word_1_615' title='bbox 1797 5318 2072 5372; x_wconf 69' lang='lat' dir='ltr'><strong>Istam-1&#39;</strong></span> <span class='ocrx_word' id='word_1_616' title='bbox 2112 5302 2792 5372; x_wconf 61' lang='lat' dir='ltr'><strong>manummanum.)</strong></span> 
     </span>
    </p>
   </div>
   <div class='ocr_carea' id='block_1_96' title="bbox 1214 5413 1615 5474">
    <p class='ocr_par' dir='ltr' id='par_1_96' title="bbox 1214 5413 1615 5474">
     <span class='ocr_line' id='line_1_96' title="bbox 1214 5413 1615 5474; baseline -0.002 0"><span class='ocrx_word' id='word_1_617' title='bbox 1214 5413 1615 5474; x_wconf 71' lang='lat' dir='ltr'><strong>JANUARIUS.</strong></span> 
     </span>
    </p>
   </div>
   <div class='ocr_carea' id='block_1_97' title="bbox 871 5526 1980 5596">
    <p class='ocr_par' dir='ltr' id='par_1_97' title="bbox 871 5526 1980 5596">
     <span class='ocr_line' id='line_1_97' title="bbox 871 5526 1980 5596; baseline -0.011 -6"><span class='ocrx_word' id='word_1_618' title='bbox 871 5531 1158 5590; x_wconf 75' lang='lat' dir='ltr'><strong>Ianuarius</strong></span> <span class='ocrx_word' id='word_1_619' title='bbox 1183 5531 1333 5588; x_wconf 79' lang='lat' dir='ltr'><strong>habet</strong></span> <span class='ocrx_word' id='word_1_620' title='bbox 1357 5530 1466 5585; x_wconf 73' lang='lat' dir='ltr'><strong>dies</strong></span> <span class='ocrx_word' id='word_1_621' title='bbox 1491 5545 1647 5596; x_wconf 67' lang='grc' dir='ltr'><strong>χιιι,</strong></span> <span class='ocrx_word' id='word_1_622' title='bbox 1689 5526 1815 5581; x_wconf 85' lang='lat' dir='ltr'><strong>luna</strong></span> <span class='ocrx_word' id='word_1_623' title='bbox 1855 5540 1980 5580; x_wconf 80' lang='lat' dir='ltr'><strong>xxx.</strong></span> 
     </span>
    </p>
   </div>
   <div class='ocr_carea' id='block_1_98' title="bbox 637 5613 2221 5690">
    <p class='ocr_par' dir='ltr' id='par_1_98' title="bbox 637 5613 2221 5690">
     <span class='ocr_line' id='line_1_98' title="bbox 637 5613 2221 5690; baseline -0.01 -6"><span class='ocrx_word' id='word_1_624' title='bbox 637 5625 906 5685; x_wconf 82' lang='lat' dir='ltr'><strong>Kalendas</strong></span> <span class='ocrx_word' id='word_1_625' title='bbox 935 5625 1195 5690; x_wconf 80' lang='lat' dir='ltr'><strong>Januarii,</strong></span> <span class='ocrx_word' id='word_1_626' title='bbox 1226 5622 1584 5680; x_wconf 89' lang='lat' dir='ltr'><strong>Circumcisio</strong></span> <span class='ocrx_word' id='word_1_627' title='bbox 1629 5617 1841 5676; x_wconf 88' lang='lat' dir='ltr'><strong>Domini</strong></span> <span class='ocrx_word' id='word_1_628' title='bbox 1887 5615 2056 5672; x_wconf 90' lang='lat' dir='ltr'><strong>nostri</strong></span> <span class='ocrx_word' id='word_1_629' title='bbox 2097 5613 2221 5669; x_wconf 84' lang='lat' dir='ltr'><strong>Jesu</strong></span> 
     </span>
    </p>
   </div>
   <div class='ocr_carea' id='block_1_99' title="bbox 708 5721 1511 5781">
    <p class='ocr_par' dir='ltr' id='par_1_99' title="bbox 708 5721 1511 5781">
     <span class='ocr_line' id='line_1_99' title="bbox 708 5721 1511 5781; baseline -0.012 -1"><span class='ocrx_word' id='word_1_630' title='bbox 708 5723 909 5781; x_wconf 85' lang='lat' dir='ltr'><strong>Christi</strong></span> <span class='ocrx_word' id='word_1_631' title='bbox 939 5721 1234 5779; x_wconf 84' lang='lat' dir='ltr'><strong>secundum</strong></span> <span class='ocrx_word' id='word_1_632' title='bbox 1271 5731 1511 5775; x_wconf 89' lang='lat' dir='ltr'><strong>carnem.</strong></span> 
     </span>
    </p>
   </div>
   <div class='ocr_carea' id='block_1_100' title="bbox 639 5799 2229 5881">
    <p class='ocr_par' dir='ltr' id='par_1_100' title="bbox 639 5799 2229 5881">
     <span class='ocr_line' id='line_1_100' title="bbox 639 5799 2229 5881; baseline -0.011 -7"><span class='ocrx_word' id='word_1_633' title='bbox 639 5817 696 5874; x_wconf 85' lang='lat' dir='ltr'><strong>in</strong></span> <span class='ocrx_word' id='word_1_634' title='bbox 731 5816 972 5878; x_wconf 90' lang='lat' dir='ltr'><strong>Oriente,</strong></span> <span class='ocrx_word' id='word_1_635' title='bbox 1015 5810 1298 5881; x_wconf 86' lang='lat' dir='ltr'><strong>Stephani.</strong></span> <span class='ocrx_word' id='word_1_636' title='bbox 1341 5805 1678 5880; x_wconf 81' lang='lat' dir='ltr'><strong>Nicomedia,</strong></span> <span class='ocrx_word' id='word_1_637' title='bbox 1734 5799 2061 5875; x_wconf 86' lang='lat' dir='ltr'><strong>Euphrosini</strong></span> <span class='ocrx_word' id='word_1_638' title='bbox 2115 5800 2229 5872; x_wconf 84' lang='lat' dir='ltr'><strong>epi-</strong></span> 
     </span>
    </p>
   </div>
   <div class='ocr_carea' id='block_1_101' title="bbox 714 5903 1204 5977">
    <p class='ocr_par' dir='ltr' id='par_1_101' title="bbox 714 5903 1204 5977">
     <span class='ocr_line' id='line_1_101' title="bbox 714 5903 1204 5977; baseline -0.012 -15"><span class='ocrx_word' id='word_1_639' title='bbox 714 5907 891 5977; x_wconf 83' lang='lat' dir='ltr'><strong>scopi,</strong></span> <span class='ocrx_word' id='word_1_640' title='bbox 922 5903 1204 5961; x_wconf 88' lang='lat' dir='ltr'><strong>Primiani.</strong></span> 
     </span>
    </p>
   </div>
   <div class='ocr_carea' id='block_1_102' title="bbox 642 5987 2226 6064">
    <p class='ocr_par' dir='ltr' id='par_1_102' title="bbox 642 5987 2226 6064">
     <span class='ocr_line' id='line_1_102' title="bbox 642 5987 2226 6064; baseline -0.009 -7"><span class='ocrx_word' id='word_1_641' title='bbox 642 6002 705 6057; x_wconf 69' lang='grc' dir='ltr'><strong>ιν</strong></span> <span class='ocrx_word' id='word_1_642' title='bbox 750 6002 929 6057; x_wconf 76' lang='lat' dir='ltr'><strong>Nonas</strong></span> <span class='ocrx_word' id='word_1_643' title='bbox 947 5996 1096 6064; x_wconf 81' lang='lat' dir='ltr'><strong>Jan.,</strong></span> <span class='ocrx_word' id='word_1_644' title='bbox 1125 5992 1429 6064; x_wconf 81' lang='lat' dir='ltr'><strong>Antiochia,</strong></span> <span class='ocrx_word' id='word_1_645' title='bbox 1456 5992 1709 6064; x_wconf 85' lang='lat' dir='ltr'><strong>Syridoui</strong></span> <span class='ocrx_word' id='word_1_646' title='bbox 1738 5989 2000 6062; x_wconf 82' lang='lat' dir='ltr'><strong>episcopi,</strong></span> <span class='ocrx_word' id='word_1_647' title='bbox 2037 5987 2226 6055; x_wconf 86' lang='lat' dir='ltr'><strong>Firmi,</strong></span> 
     </span>
    </p>
   </div>
   <div class='ocr_carea' id='block_1_103' title="bbox 2248 5377 3828 5480">
    <p class='ocr_par' dir='ltr' id='par_1_103' title="bbox 2248 5377 3828 5480">
     <span class='ocr_line' id='line_1_103' title="bbox 2248 5377 3828 5480; baseline -0.027 4"><span class='ocrx_word' id='word_1_648' title='bbox 2248 5406 2303 5468; x_wconf 81' lang='lat' dir='ltr'><strong>D</strong></span> <span class='ocrx_word' id='word_1_649' title='bbox 2403 5421 2656 5479; x_wconf 82' lang='lat' dir='ltr'><strong>Macharii</strong></span> <span class='ocrx_word' id='word_1_650' title='bbox 2684 5418 2914 5475; x_wconf 78' lang='lat' dir='ltr'><strong>abbatis.</strong></span> <span class='ocrx_word' id='word_1_651' title='bbox 2948 5414 3075 5471; x_wconf 69' lang='lat' dir='ltr'><strong>Haec</strong></span> <span class='ocrx_word' id='word_1_652' title='bbox 3098 5413 3153 5470; x_wconf 92' lang='lat' dir='ltr'><strong>in</strong></span> <span class='ocrx_word' id='word_1_653' title='bbox 3185 5407 3489 5480; x_wconf 68' lang='lat' dir='ltr'><strong>Ethiopia,</strong></span> <span class='ocrx_word' id='word_1_654' title='bbox 3525 5386 3700 5454; x_wconf 77' lang='lat' dir='ltr'><strong>Rutuli,</strong></span> <span class='ocrx_word' id='word_1_655' title='bbox 3718 5377 3828 5437; x_wconf 73' lang='lat' dir='ltr'><strong>Clau-</strong></span> 
     </span>
    </p>
   </div>
   <div class='ocr_carea' id='block_1_104' title="bbox 2401 5495 3547 5586">
    <p class='ocr_par' dir='ltr' id='par_1_104' title="bbox 2401 5495 3547 5586">
     <span class='ocr_line' id='line_1_104' title="bbox 2401 5495 3547 5586; baseline -0.017 -13"><span class='ocrx_word' id='word_1_656' title='bbox 2401 5519 2526 5586; x_wconf 60' lang='lat' dir='ltr'><strong>diae,</strong></span> <span class='ocrx_word' id='word_1_657' title='bbox 2555 5514 2775 5586; x_wconf 75' lang='lat' dir='ltr'><strong>Aurigo,</strong></span> <span class='ocrx_word' id='word_1_658' title='bbox 2809 5511 3008 5579; x_wconf 89' lang='lat' dir='ltr'><strong>Vetali,</strong></span> <span class='ocrx_word' id='word_1_659' title='bbox 3038 5509 3256 5575; x_wconf 69' lang='lat' dir='ltr'><strong>Vertite,</strong></span> <span class='ocrx_word' id='word_1_660' title='bbox 3280 5495 3547 5576; x_wconf 76' lang='lat' dir='ltr'><strong>Stephani.</strong></span> 
     </span>
    </p>
   </div>
   <div class='ocr_carea' id='block_1_105' title="bbox 2329 5605 3820 5721">
    <p class='ocr_par' dir='ltr' id='par_1_105' title="bbox 2329 5605 3820 5721">
     <span class='ocr_line' id='line_1_105' title="bbox 2329 5605 3820 5721; baseline -0.025 -8"><span class='ocrx_word' id='word_1_661' title='bbox 2329 5656 2398 5713; x_wconf 86' lang='lat' dir='ltr'><strong>Ill</strong></span> <span class='ocrx_word' id='word_1_662' title='bbox 2439 5656 2618 5712; x_wconf 87' lang='lat' dir='ltr'><strong>Nonas</strong></span> <span class='ocrx_word' id='word_1_663' title='bbox 2645 5652 2789 5720; x_wconf 80' lang='lat' dir='ltr'><strong>Jan.,</strong></span> <span class='ocrx_word' id='word_1_664' title='bbox 2835 5648 3036 5721; x_wconf 83' lang='lat' dir='ltr'><strong>Cyrici,</strong></span> <span class='ocrx_word' id='word_1_665' title='bbox 3065 5647 3253 5703; x_wconf 87' lang='lat' dir='ltr'><strong>Primi.</strong></span> <span class='ocrx_word' id='word_1_666' title='bbox 3300 5638 3485 5701; x_wconf 84' lang='lat' dir='ltr'><strong>Parisii</strong></span> <span class='ocrx_word' id='word_1_667' title='bbox 3524 5625 3722 5689; x_wconf 75' lang='lat' dir='ltr'><strong>civitate.</strong></span> <span class='ocrx_word' id='word_1_668' title='bbox 3753 5605 3820 5661; x_wconf 67' lang='grc'><strong>9⁸·</strong></span> 
     </span>
    </p>
   </div>
   <div class='ocr_carea' id='block_1_106' title="bbox 2406 5739 3416 5819">
    <p class='ocr_par' dir='ltr' id='par_1_106' title="bbox 2406 5739 3416 5819">
     <span class='ocr_line' id='line_1_106' title="bbox 2406 5739 3416 5819; baseline -0.01 -14"><span class='ocrx_word' id='word_1_669' title='bbox 2406 5748 2605 5819; x_wconf 89' lang='lat' dir='ltr'><strong>positio</strong></span> <span class='ocrx_word' id='word_1_670' title='bbox 2630 5755 2829 5804; x_wconf 59' lang='lat' dir='ltr'><strong>sanctae</strong></span> <span class='ocrx_word' id='word_1_671' title='bbox 2853 5741 3142 5800; x_wconf 73' lang='lat' dir='ltr'><strong>Genovefze</strong></span> <span class='ocrx_word' id='word_1_672' title='bbox 3171 5739 3416 5812; x_wconf 80' lang='lat' dir='ltr'><strong>virginis.</strong></span> 
     </span>
    </p>
   </div>
   <div class='ocr_carea' id='block_1_107' title="bbox 2407 5821 3582 5906">
    <p class='ocr_par' dir='ltr' id='par_1_107' title="bbox 2407 5821 3582 5906">
     <span class='ocr_line' id='line_1_107' title="bbox 2407 5821 3582 5906; baseline -0.016 -3"><span class='ocrx_word' id='word_1_673' title='bbox 2407 5843 2618 5902; x_wconf 90' lang='lat' dir='ltr'><strong>Vienna</strong></span> <span class='ocrx_word' id='word_1_674' title='bbox 2641 5839 2880 5906; x_wconf 83' lang='lat' dir='ltr'><strong>civitate,</strong></span> <span class='ocrx_word' id='word_1_675' title='bbox 2912 5839 3051 5896; x_wconf 88' lang='lat' dir='ltr'><strong>beati</strong></span> <span class='ocrx_word' id='word_1_676' title='bbox 3078 5835 3318 5894; x_wconf 85' lang='lat' dir='ltr'><strong>Florenti</strong></span> <span class='ocrx_word' id='word_1_677' title='bbox 3340 5821 3582 5904; x_wconf 78' lang='lat' dir='ltr'><strong>episcopi-</strong></span> 
     </span>
    </p>
   </div>
   <div class='ocr_carea' id='block_1_108' title="bbox 2335 5881 3794 6003">
    <p class='ocr_par' dir='ltr' id='par_1_108' title="bbox 2335 5881 3794 6003">
     <span class='ocr_line' id='line_1_108' title="bbox 2335 5881 3794 6003; baseline -0.017 -7"><span class='ocrx_word' id='word_1_678' title='bbox 2335 5881 3051 6003; x_wconf 57' lang='lat' dir='ltr'><strong>prih}2&quot;&amp;&#39;..;‘.&#39;.&quot;i;&quot;.’.&quot;,&quot;{.§</strong></span> <span class='ocrx_word' id='word_1_679' title='bbox 3079 5881 3318 6001; x_wconf 57' lang='lat' dir='ltr'><strong>iiii;</strong></span> <span class='ocrx_word' id='word_1_680' title='bbox 3343 5881 3589 5998; x_wconf 60' lang='grc' dir='ltr'><strong>ἷᾷἶίιίῖιί,</strong></span> <span class='ocrx_word' id='word_1_681' title='bbox 3635 5881 3794 5960; x_wconf 72' lang='grc' dir='ltr'><strong>σθυιίυί</strong></span> 
     </span>
    </p>
   </div>
  </div>
