4076 6348
225 318 349 375 609
1125 321 1486 395 ANTIQUUM
1524 323 2127 383 MARTYROLOGIUM
2167 326 2636 387 GALLICANUM.
3406 339 3513 396 GIO

308 429 516 500 Quinti.
550 431 607 488 In
647 432 878 508 oriente,
931 433 1194 506 Bononia,
1231 440 1524 511 Ermeniis,
1568 442 1733 514 Aggei
1766 452 1823 500 et
1848 443 1901 502 Α
1928 438 2016 495 VII
2054 440 2170 497 Kal.
2221 441 2518 509 Februarii,
2554 445 2604 499 in
2639 443 2797 511 Nitia,
2830 444 3098 516 Smurnic,
3133 448 3313 506 Passio
3334 454 3509 511 sancti

308 524 465 597 Gagi.
2002 538 2301 611 Polycarpi,
2333 540 2572 608 Fabiani,
2604 542 2827 610 Saliani,
2856 543 3109 617 Sydonis.
3482 601 3486 605 .

223 616 419 675 Nonas
461 617 607 685 Jan.,
657 618 1053 695 Hierosolyma,
1096 623 1372 697 Depositio
1401 627 1670 685 Simeonis
1698 642 1822 700 pro-
1927 630 1996 688 Vl
2033 633 2149 689 Kal.
2183 635 2333 703 Feb.,
2368 637 2420 692 in
2462 639 2767 710 Apollonia,
2799 642 2955 712 Gagi,
2986 642 3203 711 Celesti,
3240 643 3510 717 Douativi,

306 712 504 780 pueras.
2000 727 2196 784 Publii.

222 801 354 860 VIII
396 803 517 860 ldus
562 803 809 876 Januar.,
864 805 1161 892 Epiphania
1204 810 1417 867 Domini
1469 813 1635 870 nostri
1692 815 1821 872 Jesu
1928 821 1971 878 V
2012 821 2128 877 Kal.
2174 823 2359 891 Febr.,
2405 826 2608 894 Romae,
2644 826 2830 883 Natale
2865 837 3069 887 sanctae
3098 831 3320 903 Agnetis
3347 831 3514 906 virgi-

303 894 529 963 Christi,
555 895 700 953 Petri
736 909 791 955 et
818 900 1000 959 Marci.
1025 902 1251 960 Civitate
1278 905 1537 973 Rcdonis,
1570 907 1821 967 nativitas
2000 915 2082 969 nis
2106 915 2171 970 de
2207 916 2503 984 nativitate,
2536 918 2730 987 Daviti,
2759 918 2977 985 Juliani.

300 997 359 1044 et
383 991 651 1048 ordinatio
695 993 1037 1065 episcopatus
1066 1005 1120 1053 et
1145 998 1407 1069 depositio
1450 1002 1624 1057 sancti
1652 1001 1819 1059 Mela—
1926 1005 1992 1062 IV
2030 1006 2148 1063 Kal.
2179 1009 2337 1079 Feb.,
2371 1012 2422 1067 in
2464 1012 2674 1079 Tuscia,
2723 1012 3025 1082 Constanti,
3077 1015 3351 1090 Hyppoliti
3399 1017 3516 1091 epi-

303 1084 377 1139 nii
410 1086 647 1157 episcopi
676 1086 875 1145 ibidem
906 1090 1161 1149 celebris.
1995 1103 2167 1172 scopi.
2196 1102 2466 1172 Treveris,
2499 1105 2775 1175 Depositio
2802 1108 2994 1165 Valerii
3025 1084 3288 1181 episcopi.

222 1174 1019 1274 VII-IdusJan.,_Ni_comedia,
1063 1183 1280 1240 Luciani
1316 1189 1636 1260 presbyteri,
1683 1189 1820 1247 Feli-
1926 1192 1993 1249 ιιι
2031 1193 2146 1249 Kal.
2179 1195 2333 1265 Feb.,
2366 1198 2417 1252 in
2450 1174 2650 1267 Africa,
2682 1201 2940 1268 Bclleani,
2970 1174 3134 1269 Cleri,
3172 1174 3499 1274 Philippiani

302 1268 405 1335 cis,
435 1268 697 1339 Januarii,
738 1272 993 1342 Poliarci,
1028 1275 1317 1332 Filoronis.
1999 1297 2056 1344 et
2082 1289 2310 1348 aliorum
2339 1307 2522 1349 cuiv.

226 1359 297 1417 VI
340 1361 460 1419 ldus
479 1364 624 1432 Jan.,
655 1365 709 1421 in
734 1367 963 1437 Graecia,
986 1368 1276 1441 Timothei,
1302 1371 1553 1431 Jocundi.
1582 1376 1821 1445 Agusto-
1926 1381 2105 1437 Pridie
2127 1382 2349 1440 Kalend.
2403 1387 2689 1453 Februan,
2723 1387 2777 1443 in
2832 1388 3192 1459 Alexandria,
3236 1390 3514 1465 Ammoni,

300 1459 447 1551 duno
475 1462 713 1531 civitate,
746 1462 1021 1534 Depositio
1072 1466 1316 1537 Egimoni
1347 1470 1607 1542 episcopi,
1649 1472 1816 1541 Petri,
1995 1475 2229 1549 Cyriaci,
2255 1478 2560 1551 Gemmeni,
2602 1480 2800 1538 Zelasi.

302 1550 454 1608 Luci.

222 1647 271 1701 V
312 1647 438 1705 Idus
462 1650 607 1719 Jan.,
640 1651 694 1708 in
746 1652 925 1712 Africa
979 1656 1229 1727 Epictati,
1282 1657 1539 1731 Jocundi,
1601 1645 1811 1731 Quinti,
2099 1725 2139 1745 η
2175 1727 2188 1745 Ι
2331 1730 2341 1741 ⁸
2450 1615 2950 1745 Ερῐψλωυᾶ

301 1742 558 1810 Secundi,
610 1745 902 1818 Saturnini,
965 1725 1178 1820 Felicis,
1234 1725 1537 1822 Fortunati,
1592 1725 1808 1828 Vitalis,
2088 1725 2405 1785 Febm'm
2442 1730 2590 1785 hab“
2628 1734 2739 1789 ἀίεδ
2780 1750 2970 1803 “VI”:
3014 1734 3136 1790 ικηα
3174 1749 3329 1793 “"-

300 1834 578 1891 Martialis.
1848 1833 1899 1897 B
1923 1839 2147 1900 Kalend.
2186 1844 2348 1914 Feb.,
2396 1847 2673 1916 Ravenna,
2712 1849 2914 1922 ,Severi
2962 1851 3220 1922 episcOpi,
3263 1852 3517 1923 Victoris,

224 1923 293 1980 IV
332 1926 455 1985 Idus
518 1929 665 2001 Jan.,
717 1931 989 2005 Depositio
1064 1935 1384 1994 Melchiadis
1430 1940 1695 2013 episcopi.
1750 1941 1809 1997 ιιι
1988 1945 2044 1991 et
2064 1939 2247 1993 Passio
2276 1948 2583 1997 sanctorum
2609 1942 2916 1998 Vindimiali
2944 1952 3001 2000 et
3020 1943 3286 2016 Singenii.

301 2020 500 2091 Africa,
534 2024 810 2096 Revocati,
854 2026 1044 2099 Firmi,
1076 2030 1280 2090 Saturi.
1918 2025 1988 2086 IV
2025 2028 2202 2089 Nonas
2230 2032 2416 2102 Febr.,
2448 2035 2755 2093 Puriiicatio
2786 2037 2954 2093 beata
2975 2036 3155 2094 Mariae
3176 2041 3392 2111 quando
3417 2053 3509 2098 re-

222 2112 292 2171 IIl
335 2116 456 2173 ldus
533 2117 655 2176 Jan.
683 2160 701 2189 ,
775 2121 832 2178 in
888 2124 1213 2181 Alexandria
1244 2166 1261 2195 ,
1329 2125 1498 2196 Perri,
1559 2128 1763 2187 Siveris
1790 2170 1812 2201 ,
1990 2133 2343 2194 praesentatus
2370 2127 2623 2185 estJesus
2651 2130 2706 2185 in
2735 2131 2955 2201 templo.
2979 2131 3190 2200 Marini,
3223 2133 3451 2191 Victori.

299 2209 498 2268 Eliuci.
1916 2217 1983 2275 III
2021 2219 2198 2277 Nonas
2229 2222 2382 2290 Feb.,
2425 2224 2478 2280 in
2508 2224 2713 2294 Al'rica,
2741 2224 2958 2283 Felicis.
2986 2226 3249 2299 Vapingo,
3294 2228 3515 2299 Deposi-

297 2303 475 2361 Pridie
501 2303 628 2364 Idus
646 2306 793 2377 Jan.,
842 2309 897 2366 in
944 2310 1170 2383 Achaia,
1219 2313 1457 2388 Cyriaci,
1507 2317 1812 2389 Moscenei,
1989 2315 2065 2369 tio
2094 2317 2468 2387 episcoporum
2499 2329 2808 2376 sanctorum
2861 2320 3071 2377 Ferridi
3124 2330 3185 2379 et
3238 2321 3510 2379 Remedii.

294 2396 498 2455 Saturi.
1989 2407 2268 2479 Lugduno,
2295 2411 2535 2481 Lupicini
2568 2414 2825 2484 episcopi.

221 2488 342 2548 idus
371 2491 515 2557 Jan.,
542 2492 744 2562 Romae,
774 2496 1057 2567 Secundae,
1091 2500 1318 2558 Zoronre
1347 2512 1401 2560 et
1439 2505 1670 2561 militum
1694 2521 1808 2563 xu.

1919 2499 2096 2557 Pridie
2134 2501 2314 2560 Nonas
2352 2504 2508 2576 Feb.,
2560 2506 2700 2562 Foro
2732 2506 3024 2575 Semfroni,
3069 2506 3261 2565 Natale
3289 2507 3510 2575 Cimini,

297 2584 547 2654 Pictavis,
582 2586 854 2658 Depositio
876 2592 1049 2647 sancti
1074 2593 1261 2650 Hilarii
1295 2598 1648 2656 confessoris.
1989 2593 2186 2649 GelaSii
2218 2594 2410 2668 Magni.
2446 2596 2658 2667 Donati.
2701 2597 2899 2669 Τίωοί,
2930 2598 3084 2657 Filia?
3112 2600 3351 2671 episcopi
3390 2615 3514 2657 cum

223 2677 344 2734 XIX
381 2678 501 2734 Kal.
530 2679 832 2750 Februarii,
868 2682 1001 2740 Nola
1031 2685 1373 2759 Campanias,
1418 2691 1602 2749 Passio
1640 2692 1815 2751 sancti
1993 2683 2100 2740 “lia
2125 2698 2248 2741 Sua-

303 2771 521 2840 Felicis,
548 2774 718 2841 Pauli,
743 2776 972 2846 Succisi,
1005 2779 1285 2839 Vicini-ini.
1917 2775 2097 2834 Nonas
2145 2777 2328 2847 Febr.,
2386 2780 2436 2836 in
2490 2779 2697 2850 Sicilia,
2741 2781 3036 2849 Cathenas,
3082 2783 3269 2842 Passio
3312 2794 3515 2843 sancta:

223 2880 385 2939 XVIII
419 2884 539 2943 Kal.
570 2886 754 2958 Febr.,
786 2891 1389 2965 Antiochia,Depositio
1406 2898 1656 2956 Abbacuc
1687 2915 1813 2971 pro-

1989 2871 2215 2943 Agatha:
2270 2874 2546 2947 martyris.
2618 2875 2824 2933 Vienna
2873 2877 3148 2949 Depositio
3198 2877 3343 2936 Aviti
3404 2878 3514 2949 epis

293 2977 486 3048 phetae.
519 2981 703 3038 Remis
723 2984 961 3051 civitate,
1000 2987 1274 3059 Depositio
1312 2993 1483 3049 sancti
1533 2993 1803 3067 Remegii,
2240 3059 2279 3073 _
2314 3061 2330 3073 ,
2469 3061 2484 3073 _
2589 3063 2602 3073 _
2655 3064 2667 3073 _
2729 3064 2742 3073 _
2849 3062 2883 3073 ._
3058 3067 3062 3073 ,
3107 3065 3120 3073 .
3199 3064 3235 3073 _
3508 3054 3511 3055 ν

294 3071 529 3141 episcopi
578 3081 634 3129 ei
672 3075 1026 3135 οοητεεεοιιίε,
1083 3056 1096 3059 ⁷
1707 3056 1737 3067 “’
1788 3056 1800 3063 ”
1925 3056 2031 3113 VIII
2072 3058 2193 3114 Idus
2239 3059 2422 3130 Febr.,
2469 3061 2522 3118 in
2574 3063 2798 3131 Achaia,
2848 3062 3145 3135 Saturnini,
3198 3064 3509 3122 Revocataa.

1988 3148 2236 3205 Cassarea
2262 3151 2653 3223 Cappadociae,
2707 3153 2893 3211 Passio
2934 3155 3105 3211 sancti
3152 3156 3404 3214 Dorothei
3456 3165 3513 3214 et

222 3183 360 3297 XVII
397 3186 666 3297 Kalendas
721 3191 1045 3297 Februarii,“
1078 3201 1277 3297 Romae,
1333 3200 1609 3270 Depositio
1639 3204 1813 3261 sancti
1843 3229 1894 3297 α

484 3242 524 3292 ‘1
723 3242 1021 3295 ".““""
1078 3242 1277 3302 ""“,'“’
1333 3242 1609 3270 “"’"""""’
1639 3242 1894 3310 "'"f'G
1993 3242 2285 3313 Thiophili.

291 3277 525 3336 Marcelli
554 3296 797 3354 episcopi
824 3292 882 3341 et
912 3285 1262 3346 confessoris.
1313 3292 1552 3361 Arelate,
1588 3294 1818 3367 Deposi-
1918 3358 2012 3377 ’,η
2048 3358 2161 3377 nm
2201 3358 2241 3377 η
2276 3359 2335 3377 ,γ
2417 3361 2429 3373 ,
2511 3360 2550 3377 ,ι
2734 3362 2767 3377 ,ξ
2840 3360 2934 3377 ,τι
2975 3362 2988 3377 ,
3077 3365 3092 3377 ,
3188 3363 3220 3377 η
3340 3362 3353 3377 ,
3492 3364 3506 3376 ,

292 3370 371 3427 ﬁo
411 3376 581 3429 sane“
617 3375 875 3434 Honorati
904 3379 1162 3452 episcopi.
1537 3358 1546 3361 ’
1667 3358 1685 3367 “
1918 3358 2012 3416 VII
2048 3358 2170 3417 Idus
2201 3358 2383 3427 Febr.,
2416 3361 2472 3419 in
2511 3360 2799 3431 Britannis,
2838 3360 3024 3419 Natale
3066 3363 3223 3436 Aguli
3264 3362 3510 3437 episcopi
3549 3394 3564 3411 ι

1992 3452 2266 3521 Anatholi,
2291 3453 2539 3510 Amonis.

1920 3545 1987 3602 VI
2028 3545 2151 3602 Idus
2176 3546 2334 3602 Febr.
2368 3546 2424 3602 In
2455 3545 2601 3603 India
2631 3545 2871 3616 civitate,
2914 3546 3100 3604 Passio
3141 3548 3314 3604 sancti
3359 3546 3511 3603 Tho-

1991 3638 2095 3695 mei
2137 3639 2385 3709 apostoli.
2417 3639 2473 3704 In
2501 3640 2745 3696 Arminia
2776 3640 2997 3709 Minore,
3025 3639 3211 3697 Natale
3240 3640 3505 3713 Diunysii,

1988 3731 2256 3800 Oneliani,
2288 3731 2439 3788 Luci.
2471 3733 2747 3803 Depositio
2780 3734 2927 3789 Pauli
2964 3733 3223 3805 episc0pi.
3508 3804 3509 3807 η

1923 3823 1962 3879 V
2002 3823 2127 3880 Idus
2181 3823 2339 3893 Feb.,
2386 3824 2564 3881 Suevo
2594 3826 2735 3898 apud
2764 3824 3023 3899 Cyprum,
3054 3826 3240 3882 Natale
3269 3824 3507 3882 Alexan-

1990 3919 2095 3987 dri,
2121 3919 2293 3987 Pauli,
2319 3919 2581 3977 Dionusii.
2619 3921 2892 3991 Depositio
2914 3921 3184 3996 Priejecti.

1917 4013 1985 4071 IV
2026 4015 2145 4070 Idus
2168 4015 2354 4084 Febr.,
2376 4014 2583 4083 Romae,
2614 4028 2814 4075 sancta:
2836 4018 3082 4075 Sotheris
3105 4018 3348 4090 virginis.
3371 4020 3508 4078 San-

1987 4106 2161 4163 ctanis
2185 4108 2420 4175 civitate,
2453 4109 2626 4165 sancti
2671 4108 2889 4182 Trojani
2918 4112 3161 4184 episcopi
3208 4121 3264 4169 et
3310 4112 3507 4173 Baldo-

1988 4202 2178 4258 cundis
2206 4201 2517 4260 abbatissae.

1918 4293 1982 4350 Ill
2022 4293 2139 4352 Idus
2172 4293 2472 4366 Februarii,
2516 4296 2570 4353 in
2599 4296 2810 4368 Apulia,
2853 4297 3068 4368 Poenis,
3113 4299 3391 4358 Seul'raxi.
3440 4299 3501 4359 In

222 3476 340 3537 XVI
375 3481 495 3539 Kal.
528 3483 687 3554 Feb.,
716 3486 770 3543 in
802 3488 1098 3557 Thebaide,
1130 3495 1405 3566 Depositio
1430 3503 1601 3557 sancti
1637 3504 1813 3560 Anto-

291 3572 364 3628 nii
395 3577 663 3634 monachi.
698 3580 956 3638 Bituricas
985 3586 1227 3659 civitate,
1252 3592 1428 3646 sancti
1455 3593 1673 3665 Sulpicii
1701 3597 1813 3668 epi-

291 3668 462 3737 scopi.
509 3669 820 3743 Linguinis,
866 3675 1050 3732 Passio
1098 3690 1406 3739 sanctorum
1456 3685 1809 3745 Geminorum

292 3758 598 3835 Speusippi,
641 3765 932 3839 Leonellar,
978 3770 1227 3840 Junellae,
1266 3775 1495 3846 Neonis;
1528 3786 1586 3837 et
1626 3782 1813 3840 Deasci

294 3854 534 3922 civitate,
564 3857 841 3932 Depositio
867 3862 1103 3921 Marcelli
1128 3867 1390 3939 episcOpi.

224 3964 315 4024 KV
359 3971 470 4026 Kal.
504 3970 660 4043 Feb.,
682 3974 887 4041 Romae,
922 3977 1193 4036 Dedicatio
1212 3982 1485 4041 cathedra:
1506 3992 1675 4044 sancti
1708 3989 1812 4047 Pe-

296 4064 362 4118 tri
393 4065 640 4135 apostoli,
667 4069 755 4137 qui
791 4070 961 4137 primo
995 4071 1178 4128 Romae
1198 4075 1358 4131 sedit.
1388 4076 1593 4146 Romae,
1623 4083 1804 4140 sancti

294 4156 481 4223 Prisci,
537 4158 689 4229 Tyrsi
739 4168 797 4217 et
862 4161 1132 4221 Gallinici.
1179 4164 1433 4238 Turonis,
1486 4176 1813 4232 monasterio

299 4250 506 4322 Majori,
538 4252 809 4323 Depositio
834 4258 1007 4314 sancti
1031 4258 1296 4319 Leobardi
1317 4267 1664 4325 confessoris.

228 4363 340 4421 XIII
378 4366 498 4421 Kal.
532 4367 686 4437 Feb.,
719 4368 925 4440 Romae,
958 4374 1130 4431 sancti
1164 4376 1463 4435 Sebastiani
1506 4392 1563 4437 et
1592 4382 1811 4441 Fabiani
1989 4385 2299 4460 Campania,
2333 4363 2608 4447 Basiliani.

296 4467 618 4532 martyrum.
651 4460 931 4534 Lugduno,
962 4466 1255 4526 Clementis
1270 4473 1591 4546 presbyteri.
1916 4480 2096 4538 Pridie
2142 4482 2263 4539 Idus
2296 4482 2593 4553 Februarii,
2628 4485 2682 4540 in
2717 4485 2916 4555 Africa,
2969 4487 3233 4557 Damiani,
3262 4487 3317 4543 in
3352 4487 3502 4546 Italia

227 4569 317 4628 xu
359 4573 476 4631 Kal.
501 4575 658 4643 Feb.,
685 4576 894 4647 Romae,
924 4590 1123 4638 sanctae
1152 4585 1373 4657 Agnetis
1418 4589 1661 4662 virginis.
1707 4591 1811 4650 Ar-
1843 4644 1889 4662 ,,
1996 4575 2209 4645 Donati.
2243 4577 2496 4645 Herac'ii.
2528 4576 2818 4647 Vincentii.
2860 4580 3143 4637 Susanna?-

298 4669 496 4737 vernis,
542 4669 813 4741 Depositio
843 4644 1014 4730 sancti
1055 4644 1227 4733 Aviti.
1244 4644 1805 4757 episcopi,UVé—ppje;i—i,
1838 4644 1893 4708 Β
1916 4670 2040 4728 Idus
2060 4644 2246 4738 Febr.,
2271 4672 2600 4741 Nicomedia,
2625 4644 2811 4730 Passio
2835 4674 3052 4745 Iuliani,
3076 4674 3326 4731 Tulliani.
3360 4675 3505 4749 Lug-

298 4763 556 4831 Amerini,
584 4764 862 4822 Saturnini
1988 4767 2151 4833 duno,
2185 4766 2457 4837 Depositio
2488 4768 2629 4823 beati
2660 4767 2917 4838 Stephani
2949 4768 3216 4840 episcOpi.

227 4856 289 4915 ΧΙ
328 4858 444 4917 ΚθΙ-
498 4860 655 4930 Feb-9
709 4862 764 4918 in
804 4864 1039 4935 SpaniiS,
1076 4865 1274 4925 Valerii
1323 4871 1560 4942 episc0pi
1595 4881 1650 4930 ei,
1678 4875 1811 4932 Vin-
1916 4860 2034 4917 XVI
2073 4860 2338 4917 Kalendas
2375 4860 2569 4917 Martii.
2601 4861 2803 4926 Romae,
2841 4862 3025 4918 Passio
3052 4861 3321 4919 Valentini
3345 4878 3495 4920 mar-

291 4951 432 5008 centi
460 4951 671 5010 diaconi
711 4962 768 5010 et
796 4964 1097 5029 martyrum
1138 4975 1291 5028 xvm,
1336 4976 1459 5018 cum
1504 4966 1667 5023 sociis
1719 4983 1815 5025 eo-

1988 4956 2143 5027 tyris,
2179 4954 2450 5011 Felicolac.
2475 4956 2535 5010 In
2576 4954 2795 5024 Tuscia,
2837 4955 3043 5028 Spoleti
3071 4957 3309 5028 civitate,
3343 4958 3494 5016 Vita-

293 5062 433 5102 rum.
1992 5050 2080 5114 lis,
2114 5048 2338 5121 Cyrion,
2370 5050 2633 5105 Martiani.

223 5137 264 5193 Χ
305 5138 425 5193 Kal.
473 5138 630 5209 Feb.,
685 5140 742 5197 in
782 5140 1127 5213 Mauritania,
1181 5145 1368 5203 passio
1415 5147 1694 5206 Severiam
1754 5161 1810 5209 οε
1924 5141 2017 5199 XV
2057 5142 2177 5198 Kal.
2221 5143 2400 5213 Mart.
2434 5143 2740 5212 Antiochia.
2777 5144 2987 5217 Josippi
3016 5145 3251 5218 diaconi.
3282 5149 3505 5222 Apollo-

161 5254 173 5283 π
295 5231 501 5302 Aquila
529 5242 586 5289 et
623 5234 819 5291 uxoris
867 5235 1005 5309 ejus,
1039 5236 1245 5310 Eugeni
1292 5249 1347 5296 et
1400 5240 1658 5313 Machari,
1707 5244 1815 5302 Do-
1995 5235 2090 5300 nii.
2123 5235 2349 5293 Romani
2370 5248 2426 5295 et
2446 5247 2645 5294 sancta!
2666 5239 2889 5311 Agapae.
2921 5237 3162 5312 Virginis-

293 5324 425 5381 nati.
1255 5352 1269 5364 ~
1920 5330 2036 5388 XIV
2075 5331 2196 5388 Kal.
2243 5333 2422 5400 Mart,
2454 5333 2508 5391 in
2548 5333 2864 5403 Britanniis,
2906 5334 3169 5403 Faustini,
3222 5335 3500 5394 Viventiic.

218 5414 282 5469 IX
328 5414 447 5471 Kal.
504 5416 662 5485 Feb.,
717 5419 1023 5487 Antiochia,
1075 5420 1263 5478 Passio
1311 5425 1486 5482 sancti
1544 5428 1806 5502 Babyllae,
1994 5427 2049 5482 In
2080 5425 2335 5499 IEgypto,
2366 5424 2596 5494 Iuliani,
2629 5442 2753 5484 cum
2783 5426 3051 5500 Egyptiis
3072 5444 3297 5487 numero
3330 5432 3505 5487 vmil-

289 5525 410 5564 cum
449 5510 637 5569 tribus.
668 5512 818 5582 Pan,
844 5520 902 5572 et
920 5513 1165 5571 aliorum.
1199 5515 1431 5589 Eugeni,
1465 5519 1808 5597 Felicissimi,
1988 5521 2140 5576 lium.
3006 5518 3011 5521 ’

288 5604 583 5662 Saturnini.
1916 5614 2034 5671 XIII
2071 5614 2297 5673 Kalend.
2325 5616 2563 5687 Martias,
2589 5618 2642 5674 in
2665 5615 2867 5689 Africa,
2900 5616 3238 5687 Concordia},
3268 5619 3496 5693 Donati,

219 5694 331 5749 \‘Ill
371 5696 487 5753 Kal.
550 5697 708 5771 Feb.,
759 5700 1106 5773 Antmasius,
1162 5703 1419 5776 Sabinus,
1469 5708 1759 5768 Leodotins
1790 5756 1806 5781 ,
1987 5709 2155 5777 Casii,
2187 5709 2534 5767 Secundiani.

287 5786 610 5862 Thrugenis.
649 5790 855 5863 Romtc,
908 5794 1215 5858 Translatio
1242 5802 1415 5859 sancti
1468 5802 1615 5861 Pauli
1673 5823 1803 5879 apo-
1914 5801 2006 5859 XII
2049 5804 2163 5860 Kal.
2213 5805 2449 5875 Martias,
2482 5806 2537 5863 in
2583 5805 2784 5877 Africa,
2818 5805 3067 5875 Rutulos,
3112 5808 3336 5880 Silvani,
3367 5811 3496 5869 Dar-

289 5883 434 5938 stoii.
1984 5903 2102 5969 sici,
2133 5900 2445 5960 Secundini.
2480 5900 2751 5975 Depositio
2789 5901 3062 5965 Benedicti
3082 5904 3311 5967 abbatis.
