4076 6348
3476 352 3581 405 630

297 367 403 425 039
1395 365 1454 423 S.
1482 364 1863 423 DOMNOHJS.
1893 389 1963 405 --
1990 361 2074 417 DE
2101 362 2160 419 S.
2204 360 2547 419 DOMNOLO.

1441 480 1571 537 ch
1596 486 1758 535 oratio
1788 482 2161 550 postliminium
2189 481 2409 534 canitur.

371 573 665 643 laguiﬁcis
726 574 1073 647 miriﬁclsquo
1139 577 1471 633 orationibus
1524 590 1682 648 atque
1742 577 1967 633 meritis.
2000 587 2383 634 recensitorum
2443 574 2904 643 patriarcharum,
2983 570 3363 641 prophetarum
3420 573 3585 632 atque

291 669 682 739 apostatarum,
734 670 1195 743 plnrimorumque
1233 684 1549 745 martyrum,
1593 675 1677 729 vel
1723 674 2040 737 electorum,
2086 682 2247 742 atque
2281 672 2649 728 confessorum
2692 671 2953 736 omnium,
2996 667 3231 739 petimus
3259 672 3315 721 et
3341 676 3581 727 oramus,

291 772 356 819 ut
393 763 845 834 quemadmodum
884 780 1070 820 eorum
1121 767 1335 821 nomina
1378 768 1463 822 vel
1504 767 1817 821 memoriam
1848 767 1900 820 in
1940 766 2043 828 hoc
2076 766 2277 821 saeculo
2320 778 2621 819 memorare
2664 772 2721 819 et
2760 763 2989 818 recitare
3034 759 3458 829 frequentamus.
3506 752 3582 806 ita

286 862 455 925 atque
504 855 609 925 ipsi
647 871 744 924 pro
782 856 938 911 nobis
986 857 1037 910 in
1075 860 1253 927 regnis
1302 858 1613 913 caelestibus
1643 857 1954 912 all'ectuales
1998 872 2063 911 ac
2122 858 2353 927 privatas
2410 871 2595 925 preces
2642 855 2866 910 fundere
2908 854 3231 922 dignentur,
3282 858 3339 903 ut
3381 861 3412 911 a
3472 845 3584 911 Deo

290 946 506 1006 Veniam
549 956 605 1003 et
642 947 1026 1016 indulgentiam
1068 953 1360 1020 impetrare
1414 960 1574 1021 atque
1617 952 1893 1017 obtinere,
1937 958 1992 1005 et
2044 964 2227 1005 eorum
2276 948 2687 1003 desiderandatn
2728 957 2782 1003 et
2824 946 3183 1017 aspiciendam
3232 940 3467 1011 speciem
3523 943 3584 997 et

286 1039 515 1112 gloriam
570 1043 621 1096 in
653 1056 819 1110 regno
850 1042 945 1097 Dei
977 1044 1182 1111 videre,
1226 1052 1280 1099 et
1335 1044 1677 1114 congaudere
1727 1058 2063 1107 mercamur,
2124 1052 2409 1112 praestante
2449 1045 2675 1099 Doniino
2714 1052 2897 1098 nostro
2934 1041 3063 1097 Jesu
3104 1040 3339 1102 Christo,
3365 1036 3453 1094 cui
3497 1040 3587 1091 est

264 1130 487 1196 -Ιωυοτ,
531 1140 588 1187 et
632 1142 891 1202 potestas,
937 1146 994 1190 et
1032 1135 1314 1204 imperium
1361 1152 1461 1190 una
1504 1151 1625 1195 cum
1654 1136 1811 1191 Patre
1863 1143 2023 1207 atque
2070 1136 2272 1206 Spiritu
2312 1147 2496 1191 saneto
2542 1138 2597 1191 in
2627 1138 2821 1192 satcnla
2870 1136 3210 1190 smeulorutn.
3238 1133 3432 1189 Amen.

305 1284 638 1292 .——————___

305 1284 2740 1295 ______.__._______.____._____________

305 1275 3587 1339 mg

1563 1453 1728 1496 ANNO
1777 1444 2007 1496 00mm
2055 1454 2226 1495 DLxx
2239 1452 2316 1496 v1.
3544 1459 3550 1465 ·

514 1592 1674 1812 SANCTUS
1828 1595 3335 1850 DOMNOLUS,

838 1960 1684 2117 EPISCOPUS
1783 1959 3052 2105 CENOMANENSIS.

535 2282 859 2455 DE
994 2282 1956 2446 SANCTO
2096 2283 3347 2468 DOMNOLO,

1014 2544 1503 2627 EPISGOPO
1534 2548 2295 2664 CENOMAN‘E‘NSI,
2323 2549 2430 2629 IN
2465 2549 2861 2641 GALLIA,

1727 2704 1817 2781 (Ex
1846 2704 2138 2767 Bollandio.)

520 2923 551 2994 ᾗ
580 2922 620 2977 I.
650 2921 774 2985 Vita
791 2922 1002 2991 scripta,
1025 2921 1192 2981 cultus
1220 2936 1386 2988 sucu,
1405 2922 1656 2990 reliquie.
1912 2922 1959 2980 B
1985 2934 2014 2973 a
2043 2921 2250 2974 Joanne
2280 2921 2487 2974 Dardez
2518 2928 2856 2987 procuratum
2899 2930 2953 2978 et
2974 2937 3005 2978 a
3058 2922 3347 2980 Guilielmo
3375 2927 3586 2995 Quirini

256 3066 267 3069 -
362 3040 415 3097 Ι.
451 3040 595 3094 Inter
623 3036 910 3108 episcopos
934 3038 1375 3092 Cenomanenses
1406 3037 1458 3091 iu
1491 3035 1661 3091 Gallia
1709 3053 1883 3092 nonus

264 3135 514 3191 "habetur
533 3124 753 3187 saueius
778 3132 1070 3187 Domnolus
1092 3173 1105 3195 ,
1134 3132 1245 3186 sive
1270 3132 1543 3185 Donnolns
1560 3173 1576 3197 ,
1597 3132 1752 3200 cujus
1775 3132 1880 3186 for-

282 3228 364 3284 tia
381 3227 519 3282 facta
538 3233 593 3281 et
611 3226 866 3295 praeclara
889 3226 1129 3294 tropbtea
1145 3240 1265 3294 quae
1297 3225 1443 3278 novit
1464 3240 1556 3278 sua
1581 3232 1739 3280 mtate
1763 3240 1882 3296 per-

286 3329 490 3393 petrata
512 3308 765 3387 ,scripto
795 3318 1011 3386 reliquit
1033 3326 1223 3371 auctor
1252 3318 1411 3383 Vitae,
1445 3318 1533 3387 qui
1562 3332 1682 3372 cum
1714 3333 1778 3372 eo
1824 3318 1879 3373 in

284 3414 390 3469 huc
416 3413 537 3468 vitae
567 3411 813 3467 mortalis
844 3411 1276 3481 peregrinatione
1304 3410 1593 3479 plttrimum
1643 3426 1702 3465 se
1754 3426 1883 3467 con-

285 3517 552 3563 versatnm
578 3520 699 3561 esse
721 3506 1015 3561 testaturin
1045 3505 1286 3575 prologo,
1307 3505 1584 3574 additque,
1611 3521 1758 3560 num.
1790 3507 1879 3575 iii,

287 3616 347 3658 se
367 3615 569 3657 caecum
593 3601 709 3669 ejus
734 3598 939 3655 meritis
972 3598 1325 3652 illuminatnm
1359 3597 1553 3667 saepius
1579 3598 1779 3653 vidisse
1804 3608 1884 3653 at-

287 3710 391 3766 que
422 3696 491 3749 ab
524 3694 619 3748 illo
650 3694 800 3763 plura
828 3693 928 3747 alia
959 3691 1058 3746 viri
1091 3692 1261 3747 sancti
1294 3691 1547 3746 miracula
1581 3691 1837 3748 didicisse
1867 3712 1881 3760 ;

289 3802 343 3848 et
365 3791 463 3847 sub
486 3791 644 3845 finem
676 3789 871 3845 asserit
900 3802 1321 3859 cuergnmenum
1347 3788 1410 3840 ad
1434 3787 1739 3862 sepulcrum
1766 3788 1884 3857 ejus

288 3896 559 3953 sanatum,
592 3885 776 3939 multis
823 3883 977 3938 annis
1029 3897 1217 3937 sanum
1266 3895 1449 3935 secum
1500 3883 1879 3950 permansisse,

287 3979 398 4034 imo
450 3988 563 4033 tres
612 3992 810 4044 caecos,
846 3992 905 4031 se
951 3984 1282 4047 aspectante,
1334 3976 1451 4029 luce
1498 3976 1879 4045 redintegrata,

289 4073 585 4128 incolumes
614 4073 835 4139 abiisse,
865 4083 919 4128 et
942 4072 1139 4126 multos
1170 4073 1303 4125 alios
1335 4071 1535 4126 morbis
1567 4072 1795 4128 afﬂictos
1826 4089 1883 4128 se

288 4164 661 4235 conspiciente
689 4163 925 4229 venisse,
952 4178 1151 4233 eosque
1180 4163 1320 4217 beati
1354 4162 1449 4216 viri
1484 4164 1688 4217 meritis
1721 4179 1883 4219 sanos

286 4258 415 4314 inde
445 4257 702 4314 recedere
736 4258 955 4313 vidisse.
992 4259 1113 4312 Fuit
1161 4270 1339 4313 autem
1394 4258 1438 4313 is
1486 4273 1549 4313 ex
1598 4258 1884 4327 praecipuis

287 4338 531 4407 ecclesiae
560 4351 880 4406 cathedralis
912 4351 1261 4423 presbyteris,
1315 4352 1455 4405 unde
1501 4351 1741 4404 ecclesia:
1788 4366 1883 4406 no-

289 4455 415 4500 stra:
442 4445 578 4499 bona
609 4446 851 4501 restituta
879 4453 932 4499 et
959 4445 1110 4499 villas
1138 4445 1355 4508 indicat,
1393 4461 1540 4499 num.
1580 4446 1666 4507 ll,
1716 4445 1783 4499 15
1829 4457 1884 4503 et

292 4538 397 4605 18;
430 4541 709 4608 ipsamque
764 4538 936 4592 Vitam
985 4540 1220 4610 vulgavit
1271 4540 1369 4594 sub
1416 4540 1669 4609 auspiciis
1716 4540 1885 4595 sancti

292 4631 554 4686 Hadoindi
625 4632 885 4695 episcopi
931 4631 1373 4696 Cenomanensis,
1434 4633 1575 4686 inter
1620 4648 1778 4698 quem
1832 4642 1886 4689 et

288 4735 533 4779 sanctum
588 4725 908 4779 Domnolum
962 4725 1176 4779 fuerunt
1232 4712 1664 4797 ltadegisilus'et
1713 4728 1881 4782 lierti-

290 4832 565 4887 gratnnns.
622 4817 795 4872 Vitam
859 4819 1028 4871 sancti
1091 4818 1354 4874 lladnindi
1410 4819 1663 4876 dedimus
1731 4821 1882 4891 (Bol-

292 4910 461 4978 land.)
494 4910 545 4963 in
572 4909 831 4964 addendis
852 4910 917 4963 ad
940 4910 1011 4963 20
1034 4911 1171 4966 diem
1194 4912 1430 4967 Januarii
1464 4929 1583 4967 cum
1629 4913 1744 4983 ejus
1784 4914 1887 4969 Te-

288 5013 585 5070 stamento,
618 5004 667 5057 in
698 5019 825 5073 quo,
861 5019 1007 5059 num.
1043 5006 1095 5067 3,
1133 5006 1365 5060 basilica:
1393 5007 1562 5061 sancti
1596 5007 1883 5074 Vincentii,

292 5113 450 5167 quam
479 5099 519 5151 D
544 5098 768 5152 vmnolus
797 5106 1000 5153 sancta:
1042 5101 1425 5154 recordationis
1466 5103 1751 5173 episcopus
1789 5118 1887 5157 suo

294 5190 477 5244 labore
501 5191 816 5255 construxit,
842 5189 1005 5246 donat
1031 5192 1336 5260 pratellum,
1358 5178 1597 5262 juris’sui
1632 5180 1882 5267 villulam,

293 5286 455 5337 ntvcl
507 5280 632 5337 inde
682 5284 799 5349 ejus
849 5299 971 5351 erga
1020 5294 1263 5338 sauctnm
1307 5272 1627 5341 Domnolum
1669 5286 1887 5344 amictus

293 5384 452 5443 queat
479 5374 719 5451 agnosci,
758 5374 891 5429 Vitae
920 5375 1116 5446 stylum
1170 5378 1415 5431 nonnihil
1469 5394 1527 5433 se
1571 5380 1886 5435 emendasse
1961 5428 1965 5433 .

293 5460 369 5521 ait
400 5467 610 5532 Surius,
640 5483 801 5538 quam
830 5468 955 5522 inde
987 5470 1175 5522 damus
1206 5478 1390 5523 nostro
1441 5472 1601 5526 modo
1651 5473 1886 5527 illustra-

296 5569 486 5615 tamet
514 5548 841 5624 distinctam,
888 5562 1013 5631 quia
1056 5562 1389 5630 primogenio
1441 5562 1581 5634 styln
1630 5564 1887 5622 hactenus

296 5668 401 5708 non
434 5653 605 5723 potuit
634 5654 771 5719 apud
795 5654 1132 5708 Cenomanos
1153 5654 1399 5718 inveniri,
1428 5669 1616 5723 magna
1648 5655 1770 5711 licet
1791 5658 1887 5711 ad-

296 5746 460 5801 hibita
485 5745 782 5815 diligentia.
820 5746 974 5801 Hisce
1002 5744 1342 5816 adjungimns
1374 5745 1528 5800 aliam
1586 5746 1885 5804 breviorem

297 5838 474 5896 'Vitam
504 5854 569 5893 ex
598 5846 806 5893 vetusto
835 5838 1031 5893 Codice
1058 5837 1371 5892 monasterii
1408 5837 1682 5891 Anisolani
1726 5840 1882 5894 nobis

1988 3014 2378 3079 transmissam,
2413 3022 2638 3083 utroque
2673 3022 2870 3069 nostrze
2902 3017 3177 3071 societatis
3218 3019 3502 3075 sacerdote
3532 3008 3589 3080 et

1986 3106 2281 3160 studiorum
2333 3116 2639 3161 nostrorum
2688 3109 3079 3164 amantissimo.
3132 3111 3257 3165 Haec
3298 3111 3415 3166 Vita
3466 3122 3589 3182 post

1988 3200 2244 3267 priorem,
2262 3196 2416 3265 cujus
2442 3198 2704 3265 meminit,
2739 3198 2937 3269 scripta
2965 3209 3046 3255 est
3074 3214 3140 3254 eo
3170 3201 3504 3270 potissimum
3530 3211 3589 3263 ut

1987 3290 2359 3358 possessiones
2389 3290 2599 3344 collatae
2626 3292 2953 3345 monasterio
2987 3293 3156 3346 sancti
3188 3292 3453 3351 Vincentii
3486 3302 3580 3350 ac-

1984 3383 2220 3437 curatius
2248 3381 2658 3451 explicarentur.
2686 3384 2781 3439 Cui
2803 3385 3174 3454 subjungimus
3197 3397 3582 3448 testamentum

1987 3474 2157 3529 sancti
2191 3474 2433 3529 Domnoli
2468 3490 2561 3542 per
2590 3475 2803 3529 modum
2834 3477 3212 3533 obtestationis
3258 3479 3401 3535 circa
3454 3482 3586 3540 illud

1988 3572 2371 3626 monasterium
2402 3570 2556 3627 facta:
2599 3573 2744 3627 clero
2777 3573 3034 3627 Ecclesiae
3063 3589 3172 3629 suae
3196 3617 3210 3641 ,
3242 3576 3394 3644 cujus
3420 3586 3585 3633 testa-

1989 3665 2153 3718 menti
2180 3664 2407 3719 alterum
2452 3666 2727 3733 exemplar
2751 3666 2954 3734 pridem
2976 3666 3321 3733 habebamus,
3349 3669 3579 3725 alterum

1987 3772 2052 3810 ex
2090 3756 2188 3812 Ms.
2228 3756 2292 3812 R.
2321 3758 2378 3812 P.
2408 3758 2660 3813 Ludovici
2683 3759 2849 3815 Jacob
2873 3776 2899 3812 a
2929 3771 3116 3817 sancto
3140 3763 3350 3830 Carolo,
3376 3765 3581 3822 ordinis

1987 3850 2331 3907 Carmelitani
2363 3854 2662 3919 sacerdote,
2700 3854 2796 3923 ipsi
2830 3855 3049 3909 Parisiis
3075 3855 3475 3926 descripsimus.
3550 3880 3553 3881 ν

2059 3970 2110 4021 2.
2144 3966 2409 4023 Mortuum
2440 3981 2560 4022 esse
2585 3976 2824 4023 sanctum
2853 3968 3171 4024 Domnolum
3199 3968 3452 4039 Kalendis
3476 3970 3580 4041 De-

1989 4059 2219 4114 cembris
2248 4060 2487 4115 indicant
2515 4062 2666 4125 Acta,
2701 4061 2767 4115 ad
2798 4077 2955 4131 quem
3010 4061 3151 4117 diem
3200 4061 3339 4117 illius
3385 4063 3581 4135 festum

1989 4153 2350 4207 anniversaria
2380 4152 2692 4208 celebritate
2719 4153 2977 4208 recolitur
3008 4168 3037 4219 a
3062 4140 3582 4225 Cenomanensibus,

1989 4254 2043 4301 et
2069 4245 2350 4305 Sau8saius
2392 4247 2443 4303 in
2474 4248 2851 4319 Martyrologio
2883 4247 3163 4303 Gallicano
3197 4248 3298 4302 ista
3348 4248 3576 4303 scribit:

2001 4358 2020 4392 r
2056 4339 2380 4399 Cenomanis
2408 4339 2675 4411 depositio
2699 4342 2866 4397 sancti
2888 4342 3154 4413 Domnoli,
3176 4342 3418 4413 episcopi.
3438 4343 3583 4399 illius

1992 4432 2138 4503 urbis
2171 4441 2223 4487 et
2252 4430 2598 4498 confessoris,
2631 4433 2786 4504 cujus
2816 4432 2987 4503 eIOgia
3019 4450 3273 4503 expressa
3326 4445 3448 4488 sunt
3493 4434 3584 4489 die

1989 4524 2105 4594 ejus
2152 4524 2543 4592 ordinationis,
2594 4524 2796 4579 scilicet
2839 4526 2905 4597 tb’
2947 4524 3099 4595 Maii:
3147 4540 3248 4593 qua
3271 4524 3581 4589 dieibidcm

1989 4615 2271 4671 celebriori
2301 4616 2445 4670 cultu
2475 4616 2592 4682 ejus
2626 4624 2708 4668 est
2757 4614 2979 4668 illustris
3038 4614 3316 4668 memoria.
3360 4633 3377 4664 ι
3433 4613 3583 4669 Idem

1989 4706 2272 4761 Saussains
2320 4706 2386 4760 ad
2420 4707 2486 4760 t6
2516 4706 2664 4769 Maii,
2696 4713 2814 4773 post
2862 4705 3077 4771 longum
3131 4705 3433 4760 encomium
3476 4707 3584 4763 isu

1991 4797 2198 4852 habet:
2239 4816 2256 4848 ι
2300 4798 2438 4851 Abiit
2466 4797 2680 4866 quidem
2704 4797 2791 4849 vir
2820 4797 3036 4851 divinus
3086 4797 3152 4851 ad
3204 4811 3426 4867 superos
3468 4798 3579 4853 Ka-

1991 4890 2163 4946 lendis
2195 4889 2528 4954 Decembris,
2559 4904 2666 4956 quo
2689 4889 2776 4942 die
2805 4898 2861 4943 et
2890 4891 2942 4942 in
2987 4890 3155 4943 sacris
3204 4887 3579 4945 Cenomanen-

1992 4984 2064 5037 sis
2098 4983 2349 5037 Ecclesia:
2372 4982 2564 5037 tabulis
2592 4984 2849 5036 memoria
2877 4982 2994 5051 ejus
3015 4982 3200 5051 fulget,
3224 4984 3444 5053 proprio
3467 4982 3583 5038 cul-

1990 5082 2046 5130 tu
2077 5078 2410 5145 consignata.
2457 5077 2648 5131 Verum
2684 5076 2921 5132 Romana
2968 5059 3204 5131 omnium
3258 5086 3429 5132 mater
3477 5078 3584 5133 Ee-

1989 5170 2273 5225 clesiarum
2326 5170 2486 5225 hodie
2542 5184 2748 5225 sacram
2806 5171 2924 5241 ejus
2970 5186 3223 5226 coronam
3273 5180 3582 5238 veneratur,

1993 5263 2129 5317 tanti
2158 5263 2411 5317 antistitis
2439 5265 2855 5328 ordinationem,
2886 5275 2991 5319 etc.
3043 5285 3061 5317 ι
3096 5265 3291 5320 Verum
3324 5265 3468 5320 nulla
3495 5281 3584 5321 or-r

1989 5356 2279 5411 diuationis
2303 5358 2504 5411 mentio
2547 5358 2603 5411 lit
2643 5358 2695 5411 in
2746 5358 3125 5428 Martyrologio
3173 5358 3435 5426 Romano,
3492 5368 3586 5415 aut

1988 5452 2128 5520 apud
2158 5451 2448 5517 Molanum,
2483 5452 2814 5507 Galesinium
2865 5452 3137 5506 Camsinm
3191 5460 3247 5507 et
3291 5451 3446 5515 alios,
3488 5453 3585 5506 sed
3642 5466 3643 5469 ‘

1990 5545 2130 5599 nuda
2190 5547 2448 5600 meritoria
2481 5547 2795 5617 proponitur
2811 5546 2929 5603 .ltoc
2970 5545 3033 5598 lli
3063 5545 3201 5612 Maii,
3237 5546 3374 5615 apud
3405 5545 3581 5601 Ceno-

1990 5651 2196 5700 manos,
2229 5640 2399 5693 sancti
2429 5638 2672 5692 Domnoli
2704 5638 2960 5707 episcopi.
2994 5638 3121 5701 Nos,
3149 5638 3289 5709 quod
3310 5650 3363 5694 et
3383 5635 3597 5698 Surinsi’

1994 5730 2139 5794 fecit,
2166 5730 2283 5801 ejus
2305 5732 2466 5783 vitam
2494 5731 2559 5783 ad
2594 5730 2735 5784 hunc
2758 5731 2899 5785 diem
2932 5731 3141 5785 damus.
3176 5733 3408 5787 Joannes
3441 5734 3582 5787 Bon-

1990 5820 2276 5888 donnetus,
2291 5822 2594 5877 monasterii
2607 5824 2775 5876 sancti
2793 5819 3101 5879 Vincentii‘a
3114 5831 3300 5881 sancto
3316 5823 3581 5879 Domnulo
