4076 6348
261 377 361 433 635

1512 376 1602 433 DE
1643 373 1913 433 SANCTO
1951 374 2294 431 DOMNOLO.

3431 383 3538 438 θει

258 499 361 551 alio
388 494 687 553 Domonolo
710 501 859 564 gesta
883 492 950 549 ad
980 493 1122 549 hunc
1148 493 1609 549 Cenomanensem
1647 507 1838 563 perpe-
1862 494 1912 555 Α
1940 491 2161 547 ductum
2194 505 2316 547 esse
2342 500 2611 561 regestum
2641 492 2771 549 illud
2797 508 2967 566 usque
2992 496 3061 553 ad
3101 497 3360 556 domuum
3390 500 3533 557 Gau-

258 606 369 645 ram
404 588 829 655 transferuntur;
860 588 1019 659 idque
1047 604 1112 643 eo
1143 587 1371 656 facilius,
1396 602 1502 658 quo
1528 588 1706 643 notior
1726 594 1841 643 erat

255 682 491 738 amicitia
523 697 643 752 qua:
672 681 815 737 inter
864 692 1108 738 sanctum
1154 681 1472 737 Domnolum
1514 692 1568 737 et
1598 690 1840 737 sanctum

232 778 579 841 Germanum
610 777 919 848 episcopum
960 777 1317 833 Parisiensem
1350 778 1670 834 intercessit.
1702 777 1839 845 Quid

215 860 396 941 ’quod
429 872 501 926 ibi
528 881 747 927 sanctus
782 871 1080 928 Domnulus
1109 882 1370 928 statuatur
1396 872 1621 943 alicujus
1664 872 1843 940 prodi-
1894 930 1899 942 .

252 965 415 1020 tionis
438 980 580 1028 reus,
612 965 702 1032 qui
725 964 941 1020 nuntios
964 964 1182 1022 Clotarii
1206 965 1347 1036 regis
1370 966 1436 1019 ad
1458 966 1840 1035 speculandum

252 1057 450 1111 missos
499 1055 739 1112 crebrius
789 1057 1110 1112 occulebat?
1156 1057 1471 1127 Hujusmodi
1520 1072 1648 1113 sane
1688 1059 1840 1127 culpa

251 1152 372 1205 viro
410 1159 517 1204 tam
567 1160 756 1205 sancto
804 1166 910 1205 non
951 1150 1162 1206 videtur
1200 1160 1346 1206 recte
1398 1150 1577 1206 tribui.
1623 1150 1844 1207 Accedit

250 1242 399 1311 quod
426 1253 612 1296 auctor
637 1240 961 1306 Vitm,dicat,
988 1242 1306 1313 jampridem
1340 1242 1649 1299 defunctum
1679 1243 1843 1299 fuisse

250 1331 476 1388 beatum
507 1333 873 1389 Innocentium
900 1349 1022 1391 cum
1054 1336 1400 1392 Cenomanos
1429 1338 1573 1392 venit
1605 1339 1841 1393 Domno-

248 1426 361 1492 lus,
394 1427 620 1482 necdum
649 1428 756 1483 alio
784 1427 836 1483 in
867 1427 983 1499 ejus
1021 1428 1196 1485 locum
1228 1430 1535 1501 subrogato.
1563 1430 1671 1485 Imo
1704 1432 1842 1487 Bon-

248 1522 519 1577 donnetus
548 1523 748 1594 aliique
777 1526 1070 1594 scriptores
1108 1527 1566 1593 Cenomanenses,
1601 1529 1842 1600 allegatis

248 1616 479 1669 vetustis
503 1615 842 1679 chartulariis
868 1617 1054 1674 dicunt
1083 1633 1150 1674 ex
1173 1619 1237 1674 iis
1260 1619 1446 1676 haberi
1473 1621 1840 1678 Scienfredum

250 1708 569 1777 quemdam,
618 1712 709 1780 qui
741 1721 952 1767 mortuo
984 1714 1298 1769 Innocentio
1328 1717 1512 1771 sedem
1563 1718 1837 1783 invaserit,

248 1817 347 1857 seu
382 1805 557 1872 potius
590 1804 844 1862 Ecclesia:
888 1807 1009 1875 jura
1039 1823 1104 1864 ac
1144 1811 1303 1875 bona,
1347 1811 1545 1881 quippe
1573 1815 1661 1881 qui
1705 1828 1840 1867 nuu-

250 1909 413 1964 quam
441 1910 501 1951 se
541 1897 891 1953 ordinandum
922 1901 1227 1969 curaverit;
1266 1904 1406 1959 unde
1442 1905 1642 1960 factum
1684 1905 1753 1959 sit
1781 1916 1839 1961 ut
1867 1899 1915 1961 Β

247 1992 306 2047 in
328 1993 559 2048 concilio
582 1995 953 2055 Aurelianensi
982 2015 1032 2062 v,
1060 2011 1200 2053 anno
1226 1998 1557 2054 Childeberti
1580 1999 1669 2063 38,
1696 1999 1840 2055 Chri-

248 2083 320 2138 sti
370 2083 508 2153 547,
573 2086 764 2140 vicinis
803 2088 1051 2144 omnibus
1094 2090 1363 2159 episc0pis
1406 2090 1839 2158 comparentibus

248 2189 349 2244 per
370 2191 430 2232 se
450 2186 541 2231 aut
561 2179 757 2233 missos
778 2194 929 2246 suos,
963 2182 1110 2237 solus
1135 2182 1363 2238 defuerit
1388 2182 1837 2253 Cenomanensis;

246 2282 409 2338 quem
434 2269 554 2325 inde
574 2270 832 2339 colligunt
854 2283 981 2328 tunc
1002 2274 1204 2329 nullum
1233 2274 1417 2329 fuisse.
1442 2275 1696 2341 Optarent
1723 2292 1841 2345 pro-

248 2358 377 2415 duci
423 2360 743 2416 chartnlaria
766 2436 769 2439 _
792 2363 877 2417 illa
916 2379 978 2417 ex
1014 2365 1207 2434 quibus
1240 2364 1585 2421 Scienfredus
1617 2366 1718 2421 iste
1744 2381 1835 2421 co-

243 2455 555 2526 gnoscitur,
594 2470 717 2510 nam
747 2469 814 2511 ex
842 2456 1069 2526 publicis
1092 2458 1220 2522 illis,
1244 2457 1288 2511 si
1318 2459 1550 2529 genuina
1588 2468 1731 2524 sunt,
1762 2459 1837 2514 in-

244 2547 560 2603 strumentis
590 2546 747 2618 longe
768 2547 964 2603 certius
986 2548 1194 2604 deliniri
1214 2550 1407 2619 poterit
1423 2550 1683 2620 cujusque
1714 2551 1836 2620 epi-

245 2639 396 2707 scopi
416 2648 642 2709 tempus,
659 2656 815 2710 quam
834 2655 899 2695 ex
917 2643 1116 2696 incerta
1138 2651 1469 2712 posterorum
1490 2646 1798 2711 conjectura
1818 2662 1831 2698 :

245 2731 365 2799 qui,
393 2738 450 2785 ut
476 2732 630 2802 longa
651 2747 912 2788 annorum
942 2734 1110 2803 spatia
1137 2734 1317 2804 paucis
1342 2735 1611 2806 episcopis
1634 2737 1831 2804 imple-

246 2833 387 2890 rent,
408 2841 544 2895 quos
564 2826 769 2881 scilicet
792 2828 934 2883 solos
955 2838 1235 2893 noverant,
1261 2828 1499 2898 pluribus
1530 2831 1667 2884 forte
1692 2828 1836 2884 obli-

249 2917 402 2974 vione
420 2918 627 2988 deletis,
655 2920 807 2990 longa
840 2919 949 2975 illis
974 2922 1143 2990 spatia
1168 2936 1426 3008 annorum
1457 2923 1829 2992 assignavere.

320 3034 373 3089 7.
414 3033 504 3089 Sic
553 3035 605 3089 in
656 3044 867 3104 regesto
906 3035 1227 3103 pontiﬁcalis
1270 3036 1527 3092 Ecclesiae
1556 3037 1829 3091 Cenoma-

250 3128 434 3182 nensis
465 3142 568 3181 ms.
592 3142 759 3197 usque
783 3127 848 3181 ad
874 3144 1069 3183 annum
1104 3128 1311 3183 Domini
1340 3127 1498 3195 1255,
1533 3128 1832 3184 habentur:

255 3235 274 3269 ι
312 3218 471 3273 Gesta
502 3218 683 3273 domni
733 3218 1061 3285 Innocentis,
1094 3217 1470 3275 Ceuomanicae
1524 3222 1670 3276 urbis
1719 3222 1835 3291 epi-

249 3310 419 3374 κομί,
438 3311 535 3380 'qui
561 3310 659 3364 fuit
683 3312 1014 3380 temporibus
1062 3314 1329 3367 Anastasii
1378 3289 1834 3382 imperatoris—et
1862 3289 1908 3351 (ἶ

249 3400 515 3457 Clodovaei
544 3404 700 3472 primi
726 3403 1056 3460 Francorum
1088 3406 1227 3477 regis
1256 3404 1572 3472 Christiani,
1603 3418 1657 3461 et
1684 3406 1833 3463 Chil—

250 3492 457 3548 deberti
512 3494 603 3549 ﬁlii
653 3493 794 3565 ejus,
836 3514 854 3547 ι
890 3497 1193 3566 diciturque
1224 3498 1365 3567 quod
1399 3516 1416 3550 ι
1451 3499 1591 3554 sedit
1621 3501 1670 3553 in
1706 3515 1838 3568 prat-

251 3583 393 3639 dicta
424 3584 552 3641 sede
587 3601 757 3641 annos
805 3588 874 3642 45
922 3602 1138 3643 menses
1169 3588 1235 3642 10
1258 3589 1375 3643 dies
1402 3588 1504 3656 ‘25,
1532 3600 1585 3644 et
1630 3591 1756 3646 fecit
1785 3591 1837 3646 in

252 3678 363 3748 ipsa
414 3678 784 3735 ordinationes
836 3680 1251 3752 quinquaginta;
1305 3681 1645 3752 presbyteros
1693 3684 1837 3738 enim

253 3773 585 3824 consecravit
636 3770 762 3836 518,
820 3780 875 3827 et
920 3773 1109 3827 levitas
1163 3783 1323 3844 atque
1380 3773 1514 3828 alios
1566 3775 1840 3831 ministros

253 3874 508 3935 quantum
560 3880 781 3922 necesse
821 3868 939 3921 fuit.
980 3887 999 3920 ι
1035 3868 1235 3922 Deinde
1268 3878 1583 3939 sequuntur
1618 3887 1636 3919 ‹
1676 3868 1836 3925 Gesta

253 3956 437 4011 domui
465 3958 731 4027 Domnoli,
762 3957 1138 4014 Cenomanica:
1170 3960 1318 4016 urbis
1345 3961 1603 4032 episcopi,
1628 3966 1713 4032 qui
1745 3964 1843 4018 fuit

255 4051 587 4120 temporibus
642 4052 837 4106 ultimis
889 4052 1219 4108 Childeberti
1274 4064 1328 4110 et
1394 4053 1617 4110 Clotarii
1680 4066 1841 4127 atque

256 4144 429 4212 primo
484 4154 723 4214 tempore
772 4145 1062 4216 Chilperici
1097 4146 1187 4201 lilii
1220 4147 1387 4217 ipsius
1441 4149 1694 4217 Clotarii,
1750 4152 1841 4221 qui

254 4235 468 4293 fuerunt
498 4254 651 4308 reges
674 4239 1037 4306 Francorum;
1086 4260 1104 4293 ι
1144 4252 1197 4296 et
1245 4242 1441 4297 dicitur
1471 4243 1611 4313 quod
1647 4262 1665 4295 ι
1703 4243 1843 4300 sedit

254 4328 311 4386 in
339 4332 595 4403 praedicta
621 4332 751 4387 sede
771 4347 940 4386 annos
964 4332 1052 4398 46,
1080 4348 1292 4389 menses
1316 4335 1404 4401 II,
1429 4333 1546 4389 dies
1561 4334 1652 4402 24,
1677 4342 1733 4390 et
1762 4334 1842 4391 fe-

254 4425 334 4482 cit
358 4428 727 4485 ordinationes
757 4431 1115 4501 septuaginta,
1135 4431 1485 4504 presbyteros
1511 4430 1639 4498 560,
1663 4434 1843 4489 diaco-

256 4536 356 4577 nos
378 4522 508 4587 250,
544 4532 596 4577 et
620 4524 858 4594 reliquos
885 4525 1158 4580 ministros
1192 4524 1544 4585 sufficienter.
1587 4545 1605 4579 ι
1641 4526 1845 4584 Simili-

258 4621 340 4668 ter
369 4614 420 4667 in
451 4614 726 4670 Addendis
744 4616 807 4670 ad
832 4616 903 4670 28
919 4616 1157 4671 Januarii
1183 4617 1520 4672 exhibuimus
1539 4616 1836 4689 (Bolland.)

1941 583 2135 637 fridum
2166 584 2234 639 de
2265 583 2542 649 Lauduno,
2566 601 2686 640 cum
2711 602 2816 657 quo
2852 586 3064 643 desinit.
3092 588 3204 645 Hoc
3222 599 3400 647 autem
3429 608 3529 663 po-

1941 676 2079 744 sito,
2108 692 2444 746 consequens
2472 678 2632 733 etiam
2657 679 2794 735 foret
2825 689 2991 735 totum
3023 696 3146 737 esse
3174 684 3530 753 compositum

1943 770 2044 825 sub
2073 770 2191 840 ejus
2222 785 2540 827 successore
2568 773 2768 828 domno
2793 773 3079 830 Guilielmo
3103 774 3330 841 Rotaud,
3353 791 3530 835 sacu-

1942 863 1995 918 Io
2026 881 2143 934 xnt,
2169 865 2321 936 juxta
2365 882 2484 923 eam
2514 886 2633 939 quae
2678 880 2803 925 tunc
2834 872 3131 928 habebatur
3168 875 3297 930 satis
3338 876 3531 934 vitiosa

1944 957 2275 1014 Francorum
2308 976 2493 1031 regum
2535 963 2969 1035 chronologiam;
2993 974 3047 1020 et
3086 982 3339 1023 numeros
3366 950 3536 1025 anno-

1943 1068 2086 1120 rum,
2115 1055 2377 1109 tuansium
2403 1097 2415 1120 ,
2443 1054 2648 1110 dierum
2670 1099 2683 1123 ,
2716 1056 2911 1126 cuique
2948 1056 3279 1129 episcopatui
3308 1058 3537 1117 attribu-

1945 1153 2155 1213 tormn;
2192 1146 2282 1217 qui
2326 1158 2382 1201 ut
2434 1149 2824 1217 posterioribus
2872 1151 3083 1206 szeculis
3132 1154 3263 1206 certi
3314 1151 3535 1222 fuerint,

1949 1256 2058 1295 non
2091 1250 2176 1297 est
2204 1242 2464 1299 credibile
2488 1258 2581 1299 eos
2608 1259 2761 1313 atque
2781 1254 2956 1301 certos
2982 1244 3146 1300 fuisse
3176 1260 3269 1301 sex
3298 1246 3381 1300 vel
3411 1256 3537 1302 octo

1946 1334 2216 1403 prioribus
2245 1352 2257 1389 :
2293 1335 2401 1390 imo
2432 1351 2530 1406 pro
2561 1336 2746 1406 primis
2780 1337 2970 1393 saltem
3002 1336 3169 1408 gratis
3197 1352 3319 1394 esse
3345 1338 3538 1393 deﬁni-

1946 1434 2029 1480 tos
2080 1442 2183 1481 nou
2233 1426 2405 1481 solum
2434 1443 2631 1483 censeo
2659 1443 2783 1499 ego,
2829 1428 2923 1485 sed
2953 1437 3008 1485 et
3058 1429 3459 1497 Bondonnetus,
3485 1439 3538 1486 et

1945 1520 2307 1577 verisimiliter
2335 1523 2424 1576 alii
2455 1523 2592 1593 apud
2617 1521 2952 1579 Cenomanos
2978 1524 3171 1579 eruditi
3206 1523 3325 1578 viri.

2017 1637 2071 1694 8.
2107 1638 2161 1694 In
2205 1638 2468 1694 Domnulo
2497 1648 2647 1694 certe
2685 1639 2736 1694 id
2783 1639 2982 1694 clarqu
3009 1648 3114 1709 est,
3145 1640 3232 1694 cui
3275 1638 3399 1694 anni
3430 1641 3539 1696 fere

1945 1732 2321 1803 quadringinta
2367 1743 2573 1802 septem
2605 1734 2912 1789 tribuuntur
2953 1733 3021 1787 ab
3062 1733 3539 1802 ultimistempori-

1946 1825 2045 1879 bus
2075 1826 2427 1892 Childeberti,
2454 1828 2545 1897 qui
2568 1826 2701 1881 obiit
2729 1841 2869 1881 anno
2895 1828 3044 1895 regni
3069 1824 3159 1892 49,
3182 1824 3386 1881 Christi
3407 1825 3533 1893 558,

1944 1933 2109 1996 usque
2169 1918 2337 1986 prima
2387 1930 2628 1989 tempora
2684 1921 2996 1991 Chilperici,
3056 1923 3144 1991 qui
3194 1922 3356 1990 erepit
3395 1936 3537 1977 anno

1942 2012 2140 2069 Christi
2173 2014 2293 2067 561.
2328 2013 2545 2068 Interim
2593 2030 2734 2070 anno
2787 2014 3119 2071 Childeberti
3151 2016 3290 2087 regis
3338 2017 3407 2072 50
3438 2017 3537 2072 ba-

1943 2107 2051 2161 bita
2082 2116 2164 2161 est
2196 2104 2435 2177 synodus
2464 2106 2869 2162 Aurelianensis
2897 2124 2971 2175 tv,
2998 2109 3082 2163 cui
3116 2110 3455 2165 Innocentius
3482 2110 3536 2166 in

1941 2198 2138 2255 Christi
2166 2199 2387 2254 nomine
2429 2201 2719 2269 episcopus
2746 2201 2976 2258 civitatis
3006 2201 3379 2257 Cenomanicaa
3407 2216 3536 2257 cono

1941 2298 2183 2350 sen~itet
2225 2295 2563 2364 subscripsit,
2609 2295 2746 2350 adeo
2776 2304 2831 2349 ut
2866 2295 2951 2351 hic
3005 2297 3247 2352 fortassis
3274 2312 3382 2352 non
3411 2307 3533 2354 ante

1940 2403 2140 2442 aunmu
2172 2386 2278 2441 546
2331 2388 2623 2443 excesserit
2679 2403 2710 2442 e
2753 2388 2911 2443 vivis.
2938 2388 3102 2459 Cujus
3151 2389 3324 2444 locum
3364 2390 3409 2445 si
3440 2388 3534 2445 ali-

1940 2496 2100 2551 quam
2132 2480 2315 2535 multis
2338 2481 2492 2534 anuis
2536 2481 2708 2534 tenuit
2740 2495 3007 2551 nunquam
3039 2481 3319 2537 ordinatus
3339 2482 3531 2539 Scien-

1941 2574 2141 2639 fredus,
2166 2582 2415 2642 poterunt
2442 2573 2589 2628 initia
2612 2574 2878 2643 Domnoli,
2900 2574 3079 2651 potius
3100 2590 3257 2646 quam
3288 2575 3428 2642 ﬁnis,
3449 2591 3533 2631 re-

1943 2668 2070 2722 ferri
2103 2668 2168 2722 ad
2212 2668 2382 2738 prima
2425 2677 2664 2738 tempora
2701 2667 2989 2738 Chilperici
3024 2686 3036 2724 :
3070 2684 3167 2741 pro
3207 2686 3314 2739 quo
3351 2678 3529 2726 tamen

1942 2762 2146 2818 rectius
2194 2766 2520 2818 scriberetur
2547 2778 2743 2819 nomen
2800 2764 2980 2820 fratris
3023 2765 3347 2836 Chariberti,
3380 2767 3528 2822 Pari-

1939 2858 2117 2911 siense
2142 2872 2389 2928 regnum,
2423 2858 2523 2912 sub
2547 2872 2654 2929 quo
2680 2857 2973 2913 Cenomani
2998 2867 3175 2926 erant,
3204 2869 3325 2929 post
3344 2858 3528 2916 Clota-

1941 2952 2007 3006 rii
2052 2952 2217 3021 patris
2266 2960 2493 3006 mortem
2526 2952 2839 3021 obtinentis,
2864 2953 3003 3007 sicut
3039 2967 3260 3022 regnum
3286 2952 3530 3009 Suessio-

1941 3061 2108 3101 nense
2136 3047 2410 3100 obtinebat
2432 3045 2785 3115 Chilpericus.
2818 3044 3023 3102 Poterit
3052 3047 3213 3102 etiam
3234 3045 3313 3103 sic
3335 3062 3523 3104 verum

1942 3153 2083 3208 esse,
2116 3138 2255 3205 quod
2284 3138 2528 3207 Gregorii
2571 3138 2904 3193 Turonensis
2945 3140 3317 3209 interpolator,
3342 3148 3529 3203 auctor

1943 3246 2048 3284 non
2080 3230 2293 3301 quidem
2319 3229 2678 3296 ﬁdelissimus,
2711 3230 2806 3309 sed
2829 3240 3006 3288 tamen
3033 3232 3272 3302 pluribus
3312 3234 3526 3290 saeculis

1944 3322 2214 3392 antiquior
2242 3332 2477 3391 rege-sto,
2525 3322 2593 3376 de
2645 3321 2910 3377 Domnolo
2939 3323 3177 3393 scripsit,
3208 3334 3321 3393 post
3347 3326 3530 3397 viginti

1946 3416 2073 3468 duos
2087 3415 2406 3485 episcopatus
2419 3432 2579 3468 annos
2593 3429 2961 3470 successorem
2983 3417 3281 3484 postulasse
3299 3427 3350 3470 et
3367 3418 3527 3488 impe-

1944 3516 2134 3563 trasse.
2151 3507 2309 3562 Certe
2329 3508 2494 3577 prima
2516 3508 2634 3578 ejus
2658 3506 2846 3561 notitia
2865 3522 3007 3561 anno
3020 3507 3220 3563 Christi
3238 3507 3341 3563 567
3365 3509 3526 3567 inve-

1946 3600 2089 3653 nitur
2114 3600 2164 3653 in
2189 3598 2396 3669 synodo
2413 3598 2713 3656 Turonensi
2743 3614 2802 3666 ιι,
2824 3600 2905 3652 cui
2934 3615 2965 3653 ιι
2990 3597 3291 3654 vKalendas
3314 3600 3527 3656 Decem-

1946 3694 2067 3757 bris,
2099 3693 2412 3749 Charibetto
2442 3709 2639 3747 annum
2676 3702 2888 3747 sextum
2920 3701 3198 3763 regnante,
3229 3694 3529 3764 subscripsit

1945 3786 2252 3851 Domnulus,
2283 3799 2521 3856 peccator
2549 3786 2817 3854 episwpus
2839 3783 3082 3839 Ecctesire
3108 3783 3527 3840 Cenomanensis.

2016 3880 2294 3934 Obtulerat
2311 3878 2430 3933 huic
2456 3880 2661 3951 synodo
2683 3878 2963 3947 epistolam
2989 3888 3168 3932 sancta
3192 3878 3534 3950 Redegundis

1945 3974 2146 4043 regina,
2181 3986 2283 4042 qua
2315 3972 2466 4041 petiit
2488 3971 2709 4025 tutelam
2744 3982 2800 4025 et
2841 3971 3186 4026 stabilitatem
3216 3971 3533 4030 institutae:

1945 4081 2005 4121 se
2053 4064 2479 4135 congregationi,
2513 4079 2672 4135 quam
2702 4066 3087 4119 confirmarunt
3115 4075 3328 4119 sanctus
3367 4065 3533 4121 Dom-

1949 4160 2101 4215 nolus
2130 4160 2327 4229 aliique
2350 4159 2591 4230 episc0pi
2619 4159 2839 4214 decreto
2860 4173 2980 4224 suo,
3011 4158 3152 4228 quod
3181 4167 3359 4215 exstat
3391 4159 3533 4231 apud

1945 4252 2260 4322 Gregorium
2313 4251 2709 4317 'I‘uronensem,
2759 4252 2851 4305 lib.
2903 4266 2953 4305 Ix
2991 4250 3127 4306 Hist.
3182 4251 3531 4321 Francorum,

1946 4361 2066 4414 cap.
2099 4343 2189 4400 59.
2219 4345 2361 4399 Inter
2400 4345 2682 4414 episcopos
2706 4345 2799 4415 qui
2830 4352 2953 4400 tunc
2993 4343 3355 4401 interfuerunt
3392 4347 3536 4403 dicto

1946 4438 2175 4492 concilio
2205 4438 2501 4492 'l‘uronensi
2538 4436 2632 4491 fuit
2662 4436 2815 4491 Felix
2845 4438 3129 4507 episcopus
3152 4436 3531 4506 Natmeteusis,

1946 4532 2011 4585 ad
2038 4546 2196 4601 quem
2228 4540 2404 4585 exstat
2426 4544 2614 4598 poema
2648 4529 2925 4583 Fortunati
2953 4530 3190 4599 episcopi
3223 4530 3531 4587 Pictavien-

1947 4624 2044 4691 sis,
2072 4624 2146 4678 lib
2177 4640 2254 4687 ιιι,
2289 4639 2437 4677 num.
2471 4623 2525 4689 (5,
2551 4623 2620 4677 de
2652 4621 2998 4677 Dedicatione
3024 4622 3264 4677 ecclesia:
3291 4638 3425 4693 suae,
3448 4624 3533 4681 cui

261 4725 286 4761 s
318 4708 473 4764 Gesta
492 4710 672 4764 domui
700 4711 987 4777 Haduindi,
1012 4711 1385 4768 Cenomanica:
1408 4714 1553 4768 urbis
1576 4714 1835 4784 episcopi,
1870 4692 1921 4754 Ῐ)
1946 4729 2187 4773 sanctum
2217 4716 2534 4772 Domnolum
2559 4714 2867 4770 interfuisse
2892 4714 2996 4770 hoc
3026 4730 3188 4770 versu
3210 4718 3454 4773 meminit
3479 4737 3494 4774 :

255 4802 347 4873 qui
392 4801 492 4857 fuit
536 4804 721 4859 ultimo
769 4814 1010 4875 tempore
1039 4804 1259 4861 Clotarii
1304 4808 1395 4862 ﬁlii
1435 4807 1742 4878 Chilperici,
1786 4819 1842 4865 et

259 4901 502 4964 tempore
548 4895 829 4965 Dagoberti
876 4896 969 4951 filii
1011 4898 1262 4964 Clotarii,
1304 4909 1355 4954 et
1388 4899 1559 4965 primo
1598 4908 1839 4968 tempore

260 4984 531 5040 Clodovazi
564 4986 656 5041 filii
681 4987 924 5057 ejusdem
960 4988 1248 5059 Dagoberti
1278 5008 1290 5042 :
1334 5008 1353 5042 ι
1383 4990 1536 5045 Circa
1562 4990 1720 5045 ﬁnem
1745 5004 1837 5045 au-

261 5085 368 5132 tem
396 5080 654 5135 asseritur
682 5081 853 5151 quodt
892 5080 1031 5136 sedit
1056 5082 1106 5135 in
1125 5084 1379 5152 praedicta
1402 5083 1531 5138 sede
1557 5098 1727 5137 annos
1749 5083 1842 5151 30,

260 5188 475 5229 menses
496 5176 585 5238 It,
614 5176 729 5230 dies
768 5175 858 5231 9.5.
898 5195 916 5229 ι
947 5177 1136 5246 Operae
1170 5178 1396 5246 pretium
1428 5188 1575 5233 esset
1596 5179 1724 5234 illud
1756 5196 1844 5236 re-

217 5258 469 5335 ‘gestutn
519 5268 783 5337 integrum
817 5270 932 5325 dari
971 5269 1024 5323 in
1059 5270 1254 5336 lucem,
1298 5281 1406 5326 tum
1441 5282 1661 5342 propter
1694 5274 1842 5343 plura

256 5362 591 5432 singulorum
611 5365 983 5433 episc0porum
1002 5372 1149 5432 gesta
1162 5364 1444 5434 subjuncta
1464 5366 1842 5434 instrumenta,

256 5453 681 5509 Cenomanensis
713 5454 951 5509 historia:
991 5453 1333 5509 fundamenta
1367 5464 1421 5510 et
1454 5457 1713 5525 principia
1736 5456 1847 5513 for-

255 5559 350 5599 san
385 5546 734 5601 vehementer
765 5546 1114 5611 illustratura,
1146 5561 1245 5600 nec
1290 5563 1396 5600 non
1437 5548 1653 5617 reliqua:
1684 5549 1845 5606 Galli-

254 5653 404 5692 cana:
436 5640 673 5693 historiae
718 5638 1309 5712 magnumjsubsidium
1340 5640 1601 5705 allatura;
1633 5652 1742 5696 tum
1774 5642 1841 5697 ad

254 5730 594 5785 commodius
631 5731 973 5800 judicanllum
1005 5733 1072 5787 de
1110 5732 1367 5800 singulis;
1410 5732 1665 5787 nonnulla
1694 5735 1839 5789 enim

256 5834 405 5875 certo
440 5821 745 5875 adulterata
798 5829 923 5876 sunt
966 5832 1057 5876 aut
1106 5823 1327 5876 omnino
1368 5822 1569 5877 flctitia.
1618 5822 1837 5878 Interim

260 5912 751 5984 prcsumorolicot,
784 5928 890 5984 quo
918 5915 1061 5985 ston
1089 5925 1324 5983 coeptum
1364 5924 1468 5983 est,
1500 5917 1688 5973 eodem
1716 5932 1837 5987 per.

2044 4832 2305 4881 Domnolus
2332 4813 2408 4880 hic
2431 4830 2818 4895 fulgetmeritis,
2848 4830 3171 4895 Matacharius
3191 4833 3325 4895 inde,

2100 4895 2221 4943 Jure
2246 4896 2503 4944 sacerdotii
2529 4893 2684 4942 cultor
2714 4901 2930 4956 uterque
2954 4893 3070 4944 Dei.

1994 4977 2334 5047 ,Chariberto
2387 4991 2514 5047 rege
2564 4975 2888 5031 Parisiorum
2944 4985 3155 5035 mortuo
3190 4980 3290 5035 sub
3334 4996 3534 5039 artuum

1949 5072 2074 5135 57d,
2115 5069 2409 5124 Cenomani
2450 5068 2665 5124 fuerunt
2694 5069 2795 5124 sub
2821 5070 3080 5139 regimine
3107 5071 3399 5142 Chilperici
3426 5074 3539 5130 fra-

1948 5165 2044 5220 tris
2066 5165 2182 5233 ejus
2210 5164 2351 5233 regis
2377 5162 2750 5230 Suessionum,
2780 5164 2934 5235 cujus
2964 5165 3113 5236 regni
3145 5180 3287 5223 anno
3313 5168 3539 5239 II,'pri-

1946 5258 2034 5312 die
2061 5256 2240 5313 Nonas
2270 5256 2462 5321 Martii,
2497 5256 2548 5313 id
2573 5268 2656 5313 est
2685 5273 2828 5313 anno
2844 5259 2971 5326 572,
3002 5262 3415 5318 instrumentum
3436 5277 3537 5334 pro

1952 5352 2275 5407 monasterio
2300 5360 2607 5407 sanctorum
2643 5352 2905 5407 Vincentii
2935 5361 2991 5408 et
3021 5353 3327 5421 Laurentii,
3354 5355 3534 5427 signa-

1952 5461 2059 5503 tmu
2090 5458 2174 5504 est
2195 5448 2263 5503 ab
2292 5449 2408 5519 ipso
2441 5447 2725 5517 Domnolo,
2764 5459 2818 5503 et
2842 5463 2871 5501 a
2903 5456 3092 5503 sancto
3121 5447 3395 5505 Germano
3422 5449 3539 5521 epi-

1947 5557 2113 5612 scopo
2139 5540 2447 5609 Parisiensi,
2472 5542 2574 5597 sub
2593 5554 2793 5595 annum
2816 5539 2922 5595 576
2949 5541 3056 5594 vita
3089 5539 3295 5597 functo.
3329 5541 3413 5597 Ab
3435 5544 3539 5600 hoc

1947 5645 2127 5691 autem
2160 5636 2518 5690 instrumento
2534 5632 2806 5688 diversum
2838 5631 3053 5687 videtur
3082 5632 3134 5688 id
3170 5634 3312 5702 quod
3339 5635 3526 5692 citatus

1945 5731 1997 5786 in
2025 5730 2141 5785 Vita
2173 5731 2430 5794 broviori,
2459 5742 2609 5782 num.
2639 5726 2693 5793 4,
2723 5736 2781 5782 ιιι
2822 5727 3018 5782 factum
3054 5744 3149 5799 pro
3180 5729 3370 5785 eodem
3414 5746 3527 5787 mo-

1944 5821 2176 5878 nasterio
2202 5840 2213 5875 :
2244 5824 2364 5893 quia
2409 5831 2737 5877 memoratus
2768 5821 3175 5890 Bondonnetus,
3203 5840 3261 5891 p.
3285 5821 3416 5893 268,
3449 5840 3533 5881 as-

1942 5914 2073 5971 serit
2101 5918 2201 5969 hoc
2231 5930 2352 5971 esse
2380 5915 2649 5986 signatum
2687 5914 2853 5973 Nonis
2903 5916 3259 5987 Septembris,
3288 5933 3433 5977 anno
