4076 6348
202 360 325 420 ω

1770 356 1954 419 "Et.

3405 362 3511 427 038

200 473 398 531 ~trierat
443 470 705 543 Moore
750 484 857 525 non
898 466 1148 523 tardarit.
1180 466 1319 524 Nam
1362 479 1431 525 et.
1464 476 1588 525 ante
1637 469 1815 526 dictus
1841 475 1892 535 Α
1919 473 2126 530 derunt
2158 473 2466 543 pristinum.
2496 475 2724 548 Sepuito
2744 481 2925 534 suum
2955 489 3043 549 eo.
3069 490 3170 547 per
3188 476 3510 541 eiectionem

212 573 442 637 sanctus
462 561 801 630 Leonardus,
832 574 1177 632 praenoscens
1203 559 1459 618 divinitus
1478 562 1650 618 sancti
1675 578 1807 634 pett,-

174 662 179 667 ’
216 660 381 717 silicis
422 660 736 724 adventum,
784 655 1039 728 praeepit
1084 654 1339 711 fratribus
1386 664 1444 710 ut
1470 655 1542 711 ad
1576 655 1697 727 eius
1730 657 1809 712 in-

183 818 192 828 ,
226 768 473 827 gressum
498 769 559 809 se
585 759 967 823 praepararent,
997 759 1048 806 et
1093 750 1275 823 digne,
1306 759 1365 806 ut
1391 752 1661 807 seniorem
1709 752 1809 807 Do-

224 850 357 905 mini
388 848 693 920 pontificem
724 847 969 916 decebat,
1000 864 1123 903 eum
1152 849 1510 921 susciperent,
1538 860 1591 906 et
1630 851 1809 906 omnia

220 944 523 1001 necessaria
555 942 941 998 ministrarent.
988 940 1245 1003 indicavit
1274 944 1437 1000 etiam
1465 944 1722 999 fratribus
1750 958 1809 1000 se

215 1038 338 1107 ipsa
359 1036 468 1102 die,
497 1046 783 1106 postquam
812 1036 1066 1106 pmfatus
1088 1036 1323 1107 pontifex
1351 1052 1501 1092 suam
1530 1038 1641 1093 Deo
1660 1051 1809 1095 cem-

192 1126 532 1183 .mendasset
554 1127 809 1192 animam,
829 1128 894 1181 de
926 1127 1123 1183 mulo
1148 1128 1437 1183 exiturum.
1475 1128 1807 1185 Adveniente

214 1236 437 1292 quoque
455 1236 557 1276 suo
571 1220 849 1292 episcopo,
872 1221 1098 1293 ejusque
1117 1210 1351 1279 animam
1372 1225 1804 1291 eormnendante,

216 1328 347 1369 mox
398 1314 623 1369 Domino
653 1329 803 1377 suam
849 1324 1086 1373 sanctam
1127 1316 1360 1371 animam
1401 1315 1651 1375 reddidit.
1688 1316 1805 1386 Quo

210 1405 475 1463 defuncto
520 1407 647 1462 dum
689 1416 875 1463 sancta
924 1408 1040 1478 eius
1071 1410 1309 1465 membra
1343 1412 1690 1480 portabantur
1737 1410 1803 1464 ad

214 1500 507 1565 tumulum,
528 1500 653 1555 caeci
684 1508 965 1570 tangentes
989 1500 1105 1569 ejus
1126 1502 1426 1557 vehiculum
1452 1502 1624 1558 visunt
1653 1516 1806 1558 rece-

1556 1690 2269 1991 ῗῖῗῖ

1915 584 2100 627 eorum
2147 572 2558 641 monachorum,
2604 582 2826 654 sanctus
2874 573 3167 631 Domnulus
3220 591 3385 632 ttuunt
3437 592 3506 635 ex

1914 665 2047 731 ipsis
2077 665 2177 721 sibi
2208 668 2487 722 constituit
2510 676 2566 722 et
2603 666 2873 727 ordinavit
2902 666 3152 722 abbatem
3182 682 3196 721 ι
3228 668 3318 737 qui
3342 682 3513 739 usque

1896 756 1971 813 .in
2002 758 2320 821 hodiernum
2350 761 2494 817 dietn
2523 760 2770 815 eamdem
2816 759 2922 813 sub
2968 766 3153 819 sancta
3208 758 3510 829 religione,

1917 850 2237 918 disponente
2285 861 2343 908 et
2369 854 2653 908 ordinante
2694 852 2974 921 episcopo,
3005 852 3263 919 gubernat
3286 860 3342 907 et
3377 851 3515 919 regit

1914 944 2187 1003 cellulam.
2226 964 2243 997 ι
2281 944 2406 999 Haec
2435 945 2525 1002 ibi.
2560 945 2691 1015 Qum
2720 946 2903 1010 etiam,
2938 941 3032 999 sed
3063 951 3360 1008 commta,
3403 945 3504 1005 ita-

1915 1036 2005 1091 bet
2022 1036 2324 1093 Bernartius
2341 1036 2604 1093 Guidou'ts
2617 1037 2905 1107 episcopus
2922 1033 3274 1097 Ludoveusis,
3304 1032 3512 1097 tumuli

1911 1130 1981 1185 de
2013 1130 2146 1185 Vitis
2177 1130 2519 1185 Sanctorum.
2569 1129 2744 1187 Locus
2776 1129 2922 1195 .olim
2952 1128 3268 1200 Veudopera
3311 1128 3509 1195 dictus,

1910 1240 2054 1281 nunc
2076 1242 2104 1287 a
2136 1236 2320 1281 sancto
2359 1226 2641 1282 Leonardo
2669 1243 2864 1282 nomen
2899 1228 3081 1292 habet,
3116 1227 3251 1282 situs
3277 1225 3347 1279 ad
3372 1225 3504 1281 Sar-

1911 1326 2020 1374 tam
2070 1320 2286 1376 [luvium
2310 1321 2364 1376 in
2398 1320 2663 1378 decanatu
2679 1321 2991 1391 Fruneasi,
3025 1333 3213 1379 versus
3258 1318 3492 1375 conﬁnia

1918 1413 2285 1475 Normattnite.

474 2084 899 2177 SANCTI
962 2086 1514 2183 DOMNOLI
1551 2124 1581 2175 s
1658 2083 2575 2172 CENOMANENSIS
2628 2084 3170 2185 EPISCOPI
3205 2130 3237 2177 9

894 2273 1267 2339 AUCTORE
1311 2274 1832 2336 PRESBYTERO
1875 2273 2441 2337 CENOMANENSI
2483 2275 2797 2338 COJEVO.

823 2502 1207 2571 PROLOGUS.

186 2654 189 2657 ‘
289 2639 345 2697 1.
381 2637 596 2697 Iunctae
616 2649 669 2696 et
690 2639 976 2696 individua:
992 2640 1267 2697 Trinitatis
1294 2640 1417 2698 freti
1445 2640 1673 2709 auxilio,
1699 2654 1810 2695 Oili-

218 2734 481 2805 niumque
509 2745 813 2790 sanctorum
846 2737 1093 2805 precibus
1124 2735 1261 2806 fulti,
1298 2748 1406 2792 tum
1455 2737 1615 2791 etiam
1668 2752 1809 2798 prae-

190 2827 524 2885 -cedentium
550 2827 768 2881 Patrum
798 2830 1001 2883 incitati
1031 2829 1255 2897 studiis,
1290 2830 1518 2897 denique
1560 2844 1810 2883 reveren-

212 2920 429 2978 dissimi
472 2920 715 2991 praesulis
744 2924 916 2977 nostri
949 2922 1181 2977 Haduiui
1212 2922 1428 2978 hortatu
1468 2924 1805 2989 continuati,

214 3012 517 3070 beatissimi
547 3013 758 3084 patroni
791 3015 956 3069 nostri
1008 3014 1251 3070 Domnoli
1274 3057 1290 3081 ,
1323 3013 1695 3070 Cenomanicn
1722 3029 1806 3068 ur-

212 3108 299 3166 bis
327 3107 580 3179 episcopi,
615 3108 777 3163 vitam
806 3107 1090 3177 illustrem,
1118 3111 1405 3165 multorum
1432 3110 1647 3164 utilitati
1678 3122 1807 3181 pro-

211 3202 475 3265 futuram,
506 3200 623 3271 ipso
655 3201 813 3257 nobis
843 3203 1171 3273 opitulante,
1204 3203 1541 3259 scribendam
1570 3204 1804 3274 suscipi-

214 3309 358 3350 tnus.
408 3292 525 3348 Non
574 3294 715 3349 enim
768 3311 953 3350 sumus
1005 3296 1169 3351 nescii
1216 3296 1487 3351 veteribus
1532 3297 1581 3351 id
1630 3295 1807 3351 studio

214 3386 381 3444 fuisse
429 3397 485 3442 ut
513 3402 623 3444 sua:
652 3390 827 3444 aetatis
855 3405 1105 3461 egregios
1137 3393 1279 3446 viros
1308 3392 1635 3460 scriptorum
1681 3405 1808 3445 suo-

216 3491 336 3537 rum
365 3480 705 3535 monimentis
741 3482 806 3535 ad
836 3492 1169 3553 posterorum
1200 3484 1441 3537 notitiam
1469 3483 1795 3538 transmitte

216 3581 360 3639 rent,
388 3588 574 3627 eorum
609 3575 862 3643 praeclare
892 3574 1031 3629 dicta
1058 3583 1113 3631 et
1141 3576 1275 3631 facta
1308 3584 1400 3631 aut
1444 3575 1638 3631 litteris
1666 3589 1801 3630 con-

217 3667 521 3738 signarent,
575 3678 664 3722 aut
714 3668 934 3739 picturis
998 3669 1377 3739 exprimenda.
1434 3677 1525 3724 aut
1579 3668 1672 3723 aeri
1720 3668 1803 3722 in-

216 3760 506 3829 bculpenda
528 3801 543 3827 ,
593 3760 677 3816 vel
712 3762 997 3816 marmoris
1024 3774 1266 3832 spectato
1294 3777 1458 3832 apere
1500 3774 1799 3831 repraesen°

218 3854 379 3910 tanda
424 3862 695 3911 curarent.
743 3854 1005 3910 Putabant
1049 3856 1190 3911 enim
1243 3872 1300 3911 se
1344 3870 1528 3925 operae
1572 3856 1797 3925 pretium

216 3945 473 4011 facturos,
506 3947 551 4002 si
574 3962 675 4018 qua
704 3948 758 4003 in
791 3948 879 4018 iis,
912 3949 995 4004 vel
1023 3948 1143 4004 aliis
1174 3948 1350 4014 utilia,
1384 3949 1467 4003 vel
1496 3948 1802 4018 cognitione

217 4042 408 4111 digna,
439 4040 522 4095 vel
567 4042 633 4096 ad
682 4042 1032 4098 imitationem
1065 4043 1324 4113 prteclara
1354 4042 1686 4109 viderentur,
1736 4056 1798 4096 ea

218 4149 312 4190 sua
342 4133 601 4190 industria
630 4144 685 4190 et
716 4136 897 4191 labore
924 4136 1151 4206 posteris
1182 4136 1579 4192 iunotescerent
1607 4152 1620 4188 :
1646 4144 1702 4189 ut
1730 4137 1800 4189 ita

215 4240 389 4297 neque
421 4241 519 4281 suo
541 4227 734 4281 sacule
759 4228 918 4283 alieni
943 4244 971 4282 a
993 4228 1169 4284 studio
1188 4228 1460 4299 religionis
1484 4237 1535 4283 et
1564 4228 1797 4297 pietatis,

216 4334 390 4389 neque
410 4334 535 4390 erga
567 4321 930 4390 posteritatem
965 4336 1150 4391 parum
1174 4320 1401 4377 ofﬁciosi
1424 4328 1793 4377 censerentur.

214 4412 367 4480 Quod
394 4413 438 4467 si
469 4427 595 4468 vero
626 4412 726 4469 hoc
756 4414 993 4484 plerique
1023 4429 1089 4470 ex
1121 4413 1227 4469 illis
1259 4430 1365 4469 non
1395 4415 1557 4469 modo
1596 4416 1647 4468 in
1679 4427 1803 4468 san-

215 4517 352 4573 ctos,
381 4507 477 4563 sed
508 4507 669 4563 etiam
706 4508 758 4563 in
789 4508 1047 4579 quosdam
1079 4509 1212 4565 alios
1243 4511 1374 4578 ipsis
1401 4510 1592 4564 charos
1622 4509 1796 4564 itumi-

217 4616 312 4657 nes
343 4602 689 4659 declararunt
719 4620 734 4657 :
768 4613 970 4674 quanto
1002 4604 1172 4675 magis
1202 4619 1301 4659 nos
1331 4604 1593 4675 sagaciter
1630 4613 1682 4659 et
1708 4618 1799 4659 ac-

214 4704 401 4751 curate
448 4705 755 4751 sanctorum
803 4711 890 4753 res
936 4708 1116 4769 gestas
1166 4697 1488 4769 investigare
1529 4705 1690 4767 atque
1735 4696 1800 4751 ad

215 4786 439 4842 aliorum
465 4800 675 4858 quoque
696 4787 934 4842 notitiam
962 4788 1200 4857 proferre
1217 4788 1497 4855 debemus,
1526 4798 1579 4841 ut
1607 4802 1800 4843 eorum

225 4884 499 4954 provocati
528 4883 789 4953 exemplis
830 4881 1179 4954 doctrinaque
1208 4883 1476 4938 informati
1503 4883 1567 4938 ad
1612 4898 1672 4938 ea
1703 4897 1802 4936 nos

222 4990 437 5045 semper
462 4974 824 5041 intendamus,
856 4992 974 5047 qucc
1026 4978 1135 5031 sint
1156 4988 1304 5047 grata
1329 4985 1384 5031 et
1410 4984 1627 5046 accepta
1654 4976 1803 5029 Deo?

181 5066 191 5102 έ
218 5067 531 5125 Cavendum
562 5077 712 5125 certe
741 5069 898 5124 nobis
926 5077 1009 5124 est
1038 5083 1106 5124 ne
1137 5068 1365 5123 militum
1396 5067 1597 5122 Christi
1649 5066 1805 5121 fortia

223 5161 367 5218 facta
422 5172 478 5217 et
527 5162 781 5231 prtrclara
832 5162 1100 5232 trophaaa,
1153 5176 1213 5217 ea
1262 5161 1557 5232 praesertim
1616 5159 1808 5230 quibus

180 5312 181 5315 η
221 5263 409 5319 nostra
435 5262 595 5311 atate
619 5252 857 5323 insignes
881 5263 936 5313 et
965 5254 1204 5315 illustres
1226 5253 1402 5322 fuere,
1433 5252 1634 5313 silentii
1678 5268 1801 5309 car-

215 5361 342 5402 cere
388 5360 730 5417 premamus;
774 5346 868 5401 sed
902 5345 1079 5414 potius
1124 5355 1384 5416 quantum
1431 5345 1522 5400 ille
1569 5344 1798 5410 dederit,
1829 5323 1883 5386 D

214 5439 307 5509 qui
335 5446 421 5495 est
447 5448 635 5493 auctor
664 5439 839 5493 omnis
881 5435 1031 5505 boni,
1081 5437 1170 5508 qui
1202 5451 1295 5493 ora
1327 5445 1597 5492 mutorum
1618 5437 1806 5510 aperit

184 5540 269 5601 ,σι
296 5531 504 5603 linguas
527 5529 809 5594 infantium
839 5530 1074 5588 disertas
1097 5530 1245 5597 facit,
1291 5546 1410 5602 qua:
1442 5530 1652 5601 possint
1678 5543 1803 5586 suc-

212 5624 526 5680 cessoribus
551 5623 749 5679 nostris
790 5637 912 5681 esse
955 5620 1112 5688 usui,
1156 5636 1219 5680 ea
1249 5622 1334 5678 vel
1365 5622 1621 5681 mediocri
1667 5621 1808 5693 styio

182 5714 641 5770 “cottscribatnus.
700 5713 812 5768 Etsi
861 5723 1039 5770 autem
1091 5727 1190 5769 nos
1218 5714 1482 5784 ejusmodi
1511 5714 1659 5783 operi
1703 5712 1800 5767 imo

184 5880 187 5885 ,
216 5818 374 5885 Pares
399 5819 519 5877 esse
544 5820 649 5865 ιιυη
679 5805 1220 5885 ignoramusmuippe
1248 5807 1442 5876 quibus
1471 5814 1556 5861 est
1582 5803 1804 5879 ingenii,

219 5898 545 5971 “inuenti.
564 5908 617 5959 et
635 5899 1198 5992 eruditionis‘augm
1217 5900 1546 5972 suppetias),
1563 5907 1807 5964 utptmen

1836 2505 2081 2572 Bisatius
2130 2504 2247 2566 fore
2288 2505 2528 2571 arbitrati
2577 2520 2797 2579 smnus,
2832 2506 2916 2575 vel
2963 2505 3179 2575 exiliter
3220 2507 3404 2577 dicere

1913 2612 2082 2666 pauca
2113 2612 2231 2671 qua
2254 2600 2522 2665 novimus,
2556 2613 2714 2667 quam
2745 2612 2864 2655 cum
2897 2612 3054 2663 servo
3086 2599 3235 2673 pigro
3274 2609 3328 2659 et
3354 2598 3500 2665 ἀθεί-

1910 2692 2089 2767 diose,
2141 2706 2237 2762 pro
2268 2700 2478 2751 retenta
2512 2691 2722 2747 Domini
2757 2690 3007 2767 pecunia,
3056 2692 3109 2749 in
3140 2692 3500 2763 damnationis

1910 2783 2202 2849 discrimen
2232 2784 2444 2849 adduci.
2479 2782 2611 2851 Qum
2638 2785 2796 2856 igitur
2826 2785 2891 2843 ab
2917 2785 3022 2845 illis
3048 2785 3261 2859 egregie
3304 2800 3495 2859 perne—

1912 2884 2043 2940 irata
2076 2884 2221 2943 sunt,
2250 2892 2348 2941 nos
2375 2876 2499 2937 licet
2520 2876 2739 2951 indigni,
2775 2876 2966 2945 saltem
3017 2887 3312 2951 utcumque
3335 2893 3497 2943 corn.-

1908 2983 2286 3033 tuetnoremus.
2317 2967 2501 3038 Neque
2527 2969 2669 3033 enim
2704 2967 2754 3023 id
2786 2968 3013 3025 facimus
3041 2980 3226 3029 nostra
3273 2971 3493 3039 temeri;-

1910 3070 2016 3121 tate
2042 3060 2280 3129 adducti,
2317 3062 2434 3137 sed,
2466 3072 2523 3115 ut
2548 3061 2658 3133 jam
2690 3070 2815 3123 ante
2845 3062 3047 3127 dictum
3076 3074 3158 3131 est
3181 3105 3199 3135 ,
3226 3065 3499 3135 voluntate

1910 3165 1964 3211 et
1987 3156 2240 3219 mandato
2271 3155 2557 3221 venerandi
2589 3155 2858 3226 pontiﬁcis
2904 3157 3071 3215 nostri
3119 3156 3376 3230 Haduini,
3406 3160 3498 3228 qui

1912 3264 2007 3305 nos
2040 3250 2337 3307 beatissimi
2372 3248 2619 3315 Domnoli
2649 3249 2887 3323 episcopi
2908 3251 3071 3307 vitam
3092 3248 3252 3325 jussit
3276 3249 3355 3319 vel
3376 3249 3497 3315 rudi

1907 3357 2133 3397 exarare
2156 3341 2315 3413 styio.
2339 3340 2523 3411 Cujus,
2550 3350 2803 3419 tanquam
2828 3341 2976 3401 urbis
2996 3349 3195 3407 nostra:
3218 3341 3496 3411 antistitis,

1899 3434 2127 3511 jussioni
2154 3435 2379 3495 libenter
2401 3450 2604 3501 rnorem
2625 3444 2890 3509 gerentes,
2925 3436 3039 3502 ejus
3073 3434 3184 3501 fulti
3209 3435 3479 3511 precibus,

1906 3529 1972 3581 ad
2000 3527 2343 3585 scribendum
2374 3542 2470 3583 nos
2492 3528 2853 3600 accingimus;
2886 3527 3199 3599 suppliciter
3232 3527 3491 3591 invocan-

1907 3633 1984 3679 tes
2032 3622 2328 3678 beatissimi
2373 3620 2617 3687 Domnoli
2670 3620 3022 3681 habitatorem
3068 3619 3329 3690 Spiritum
3372 3634 3497 3683 san-

1903 3725 2074 3784 ctum,
2107 3724 2163 3779 ut
2194 3715 2281 3785 qui
2316 3715 2389 3781 illi
2422 3713 2651 3793 gratiam
2684 3713 2901 3787 largitus
2926 3723 3009 3772 eat
3031 3712 3283 3773 miracula
3315 3722 3369 3775 et
3398 3712 3496 3772 ad-

1906 3806 2174 3874 ntirandas
2198 3805 2441 3883 patrandi
2484 3806 2708 3860 virtutes
2739 3804 2893 3861 nobis
2935 3805 3145 3875 copiam
3196 3804 3393 3871 tribuat
3437 3814 3495 3861 et

1828 3910 1873 3973 ο
1909 3901 2213 3959 facultatem
2237 3914 2327 3955 eas
2357 3897 2643 3975 narrandi,
2670 3898 2737 3951 ad
2768 3896 2983 3961 laudent
3011 3905 3064 3955 et
3089 3898 3316 3975 gloriam
3343 3912 3496 3955 suam

1908 4004 1961 4061 et
2006 3992 2246 4051 ﬁdelium
2290 3991 2706 4053 aedificationem
2739 4010 2750 4046 :
2782 4001 2839 4047 ut
2885 3991 3022 4049 facta
3053 3990 3233 4057 eximii
3286 3992 3496 4062 patroni

1908 4086 2107 4155 nostri,
2135 4085 2181 4143 si
2235 4098 2411 4141 tamen
2445 4085 2495 4141 id
2524 4084 2640 4140 fieri
2692 4092 2891 4161 potest,
2932 4084 3092 4140 dictis
3121 4099 3487 4156 exsequemus,

1906 4179 1994 4251 qui
2024 4193 2144 4233 cum
2174 4191 2241 4243 eo
2268 4177 2320 4232 in
2366 4176 2463 4230 hac
2496 4178 2617 4232 vita:
2648 4177 2887 4243 mortalis
2917 4168 3353 4253 peregrinatione
3387 4177 3496 4247 μω.

1907 4273 2099 4330 rimmn
2128 4272 2428 4339 conversati
2449 4285 2635 4327 sumus
2662 4289 2675 4325 :
2702 4286 3005 4355 quanquam
3036 4286 3165 4331 sane
3193 4280 3355 4326 tantae
3378 4271 3496 4341 ejus

1908 4368 2128 4423 virtutes
2159 4374 2281 4421 sunt
2337 4374 2394 4419 ttt
2422 4380 2543 4419 eum
2569 4379 2664 4435 pro
2693 4364 2949 4434 dignitate
2995 4364 3211 4429 laudare
3254 4363 3483 4437 humana

1908 4459 2164 4533 fragilitas
2208 4473 2543 4532 nequaquam
2575 4460 2761 4525 possit.
2805 4460 2938 4513 Cum
2981 4459 3050 4511 sit
3094 4467 3271 4511 autem
3302 4456 3443 4510 aliud
3470 4496 3485 4522 ,

1910 4562 2045 4607 teSIe
2093 4551 2218 4605 divo
2267 4551 2623 4622 Hieronymo,
2689 4548 2821 4602 locis
2862 4547 3230 4601 communibus
3273 4544 3494 4622 laudare

1906 4643 2239 4708 defunctum,
2272 4652 2328 4697 et
2353 4620 2494 4705 aliud
2526 4637 2760 4695 defuncti
2799 4638 3043 4710 proprias
3074 4652 3298 4693 narrare
3326 4620 3491 4693 virtu]-

1909 4746 2017 4803 tes;
2060 4750 2160 4789 nos
2190 4734 2289 4789 hoc
2329 4731 2648 4802 opusculum
2673 4730 2739 4785 ad
2783 4730 3041 4784 bonorum
3080 4726 3382 4797 exemplum
3428 4728 3497 4782 ab

1910 4830 2003 4887 illo
2031 4839 2273 4899 tempore
2303 4825 2720 4897 au5picabimur,
2745 4837 2850 4894 quo
2882 4837 2978 4877 nos
3000 4822 3236 4892 glorioso
3263 4822 3497 4881 adventu

1909 4938 2007 4978 suo
2056 4922 2331 4978 illustrare
2354 4964 2368 4990 ,
2421 4920 2808 4990 nobiscumque
2838 4934 3053 4974 mam-re
3081 4934 3145 4975 ex
3181 4919 3273 4991 Dei
3317 4917 3496 5001 provi-

1911 5013 2088 5070 dentia
2118 5011 2293 5067 'ussus
2322 5020 2423 5066 est.

2423 5122 2651 5181 CAPUT
2695 5121 2986 5179 PRIMUM.

1913 5246 2020 5311 lter
2040 5260 2342 5312 romanum;
2370 5244 2690 5319 episcopatus
2722 5240 3154 5305 Cenomanensis;
3194 5237 3500 5309 monasteria

2546 5322 2848 5367 constructa.

1979 5431 2037 5486 2.
2081 5430 2262 5500 Itaque
2288 5428 2635 5485 beatissimus
2667 5427 2982 5493 Domnulus,
3027 5423 3147 5478 urbi
3173 5420 3498 5477 Cenomani-

1910 5540 1988 5580 ca:
2031 5522 2326 5578 dominatus
2357 5523 2641 5593 episcopus
2663 5560 2679 5588 ,
2710 5520 2963 5574 virtutum
3009 5517 3248 5571 omnium
3281 5514 3503 5569 ﬂoribus

1912 5617 2212 5683 redimitus,
2243 5615 2297 5670 in
2347 5616 2449 5670 alia
2498 5618 2717 5685 regione
2745 5628 2811 5667 ex
2839 5610 3118 5680 generosis
3151 5608 3495 5681 parentibus,

1909 5712 2049 5780 quod
2091 5708 2210 5779 eius
2236 5708 2391 5779 probi
2424 5721 2604 5763 mores
2630 5713 2687 5762 et
2724 5703 2920 5763 nobilis
2946 5701 3285 5759 conversatio
3336 5711 3501 5755 testa-

1910 5801 2125 5869 bantur,
2181 5808 2264 5854 est
2296 5806 2625 5870 procreatus.
2683 5795 2753 5865 lit
2797 5798 2939 5851 enim
2980 5810 3046 5851 ex
3078 5794 3261 5851 radice
3296 5792 3503 5849 fructus

1916 5893 2295 5968 proﬁciscitur,
2348 5893 2418 5950 ita
2468 5907 2532 5949 ex
2579 5890 2782 5951 fructus
2829 5903 3025 5963 sapore
3066 5889 3263 5961 radicis
3308 5896 3504 5946 natura
