4076 6348
594 359 695 415 659

1473 348 1713 407 SANCTI
1756 346 2075 413 DOMNOLI,
2116 342 2644 407 CENOMANENSIS
2682 342 3017 410 EPISCOPI,

3778 347 3885 403 ϐω

595 470 936 542 intelligitur:
963 477 1019 525 et
1038 464 1493 541 quemadmodum
1516 465 1720 522 fructus
1741 465 1971 530 arboris,
1995 464 2185 519 etiam-
2209 464 2257 524 Α
2286 460 2479 517 devote
2498 459 2571 515 sit
2590 467 2898 516 exsecutus.
2932 456 3103 515 Porro
3133 465 3311 515 autem
3339 460 3486 516 socia
3511 458 3788 517 claritate
3821 479 3886 520 ac

594 568 638 623 si
672 564 855 638 procul
883 571 1212 635 asportetur,
1246 576 1353 615 non
1396 569 1573 643 t.amen
1623 558 1821 613 amittit
1863 556 2184 612 suavitatem

594 674 758 731 quam
786 667 855 712 ex
882 655 1064 711 radice
1092 654 1336 724 accepit;
1367 652 1445 707 sic
1469 652 1634 707 etiam
1671 652 1759 708 hic
1790 648 2186 707 sacratissinttts

596 754 697 820 vir,
723 750 1094 821 undecumque
1120 749 1234 803 sive
1260 746 1685 817 quibuscumque
1724 760 1793 799 ex
1842 744 2081 815 partibus
2118 742 2187 799 ad

596 860 699 902 nos
726 842 1020 907 advenerit,
1051 849 1252 896 sancta:
1281 836 1574 894 nobilitatis
1594 852 1704 891 su:e
1732 835 2067 892 dulcedinem
2088 849 2187 890 nos

596 936 773 994 celare
796 951 903 990 non
932 936 1124 1005 potuit.
1155 930 1265 986 Etsi
1295 946 1421 987 vero
1450 929 1592 1001 apud
1632 946 1731 985 nos
1775 929 1828 984 in
1872 929 2187 999 episcopum

598 1037 945 1087 consecratus
976 1044 1082 1083 non
1112 1026 1231 1092 fuit,
1264 1024 1333 1080 ad
1360 1040 1460 1083 nos
1491 1033 1670 1079 tamen
1702 1025 1755 1079 in
1778 1024 2072 1079 multorum
2095 1038 2185 1078 sa-

598 1119 760 1178 lutem
789 1117 1042 1175 divinitus
1068 1124 1153 1173 est
1182 1116 1545 1173 transmissus.
1570 1115 1705 1170 Nam
1731 1114 1799 1169 ad
1829 1114 2185 1171 imitationem

576 1213 830 1269 Abrahae
858 1210 1197 1283 patriarchae,
1230 1216 1317 1271 cui
1344 1231 1375 1271 a
1406 1216 1519 1273 Deo
1544 1216 1745 1272 dictum
1766 1224 1850 1271 est
1874 1235 1887 1271 :
1919 1213 2188 1287 Egredere

602 1305 669 1369 de
700 1316 834 1360 terra
864 1316 972 1373 tua,
1000 1317 1046 1361 et
1070 1307 1133 1361 de
1161 1311 1466 1380 cognatione
1510 1322 1618 1375 tua,
1652 1321 1697 1364 et
1727 1310 1791 1364 de
1830 1309 1983 1362 domo
2026 1308 2187 1377 patris

600 1399 697 1465 tsi,
726 1408 774 1453 et
796 1400 910 1453 veni
940 1401 991 1454 in
1020 1412 1211 1456 terram
1237 1419 1392 1471 quam
1424 1415 1776 1459 monstrarem
1808 1404 1931 1468 tibi;
1955 1403 2066 1473 jam
2094 1416 2187 1456 or-

598 1490 813 1546 dinatus
842 1492 967 1549 alibi
994 1495 1315 1565 episcOpus,
1344 1498 1530 1553 relicta
1566 1498 1733 1567 patria
1766 1505 1821 1551 et
1852 1495 2183 1565 parentibus,

600 1586 915 1656 cunctisque
973 1588 1136 1643 rebus
1184 1604 1319 1658 quas
1368 1592 1644 1660 possidere
1712 1591 2021 1654 videbitur,
2079 1589 2187 1644 Ro-

597 1693 740 1734 mam
782 1679 1051 1749 profectus
1085 1693 1165 1737 est
1194 1723 1209 1749 ,
1234 1683 1415 1737 limina
1460 1683 1889 1739 beatis-imorum
1916 1682 2187 1751 apostolo-

600 1787 718 1826 rum
749 1772 1008 1828 orationis
1038 1777 1205 1846 gratia
1238 1775 1571 1831 visitaturus.
1624 1776 1720 1831 Ubi
1752 1792 1872 1832 cum
1907 1774 2073 1831 animi
2103 1777 2184 1831 sui

2283 563 2467 610 mutua
2506 551 2878 609 benevolentia
2927 550 3247 621 conjunctus
3306 549 3406 607 fuit
3462 550 3747 607 Germano
3786 554 3878 625 (e)

2283 646 2625 703 sanctissimo
2650 644 2981 701 Parisiorum
3000 644 3223 699 antistiti
3248 660 3263 698 :
3289 659 3449 714 quem
3469 656 3518 701 et
3546 648 3886 705 creberrim:

2286 742 2519 797 invisere
2539 738 2843 807 consuevit,
2876 748 2930 794 et
2958 738 3027 792 ab
3056 738 3149 793 illo
3173 738 3358 794 itidem
3384 756 3492 794 non
3536 755 3663 795 raro
3694 742 3887 797 visita-

2287 847 2369 891 tus
2397 844 2497 891 est.
2520 835 2768 905 Cumque
2795 847 2853 889 se
2877 834 3104 888 invicem
3128 832 3326 889 divinis
3356 833 3772 891 inflammarent
3795 836 3888 892 ad-

2288 928 2321 984 h
2339 928 2713 994 ortationtbus,
2743 923 3001 997 subjectis
3027 926 3235 996 pepulis
3263 936 3370 982 tam
3392 928 3578 983 verbis
3599 944 3773 997 quam
3798 945 3889 986 ex-

2290 1020 2481 1091 emplis
2496 1020 2639 1076 haud
2654 1021 2941 1092 vulgariter
2961 1019 3228 1090 profuere.
3244 1020 3356 1077 Non
3376 1020 3520 1077 enim
3535 1020 3891 1077 immemores

2286 1129 2441 1171 erant
2485 1115 2628 1171 illius
2653 1115 2936 1171 dominicae
2960 1115 3263 1179 sententiaz,
3291 1114 3433 1185 quod
3456 1116 3501 1170 si
3527 1116 3635 1169 duo
3657 1132 3731 1169 ex
3756 1117 3891 1171 vobis

2287 1209 2630 1265 consenserint
2650 1227 2805 1281 asper
2832 1220 3022 1265 terram
3051 1210 3113 1263 de
3152 1210 3288 1265 omni
3311 1228 3387 1277 re,
3411 1227 3788 1282 quamcunque
3808 1229 3892 1279 pc-

2290 1306 2482 1371 tierint,
2515 1306 2601 1375 [iet
2622 1306 2726 1359 illis
2755 1322 2786 1358 α
2817 1304 2974 1360 Patre
3004 1320 3145 1371 meo;
3177 1305 3410 1375 itemque
3434 1304 3609 1366 illius,
3644 1304 3753 1358 Ubi
3776 1314 3890 1359 an:

2291 1399 2395 1451 duo
2422 1397 2501 1451 vel
2538 1408 2637 1451 tres
2666 1398 2960 1469 congregati
2986 1397 3039 1450 in
3071 1398 3277 1453 nomine
3302 1414 3430 1466 mea,
3461 1398 3533 1452 ibi
3559 1415 3683 1453 sum
3708 1415 3769 1452 tn
3798 1415 3895 1452 tne-

2289 1493 2377 1547 dio
2396 1508 2591 1563 eorum.

2362 1582 2418 1639 4.
2459 1585 2707 1639 Extruxit
2738 1593 2914 1639 autem
2945 1594 3149 1639 sanctae
3190 1584 3432 1641 ecclesia:
3461 1596 3683 1642 amator
3733 1587 3893 1643 devo-

2291 1676 2533 1732 tissimus
2564 1674 2945 1732 monasterium
2976 1677 3245 1749 quoddam
3280 1680 3331 1732 in
3364 1679 3631 1735 suburbio
3655 1680 3891 1737 civitatis

2291 1786 2431 1835 suae,
2478 1780 2589 1826 tum
2618 1780 2675 1826 ut
2704 1772 2821 1841 ejus
2850 1772 2999 1827 urbis
3039 1783 3184 1828 esset
3213 1774 3630 1842 munimentum,
3667 1786 3788 1830 tum
3840 1786 3892 1831 ut

596 1864 865 1921 devotioni
898 1863 1115 1922 fecisset
1154 1870 1319 1936 satis,
1369 1877 1488 1939 post
1532 1870 1683 1939 longa
1719 1868 1928 1923 itineris
1960 1883 2180 1924 emensa
2213 1868 2262 1929 B
2292 1877 2472 1936 posset
2491 1867 2720 1922 Domino
2742 1868 2951 1922 animas
2978 1868 3327 1923 lucrifacere:
3354 1869 3515 1938 idque
3537 1870 3593 1925 in
3620 1870 3889 1927 honorem

598 1957 792 2027 spatia,
828 1957 1056 2015 Domino
1083 1962 1440 2032 gubernante,
1473 1962 1539 2017 ad
1571 1962 1906 2018 Cenomanos
1935 1962 2141 2033 appulit
2168 1980 2181 2017 :

599 2064 735 2119 quos
786 2060 1003 2121 propter
1047 2052 1251 2109 obitum
1285 2055 1364 2109 sui
1418 2056 1688 2125 pontificis
1720 2072 1912 2127 magno
1961 2056 2185 2112 offendit

597 2142 762 2198 animi
811 2158 1042 2202 maerore
1091 2146 1331 2203 affectos.
1374 2147 1489 2203 .latn
1542 2149 1746 2217 pridem
1800 2151 1942 2204 enim
1996 2146 2199 2205 beatus

593 2234 857 2292 lnnocens
885 2239 984 2307 (α)
1013 2240 1078 2294 ad
1112 2241 1391 2298 Dominum
1436 2244 1723 2317 migrarat,
1774 2255 1829 2301 et
1861 2245 2056 2299 laboris
2103 2245 2187 2300 sui

591 2339 711 2386 erat
741 2331 957 2410 praemia
987 2344 1342 2401 COusecutus;
1368 2335 1419 2390 in
1450 2338 1569 2407 ejus
1593 2352 1722 2392 vero
1752 2338 1923 2393 locum
1950 2337 2183 2393 necdum

590 2422 728 2478 alius
770 2423 1092 2495 subrogatus
1133 2426 1249 2481 fuit.
1282 2429 1414 2482 Cum
1463 2427 1622 2498 igitur
1653 2430 1795 2485 hunc
1840 2432 2013 2485 virum
2061 2446 2185 2485 san-

590 2516 889 2571 ctissimum
929 2520 1371 2589 conspexissent,
1406 2535 1636 2593 eumque
1662 2523 1773 2593 jam
1812 2525 2183 2593 episcopatum

596 2611 900 2666 ordinatum
952 2612 1304 2680 didicissent,
1354 2625 1460 2670 tam
1512 2632 1766 2686 proceres
1816 2625 1871 2673 et
1917 2620 2186 2688 principes

594 2716 753 2770 quam
786 2702 962 2757 clerus
989 2704 1268 2759 universus
1300 2717 1352 2760 et
1382 2708 1635 2777 populus,
1670 2724 1774 2763 non
1820 2710 1991 2765 solum
2028 2712 2186 2767 urba-

600 2806 719 2859 nus,
749 2792 840 2847 sed
870 2794 1029 2847 etiam
1074 2796 1323 2864 ruricola,
1357 2797 1539 2853 divino
1571 2799 1621 2854 id
1664 2800 1917 2856 instinctu
1967 2811 2181 2873 agente,

596 2898 707 2937 uno
736 2898 853 2949 ore,
886 2884 1072 2941 eadem
1125 2888 1289 2942 animi
1318 2891 1583 2945 sententia
1620 2892 1815 2947 obnixe
1844 2909 1965 2949 eum
1995 2896 2183 2965 deprc-

593 2976 872 3042 cabantur,
918 2978 1079 3033 vellet
1113 2978 1257 3049 ipsos
1297 2980 1644 3053 ipsorumque
1675 2984 1944 3041 civitatem
1992 2996 2048 3043 et
2090 3003 2184 3058 pa-

597 3074 752 3128 triam
785 3088 890 3129 non
940 3074 1138 3131 invitus
1166 3078 1570 3153 gubernandam
1602 3082 1894 3152 suscipere.
1928 3082 2184 3149 Quamvis

595 3175 774 3222 autem
805 3181 867 3222 ea
900 3167 951 3221 in
985 3183 1043 3223 re
1086 3169 1241 3226 valde
1267 3184 1327 3225 se
1356 3171 1629 3228 difficilem
1662 3175 1945 3245 praeberet,
1977 3178 2042 3231 ad
2090 3194 2183 3232 ex-

2290 1968 2600 2015 sanctorum
2658 1969 2953 2031 martyrum
3005 1959 3276 2015 Vincentii
3330 1971 3387 2017 et
3439 1961 3731 2019 Laurentii
3796 1966 3891 2035 (ά)

2292 2053 2656 2118 consecravit,
2686 2052 2785 2120 ipsi
2815 2061 2992 2107 autem
3037 2054 3431 2110 consecrationi
3479 2054 3680 2110 adesse
3727 2056 3890 2111 voluit

2292 2156 2648 2201 memoratum
2680 2144 3009 2201 Germanum
3036 2144 3373 2215 episcopum,
3398 2155 3456 2200 ut
3483 2150 3780 2202 amborum
3806 2163 3888 2203 θοι

2296 2239 2461 2296 lemni
2493 2238 2833 2294 dedicatione
2861 2238 2927 2293 ad
2979 2238 3240 2308 majorem
3286 2238 3519 2309 populus
3546 2240 3888 2296 devotionem

2295 2334 2632 2389 incitaretnr.
2665 2333 2719 2388 lu
2749 2335 2866 2403 ejus
2892 2347 3019 2388 vero
3039 2334 3449 2389 consecratione
3492 2333 3558 2388 de
3594 2336 3765 2389 rebus
3793 2349 3879 2390 ec-

2295 2428 2476 2483 clesiae
2506 2444 2617 2482 sua:
2648 2427 2813 2481 multa
2840 2436 3161 2482 testamento
3188 2426 3238 2481 ei
3269 2427 3464 2496 legavit
3489 2437 3655 2498 atque
3680 2429 3887 2482 conﬁr-

2291 2522 2457 2577 mavit
2487 2566 2501 2589 ,
2531 2522 2875 2592 permittente
2903 2531 2955 2576 et
2981 2520 3192 2576 favente
3216 2521 3519 2590 Chilperico
3550 2519 3883 2577 Francorum

2294 2632 2423 2687 rege
2442 2617 2666 2686 ejusque
2680 2614 3029 2686 principibus,
3050 2614 3231 2669 multis
3242 2613 3402 2670 etiam
3417 2613 3468 2668 id
3483 2615 3536 2670 ei
3549 2613 3885 2685 suggerenti-

2290 2709 2389 2763 bus
2446 2708 2745 2780 episcopis,
2799 2706 3064 2778 imprimis
3109 2717 3287 2762 autem
3342 2715 3529 2764 sancto
3580 2706 3884 2773 Germano,

2287 2804 2436 2857 clero
2476 2816 2689 2873 quoque
2735 2802 3039 2872 populoque
3088 2810 3145 2855 ut
3185 2800 3235 2856 id
3286 2798 3491 2855 faceret
3536 2800 3882 2869 adhortante,

2290 2896 2740 2966 quemadmodum
2790 2896 2843 2951 in
2881 2898 3001 2966 ejus
3021 2896 3160 2952 actis
3205 2896 3519 2951 adnotatum
3568 2907 3656 2952 est
3697 2916 3712 2951 :
3769 2898 3883 2954 sub-

2292 2990 2510 3060 scripsit
2555 2999 2732 3046 autem
2786 3004 2879 3044 sua
2911 3005 3068 3044 manu
3121 2999 3177 3044 et
3216 2990 3649 3061 approbavit(e)
3700 2992 3883 3047 beatus

2303 3083 2635 3150 Germanus,
2666 3084 2954 3154 pluresque
2983 3081 3072 3136 alii
3103 3082 3363 3152 episcopi.
3396 3082 3565 3136 Porro
3615 3084 3672 3138 in
3699 3084 3882 3138 eadem

2288 3176 2517 3231 ecclesia
2546 3185 2707 3245 caput
2756 3176 2894 3229 beati
2945 3173 3212 3230 Vincentii
3262 3175 3519 3243 martyris
3545 3184 3601 3230 et
3635 3191 3880 3245 magnam

597 3268 826 3315 tremum
875 3270 1053 3317 tamen
1102 3263 1243 3319 aliud
1285 3280 1443 3335 agere
1489 3282 1593 3323 non
1627 3269 1798 3339 potuit
1838 3286 1997 3340 quam
2040 3272 2182 3344 quod
2208 3268 2259 3334 C
2288 3268 3192 3337 craticulmparteminquasanctus
3208 3265 3881 3335 Lauretitlusassatusest,

594 3353 820 3423 populus
853 3354 961 3409 Deo
990 3354 1283 3426 inspirante
1311 3358 1620 3428 postulavit.

666 3446 721 3502 3.
763 3446 1146 3520 Suscepit,(b)
1178 3452 1359 3522 igitur,
1410 3453 1507 3509 sed
1549 3469 1680 3511 sane
1725 3455 1922 3513 invitus
1951 3470 2003 3513 et
2029 3473 2180 3515 com-

597 3541 809 3611 puisus,
842 3544 1080 3613 episcopi
1109 3547 1465 3602 ministerium
1495 3564 1617 3603 cum
1649 3551 1815 3606 multa
1840 3552 2140 3609 humilitate
2168 3574 2183 3611 :

597 3632 929 3706 Dominoque
949 3647 1296 3706 cooperante,
1334 3649 1445 3694 toto
1477 3640 1600 3697 vita:
1623 3657 1734 3697 snze
1766 3655 2041 3714 tempore,
2076 3662 2183 3702 non

598 3715 786 3795 parum
813 3728 921 3783 illis
949 3730 1141 3799 quibm
1176 3740 1406 3800 praeerat
1428 3734 1673 3789 contulit.
1710 3735 1947 3807 Denique
1974 3739 2182 3807 qualem

596 3833 655 3873 se
686 3828 1052 3891 quantumque
1082 3823 1187 3877 illic
1219 3824 1562 3894 praestiterit,
1611 3829 1728 3895 ejus
1762 3828 1884 3884 vita:
1930 3830 2049 3884 linis
2093 3830 2186 3886 de-

594 3912 854 3979 claravit,
887 3916 937 3969 in
966 3932 1073 3986 quo
1115 3917 1231 3973 laus
1260 3921 1435 3975 omnis
1468 3931 1579 3977 tute
1607 3924 1839 3979 canitur.
1886 3924 2016 3978 Erat
2058 3940 2185 3980 vero

596 4005 698 4065 hoc
746 4012 865 4079 ejus
910 4012 1199 4069 nobilitatis
1248 4015 1489 4086 insigne,
1540 4018 1681 4087 quod
1726 4016 1940 4074 Christo
1987 4019 2075 4074 die
2122 4035 2186 4075 ac

596 4116 754 4160 nocte
775 4106 937 4160 alacri
961 4116 1015 4162 et
1035 4107 1274 4177 jucundo
1304 4112 1485 4165 animo
1514 4120 1720 4180 gratam
1749 4112 2041 4167 exhibebat
2067 4128 2185 4169 ser-

596 4199 841 4268 vit'utem,
873 4215 1045 4271 neque
1070 4211 1247 4258 tamen
1278 4204 1416 4259 vela
1441 4207 1656 4275 generis
1680 4206 1976 4271 nobilitate,
2008 4207 2093 4263 vel
2116 4208 2186 4263 ab

595 4308 817 4364 operum
841 4296 1121 4351 sanctitate
1149 4298 1391 4369 gloriolae
1418 4309 1472 4355 et
1498 4300 1670 4355 laudis
1701 4300 1874 4357 fumos
1900 4304 2181 4373 captabat;

596 4388 690 4444 sed
723 4390 977 4459 praeclara
1010 4390 1078 4445 de
1105 4406 1164 4445 se
1188 4392 1436 4461 praebens
1461 4395 1716 4449 virtutum
1741 4397 2011 4467 exempla,
2038 4398 2175 4454 intra

599 4498 663 4539 se
679 4498 805 4539 suos
828 4483 1108 4540 thesauros
1130 4485 1397 4555 deposuit,
1422 4496 1475 4542 et
1498 4486 1781 4543 Dominum
1803 4491 2001 4546 mundo
2022 4492 2186 4549 corde

594 4578 975 4648 complectens,
997 4594 1242 4649 pompam
1264 4595 1473 4635 omnem
1492 4583 1673 4637 mundi
1700 4582 1857 4654 hujus
1875 4594 1986 4639 toto
2005 4596 2185 4656 pecto-

2292 3362 2856 3432 honorificereposuit;
2894 3360 3187 3417 monachos
3209 3362 3370 3421 etiam
3401 3361 3502 3415 sub
3533 3374 3737 3417 curaet
3769 3378 3879 3417 mo-

2289 3456 2567 3511 deratione
2597 3455 2758 3511 Leusi
2785 3455 3014 3521 abbatis,
3049 3472 3208 3525 quem
3253 3456 3368 3525 ipse
3396 3456 3663 3526 praefecit,
3712 3458 3780 3512 ad
3813 3472 3884 3513 re.

2287 3549 2427 3617 gulae
2472 3549 2839 3617 praescriptum
2894 3546 3005 3602 illic
3053 3547 3248 3617 degere
3293 3546 3632 3618 Dominoque
3684 3548 3885 3604 servire

2290 3642 2475 3698 voluit.
2505 3642 2676 3697 Tanto
2706 3652 2883 3697 autem
2913 3656 3097 3697 amore
3148 3643 3527 3697 beatissimum
3560 3641 3887 3699 Germanum

2289 3737 2600 3807 epist-opum
2630 3737 3113 3807 complectebatur,
3149 3744 3207 3790 ut
3238 3738 3287 3790 in
3319 3752 3379 3791 ea
3414 3738 3527 3805 ipsa
3561 3747 3873 3793 sanctorum

2294 3830 2558 3886 Vincentii
2591 3839 2645 3886 et
2672 3830 2942 3885 Laurentii
2974 3840 3270 3902 martyrum
3294 3830 3554 3896 ecclesia,
3586 3834 3879 3903 sepultum

2293 3921 2467 3977 locum
2497 3924 2545 3978 ei
2572 3924 2904 3993 prmpararit;
2925 3922 3013 3977 ubi
3036 3932 3210 3977 tamen
3234 3931 3417 3991 postea
3435 3923 3505 3976 ob
3521 3933 3700 3979 certas
3724 3939 3883 3994 quas-

2276 4015 2410 4079 dam
2468 4028 2677 4081 causas,
2729 4030 2835 4070 non
2884 4024 3101 4071 sanctus
3148 4014 3485 4082 Germanus,
3518 4017 3613 4072 sed
3667 4018 3883 4089 ipsemet

2291 4106 2450 4178 digne
2481 4107 2731 4163 humatus
2762 4117 2866 4165 est.

2367 4199 2419 4255 5.
2460 4200 2703 4271 Cumque
2747 4201 3024 4272 religionis
3075 4201 3387 4257 monasticae
3424 4203 3768 4273 propositum
3798 4207 3883 4260 mi-

2292 4294 2443 4350 rifice
2484 4294 2955 4364 complecteretur,
2990 4295 3042 4350 in
3084 4310 3146 4350 ea
3191 4295 3383 4352 cellula
3433 4295 3487 4350 in
3535 4311 3641 4366 qua
3673 4307 3883 4353 sanctus

2292 4388 2538 4446 Julianus
2561 4428 2577 4452 ,
2608 4391 2811 4459 primus
2840 4389 3275 4445 Cenomanorum
3300 4389 3620 4460 episcopus,
3664 4405 3883 4461 corpore

2291 4484 2581 4552 requiescit
2603 4484 2621 4554 (
2641 4483 2698 4553 Γ)
2718 4526 2733 4551 ,
2755 4483 2907 4554 juxta
2930 4482 3316 4539 monasterium
3335 4482 3556 4539 Victorii
3585 4485 3715 4555 (g),
3751 4483 3882 4554 quod

2296 4577 2461 4631 situm
2491 4586 2573 4631 est
2602 4576 2667 4629 ad
2701 4578 2899 4631 flumen
2932 4576 3165 4643 Sartam,
3201 4576 3552 4632 monasticum
3587 4577 3879 4632 institutum

595 4686 653 4728 re
676 4672 1022 4742 contempsit.
1058 4673 1110 4728 In
1142 4676 1554 4731 conversatione
1586 4686 1700 4732 erat
1731 4679 2029 4735 humilitate
2053 4697 2181 4737 con-

2292 4668 2429 4739 quod
2442 4670 2606 4737 jampt
2624 4666 2761 4722 idem
2780 4666 3092 4722 illicllorere
3105 4674 3363 4735 coeperat,
3390 4665 3615 4721 mirifice
3635 4682 3874 4737 augmen

595 4768 831 4835 spicuus,
857 4767 1135 4823 cliaritatis
1153 4770 1436 4827 dulcedine
1459 4771 1693 4841 fervens,
1719 4773 1982 4830 caStitatis
2000 4775 2187 4843 splen-

597 4860 729 4916 dore
759 4861 1001 4929 illustris,
1028 4864 1351 4936 jejuniorutn
1388 4867 1694 4937 pinguedini
1735 4868 1974 4933 deditus,
2023 4866 2188 4924 disc’i-

598 4952 759 5021 plinze
802 4968 932 5007 vero
962 4956 1160 5010 ca-lesti
1194 4957 1327 5011 adeo
1358 4972 1417 5013 se
1451 4968 1619 5012 totum
1648 4958 1890 5025 addixit,
1923 4968 1980 5014 ut
2010 4960 2190 5027 ponti-

598 5042 753 5100 ficale
794 5045 1155 5103 ministerium
1204 5063 1299 5119 pro
1328 5048 1607 5119 dignitate,
1660 5061 1713 5107 et
1752 5052 1969 5122 quidem
2015 5054 2100 5122 pie
2137 5060 2194 5109 et

597 5340 623 5395 J
670 5269 747 5354 (e)
785 5270 1014 5325 Sanctus
1056 5269 1319 5327 lnnocens
1362 5272 1477 5329 sive
1521 5271 1862 5328 Innocentius
1893 5273 2093 5329 colitur
2122 5273 2189 5331 18

632 5358 761 5395 111111.

632 5358 761 5396 untt.

670 5413 747 5484 (ὁ)
788 5413 1017 5470 Sanctus
1051 5414 1343 5486 Domnolns
1371 5415 1597 5485 suscipit
1649 5417 2017 5486 episcopatum
2064 5432 2187 5473 cum

597 5485 940 5555 jampridem,
974 5496 1029 5539 ut
1058 5501 1220 5555 supra
1250 5484 1483 5554 dictum,
1515 5488 1670 5541 sedes
1690 5484 1966 5543 vacasset.

673 5557 745 5626 (ι’)
791 5555 969 5631 vitatu
1011 5558 1183 5631 sancti
1241 5556 1493 5614 Germani
1551 5558 1878 5614 Parisiorum
1937 5559 2181 5631 episcopi

601 5625 790 5682 damus
820 5627 891 5681 ‘28
927 5625 1067 5682 Maii.

673 5700 755 5766 (ά)
796 5697 1113 5766 Appellatur
1132 5700 1428 5757 etiamnum
1448 5702 1834 5759 monasterium
1860 5703 2030 5758 sancti
2056 5702 2184 5758 Vin-

600 5770 767 5823 Ccntii
796 5770 1075 5839 martyris,
1104 5772 1259 5839 cujus
1288 5776 1420 5827 Acta
1448 5773 1699 5829 dedimus
1742 5775 1813 5827 22
1836 5773 2102 5839 Januarii,
2131 5783 2186 5830 et

606 5840 699 5923 gi).
728 5840 795 5919 de
838 5837 1078 5923 reliquiis
1116 5837 1289 5898 sancti
1330 5843 1594 5902 Vincentii
1643 5845 1787 5899 varia
1832 5837 2185 5901 controversa

600 5914 999 5978 proposuimus.

2297 4765 2447 4830 tavit,
2470 4763 2611 4818 adeo
2634 4772 2690 4816 ut
2710 4761 3097 4833 quinquaginta
3116 4760 3230 4816 fere
3253 4759 3675 4815 monachosillic
3696 4760 3874 4830 regula-

2295 4858 2426 4912 riter
2442 4856 2637 4926 degcre
2655 4855 2898 4918 voluerit,
2918 4868 3087 4921 eaque
3109 4858 3229 4923 quat
3262 4853 3328 4906 ad
3356 4852 3556 4906 victum
3578 4851 3873 4919 pertinent,

2300 4957 2411 5005 tam
2442 4949 2657 5004 illorum
2683 4963 2838 5017 quam
2868 4944 3273 5017 peregrinorum
3288 4954 3342 5000 et
3369 4943 3872 4999 adventantiumma-

2297 5047 2496 5120 gnifice
2523 5044 2902 5117 suppeditarit.
2943 5044 3105 5102 Aliud
3136 5058 3353 5117 quoque
3373 5044 3873 5103 monasteriolumct

2373 5267 2446 5339 (e)
2483 5264 2625 5339 Infra
2651 5264 2707 5339 in
2735 5271 3057 5339 testamento
3076 5272 3407 5339 memorator
3430 5262 3741 5339 Audoveus,
3766 5262 3874 5318 aliis

2299 5335 2459 5395 etiam
2492 5336 2770 5392 Andoinus
2799 5336 3086 5404 episcopus
3115 5335 3543 5406 Andegavensis.

2374 5412 2449 5482 (f)
2484 5409 2717 5482 Sanctus
2744 5406 2985 5482 Julianus
3015 5422 3157 5462 anno
3189 5406 3323 5461 1201
3350 5408 3475 5463 inde
3497 5407 3874 5482 translatusest

2299 5483 2364 5538 ad
2381 5476 2665 5539 ecclesiam
2681 5480 3073 5544 catli'edralem;
3100 5487 3285 5547 eiquze
3317 5490 3465 5545 ante,
3498 5488 3555 5532 ut
3585 5476 3725 5532 infra
3754 5477 3873 5532 dici-

2300 5566 2405 5621 tur,
2439 5564 2554 5608 crat
2583 5553 2755 5607 dicata
2788 5551 2888 5605 snh
2914 5551 3129 5605 nomine
3159 5559 3359 5604 sancta:
3392 5550 3571 5621 Maria:
3612 5565 3674 5604 ac
3717 5547 3873 5621 sancti

2290 5618 2539 5683 Gcrvasii
2565 5632 2621 5678 et
2656 5622 3000 5699 PrOt_asii,__ab
3027 5636 3093 5676 eo
3111 5632 3355 5699 tempore
3370 5620 3570 5699 mansit
3583 5629 3774 5699 saneto
3792 5618 3870 5699 .l_u-

2291 5699 2438 5755 liano
2477 5709 2653 5751 sacra.
2694 5694 2861 5765 Hujus
2898 5692 3075 5749 Vitam
3114 5690 3364 5750 dedimus
3407 5693 3475 5750 ad
3516 5692 3661 5748 diem
3695 5690 3872 5747 2711·

2291 5785 2487 5825 nuartt.

2364 5841 2441 5913 (ει)
2497 5837 2728 5913 Sanctus
2777 5836 3051 5913 Victorius
3096 5846 3201 5892 «aut
3251 5836 3657 5913 Victurius‘est
3701 5842 3870 5913 sextus

2290 5905 2712 5968 Ceiidmaneusis
2754 5909 3088 5978 episcopus,
3130 5918 3181 5963 et
3220 5909 3421 5963 colitur
3453 5909 3474 5962 1
3526 5905 3869 5977 Septembris.
